4100 6370
339 358 477 415 1089
1318 356 1384 413 1N
1426 356 1777 415 ORIGENEM
1816 358 1886 416 Ol

1983 361 2073 417 l‘lO
2110 346 2563 419 PANEGYRICA.
3442 366 3576 429 roso

338 477 542 539 αὐτοῖς.
596 475 836 532 ﬂavam
877 476 933 531 δὲ
989 476 1082 536 καὶ
1121 478 1245 542 τοὺς
1308 480 1640 551 ἐσχηκότας’
1700 482 1886 540 itabat

2008 486 2178 565 ciens.
2205 498 2406 540 temere
2430 500 2488 540 se
2520 484 2693 554 ipsam
2726 483 2879 541 falsis
2918 485 3234 556 plerumque
3268 488 3573 547 rationibus

338 568 495 623 τοῦτο
530 569 708 639 μόνον⁹
744 570 883 624 ἀλλὰ
906 568 1007 623 κᾶν
1040 570 1369 641 ἐπανορθοῦν
1396 571 1582 644 ἔτερος
1616 574 1787 628 ὲθέλοι
1815 574 1886 628 λό-

2006 584 2168 644 atque
2216 574 2498 630 sententiis
2543 572 2727 637 tradit,
2766 589 2890 643 quae
2929 583 2984 627 et
3024 582 3207 628 errent
3249 574 3400 644 ipsae,
3432 587 3487 629 et
3516 577 3573 630 in

336 675 452 728 γος,
474 659 573 713 οὐκ
604 650 684 713 ἔτι
714 660 1065 732 προσιεμένη,
1102 662 1221 715 οὐδὲ
1250 664 1701 737 μεταπειθομένη,
1728 664 1819 720 τοῦ
1846 667 1886 719 δί

2007 678 2144 731 quos
2174 662 2490 728 invaserint,
2514 662 2822 733 impellant:
2854 676 3031 731 neque
3051 661 3156 716 hoc
3186 669 3428 731 tantum;
3476 662 3575 718 sed

336 749 395 804 ἐν
417 752 554 822 αὐτῇ
579 753 958 823 περιεχομένης
991 753 1177 826 ὥσπερ
1211 756 1355 820 τινὸς
1386 758 1645 830 τυράννου
1674 760 1905 831 ἀπαραι-

336 843 502 915 τήτου
529 844 699 915 αὐτῆς
732 847 1151 917 κεκρατηκότος.

402 1104 500 1171 ΙΔ’.
539 1110 617 1170 Ἦ
643 1116 752 1189 γάρ
791 1116 899 1188 (14)
931 1118 1050 1189 οὐχὶ
1088 1118 1260 1172 ταῦτα
1298 1119 1579 1191 δογμάτων
1607 1136 1666 1173 τε
1692 1119 1761 1174 τὰ
1795 1138 1902 1192 μα-νι

330 1207 533 1279 χόμενα
559 1208 651 1261 καὶ
683 1208 1060 1279 ἐναντιούμενα
1089 1209 1355 1278 ἀλλήλοις,
1381 1211 1679 1281 φιλοσόφων
1706 1229 1766 1264 τε
1800 1212 1900 1277 τὰς

333 1300 545 1363 στάσεις
581 1301 888 1371 εἰσήγαγεν,
939 1301 1111 1355 ἄλλων
1152 1288 1268 1367 τοῖς
1296 1302 1490 1373 ιᾶλλων
1536 1303 1899 1374 ἐνισταμένων

326 1389 578 1461 δόγμασι,
608 1390 700 1444 καὶ
733 1391 906 1446 ἄλλων
936 1392 1070 1445 ἄλλα
1109 1392 1467 1466 κρατούντων,
1504 1393 1678 1447 ἄλλων
1709 1411 1768 1446 τε
1800 1394 1897 1448 άλ-

326 1479 436 1545 λοις
468 1482 936 1553 προστιθεμένων;
990 1486 1098 1538 Καὶ
1146 1485 1450 1554 φιλοσοφεῖν
1495 1485 1594 1555 μὲν
1630 1486 1898 1539 -άπάντων

329 1574 680 1645 βουλομένων,
713 1576 806 1629 καὶ
831 1576 1312 1647 ἐπαγγελλομένων
1342 1578 1402 1643 ἐξ
1432 1571 1492 1631 οὗ
1527 1595 1591 1648 γε
1625 1580 1899 1651 προὺτρά-

326 1682 505 1736 πησαν
532 1666 592 1718 τὸ
618 1666 852 1738 πρῶτον,
888 1669 981 1721 καὶ
1015 1669 1328 1738 φασκόντων
1367 1669 1569 1724 ἐθέλειν
1601 1672 1697 1741 οὐχ
1734 1666 1897 1743 ἦττον

324 1758 411 1811 ὅτε
443 1757 729 1827 γεγόνασιν
766 1761 823 1811 ὲν
859 1763 970 1823 τοῖς
1017 1759 1213 1829 λόγοις,
1253 1762 1286 1833 ἢ
1321 1761 1397 1825 ὡς
1428 1761 1605 1816 αὐτῶν
1640 1763 1750 1835 (15)
1797 1764 1897 1835 ῆρ-

324 1866 479 1919 χοντο
499 1850 746 1920 ’.μᾶλλον
781 1850 838 1903 δὲ
884 1852 977 1905 καὶ
1011 1853 1232 1909 πλείονα
1279 1852 1369 1907 τὸν
1414 1853 1594 1926 ἔρωτα
1624 1855 1718 1909 νῦν
1750 1855 1894 1927 ἔχειν

323 1939 424 2010 τῆς
452 1940 782 2009 φιλοσοφίας,
816 1943 904 1995 ὅτε
936 1943 1105 2013 αὐτῆς
1141 1944 1235 2011 καὶ
1265 1943 1561 2013 γεύσασθαι
1587 1945 1696 2014 (ὡς
1725 1945 1792 2000 ἂν
1819 1947 1897 2000 εί-

324 2047 413 2084 ποι
445 2031 546 2102 τις)
578 2030 783 2104 ὑπῆρξε
809 2033 902 2087 καὶ
937 2018 1350 2107 προσδιατρίιιαι
1381 2039 1492 2099 τοῖς
1528 2035 1722 2105 λόγοις,
1754 2039 1896 2110 ῆπερ

246 2190 253 2197 ι
322 2123 410 2178 ὅτε
464 2123 678 2196 πρῶτον
726 2126 970 2200 ἀπείρως
1014 2124 1227 2197 ἔχοντες
1274 2121 1374 2180 εἶθ’
1408 2126 1512 2181 ὑπὸ
1549 2126 1723 2199 ὁρμῆς
1754 2144 1896 2192 τινος

230 2198 243 2205 ’
322 2213 626 2284 φιλοσοφεῖν
659 2198 1003 2297 ὲτῇγρθησαν·
1039 2215 1300 2284 λεγόντων
1349 2216 1448 2287 μὲν
1488 2216 1679 2281 ταῦτα,
1714 2217 1894 2272 οὐκέτι

320 2305 365 2359 δ’
394 2306 815 2360 ὑπακουσάντων
860 2307 1036 2376 λόγοις
1084 2307 1319 2361 οὐδένεσι
1353 2308 1461 2379 (16)
1509 2307 1616 2362 τῶν
1656 2310 1895 2381 ἑτεροδό-

322 2393 444 2462 ξων.
465 2395 700 2451 Οὖτόὖν
729 2393 812 2461 εἷς
844 2416 927 2462 τις
958 2398 1064 2451 τῶν
1098 2397 1340 2453 παλαιῶν
1375 2399 1747 2471 προύτρέψατό
1772 2419 1893 2456 τινα

318 2488 426 2542 τῶν
454 2489 729 2561 νεωτέρων
760 2489 793 2560 ἢ
823 2489 930 2542 τῶν
962 2489 1055 2543 τοῦ
1081 2491 1386 2561 Περιπάτου
1422 2491 1556 2561 πρὸς
1587 2492 1747 2557 αὐτδν
1775 2495 1894 2546 ὲπι-

320 2581 591 2653 στρέφειν,
628 2582 725 2635 καὶ
747 2582 845 2652 τὴν
879 2581 1042 2635 αὐτοῦ
1076 2582 1387 2652 φιλοσοφίαν
1416 2581 1743 2660 φιλοσοφεῖν,
1768 2584 1892 2640 οὔτε

316 2673 604 2737 ἀνάπαλιν,
640 2670 731 2726 καὶ
763 2673 898 2736 ὅλως
924 2673 1097 2752 οὐδεὶς
1121 2674 1326 2730 οὐδένα.
1352 2676 1425 2729 Οὐ
1460 2676 1569 2749 γὰρ
1596 2676 1661 2730 ἂν
1696 2677 1891 2748 ῥαδίως

323 2764 706 2834 μεταπεισθείη
760 2782 841 2827 τις
891 2763 1242 2836 προσθέσθαι,
1278 2766 1385 2819 τῶν
1415 2767 1581 2821 αὑτοῦ
1614 2769 1894 2839 μετατιθέ-

322 2871 497 2925 μενος,
531 2855 767 2926 ἑτέροις*
818 2857 911 2909 καὶ
952 2856 1123 2910 ταῦτα
1169 2857 1378 2922 τούτοις
1422 2859 1571 2924 ἴσως,
1606 2857 1687 2925 οἷς
1732 2860 1889 2934 είπερ

317 2946 542 3018 ἐπείσθη
588 2947 716 3019 πρὶν
755 2947 1103 3021 φιλοσοφήσει
1143 2949 1455 3020 προσελθεῖν
1487 2951 1618 3024 (l7),
1647 2953 1707 3006 τὸ
1736 2954 1887 3025 πρῶ-

314 3054 406 3092 τον
445 3039 510 3093 ἂν
548 3040 639 3094 καὶ
669 3041 877 3109 ἠγάπα,
911 3043 1005 3096 καὶ
1049 3042 1273 3114 ἐπείσθη
1312 3044 1509 3115 ῥᾳδίως
1531 3061 1545 3076 ⁸
1592 3041 1679 3101 οἷα
1714 3047 1777 3119 δὴ
1812 3050 1886 3121 μὴ

316 3133 865 3231 προκατεμιλημμένης
878 3137 976 3209 τῆς
992 3136 1169 3207 ψυχῆς
1192 3137 1414 3209 μηδέπω
1442 3138 1620 3209 λόγοις
1649 3159 1885 3214 προσαν-
1914 3175 1956 3231 C

322 3224 511 3294 είχετο·
542 3225 628 3291 ἂν,
676 3230 772 3282 καὶ
796 3231 985 3299 ἠγάπα
1007 3232 1206 3301 ὁμοίως
1236 3231 1639 3304 ἐναντιούμενος
1667 3236 1734 3289 δι’
1754 3239 1887 3290 ἐκεῖ·

313 3332 380 3368 να
410 3315 635 3382 τούτοις,
668 3318 704 3372 ἃ
735 3319 830 3373 νῦν
858 3319 990 3391 ἔχει.
1026 3322 1260 3377 Τοιαῦτα
1290 3323 1446 3395 ἡμῶν
1494 3326 1542 3378 oi
1593 3325 1748 3380 καλοὶ
1792 3328 1887 3381 καὶ

312 3403 623 3475 λογιώτατοι
672 3409 765 3463 καὶ
808 3409 1287 3475 ὲξεταστικὼτατοι
1316 3411 1574 3483 Ἕλληνες
1604 3414 1889 3483 πεφιλοσο-

314 3499 581 3568 φήκασιν·
616 3494 697 3563 οἷς
734 3501 1067 3573 προσέτυχεν
1104 3502 1332 3574 ἕκαστος
1362 3502 1422 3569 ἐξ
1451 3506 1645 3577 ἀρχῆς,
1676 3507 1887 3571 ἐλαθεὶς

315 3588 419 3641 ὑπό
449 3606 591 3655 τινος
622 3592 817 3664 ὁρμῆς,
846 3593 1017 3647 ταῦτα
1050 3582 1185 3666 μόνα
1224 3596 1399 3665 λέγων
1425 3592 1562 3651 εἶναι
1589 3598 1782 3670 ἀληθῆ,
1814 3599 1884 3653 τά

312 3678 379 3734 δὲ
394 3680 553 3736 λοιπὰ
579 3682 752 3750 πάντα
771 3684 878 3738 τῶν
906 3685 1079 3741 ἄλλων
1102 3686 1406 3757 φιλοσόφων
1429 3690 1646 3761 ἀπάτην
1676 3692 1770 3745 καὶ
1794 3691 1884 3762 λῆ⁴

316 3788 409 3843 ρον
431 3789 443 3802 ·
480 3772 620 3845 λόγῳ
654 3775 753 3846 μὲν
784 3777 935 3831 οὐδὲν
971 3777 1167 3848 μᾶλλον
1196 3778 1359 3844 αὐτὸς
1388 3779 1458 3833 τὰ
1485 3780 1651 3835 αὑτοῦ
1684 3782 1884 3854 κρατύ-

313 3864 503 3934 νων,ἢ
552 3865 657 3918 τῶν
702 3865 875 3920 ἄλλων
912 3868 1131 3922 ἔκαστοι
1163 3871 1514 3941 προΐστανται
1554 3870 1662 3925 τῶν
1714 3872 1877 3938 ἰδίων,

312 3954 406 4010 τοῦ
462 3958 536 4028 μὴ
582 3958 775 4028 χρῆναι
832 3961 1211 4030 μετατίθεσθαι
1255 3965 1348 4017 καὶ
1398 3964 1882 4034 μεταϐουλεύεσθαι

310 4050 523 4123 ἀνάγκη
555 4051 587 4121 ἢ
620 4051 825 4105 πειθοῖ·
867 4053 966 4106 οὐκ
998 4054 1161 4125 ἀλλην
1204 4055 1327 4109 τινὰ
1379 4056 1467 4126 (εί
1499 4056 1579 4110 δεῖ
1607 4057 1656 4111 τ’
1684 4058 1882 4128 ἀληθὲς

312 4144 506 4215 εἰπεῖν)
535 4142 671 4213 ἔχων
696 4143 728 4214 ἢ
763 4145 861 4217 τὴν
890 4144 1025 4217 πρὸς
1051 4146 1150 4216 τῆς
1178 4147 1489 4216 φιλοσοφίας
1517 4147 1627 4219 (18)
1658 4149 1750 4202 ἐπὶ
1781 4150 1879 4204 τιίια⁵

309 4234 369 4287 δε
415 4235 484 4289 τὰ
526 4234 771 4306 δόγματα
799 4236 989 4306 ἄλογον
1020 4238 1223 4311 ὁρμήν·
1266 4238 1359 4292 καὶ
1399 4238 1575 4309 κρίσιν
1605 4232 1680 4294 ὧν
1710 4239 1878 4294 οἴεται

384 4390 495 4464 (Η)
522 4387 597 4465 ᾞ
622 4390 749 4463 γάρ.
792 4367 1078 4463 Βεηεείῖυε
1122 4391 1251 4463 legit
1297 4387 1334 4463 ἦ
1372 4407 1470 4463 pro
1508 4390 1877 4465 ﬁpraeceden-

313 4464 448 4519 tium
474 4463 793 4517 editionum.

2005 755 2051 809 si
2089 755 2360 825 corrigere
2401 755 2574 824 ipsam
2604 754 2706 808 alia
2738 753 3004 824 quaepiam
3039 753 3216 807 oratio
3243 754 3390 816 velit,
3423 754 3569 809 haud

2001 859 2122 898 eam
2150 843 2264 914 jam
2301 844 2568 907 admittat,
2613 859 2788 914 neque
2816 844 2959 898 aliud
2999 843 3102 899 sibi
3139 844 3455 912 persuaderi
3494 845 3574 900 si-

2001 944 2114 1001 nat,
2140 936 2396 1006 opinione
2423 936 2522 992 hac
2555 936 2832 992 obsessam
2862 943 3098 1001 tenente,
3132 944 3185 989 et
3218 936 3435 1006 tyranni
3474 938 3573 991 im-

1914 1037 1921 1044 ‘
2001 1026 2279 1095 placabilis
2312 1027 2483 1081 instar
2510 1027 2563 1081 in
2589 1042 2652 1081 ea
2676 1028 3013 1082 dominante.

2072 1116 2212 1171 XIV.
2251 1117 2390 1184 Quid
2419 1118 2564 1173 enim
2585 1156 2600 1182 ,
2648 1134 2716 1172 an
2745 1118 2893 1173 aliud
2922 1126 3039 1186 est,
3074 1119 3217 1188 quod
3264 1129 3569 1190 pugnantes

2002 1208 2143 1262 inter
2178 1224 2237 1263 se
2259 1210 2627 1279 adversasque
2652 1211 2949 1265 sententias
2970 1250 2985 1273 ,
3032 1222 3084 1266 et
3115 1212 3567 1281 philosophorum

1999 1298 2374 1354 contentiones
2405 1298 2643 1366 invexit;
2694 1300 2824 1354 dum
2858 1300 2947 1355 alii
2974 1302 3206 1355 aliorum
3243 1303 3457 1371 placitis
3482 1320 3569 1357 re-

1998 1399 2262 1459 pugnant,
2291 1390 2383 1443 alii
2409 1390 2515 1444 alia
2542 1391 2820 1446 mordicus
2845 1392 3074 1446 retinent
3092 1432 3107 1455 ,
3140 1394 3232 1446 alii
3260 1394 3361 1447 alia
3386 1395 3569 1463 potius

1998 1481 2423 1535 consectantur?
2473 1482 2551 1536 Ac
2572 1481 2946 1551 philosophari
2979 1484 3196 1552 quidem
3240 1499 3430 1540 omnes
3465 1501 3566 1538 vo-

1997 1570 2153 1638 lunt,
2199 1580 2254 1627 et
2286 1572 2387 1627 hoc
2418 1587 2528 1641 pra:
2556 1586 2614 1627 se
2644 1572 2824 1627 ferunt
2870 1590 2936 1628 ex
2976 1590 3086 1644 quo
3126 1577 3296 1629 semel
3326 1575 3566 1647 aggressi

1997 1670 2125 1716 sunt
2145 1702 2160 1727 ,
2190 1662 2434 1717 dicentes
2457 1678 2565 1717 non
2599 1665 2782 1719 minus
2814 1665 2869 1721 id
2894 1665 3027 1720 velle
3058 1681 3117 1722 se
3140 1708 3155 1733 ,
3189 1666 3319 1721 dum
3345 1668 3400 1721 in
3429 1667 3564 1737 ipsis

1996 1753 2457 1824 disputationibus
2486 1766 2795 1823 versantur,
2819 1773 2984 1827 quam
3016 1774 3137 1813 cum
3164 1774 3258 1813 eas
3287 1759 3563 1829 inierunt;

1925 1830 1967 1885 Β
1997 1847 2107 1903 imo
2161 1862 2289 1902 vero
2329 1846 2541 1903 acriore
2585 1863 2732 1903 nunc
2773 1848 3129 1918 philosophiae
3154 1849 3336 1904 studio
3366 1848 3562 1915 teneri,

1974 1948 2284 2011 -postquam
2319 1950 2538 2012 gustum
2570 1942 2690 2011 ejus
2723 1940 2958 2010 aliquem
2988 1948 3268 2010 ceperunt,
3302 1941 3358 1995 in
3388 1956 3565 2012 eoque

1994 2047 2215 2103 operam
2242 2040 2560 2103 posuerunt,
2590 2046 2755 2102 quam
2781 2046 2905 2086 cum
2935 2032 3097 2087 rudes
3128 2032 3304 2089 adhuc
3326 2042 3380 2088 et
3408 2034 3565 2089 inex-

1994 2123 2169 2193 perti,
2220 2121 2289 2178 ad
2335 2122 2830 2193 philosophandum
2875 2123 3079 2193 impetu
3113 2124 3350 2195 quodam
3396 2125 3561 2181 delati

1993 2222 2139 2273 sunt.
2181 2211 2304 2269 Haec
2334 2213 2409 2267 illi
2435 2205 2625 2269 dicunt
2659 2231 2673 2268 :
2709 2228 2811 2269 nec
2825 2213 2939 2284 jam
2973 2229 3302 2285 quemquam
3332 2216 3562 2272 audiunt

1991 2319 2205 2369 eorum,
2234 2304 2326 2375 qui
2359 2306 2518 2360 aliter
2542 2305 2808 2361 sentiunt.
2868 2304 3054 2376 Neque
3076 2306 3243 2377 igitur
3264 2309 3561 2379 quisquam

1991 2411 2055 2450 ex
2094 2397 2365 2451 veteribus
2389 2396 2559 2451 ullum
2595 2412 2660 2453 ex
2688 2398 3103 2465 recentioribus,
3127 2408 3223 2453 aut
3249 2415 3316 2455 ex
3339 2399 3562 2471 Peripad

1992 2488 2168 2541 teticis
2200 2486 2284 2541 ad
2326 2501 2385 2542 se
2435 2488 2808 2557 sequendum,
2863 2504 3128 2560 suamque
3154 2490 3558 2561 philosophiam

1990 2579 2417 2648 amplectendam
2441 2580 2657 2636 allicere
2677 2589 2906 2636 conatus
2927 2590 3045 2643 est;
3088 2597 3188 2639 nec
3210 2586 3557 2652 econtrario;

1991 2687 2091 2727 nec
2133 2671 2369 2741 denique
2398 2673 2541 2728 ullus
2575 2674 2768 2731 ullum.
2812 2674 2981 2730 Nemo
3008 2676 3154 2731 enim
3184 2678 3341 2734 facile
3380 2680 3554 2735 addu-

1989 2764 2152 2829 citur,
2173 2773 2230 2818 ut
2252 2766 2515 2820 sententia
2543 2774 2751 2821 mutata
2777 2767 2967 2824 alienis
2994 2770 3355 2837 assentiatur;
3392 2780 3558 2842 atque

1990 2855 2124 2911 adeo
2165 2856 2235 2911 iis
2275 2858 2440 2927 ipsis.
2476 2857 2675 2927 quibus
2709 2858 2755 2913 si
2789 2860 2838 2915 ei
2862 2876 3181 2929 persuasum
3213 2862 3401 2918 fuisset
3433 2873 3555 2919 stu-

1989 2946 2120 3002 dere
2148 2956 2436 3019 antequam
2465 2950 2727 3019 inciperet
2756 2952 3149 3022 philosophari,
3177 2964 3288 3008 tum
3316 2956 3552 3025 primum

1990 3047 2136 3093 certe
2163 3038 2390 3093 libenter
2417 3055 2675 3096 assensus
2721 3050 2903 3105 esset,
2940 3044 3140 3113 quippe
3170 3045 3411 3100 nondum
3436 3046 3556 3103 ani-

1990 3145 2081 3184 mo
2107 3130 2228 3186 aliis
2257 3139 2543 3201 occupato,
2578 3147 2753 3201 neque
2779 3132 2884 3188 alia
2913 3135 3026 3202 jam
3062 3135 3405 3204 admitteret;
3442 3138 3553 3192 imo

1994 3239 2123 3278 vero
2155 3240 2331 3293 neque
2359 3226 2412 3278 in
2443 3224 2509 3280 iis
2536 3227 2926 3295 acquiesceret,
2959 3243 3024 3282 ac
3052 3238 3270 3298 propter
3297 3229 3384 3283 illa
3404 3270 3419 3296 ,
3466 3230 3553 3285 his

1989 3315 2122 3385 ipsis
2154 3317 2535 3371 adversaretur
2575 3332 2697 3386 quae
2718 3317 2831 3387 jam
2861 3318 3024 3373 sentit
3051 3334 3116 3374 ac
3142 3328 3305 3374 tenet.
3362 3318 3549 3375 Talem

1987 3406 2146 3462 nobis
2174 3408 2369 3477 egregii
2412 3417 2468 3462 et
2511 3408 2859 3463 disertissimi
2891 3409 3340 3479 solertissimique
3376 3410 3552 3467 Graeci

1986 3496 2388 3567 philosophiam
2436 3498 2802 3553 exliibuerunt
2835 3516 2848 3552 :
2881 3514 3002 3568 quas
3043 3498 3279 3567 primum
3317 3501 3551 3571 quisque

1986 3596 2179 3641 nactus
2204 3595 2321 3652 est,
2355 3588 2558 3658 impetu
2586 3589 2819 3657 quodam
2860 3589 3088 3655 ductus,
3129 3590 3244 3645 haec
3274 3591 3389 3646 sola
3421 3607 3551 3647 vera

1985 3692 2108 3734 esse
2139 3677 2348 3742 dicens,
2383 3679 2590 3749 reliqua
2617 3680 2798 3733 omnia
2824 3679 3051 3734 aliorum
3076 3681 3550 3751 pllilOSOpllOl‘Ulll,

1985 3786 2158 3842 nugas
2185 3781 2371 3827 censet
2399 3778 2562 3841 atque
2594 3770 2894 3838 fallaciam;
2930 3788 3054 3827 cum
3082 3774 3199 3842 ipse
3234 3774 3406 3829 nihilo
3431 3789 3549 3829 me-

1983 3864 2090 3918 lius
2119 3878 2218 3917 sua
2244 3863 2550 3927 confirmet,
2574 3877 2737 3932 quam
2767 3863 2943 3917 cwtcri
2971 3877 3161 3918 omnes
3190 3878 3288 3917 sua
3310 3866 3547 3934 quisque

1981 3955 2313 4021 defendunt;
2352 3969 2419 4008 ne
2450 3955 2517 4009 de
2559 3954 2725 4026 gradu
2754 3955 2933 4020 exire,
2984 3956 3419 4025 sententiamque
3450 3965 3547 4009 aut

1982 4047 2033 4101 vi
2075 4054 2179 4111 aut,
2216 4043 2570 4115 persuasione
2594 4052 2803 4099 mutare
2838 4052 3095 4114 cogatur;
3139 4045 3347 4099 nullum
3374 4045 3542 4100 alium

1982 4135 2051 4205 (si
2078 4151 2268 4190 verum
2297 4133 2454 4189 fateri
2477 4134 2630 4206 libet)
2660 4135 2863 4189 habens
2884 4145 3079 4204 praater
3099 4136 3342 4204 ineptum
3367 4151 3398 4189 a
3423 4137 3542 4207 phi-

1979 4226 2225 4298 losophia
2256 4225 2325 4280 ad
2352 4226 2467 4280 haec
2493 4225 2744 4295 dogmata
2775 4238 2840 4278 ac
2860 4224 3060 4295 placita
3095 4241 3217 4296 quae
3256 4240 3382 4280 vera
3423 4241 3542 4282 cre-
3642 4219 3660 4236 '

1978 4385 2359 4458 προσανείχετο
2391 4384 2593 4458 legitur
2627 4401 2755 4439 mox
2796 4385 2885 4458 hic
2929 4386 3071 4458 apud
3112 4386 3289 4456 ipsum
3336 4387 3540 4458 Grego-

1976 4456 2152 4520 rium,
2186 4467 2239 4510 et
2280 4456 2441 4524 paulo
2480 4464 2601 4525 post
2646 4457 2973 4527 προσέχειν),
3002 4466 3182 4511 tamen
3225 4472 3279 4513 et
3320 4456 3541 4527 adjuvat

385 4533 499 4612 (lij)
534 4532 768 4612 Αὐτῶν.
829 4531 1114 4612 Bengelius
1158 4549 1288 4612 cum
1341 4530 1652 4612 ljmschclio
1706 4533 1877 4612 edidit
1905 4535 1950 4590 ι)
1981 4527 2067 4612 hic
2095 4528 2235 4581 idem
2261 4527 2442 4612 locus,
2483 4526 2810 4612 cu‘m‘verbils
2842 4526 3318 4612 "azq'uipollentibus
3345 4526 3539 4612 ἐντυγ.

313 4602 500 4665 αὐτοῦ,
532 4603 770 4674 illudque
802 4602 966 4674 refert
1004 4605 1068 4657 ad
1097 4604 1419 4672 φιλοσοφεῖν.
1448 4604 1552 4657 Aut
1590 4603 1870 4674 παρέλκει,

312 4674 510 4743 inquit,
539 4682 595 4726 ut
627 4673 766 4743 apud
797 4673 1035 4743 Latinos,
1071 4675 1244 4743 quoad
1274 4675 1391 4743 ejus
1414 4674 1530 4743 ﬁeri
1559 4673 1744 4742 potest.

386 4741 496 4813 (16)
536 4741 839 4797 Οὺδένεσι.
886 4741 1027 4798 Rara
1056 4741 1178 4807 vox,
1212 4741 1314 4814 sed
1356 4741 1477 4814 non,
1513 4741 1730 4814 indigna
1771 4743 1874 4800 hoc

312 4812 596 4880 scriptore.
637 4814 865 4868 ΟΑεΑιιε.
888 4844 957 4853 -
982 4812 1392 4883 υύδένεσιίϐετ.
1435 4813 1594 4870 Voss.
1636 4812 1741 4883 pro
1780 4815 1872 4867 ob-

311 4883 447 4948 δέσι,
474 4899 583 4952 quo
609 4883 873 4938 Aristides
910 4884 1081 4938 utitur
1126 4885 1180 4937 in
1227 4882 1730 4946 Panathenaico,’et
1765 4883 1873 4938 Lu-

310 4951 504 5007 cianus
559 4952 611 5006 in
657 4951 988 5007 Charideme.
1017 4952 1241 5009 Hosscu.
1267 4983 1337 4992 —
1372 4953 1553 5009 Prima
1595 4953 1873 5008 enimvero

313 5022 578 5078 Vossiana
615 5024 777 5077 editio
810 5023 1121 5093 Moguntina
1150 5040 1277 5077 ann.
1309 5023 1447 5078 1604
1474 5025 1692 5078 exhibet
1724 5023 1873 5077 οὺδέ-

310 5110 450 5157 νεσι,
482 5093 626 5163 quod
652 5102 836 5160 postea
865 5093 918 5145 in
950 5093 1241 5149 Parisiensi
1267 5111 1396 5148 ann.
1432 5094 1562 5147 1621
1604 5102 1869 5148 mutatum

309 5171 397 5218 est
426 5163 656 5217 ίιιόὐδέν
688 5163 803 5215 ἐστι
838 5181 851 5216 :
878 5178 1038 5231 quam
1070 5166 1288 5230 quidem
1323 5164 1609 5219 lectionem
1648 5163 1873 5219 retinuit

310 5234 476 5288 altera
503 5232 827 5286 Parisiensis
848 5246 976 5286 ann.
1009 5231 1168 5287 1759.
1574 5270 1575 5273 η

386 5303 469 5373 (l7
479 5315 494 5373 )
531 5298 631 5367 Οἷς
758 5300 1166 5373 φιλοσοφήσεί
1194 5303 1567 5372 προσελθεῖν.
1609 5298 1706 5369 Οἷς
1744 5319 1870 5359 cum

309 5370 532 5443 ἐπείσθη
559 5382 609 5445 et
633 5388 755 5445 cum
788 5370 975 5441 ἠγάπα
1001 5370 1421 5428 construendum
1464 5384 1567 5430 est.
1592 5374 1871 5445 Frequens

312 5440 536 5504 zeugma
560 5440 782 5503 Graecis,
814 5440 870 5495 ut
898 5456 1041 5496 unus
1068 5458 1231 5497 casus
1271 5459 1301 5497 a
1331 5445 1545 5499 duobus
1577 5440 1758 5500 verbis
1784 5460 1872 5498 re-

311 5522 489 5581 gatur.
519 5514 642 5584 Mo_x
694 5511 1040 5584 φιλοσοφήσει
1086 5513 1331 5584 verbale,
1375 5516 1724 5584 contemptim
1782 5514 1872 5569 hic

311 5580 551 5654 loquenti
587 5580 1095 5654 Gnegoriomatum.
1125 5580 1316 5654 Latine
1358 5580 1745 5654 plzilosopftatio
1773 5600 1870 5653 per

310 5649 415 5723 nos
442 5653 609 5723 dicas.
641 5649 980 5723 Προσελθεῖν.
1015 5650 1306 5723 Apostolus
1331 5649 1593 5723 quoque]
1617 5654 1757 5709 Tim.
1775 5649 1866 5715 'vr,

310 5669 415 5706 nos
442 5669 609 5707 dicas.
642 5669 980 5722 upocemetv.
1015 5669 1306 5719 Apostoms
1331 5669 1547 5774 quoque
1574 5669 1593 5707 ι
1618 5669 1757 5709 ϊιῐη.
1790 5670 1866 5715 vi,

305 5718 364 5792 5,
403 5721 565 5785 εἴτις
605 5722 677 5792 μὴ
723 5721 1078 5792 προσέρχεται
1121 5722 1418 5792 ὑγιαίνουσι
1489 5724 1654 5792 όγοις.
1692 5722 1866 5789 Quam

308 5790 616 5861 lectionem,
646 5790 749 5847 etsi
768 5790 877 5846 fuit
896 5790 993 5862 qui
1028 5791 1348 5864 προσέχεται
1375 5790 1742 5865 suspicaretur
1765 5793 1867 5861 (uti

1975 4597 2156 4667 χάνειν
2190 4598 2284 4650 καὶ
2316 4595 2687 4669 προσομιλεῖν,
2709 4597 2811 4650 sub
2844 4595 3267 4669 ﬁnenrpraaced.
3301 4615 3420 4669 cap.
3448 4595 3539 4669 l3,

1973 4677 2137 4741 atque
2178 4669 2280 4721 hoc
2325 4667 2443 4741 ipso
2479 4682 2531 4719 m
2574 4667 3226 4741 ειιρὶ-ιεηπροστίθεσθαι,
3263 4667 3537 4741 προστυγθ

2009 4734 2176 4813 άνεινς
2206 4745 2260 4791 ει
2291 4734 2577 4813 confirmat
2601 4734 2838 4813 (collatis
2858 4734 2981 4791 aliis
2999 4734 3347 4813 synonymis,
3376 4734 3540 4813 προσὲ

2005 4807 2260 4879 ιατρίψαιΔ
2289 4807 2447 4876 paulo
2480 4818 2605 4861 ante
2639 4818 2691 4879 et
2718 4806 3058 4879 συνδιατριϐἧ
3091 4806 3203 4864 ευιῐ
3232 4810 3391 4864 finem
3421 4806 3538 4866 'hu-

1967 4876 2123 4951 jusee
2142 4876 2358 4951 capitis,
2384 4878 2817 4951 occurrentibus)
2842 4876 3239 4951 vogopposita,
3270 4880 3535 4951 παραδια-

1970 4943 2168 5020 τριδαί.
2186 4943 2238 5020 in
2270 4946 2511 5020 ejusdem
2547 4957 2724 5001 textus
2747 4947 2957 5002 Paulini
2979 4943 3090 5017 9‘3.
3120 4943 3351 5004 Βεεοει..

2044 5016 2337 5088 (18ιηρὸς
2372 5014 2898 5089 Δτῆς.φινίοίγοδρίᾳς.
2945 5014 3263 5089 Suspicatur
3307 5020 3533 5077 Vossius

1970 5086 2256 5159 legendum
2293 5086 2427 5157 πρὸς
2444 5087 2552 5159 τὴν
2585 5087 2894 5159 φιλοσοφίαν
2927 5090 3017 5142 καὶ
3054 5086 3155 5142 ’ἐπὶ
3180 5091 3305 5144 τάδε
3342 5091 3410 5143 τά
3441 5091 3530 5143 δό-

1969 5154 2192 5239 γματα..
2208 5154 2376 5239 Magis
2409 5154 2847 5239 plac’ethenge'lii
2873 5162 3136 5239 sententia
3172 5161 3530 5239 legentisﬁpb

1968 5226 2069 5299 τῆς
2115 5226 2456 5299 φιλοσοφίας,
2511 5237 2631 5281 ante
2674 5228 3016 5299 philosophus
3066 5226 3316 5283 studium.
3368 5226 3527 5285 Modo

1970 5297 2113 5379 enim
2157 5299 2367 5379 dixerat
2396 5297 2714 5379 Gregorius,
2746 5300 2874 5379 πρὶν
2909 5298 3256 5379 φιλοσοφήσει
3292 5300 3526 5379 προσελ-

1972 5368 2105 5423 θεῖν.
2156 5367 2424 5422 ῦαξιενιιηι
2474 5366 2563 5423 hic
2605 5366 2983 5437 Bengelianani
3038 5366 3523 5437 interpunctionem

1970 5438 2141 5495 secuti
2184 5453 2395 5503 sumus,
2428 5437 2631 5507 quippe
2644 5436 2790 5507 qua:
2825 5439 3083 5507 aptiorem
3129 5436 3354 5493 fundere
3401 5455 3527 5494 sen-

1970 5524 2091 5564 sum
2143 5509 2300 5562 nobis
2326 5505 2578 5563 visa‘sitf
2614 5505 2878 5561 Nimirum
2912 5523 2926 5559 :
2960 5505 3129 5560 Nulla
3175 5510 3224 5561 ei
3266 5519 3377 5563 erat
3411 5511 3527 5566 alia

1969 5580 2228 5633 sententia
2256 5578 2340 5648 (si
2384 5588 2674 5648 earumest
2719 5575 3027 5648 dicendum)
3076 5579 3179 5632 nisi
3228 5594 3395 5632 εωειιε
3434 5581 3526 5636 ille

1969 5649 2237 5713 stimulus,
2257 5646 2358 5718 quo
2388 5658 2507 5702 ante
2530 5646 2869 5718 philosophia
2897 5646 3130 5700 studium
3160 5647 3217 5701 in
3239 5650 3344 5703 ista
3371 5663 3524 5707 actus

1968 5730 2083 5772 erat
2114 5716 2347 5788 placita;
2387 5733 2546 5787 neque
2577 5716 2724 5789 aliud
2761 5717 3025 5789 judicium.
3051 5733 3230 5771 eorum
3256 5736 3373 5789 qua.-
3396 5736 3518 5776 vera

1967 5785 2177 5859 putaret
2205 5791 2290 5860 (ne
2314 5785 2506 5843 mirum
2538 5788 2608 5843 sit
2628 5788 2816 5859 dictu),
2849 5785 2951 5844 nisi
2977 5787 3202 5858 fortuna
3230 5785 3516 5847 temeritas.
