4100 6386
525 343 658 432 909i

1641 369 1700 424 S.
1737 367 2062 426 GREGORII
2101 364 2602 422 THAUMATURGI

3615 375 3640 427 ί
3650 373 3762 429 09“

521 491 640 556 dit,
691 491 951 560 impetum
995 499 1156 559 atque
1194 489 1459 543 delectum
1499 507 1512 542 :
1562 497 1616 542 et
1663 505 1730 542 ne
1773 486 2088 542 incredibile

2197 483 2401 552 ἀληθῶν
2451 483 2566 555 (μὴ
2593 481 2892 554 παράδοξον
2929 483 3100 537 εἰπεῖν
3237 484 3336 537 οὐκ
3372 484 3537 554 ἀλλην
3577 484 3610 557 ἢ
3657 488 3767 556 τὴν

521 582 670 652 quod
703 582 825 635 dico
859 582 1123 643 videatur,
1168 581 1370 633 nullam
1416 579 1600 644 aliam,
1649 588 1843 648 praeter
1887 595 2085 634 caecam

518 673 709 746 judicii
775 685 1046 742 expertem
1128 672 1450 738 fortunam;
1522 672 1633 724 haec
1710 673 2086 742 unusquisque

522 780 714 819 amans
737 805 752 829 ,
803 764 856 817 in
891 779 1011 833 qua:
1043 762 1276 832 primum
1309 763 1576 816 inciderit.
1616 761 1661 814 Α
1721 765 1920 833 quibus
1949 779 2077 832 quo-

525 856 820 912 dammodo
847 856 1106 920 irretitus,
1132 854 1252 908 aliis
1280 855 1442 908 rebus
1470 853 1600 908 dare
1627 868 1846 922 operam
1877 855 2083 924 nequit,

522 956 566 1009 si
601 954 728 1024 quid
756 953 894 1007 forte
921 952 1117 1006 habeat
1147 950 1293 1020 quod
1321 966 1379 1006 se
1403 950 1632 1020 singulis
1657 951 1821 1006 rebus
1851 967 1973 1006 cum
2005 968 2088 1005 ve—

520 1046 703 1100 ritatis
733 1046 1198 1099 demonstratione
1218 1043 1468 1108 disserat,
1493 1056 1675 1112 etquo
1704 1042 1867 1098 falsas
1897 1043 2086 1097 adver-

522 1139 795 1192 sariorum
831 1137 1070 1191 rationes
1114 1150 1235 1190 esse
1282 1135 1512 1189 doceat:
1545 1135 1742 1204 quippe
1791 1136 1881 1204 qui
1922 1137 2085 1190 etiam

524 1229 642 1283 sine
671 1228 985 1298 probatione
1015 1242 1072 1281 se
1104 1226 1277 1295 ipsum
1311 1236 1515 1280 temere
1537 1266 1551 1288 ,
1603 1236 1857 1294 tanquam
1908 1227 2085 1297 inopi-

524 1329 714 1373 natum
747 1328 908 1388 atque
954 1319 1381 1386 inexspectatum
1417 1315 1686 1386 quoddam
1721 1317 1930 1370 lucrum
1961 1333 2076 1386 spe-

523 1427 677 1476 rans,
713 1409 1020 1478 anticipatis
1045 1407 1347 1462 rationibus
1376 1407 1597 1461 addixit.
1640 1406 1806 1462 Porro
1837 1408 1935 1472 hie,
1961 1424 2086 1463 cum

525 1503 579 1557 in
605 1504 816 1557 caeteris
850 1503 1013 1557 rebus
1041 1511 1338 1557 sectatores
1369 1499 1597 1566 fallunt,
1634 1510 1746 1556 tum
1777 1519 1906 1557 vero
1938 1505 1992 1558 in
2028 1519 2088 1559 re

523 1595 768 1648 omnium
807 1595 1046 1648 maxima
1095 1609 1160 1648 ac
1192 1596 1497 1650 necessaria
1519 1634 1533 1656 ,
1565 1595 1619 1648 in
1645 1594 1740 1648 Dei
1781 1597 2088 1664 cognitione

523 1693 687 1753 atque
715 1684 929 1753 pietate.
973 1684 1037 1739 Et
1065 1694 1285 1739 manent
1330 1684 1685 1739 nihilominus
1713 1685 1793 1740 sic
1818 1684 1926 1740 illis
1951 1685 2089 1741 irre-

523 1779 628 1842 titi,
659 1787 716 1832 ut
747 1778 966 1846 eosjam
995 1792 1152 1831 nemo
1175 1777 1332 1832 facile
1353 1779 1563 1847 eripere
1589 1778 1794 1846 possit;
1828 1789 2085 1849 tanquam

2190 576 2412 647 ἄκριτον
2438 574 2605 646 τύχην
2626 592 2639 605 ·
2689 575 2837 628 ταῦθ’
2867 577 3094 639 ἕκαστος
3120 577 3307 646 φιλῶν,
3334 573 3415 642 οἷς
3459 579 3767 651 προσέτυχε

2188 668 2251 721 τὸ
2300 667 2532 738 πρῶτον,
2563 670 2650 736 ὑφ’
2681 661 2754 721 ὧν
2801 670 2961 721 οἱονεὶ
3007 669 3305 740 δεδεμένος,
3337 671 3513 724 οὐκέθ’
3542 665 3652 736 οἶός
3698 690 3769 726 τε

2190 759 2474 829 προσέχειν
2502 758 2802 829 ἐτέροις,,εί
2831 744 2928 829 μέν
2957 776 3010 812 τι
3036 759 3128 814 καὶ
3158 759 3332 828 λέγειν
3361 761 3473 830 ἔχοι
3500 762 3595 815 σὺν
3624 761 3770 815 ἀπο-

2189 849 2349 916 δείξει
2374 848 2627 918 ἀληθείας
2658 849 2764 901 τῶν
2785 849 2948 903 αὐτοῦ
2982 851 3109 921 περὶ
3138 851 3372 917 πάντων,
3407 851 3500 904 καὶ
3532 851 3608 915 ὡς
3626 853 3767 922 ψευ-

2189 939 2254 1010 δῆ
2293 942 2376 1011 εἴη
2415 940 2482 994 τὰ
2506 940 2613 993 τῶν
2639 939 2912 1006 ἐναντίων,
2940 941 3332 1013 βεϐοηθημένος
3363 943 3456 996 καὶ
3485 942 3565 1013 τῷ
3594 943 3765 1012 λόγῳο

2191 1031 2311 1082 ἐπεὶ
2343 1031 2435 1083 καὶ
2467 1029 2782 1101 ἀΰοήοητος,
2810 1031 2998 1084 ἐαυτὸν
3027 1032 3388 1102 χαρισάμενος
3414 1033 3508 1087 καὶ
3544 1033 3771 1104 ἐκδεχόα

2193 1137 2353 1191 μενος
2386 1120 2493 1190 (l9)
2523 1121 2643 1191 είκῆ
2670 1119 2856 1191 ὥσπερ
2887 1121 3135 1192 ἕρμαιον,
3170 1125 3281 1184 τοῖς
3321 1123 3770 1194 προκαταλαϐοῦ-

2193 1229 2274 1264 σιν
2307 1213 2466 1266 αύτὸν
2495 1211 2688 1280 λόγοις.
2725 1214 2787 1266 Οἳ
2815 1213 2859 1266 δ’
2895 1213 3001 1284 (20)
3033 1213 3088 1266 ἐν
3120 1230 3179 1266 τε
3222 1215 3333 1276 τοῖς
3371 1214 3548 1278 ἄλλοις
3588 1214 3764 1285 ἔσφη-

2192 1301 2288 1357 λαν
2328 1304 2452 1367 τοὺς
2493 1304 2732 1374 ἔχοντας,
2767 1305 2859 1359 καὶ
2905 1306 2968 1375 δὴ
3001 1305 3092 1358 καὶ
3125 1305 3216 1358 τοῦ
3253 1305 3466 1358 πάντων
3503 1308 3764 1376 μεγίστου

2191 1395 2285 1446 καὶ
2312 1395 2754 1462 ἀναγκαιοτάτου,
2789 1396 2886 1466 τῆς
2929 1397 3055 1466 περὶ
3083 1396 3144 1448 τὺ
3174 1396 3325 1449 Θεῖον
3365 1395 3618 1464 γνώσεως
3665 1399 3763 1450 καὶ

2193 1485 2486 1548 εὐσεϐείας.
2537 1486 2645 1538 Καὶ
2693 1486 2938 1556 μένουσιν
2986 1488 3132 1557 ὅμως
3169 1489 3227 1540 ἐν
3274 1488 3453 1551 αὐτοῖς
3487 1487 3763 1558 δεδεμένοι

2193 1577 2388 1650 τρόπον
2437 1577 2576 1641 τινὰ,
2617 1578 2711 1631 καὶ
2759 1579 2936 1632 οὐκέτ’
2970 1579 3034 1633 ἂν
3086 1580 3282 1644 αὐτοὺς
3320 1581 3494 1644 οὐδεὶς
3539 1583 3763 1650 ῥύσαιτο
3801 1565 3810 1570 ’

2196 1671 2412 1742 ῥᾳδίως,
2437 1673 2623 1742 ὥσπερ
2651 1672 2715 1724 ἐκ
2739 1673 2995 1739 τενάγους
3021 1673 3077 1725 ἐν
3103 1673 3268 1744 πεδίῳ
3297 1673 3615 1744 πλατυτάτῴ
3637 1675 3763 1729 δυσ-

2193 1759 2444 1830 διαὸάτῳ,
2478 1761 2659 1815 οὐκέτι
2697 1763 2889 1824 ἐῶντος
2915 1761 3042 1825 τοὺς
3073 1763 3409 1832 ἐμπεσόντας
3439 1763 3604 1828 ἅπαξ,
3633 1763 3757 1818 οὔτε

525 1885 591 1924 ex
623 1871 853 1939 palustri
881 1881 932 1923 ct
962 1868 1223 1923 invadoso
1242 1868 1600 1938 patentissimi
1623 1870 1800 1938 campi
1829 1869 1970 1935 lacu,
1993 1871 2085 1939 qui

2197 1852 2739 1926 παλινδρομήσαντας,
2774 1852 2896 1908 οὔτε
2930 1855 3022 1908 καὶ
3050 1855 3526 1926 περαιωσαμένους
3559 1856 3755 1909 διασώ-

530 1964 697 2019 semel
730 1964 1026 2034 ingressos,
1057 1978 1159 2018 nec
1191 1963 1416 2032 gradum
1445 1979 1721 2026 revocare,
1747 1979 1846 2018 nec
1875 1964 2090 2032 trajice-

526 2076 586 2115 re
614 2069 667 2113 et
695 2058 926 2114 evadere
967 2059 1134 2124 sinit,
1180 2058 1274 2113 sed
1303 2058 1368 2112 ad
1397 2067 1624 2112 mortem
1650 2072 1824 2127 usque
1853 2058 1931 2112 sic
1954 2073 2078 2112 con-

530 2151 751 2206 strictos
784 2158 960 2216 tenet;
1015 2157 1106 2204 aut
1143 2157 1401 2218 tauquam
1432 2163 1498 2202 ex
1523 2149 1627 2202 alta
1649 2190 1665 2214 ,
1719 2149 1996 2218 densaque
2028 2164 2091 2203 ac

527 2242 796 2313 profunda
831 2243 1001 2308 silva;
1053 2241 1108 2294 in
1153 2257 1320 2311 quam
1367 2239 1539 2295 viator
1583 2241 1735 2310 quis,
1780 2241 1936 2309 quasi
1967 2239 2092 2295 inde

529 2351 720 2390 rursus
762 2333 1008 2388 exiturus
1051 2341 1104 2388 et
1141 2348 1278 2402 puro
1309 2347 1368 2387 se
1409 2347 1603 2403 campo
1629 2332 1973 2395 redditurus,
2010 2333 2091 2386 in-

463 2439 747 2497 ligressus
773 2434 887 2491 est;
923 2424 1383 2495 prielougitudiue
1405 2432 1586 2478 autem
1609 2439 1672 2478 ac
1690 2423 1955 2479 densitate
1981 2439 2090 2478 non

525 2527 706 2588 potest
745 2537 756 2572 :
801 2533 990 2574 omnes
1032 2517 1180 2571 enim
1222 2517 1276 2570 in
1318 2525 1501 2586 partes
1533 2532 1591 2571 se
1631 2517 1807 2585 ipsum
1843 2532 2090 2581 versans,

526 2611 752 2680 viasque
784 2610 930 2664 intus
953 2609 1240 2664 continuas
1262 2607 1560 2671 offendens,
1582 2609 1682 2662 has
1701 2608 1948 2677 illasque,
1975 2619 2093 2662 tan-

529 2717 692 2770 quam
732 2700 933 2754 exitum
959 2715 1053 2770 per
1086 2699 1321 2768 aliquam
1368 2713 1554 2754 earum
1589 2706 1926 2767 reperturus,
1969 2713 2090 2766 per-

531 2794 800 2859 ambulat;
847 2793 950 2847 illte
978 2808 1106 2846 vero
1137 2792 1202 2846 ad
1229 2791 1417 2845 intima
1441 2789 1818 2844 tantummodo
1847 2789 2051 2843 ducunt
2075 2805 2090 2851 ;

529 2899 802 2951 nusquam
849 2891 999 2937 extra
1047 2882 1247 2945 ferunt,
1283 2889 1342 2934 ut
1379 2897 1499 2950 quae
1541 2881 1714 2950 ipsius
1744 2881 1890 2934 silva:
1915 2879 2090 2934 solum

529 2975 632 3025 viae
667 2971 815 3024 sint:
854 2986 1022 3040 quare
1058 2970 1236 3024 fessus
1281 2969 1497 3024 tandem
1536 2985 1601 3024 ac
1651 2970 1946 3038 desperans
1981 2968 2093 3024 via-

531 3072 640 3126 tor,
676 3061 834 3132 quasi
881 3063 1016 3116 silva
1063 3070 1246 3116 essent
1285 3061 1488 3127 omnia,
1535 3071 1587 3114 et
1617 3060 1826 3114 nullum
1853 3060 1904 3114 in
1937 3060 2093 3114 terris

532 3154 864 3210 domicilium
880 3163 1205 3224 superesset,
1225 3153 1296 3207 ibi
1313 3169 1529 3208 manere
1543 3168 1607 3208 ac
1619 3152 1950 3207 domicilium
1979 3153 2093 3206 col—

532 3247 711 3301 locare
738 3247 943 3312 statuit,
976 3248 1320 3316 spatiumque
1353 3247 1486 3316 agri,
1519 3256 1778 3314 quantum
1810 3253 2002 3313 potest,
2040 3245 2092 3296 in

534 3340 671 3393 silva
713 3354 999 3408 occupare.
1041 3339 1148 3392 Aut
1198 3348 1453 3408 tanquam
1482 3339 1714 3407 denique
1753 3351 1818 3391 ex
1858 3336 2096 3406 labyrin-

535 3432 662 3494 tho,
699 3432 766 3484 ad
793 3447 952 3500 quem
992 3446 1116 3484 cum
1161 3430 1355 3484 unicus
1396 3440 1654 3500 appareat
1703 3431 1913 3497 aditus,
1960 3428 2096 3483 nihil

537 3522 850 3587 subdolum,
881 3534 948 3575 ex
977 3521 1043 3576 iis
1069 3535 1191 3590 quae
1212 3528 1338 3574 sunt
1357 3530 1529 3586 extra,
1553 3521 1698 3576 intus
1725 3521 1892 3575 latere
1919 3519 2099 3590 suspi-

545 3629 679 3668 cans
702 3613 994 3681 quispiam,
1028 3627 1132 3682 qua
1159 3619 1305 3680 patet
1322 3611 1510 3679 janua,
1541 3612 1875 3678 ingreditur;
1905 3611 2098 3666 deinde

541 3706 610 3758 ad
643 3704 834 3757 intima
860 3717 1034 3770 usque
1057 3717 1399 3773 pregressus,
1436 3710 1720 3772 postquam
1749 3703 2096 3761 artificiosum

541 3795 823 3864 solersque
848 3793 1143 3862 opiﬁcium,
1172 3808 1582 3862 quaquaversus
1611 3793 1875 3862 pervium,
1897 3810 1959 3850 ac
1978 3811 2100 3865 per-

538 3884 716 3956 petuis
747 3882 1081 3954 ingressibus
1111 3891 1164 3937 et
1187 3884 1494 3954 egressibus
1523 3883 1783 3937 intextum
1807 3892 1967 3953 atque
1987 3884 2102 3938 ela-

541 3980 791 4033 boratum
827 3975 1224 4045 contemplatus
1253 3983 1356 4039 est,
1389 3975 1570 4046 egredi
1597 3975 1843 4045 cupiens.
1877 3975 2100 4032 minime

541 4076 754 4141 potest,
793 4076 1068 4123 structura
1097 4067 1185 4121 illa
1217 4082 1380 4138 quam
1423 4066 1773 4122 artificiosam
1803 4067 2099 4137 judicabat,

543 4167 898 4233 interceptus.
958 4159 1150 4215 Nullus
1197 4175 1360 4231 porro
1406 4169 1489 4215 est
1534 4175 1710 4230 neque
1762 4160 2101 4233 labyrinthus

542 4257 678 4312 adeo
701 4256 765 4309 ad
793 4254 1172 4324 explicandum
1193 4251 1424 4308 dilIicilis
1446 4252 1727 4317 etvarius;
1753 4268 1928 4322 neque
1945 4252 2100 4320 silva,

543 4347 794 4419 quamvis
821 4346 986 4400 densa
1018 4352 1072 4400 et
1099 4345 1281 4411 varia;
1325 4358 1500 4412 neque
1540 4358 1765 4413 campus
1805 4353 1898 4398 aut
1925 4345 2100 4414 palus,

546 4455 668 4509 quae
695 4439 916 4507 illapsos
946 4443 1110 4506 atque
1132 4436 1405 4506 ingressos
1436 4433 1518 4490 sic
1541 4434 1790 4500 retineat,
1825 4443 1886 4489 ut
1905 4437 2100 4502 oratio,

2189 1944 2396 2010 ζεσθαι,
2431 1947 2486 1999 ἐν
2518 1946 2666 2017 αὐτῷ
2709 1945 2766 1999 δέ
2817 1947 3010 2011 αὐτοὺς
3047 1948 3365 2017 κατέχοντος
3393 1949 3552 2021 μέχρι
3583 1950 3760 2004 τελευ-

2188 2039 2314 2105 τῆς·
2343 2038 2376 2108 ἢ
2410 2037 2596 2110 ὥσπερ
2631 2038 2689 2104 ἐξ
2713 2037 2844 2108 ὕλης
2879 2039 3096 2109 βαθείας
3129 2040 3222 2092 καὶ
3251 2039 3466 2102 δασείας
3496 2041 3589 2092 κα)⁸
3621 2041 3757 2112 ὑψη-

2188 2129 2306 2200 λῆς,
2333 2131 2412 2193 εἰς
2445 2131 2510 2200 ἣν
2563 2130 2775 2202 εἰσῆλθε
2808 2131 2904 2201 μέν
2949 2148 3032 2194 τις
3079 2131 3376 2201 ὁδοιπόρος,
3427 2129 3504 2193 ὡς
3549 2131 3612 2202 δὴ
3653 2133 3748 2185 καὶ

2189 2223 2504 2295 ἐξορμήσων
2532 2224 2681 2287 ἴσως,
2716 2224 2810 2276 καὶ
2841 2224 2900 2277 ἐν
2944 2223 3167 2295 καθαρῷ
3196 2223 3353 2276 πάλιν
3387 2222 3547 2274 αὑτὸν
3581 2234 3750 2271 κατα-

2193 2318 2401 2387 στήσων
2424 2316 2502 2387 τῷ
2531 2317 2682 2388 ἕρκει
2712 2316 2844 2387 (21),
2881 2315 2985 2369 ὑπὸ
3014 2316 3071 2368 δὲ
3103 2317 3306 2386 μήκους
3338 2316 3432 2366 καὶ
3461 2314 3761 2383 δασύτητος

2191 2411 2288 2479 οὐχ
2317 2403 2430 2472 οἷός
2455 2426 2513 2462 τε
2542 2408 2778 2477 γίνεται·
2809 2407 3098 2478 πάμπολλα
3124 2409 3484 2478 στρεφόμενος
3507 2409 3565 2461 ὲν
3587 2407 3759 2478 αὐτῷ,

2191 2501 2340 2566 ὁδούς
2365 2502 2425 2554 τέ
2454 2518 2604 2565 τινας
2629 2501 2774 2554 ἔνδον
2803 2501 3069 2571 εὑρίσκων
3101 2504 3359 2570 συνεχεῖς,
3385 2501 3602 2554 ποικίλα
3620 2501 3758 2554 όδοι-

2193 2596 2368 2664 πορεῖ,
2402 2591 2477 2657 ὡς
2509 2592 2571 2665 δὴ
2603 2593 2691 2646 διά
2720 2610 2863 2656 τινος
2895 2593 3072 2646 αὐτῶν
3125 2593 3440 2664 ἐξορμήσων
3486 2592 3659 2663 τάχαο
3700 2593 3757 2646 αἶ

2191 2685 2236 2737 δ’
2265 2685 2356 2736 ἐπὶ
2399 2683 2468 2737 τά
2518 2683 2662 2736 ἔνδον
2714 2684 2904 2752 ἄγουσι
2960 2683 3137 2754 μόνον,
3168 2683 3340 2747 ἔξοδον
3373 2682 3482 2753 (22)
3513 2683 3568 2735 δέ
3598 2682 3768 2736 οὐδα-

2197 2775 2330 2846 μῶς,
2365 2774 2531 2844 αὐτῆς
2557 2778 2622 2826 τε
2649 2774 2744 2843 τῆς
2776 2773 2907 2843 ὕλης
2938 2773 3104 2844 μόνης
3131 2772 3238 2826 όδοί
3281 2789 3423 2835 τινες
3461 2768 3613 2827 οὖσαι
3635 2787 3650 2802 ⁶
3678 2773 3762 2825 τέ-

2193 2867 2283 2929 λος
2311 2865 2366 2918 δέ
2397 2868 2424 2918 ό
2455 2866 2729 2937 όδοιπόρος
2769 2862 3068 2935 ἀποκαμὼν
3113 2865 3206 2916 καὶ
3255 2863 3654 2934 ἀπαγορεύσας,
3683 2863 3760 2927 ὡς

2191 2959 2256 3030 δὴ
2289 2958 2502 3012 πάντων
2536 2957 2665 3028 ὕλης
2705 2956 3009 3028 γενομένων
3043 2955 3170 3027 (25),
3204 2956 3297 3008 καὶ
3327 2957 3506 3010 οὐκέτι
3550 2956 3762 3024 οὐδενὸς

2193 3052 2345 3115 ὄντος
2391 3052 2483 3105 ἐπὶ
2523 3051 2624 3122 γῆς
2669 3049 3002 3121 οἰκητηρίου,
3053 3051 3168 3103 ἐκεῖ
3218 3049 3394 3120 μένειν
3441 3048 3611 3102 ἐθέλει
3662 3047 3761 3118 τὴν

2197 3143 2379 3196 ἑστίαν
2429 3143 2927 3212 καταστησάμενος,
2957 3143 3050 3194 καὶ
3095 3136 3438 3212 εὐρυχωρίαν
3483 3139 3651 3210 αὐτῷ,
3685 3141 3768 3204 ὡς

2197 3230 2308 3288 οἷόν
2333 3252 2410 3299 τε,
2443 3237 2501 3288 ἐν
2531 3237 2596 3305 τῇ
2631 3233 2731 3305 ὒλῃ
2764 3232 3198 3303 ἐκποριζόμενος.
3233 3234 3342 3285 Καὶ⁴
3371 3231 3558 3302 ὥσπερ
3590 3231 3652 3284 ἐκ
3675 3250 3762 3284 τι-

2193 3345 2282 3392 νος
2307 3326 2625 3398 λαϐυρίνθου
2651 3329 2728 3390 εἰς
2754 3327 2811 3379 ὃν
2840 3326 3043 3379 εἰσόδου
3073 3325 3401 3397 φαινομένης
3432 3327 3578 3396 μιᾶς,
3611 3325 3762 3378 οὐδὲν

2195 3419 2434 3473 ποικίλον
2482 3420 2547 3472 ἐκ
2594 3417 2702 3471 τῶν
2755 3417 2948 3483 ἔξωθεν
2983 3417 3326 3488 ὑποτοπήσας
3370 3434 3472 3480 τις,
3509 3415 3763 3470 εἰσελθὼν

2193 3513 2282 3568 διὰ
2327 3513 2425 3583 τῆς
2474 3509 2804 3582 φαινομένης
2858 3510 3024 3581 θύρας
3056 3513 3181 3580 μιᾶς
3204 3527 3218 3540 ο
3254 3504 3368 3562 εῐτα
3403 3510 3762 3582 προχωρήσας

2195 3605 2322 3676 ἄχρι
2367 3604 2473 3656 τῶν
2506 3603 2787 3666 ἐνδοτάτω,
2821 3601 3060 3654 ποικίλον
3105 3619 3164 3654 τε
3199 3599 3320 3654 ιδὼν
3349 3601 3408 3654 τὸ
3440 3601 3633 3669 θέαμα,
3667 3603 3761 3654 κα)⁸

2198 3696 2624 3766 κατασκεύασμα
2673 3696 2940 3764 πάνσοφον
2987 3693 3287 3766 πολύπορόν
3318 3711 3376 3746 τε
3411 3695 3502 3747 καὶ
3538 3694 3762 3757 εἰσόδοις

2197 3792 2292 3845 καὶ
2337 3790 2530 3856 ἐξόδοις
2585 3789 2829 3860 συνεχέσι
2874 3787 3286 3858 σεσοφισμένον·
3336 3786 3532 3840 ἐθέλων
3580 3787 3762 3857 μέντοι

2199 3883 2293 3936 καὶ
2317 3882 2535 3947 ἐξιέναι,
2572 3881 2759 3952 μηκέθ’
2793 3875 2902 3956 οἷός
2949 3897 3008 3933 τε
3063 3881 3169 3948 εἴη,
3203 3878 3590 3948 ἐναποληφθεὶς
3619 3879 3762 3932 ἔνδον

2201 3977 2304 4030 ὑπὸ
2332 3975 2494 4045 σοφοῦ
2526 3973 2803 4038 δοκοῦντος
2845 3973 2992 4044 αὐτῷ
3018 3973 3549 4043 κατασκευάσματος.
3579 3972 3763 4036 Οὐδεὶς

2197 4067 2254 4122 δὲ
2290 4067 2412 4122 οὔτε
2441 4066 2756 4140 λαϐύρινθος
2802 4065 2943 4118 οὕτω
2985 4063 3351 4131 δυσεξέλικτος
3381 4064 3476 4117 καὶ
3503 4063 3760 4128 ποικίλος,

2200 4161 2322 4216 οὗτε
2356 4159 2454 4232 ὕλη
2495 4161 2680 4214 δασεῖα
2705 4159 2798 4213 καὶ
2822 4156 3036 4226 ποικίλη
3067 4156 3198 4227 (24),
3230 4153 3351 4208 οὔτε
3385 4155 3562 4209 πεδίον
3594 4153 3764 4217 οὕτως

2202 4255 2236 4326 ἢ
2262 4256 2482 4323 τέναγος
2511 4253 2679 4306 δεινὸν
2707 4251 2974 4322 κρατῆσαι
2997 4252 3122 4313 τοὺς
3149 4245 3556 4320 ἐμπελάσαντας
3585 4248 3659 4310 ὡς
3677 4246 3765 4298 λόο

2203 4363 2317 4414 γος,
2347 4347 2397 4400 εἴ
2424 4362 2506 4409 τις
2537 4343 2622 4414 εῐη
2653 4347 2769 4397 κατ’
2802 4343 2980 4397 αὐτῶν
3010 4342 3119 4413 (25)
3160 4341 3328 4395 τῶνδέ
3360 4359 3519 4395 τινων
3550 4340 3763 4410 φιλοσό-

2205 4439 2465 4508 φων.Ἵνα
2500 4437 2564 4510 δὴ
2597 4432 2686 4492 οὖν
2720 4435 2794 4507 μὴ
2824 4435 3017 4489 ταυτὸν
3060 4438 3171 4498 τοῖς
3217 4433 3429 4497 πολλοῖς
3478 4434 3761 4504 πάθοιμεν,

547 4535 596 4588 si
625 4547 732 4603 qua
755 4545 850 4587 eos
880 4538 1141 4600 occupet,
1175 4528 1480 4598 aliquorum
1509 4527 1815 4583 istiusmodi
1857 4528 2094 4598 philoso-

2206 4533 2344 4604 πρὸς
2393 4529 2491 4601 μὲν
2533 4531 2629 4585 Eva.
2666 4528 2787 4582 τινὰ
2815 4529 2917 4583 οὐκ
2942 4523 3046 4599 ἦγε
3093 4527 3199 4580 τῶν
3239 4525 3542 4594 φιλοσόφων
3570 4526 3764 4595 λόγων,

621 4688 732 4759 (l9)
762 4684 1022 4759 λἛαύτὸτς
1145 4682 1552 4752 ἐκδεχόμενος.
1587 4681 1898 4759 _Id_qu_idem
1940 4699 2100 4741 sensu

550 4753 716 4814 caret.
745 4756 815 4811 At
845 4755 1204 4825 ἐνδεχόμενος,
1230 4753 1622 4825 neutrum,_ab
1651 4753 1951 4825 ἐνδέχομαι,
1983 4771 2108 4809 εοη..

553 4831 715 4898 tinge,
755 4822 1005 4895 congruit
1031 4822 1175 4878 cum
1216 4823 1460 4894 ἕρμαιον,
1491 4822 1558 4898 id_
1574 4830 1678 4886 est,
1694 4822 1911 4898 _l_ucrnm
1934 4826 2108 4898 inspe-

551 4892 749 4958 rat'um,
779 4905 834 4950 et
867 4892 990 4949 cum
1021 4902 1133 4948 toto
1165 4892 1439 4956 contextu,
1473 4892 1729 4961 opinandi
1765 4892 2107 4950 temeritatem

552 4970 929 5044 redarguente.
953 4963 1254 5044 _Frequc.ns
1281 4963 1406 5044 .hac
1464 4962 1712 5044 notione.
1739 4963 1961 5044 verbum
1988 5036 1999 5044 _
2025 4975 2110 5022 est

553 5054 678 5094 cum
717 5032 921 5100 dativo,
952 5034 1006 5088 in
1039 5032 1229 5103 primis
1268 5032 1540 5087 Aristoteli
1568 5033 1603 5086 l.
1632 5049 1647 5086 ι
1679 5032 1891 5103 Analyt.
1916 5036 2104 5104 prior,

553 5125 671 5179 cap.
703 5108 756 5179 ’5.
782 5105 1010 5179 Bianor-2L:

627 5170 740 5247 (20)
774 5176 840 5229 Οἳ
861 5175 946 5228 δέ.
967 5173 1197 5247 _Scilicet
1214 5170 1387 5247 λόγοι,
1412 5173 1464 5227 id
1499 5180 1603 5247 est,
1635 5172 1882 5227 rationes.
1910 5173 2069 5229 V'oss.

627 5241 999 5318 (21)Καθαρῷ
1025 5283 1083 5318 τ,
1111 5242 1282 5318 ἕρκει.
1337 5241 1683 5305 Sirmondus,
1730 5259 1860 5318 puro
1902 5260 2105 5312 campo.

554 5313 980 5378 Bliodomanus,
1022 5314 1143 5384 ἀέρι
1191 5313 1401 5382 legens,
1434 5328 1564 5384 puro
1606 5329 1742 5384 aere.
1777 5313 2108 5384 "prog,se-

557 5399 820 5457 ptum;et
851 5400 944 5457 per
987 5382 1411 5457 metonymiam,
1441 5383 1668 5457 domus,
1703 5382 1922 5457 fundus,
1959 5384 2108 5457 regio

560 5451 727 5524 septis
773 5451 1000 5524 munita.
1041 5451 1358 5523 Hesychius,
1389 5451 1566 5522 ἕρκος·
1595 5452 1880 5520 ἀσφάλεια,
1909 5451 2107 5522 τεῖχος,

561 5523 858 5595 περίϐολος.
871 5593 879 5595 _
893 5523 1120 5595 Benest:

635 5590 745 5663 (22)
784 5593 1055 5657 Ἐξοδον.
1089 5593 1288 5660 Repete
1334 5592 1440 5644 ἐπί.
1479 5590 1786 5663 Synonyma
1829 5600 2110 5663 suntquae

566 5677 688 5715 mox
716 5661 1024 5732 Occurrunt,
1055 5663 1382 5732 οἰκητήριον,
1411 5661 1583 5732 ἑστία,
1613 5661 1938 5732 εύρυχωρία.
1975 5661 2049 5716 In.

638 5731 747 5797 (9.3)
775 5730 1032 5803 pair-ee»;
1071 5730 1599 5803 ﬂJnc'j-s‘royéi-wr.
1641 5730 1887 5803 Resolve,
1926 5732 2111 5803 ἐπειδὴ

571 5801 744 5854 πάντα
774 5798 903 5870 ὕλης
929 5800 1140 5868 ἐγένετο
1164 5815 1177 5852 :
1205 5815 1329 5854 nam
1350 5798 1618 5872 eleganter
1638 5801 1929 5872 genitivum
1953 5798 2112 5858 habet

1027 5963 1150 6024 "r,

2205 4687 2429 4742 verbum
2465 4685 2701 4755 γίνομαι.
2731 4683 2830 4740 Vel
2866 4685 3048 4755 potius
3092 4685 3183 4748 sit,
3228 4681 3415 4754 ἐπειδὴ
3458 4683 3632 4736 πάντα
3666 4680 3766 4751 ὕλη

2209 4757 2420 4828 ἐγένετο
2437 4773 2460 4828 3
2488 4755 2647 4828 quale
2667 4765 2749 4811 est
2773 4756 2902 4809 illud
2930 4775 2942 4808 :

2422 4823 2613 4880 Ouinia
2635 4835 2823 4895 pontus
2853 4835 3002 4879 erat.
3059 4823 3134 4895 In.

2280 4894 2394 4968 (24)
2417 4891 2806 4968 Ποικίλος-...Α
2829 4897 3090 4968 domum
3125 4891 3326 4968 Horum
3365 4893 3590 4946 alterum
3619 4892 3768 4946 vide—

2211 4964 2300 5022 tur
2330 4981 2397 5020 ex
2440 4966 2643 5030 altero,
2689 4965 2979 5020 festinante
3027 4964 3283 5030 librario,
3333 4973 3552 5023 natum,
3585 4971 3638 5013 et
3671 4977 3770 5029 pro

2212 5037 2319 5091 alio
2348 5035 2532 5091 nescio
2563 5029 2673 5104 quo
2711 5036 2948 5104 epitheto
2972 5029 3264 5104 scriptum.
3296 5034 3435 5086 Ante
3467 5031 3654 5084 δασεῖα
3687 5033 3770 5086 in-

2211 5121 2350 5171 sere,
2375 5106 2459 5159 vel
2491 5101 2636 5160 certe
2661 5101 2908 5170 subaudi,
2934 5101 3105 5158 οὕτω(
3123 5102 3199 5156 In.

2281 5169 2394 5246 (25)
2423 5175 2561 5229 Κατ’
2588 5174 2801 5246 αὐτῶν.
2831 5169 2985 5240 Quod
3013 5174 3065 5228 in
3089 5172 3288 5246 protasi
3316 5179 3403 5246 est
3426 5169 3770 5242 ἐμπελάσαν-

2210 5243 2328 5308 τας,
2358 5246 2411 5300 id
2437 5247 2492 5300 in
2515 5245 2740 5315 apodosi
2764 5254 2882 5299 esto
2913 5243 3191 5297 καταντῶν
3216 5243 3513 5315 :facillimae
3536 5256 3772 5315 namque

2210 5324 2520 5385 permutatu
2546 5311 2676 5370 sunt
2704 5315 2896 5385 litterae
2919 5330 2948 5367 ν
2975 5319 3042 5369 et
3061 5331 3091 5366 υ
3125 5329 3137 5363 :
3185 5320 3240 5366 et
3265 5328 3405 5385 cum
3426 5311 3510 5385 τίς
3542 5311 3770 5366 subaudi

2213 5379 2515 5457 ἅνθρωπος.
2548 5385 2817 5457 Integrum
2846 5384 3028 5457 locum
3073 5385 3164 5457 ita_
3189 5381 3355 5457 reddo
3383 5397 3397 5432 :
3431 5379 3610 5457 Neque
3653 5395 3772 5434 vero

2213 5451 2542 5524 labyrinthus
2567 5465 2642 5509 est
2667 5451 2805 5507 ullus
2837 5464 2944 5506 tam
2973 5451 3350 5508 inextricabilis
3377 5461 3425 5505 et
3456 5452 3656 5514 varius,
3689 5466 3774 5524 rte-

2215 5520 2321 5595 que"
2339 5525 2473 5578 silva
2502 5536 2610 5579 tam
2629 5525 2788 5578 densa
2813 5534 2861 5577 et
2879 5525 3052 5595 paria,
3079 5537 3238 5591 neque
3252 5538 3471 5595 campus
3499 5529 3589 5573 aut
3616 5520 3772 5591 palus

2216 5591 2326 5647 tam
2364 5595 2554 5663 infesta
2596 5595 2663 5646 ad
2705 5593 2946 5647 tenendos
2992 5595 3084 5664 qui
3122 5608 3181 5645 eo
3228 5591 3392 5644 delati
3423 5599 3578 5664 sunt,
3611 5605 3776 5664 quam

2216 5660 2480 5786 oratioi'si
2509 5665 2626 5734 quis
2645 5664 2714 5717 sit
2737 5665 2825 5733 qui
2852 5660 3110 5732 incurrat,
3136 5670 3406 5717 certorum
3435 5660 3775 5732 philosopho-

2219 5750 2354 5786 rum.
2408 5749 2461 5786 ι).

2219 5750 2354 5788 rum.
2389 5749 2461 5789 ID.
