  <div class='ocr_page' id='page_1' title='image "/cluster/home/n/w/nwhite01/storage/ocr_20150623/10/coo.31924054872894/558.png"; bbox 0 0 4100 6404; ppageno 0'>
   <div class='ocr_carea' id='block_1_1' title="bbox 442 396 580 457">
    <p class='ocr_par' dir='ltr' id='par_1_1' title="bbox 442 396 580 457">
     <span class='ocr_line' id='line_1_1' title="bbox 442 396 580 457; baseline -0.022 0"><span class='ocrx_word' id='word_1_1' title='bbox 442 396 580 457; x_wconf 61' lang='grc' dir='ltr'>ἰθθδ</span> 
     </span>
    </p>
   </div>
   <div class='ocr_carea' id='block_1_2' title="bbox 1377 394 2627 463">
    <p class='ocr_par' dir='ltr' id='par_1_2' title="bbox 1377 394 2627 463">
     <span class='ocr_line' id='line_1_2' title="bbox 1377 394 2627 463; baseline 0.007 -10"><span class='ocrx_word' id='word_1_2' title='bbox 1377 394 1443 454; x_wconf 84' lang='grc' dir='ltr'><strong>ΙΝ</strong></span> <span class='ocrx_word' id='word_1_3' title='bbox 1482 399 1831 457; x_wconf 75' lang='lat' dir='ltr'><strong>ORlGENEM</strong></span> <span class='ocrx_word' id='word_1_4' title='bbox 1875 403 2134 461; x_wconf 75' lang='lat' dir='ltr'><strong>ORATIO</strong></span> <span class='ocrx_word' id='word_1_5' title='bbox 2166 403 2627 463; x_wconf 72' lang='lat' dir='ltr'><strong>PANEGYRIGA.</strong></span> 
     </span>
    </p>
   </div>
   <div class='ocr_carea' id='block_1_3' title="bbox 3542 409 3681 466">
    <p class='ocr_par' dir='ltr' id='par_1_3' title="bbox 3542 409 3681 466">
     <span class='ocr_line' id='line_1_3' title="bbox 3542 409 3681 466; baseline 0.007 -1"><span class='ocrx_word' id='word_1_6' title='bbox 3542 409 3681 466; x_wconf 65' lang='grc'>1094</span> 
     </span>
    </p>
   </div>
   <div class='ocr_carea' id='block_1_4' title="bbox 445 513 1998 594">
    <p class='ocr_par' dir='ltr' id='par_1_4' title="bbox 445 513 1998 588">
     <span class='ocr_line' id='line_1_4' title="bbox 445 513 1998 588; baseline 0.005 -21"><span class='ocrx_word' id='word_1_7' title='bbox 445 514 565 568; x_wconf 79' lang='grc' dir='ltr'>οὐδὲ</span> <span class='ocrx_word' id='word_1_8' title='bbox 623 516 738 567; x_wconf 76' lang='grc' dir='ltr'>κατ’</span> <span class='ocrx_word' id='word_1_9' title='bbox 772 514 967 578; x_wconf 69' lang='grc' dir='ltr'>αὐτοὺς</span> <span class='ocrx_word' id='word_1_10' title='bbox 1013 513 1227 567; x_wconf 81' lang='grc' dir='ltr'>ἀπιέναι</span> <span class='ocrx_word' id='word_1_11' title='bbox 1281 513 1460 584; x_wconf 69' lang='grc' dir='ltr'>ἠξίου·</span> <span class='ocrx_word' id='word_1_12' title='bbox 1519 518 1655 588; x_wconf 65' lang='grc' dir='ltr'>πρὸς</span> <span class='ocrx_word' id='word_1_13' title='bbox 1703 518 1759 571; x_wconf 85' lang='grc' dir='ltr'><strong>δὲ</strong></span> <span class='ocrx_word' id='word_1_14' title='bbox 1805 520 1998 585; x_wconf 80' lang='grc' dir='ltr'>πάντας</span> 
     </span>
    </p>
   </div>
   <div class='ocr_carea' id='block_1_5' title="bbox 2100 513 3680 594">
    <p class='ocr_par' dir='ltr' id='par_1_5' title="bbox 2123 522 3680 594">
     <span class='ocr_line' id='line_1_5' title="bbox 2123 522 3680 594; baseline 0.003 -17"><span class='ocrx_word' id='word_1_15' title='bbox 2123 525 2371 593; x_wconf 87' lang='lat' dir='ltr'><strong>phorum.</strong></span> <span class='ocrx_word' id='word_1_16' title='bbox 2425 522 2591 580; x_wconf 87' lang='lat' dir='ltr'><strong>Nobis</strong></span> <span class='ocrx_word' id='word_1_17' title='bbox 2624 538 2755 594; x_wconf 86' lang='lat' dir='ltr'><strong>ergo</strong></span> <span class='ocrx_word' id='word_1_18' title='bbox 2798 537 2868 578; x_wconf 92' lang='lat' dir='ltr'><strong>ne</strong></span> <span class='ocrx_word' id='word_1_19' title='bbox 2916 522 2970 577; x_wconf 88' lang='lat' dir='ltr'><strong>id</strong></span> <span class='ocrx_word' id='word_1_20' title='bbox 3014 522 3190 592; x_wconf 88' lang='lat' dir='ltr'><strong>ipsum</strong></span> <span class='ocrx_word' id='word_1_21' title='bbox 3240 522 3382 594; x_wconf 78' lang='lat' dir='ltr'><strong>quod</strong></span> <span class='ocrx_word' id='word_1_22' title='bbox 3417 523 3680 594; x_wconf 74' lang='lat' dir='ltr'><strong>imperitae</strong></span> 
     </span>
    </p>
   </div>
   <div class='ocr_carea' id='block_1_6' title="bbox 438 601 2013 681">
    <p class='ocr_par' dir='ltr' id='par_1_6' title="bbox 438 601 2013 681">
     <span class='ocr_line' id='line_1_6' title="bbox 438 601 2013 681; baseline 0.004 -22"><span class='ocrx_word' id='word_1_23' title='bbox 438 601 596 677; x_wconf 79' lang='grc' dir='ltr'>ἦγεν,</span> <span class='ocrx_word' id='word_1_24' title='bbox 618 605 826 670; x_wconf 82' lang='grc' dir='ltr'>οὐδενὸς</span> <span class='ocrx_word' id='word_1_25' title='bbox 854 606 1210 677; x_wconf 80' lang='grc' dir='ltr'>ἁπειράστους</span> <span class='ocrx_word' id='word_1_26' title='bbox 1237 602 1373 660; x_wconf 79' lang='grc' dir='ltr'>εἶναι</span> <span class='ocrx_word' id='word_1_27' title='bbox 1407 606 1575 662; x_wconf 84' lang='grc' dir='ltr'><strong>θέλων</strong></span> <span class='ocrx_word' id='word_1_28' title='bbox 1606 610 1872 681; x_wconf 82' lang='grc' dir='ltr'>δόγματος</span> <span class='ocrx_word' id='word_1_29' title='bbox 1904 614 2013 668; x_wconf 82' lang='grc' dir='ltr'><strong>Ἑλ-</strong></span> 
     </span>
    </p>
   </div>
   <div class='ocr_carea' id='block_1_7' title="bbox 442 696 2012 774">
    <p class='ocr_par' dir='ltr' id='par_1_7' title="bbox 442 696 2012 774">
     <span class='ocr_line' id='line_1_7' title="bbox 442 696 2012 774; baseline 0.005 -24"><span class='ocrx_word' id='word_1_30' title='bbox 442 696 683 766; x_wconf 84' lang='grc' dir='ltr'>ληνικοῦ.</span> <span class='ocrx_word' id='word_1_31' title='bbox 715 699 825 750; x_wconf 83' lang='grc' dir='ltr'>Καὶ</span> <span class='ocrx_word' id='word_1_32' title='bbox 870 699 1029 762; x_wconf 83' lang='grc' dir='ltr'>αὐτὸς</span> <span class='ocrx_word' id='word_1_33' title='bbox 1071 698 1127 751; x_wconf 88' lang='grc' dir='ltr'><strong>δὲ</strong></span> <span class='ocrx_word' id='word_1_34' title='bbox 1179 698 1447 769; x_wconf 77' lang='grc' dir='ltr'>συνεισῄει</span> <span class='ocrx_word' id='word_1_35' title='bbox 1480 702 1887 774; x_wconf 70' lang='grc' dir='ltr'><strong>προηγούμενος</strong></span> <span class='ocrx_word' id='word_1_36' title='bbox 1920 706 2012 759; x_wconf 78' lang='grc' dir='ltr'><strong>καὶ</strong></span> 
     </span>
    </p>
   </div>
   <div class='ocr_carea' id='block_1_8' title="bbox 441 786 2014 861">
    <p class='ocr_par' dir='ltr' id='par_1_8' title="bbox 441 786 2014 861">
     <span class='ocr_line' id='line_1_8' title="bbox 441 786 2014 861; baseline 0.005 -21"><span class='ocrx_word' id='word_1_37' title='bbox 441 786 816 859; x_wconf 77' lang='grc' dir='ltr'>χειραγωγῶν,</span> <span class='ocrx_word' id='word_1_38' title='bbox 849 787 1036 858; x_wconf 86' lang='grc' dir='ltr'>ὥσπερ</span> <span class='ocrx_word' id='word_1_39' title='bbox 1077 790 1134 841; x_wconf 81' lang='grc' dir='ltr'>ἐν</span> <span class='ocrx_word' id='word_1_40' title='bbox 1165 789 1461 861; x_wconf 81' lang='grc' dir='ltr'>ὁδοιπορίᾳ,</span> <span class='ocrx_word' id='word_1_41' title='bbox 1496 792 1548 844; x_wconf 80' lang='grc' dir='ltr'>εἴ</span> <span class='ocrx_word' id='word_1_42' title='bbox 1578 809 1679 844; x_wconf 86' lang='grc' dir='ltr'><strong>που</strong></span> <span class='ocrx_word' id='word_1_43' title='bbox 1724 795 1817 846; x_wconf 79' lang='grc' dir='ltr'><strong>καὶ</strong></span> <span class='ocrx_word' id='word_1_44' title='bbox 1847 796 2014 848; x_wconf 85' lang='grc' dir='ltr'>ὑπαν-</span> 
     </span>
    </p>
   </div>
   <div class='ocr_carea' id='block_1_9' title="bbox 439 876 2012 953">
    <p class='ocr_par' dir='ltr' id='par_1_9' title="bbox 439 876 2012 953">
     <span class='ocr_line' id='line_1_9' title="bbox 439 876 2012 953; baseline 0.005 -22"><span class='ocrx_word' id='word_1_45' title='bbox 439 876 604 948; x_wconf 74' lang='grc' dir='ltr'>τῆσαί</span> <span class='ocrx_word' id='word_1_46' title='bbox 634 896 687 930; x_wconf 91' lang='grc' dir='ltr'><strong>τι</strong></span> <span class='ocrx_word' id='word_1_47' title='bbox 717 879 924 931; x_wconf 81' lang='grc' dir='ltr'>σκολιὸν</span> <span class='ocrx_word' id='word_1_48' title='bbox 956 880 1047 931; x_wconf 77' lang='grc' dir='ltr'><strong>καὶ</strong></span> <span class='ocrx_word' id='word_1_49' title='bbox 1079 878 1307 933; x_wconf 74' lang='grc' dir='ltr'>ὓπουλον</span> <span class='ocrx_word' id='word_1_50' title='bbox 1341 884 1432 935; x_wconf 71' lang='grc' dir='ltr'><strong>καὶ</strong></span> <span class='ocrx_word' id='word_1_51' title='bbox 1470 884 1891 953; x_wconf 77' lang='grc' dir='ltr'>σοφισματῶδες,</span> <span class='ocrx_word' id='word_1_52' title='bbox 1924 880 2012 939; x_wconf 83' lang='grc' dir='ltr'>οἷα</span> 
     </span>
    </p>
   </div>
   <div class='ocr_carea' id='block_1_10' title="bbox 439 971 2009 1046">
    <p class='ocr_par' dir='ltr' id='par_1_10' title="bbox 439 971 2009 1046">
     <span class='ocr_line' id='line_1_10' title="bbox 439 971 2009 1046; baseline 0.003 -22"><span class='ocrx_word' id='word_1_53' title='bbox 439 971 504 1042; x_wconf 76' lang='grc' dir='ltr'>δὴ</span> <span class='ocrx_word' id='word_1_54' title='bbox 532 971 777 1041; x_wconf 82' lang='grc' dir='ltr'><strong>τεχνίτης</strong></span> <span class='ocrx_word' id='word_1_55' title='bbox 808 972 872 1023; x_wconf 81' lang='grc' dir='ltr'>ὲκ</span> <span class='ocrx_word' id='word_1_56' title='bbox 904 971 1003 1041; x_wconf 86' lang='grc' dir='ltr'><strong>τῆς</strong></span> <span class='ocrx_word' id='word_1_57' title='bbox 1030 972 1093 1023; x_wconf 77' lang='grc' dir='ltr'>ἐκ</span> <span class='ocrx_word' id='word_1_58' title='bbox 1130 971 1325 1024; x_wconf 88' lang='grc' dir='ltr'>πολλοῦ</span> <span class='ocrx_word' id='word_1_59' title='bbox 1361 975 1472 1036; x_wconf 77' lang='grc' dir='ltr'>τοῖς</span> <span class='ocrx_word' id='word_1_60' title='bbox 1496 973 1673 1041; x_wconf 79' lang='grc' dir='ltr'><strong>λόγοις</strong></span> <span class='ocrx_word' id='word_1_61' title='bbox 1707 976 2009 1046; x_wconf 87' lang='grc' dir='ltr'>συνδιατρι-</span> 
     </span>
    </p>
   </div>
   <div class='ocr_carea' id='block_1_11' title="bbox 442 1062 2012 1138">
    <p class='ocr_par' dir='ltr' id='par_1_11' title="bbox 442 1062 2012 1138">
     <span class='ocr_line' id='line_1_11' title="bbox 442 1062 2012 1138; baseline 0.004 -24"><span class='ocrx_word' id='word_1_62' title='bbox 442 1063 562 1138; x_wconf 75' lang='grc' dir='ltr'>6ῆς,</span> <span class='ocrx_word' id='word_1_63' title='bbox 591 1064 691 1116; x_wconf 81' lang='grc' dir='ltr'><strong>οὐκ</strong></span> <span class='ocrx_word' id='word_1_64' title='bbox 732 1062 904 1134; x_wconf 82' lang='grc' dir='ltr'><strong>ἀήθης</strong></span> <span class='ocrx_word' id='word_1_65' title='bbox 944 1063 1154 1127; x_wconf 78' lang='grc' dir='ltr'>οὐδενὸς</span> <span class='ocrx_word' id='word_1_66' title='bbox 1186 1064 1304 1117; x_wconf 76' lang='grc' dir='ltr'>οὐδὲ</span> <span class='ocrx_word' id='word_1_67' title='bbox 1348 1064 1572 1136; x_wconf 80' lang='grc' dir='ltr'>ἄπειρος</span> <span class='ocrx_word' id='word_1_68' title='bbox 1615 1065 1711 1127; x_wconf 82' lang='grc' dir='ltr'>ὢν,</span> <span class='ocrx_word' id='word_1_69' title='bbox 1743 1068 2012 1138; x_wconf 83' lang='grc' dir='ltr'>μετέωρος</span> 
     </span>
    </p>
   </div>
   <div class='ocr_carea' id='block_1_12' title="bbox 440 1132 2011 1243">
    <p class='ocr_par' dir='ltr' id='par_1_12' title="bbox 440 1132 2011 1243">
     <span class='ocr_line' id='line_1_12' title="bbox 440 1132 2011 1243; baseline 0.003 -35"><span class='ocrx_word' id='word_1_70' title='bbox 440 1132 599 1243; x_wconf 37' lang='lat' dir='ltr'><strong>curii;</strong></span> <span class='ocrx_word' id='word_1_71' title='bbox 636 1173 695 1208; x_wconf 91' lang='grc' dir='ltr'><strong>τε</strong></span> <span class='ocrx_word' id='word_1_72' title='bbox 741 1132 798 1208; x_wconf 79' lang='grc' dir='ltr'>ἐν</span> <span class='ocrx_word' id='word_1_73' title='bbox 824 1132 1053 1224; x_wconf 77' lang='grc' dir='ltr'>ἀσφαλεῖ</span> <span class='ocrx_word' id='word_1_74' title='bbox 1079 1157 1253 1226; x_wconf 81' lang='grc' dir='ltr'>μένοι,</span> <span class='ocrx_word' id='word_1_75' title='bbox 1284 1158 1378 1210; x_wconf 79' lang='grc' dir='ltr'><strong>καὶ</strong></span> <span class='ocrx_word' id='word_1_76' title='bbox 1409 1132 1584 1221; x_wconf 75' lang='grc' dir='ltr'>ἄλλοις</span> <span class='ocrx_word' id='word_1_77' title='bbox 1612 1132 1819 1230; x_wconf 69' lang='grc' dir='ltr'>ὀρέγων</span> <span class='ocrx_word' id='word_1_78' title='bbox 1854 1132 2011 1229; x_wconf 64' lang='grc' dir='ltr'>χείρα</span> 
     </span>
    </p>
   </div>
   <div class='ocr_carea' id='block_1_13' title="bbox 439 1246 2009 1321">
    <p class='ocr_par' dir='ltr' id='par_1_13' title="bbox 439 1246 2009 1321">
     <span class='ocr_line' id='line_1_13' title="bbox 439 1246 2009 1321; baseline 0.003 -21"><span class='ocrx_word' id='word_1_79' title='bbox 439 1246 753 1310; x_wconf 76' lang='grc' dir='ltr'>διασώζοιτο</span> <span class='ocrx_word' id='word_1_80' title='bbox 792 1246 978 1319; x_wconf 80' lang='grc' dir='ltr'>ὥσπερ</span> <span class='ocrx_word' id='word_1_81' title='bbox 1031 1248 1451 1319; x_wconf 78' lang='grc' dir='ltr'><strong>βαπτιζομένους</strong></span> <span class='ocrx_word' id='word_1_82' title='bbox 1503 1250 1866 1321; x_wconf 83' lang='grc' dir='ltr'>ἀνιμώμενος·</span> <span class='ocrx_word' id='word_1_83' title='bbox 1902 1253 2009 1304; x_wconf 80' lang='grc' dir='ltr'><strong>πᾶν</strong></span> 
     </span>
    </p>
   </div>
   <div class='ocr_carea' id='block_1_14' title="bbox 443 1338 2006 1414">
    <p class='ocr_par' dir='ltr' id='par_1_14' title="bbox 443 1338 2006 1414">
     <span class='ocr_line' id='line_1_14' title="bbox 443 1338 2006 1414; baseline 0.002 -22"><span class='ocrx_word' id='word_1_84' title='bbox 443 1340 539 1411; x_wconf 74' lang='grc' dir='ltr'><strong>μὲν</strong></span> <span class='ocrx_word' id='word_1_85' title='bbox 569 1340 597 1392; x_wconf 87' lang='grc' dir='ltr'><strong>ὃ</strong></span> <span class='ocrx_word' id='word_1_86' title='bbox 626 1358 679 1393; x_wconf 87' lang='grc' dir='ltr'><strong>τι</strong></span> <span class='ocrx_word' id='word_1_87' title='bbox 708 1342 975 1414; x_wconf 80' lang='grc' dir='ltr'>χρήσιμον</span> <span class='ocrx_word' id='word_1_88' title='bbox 999 1342 1297 1411; x_wconf 80' lang='grc' dir='ltr'>φιλοσόφων</span> <span class='ocrx_word' id='word_1_89' title='bbox 1322 1342 1565 1397; x_wconf 79' lang='grc' dir='ltr'><strong>ἑκάστων</strong></span> <span class='ocrx_word' id='word_1_90' title='bbox 1587 1343 1681 1395; x_wconf 54' lang='grc' dir='ltr'><strong>καὶ¹</strong></span> <span class='ocrx_word' id='word_1_91' title='bbox 1700 1342 1896 1413; x_wconf 81' lang='grc' dir='ltr'>ἀληθὲς</span> <span class='ocrx_word' id='word_1_92' title='bbox 1916 1338 2006 1413; x_wconf 79' lang='grc' dir='ltr'>ἦν,</span> 
     </span>
    </p>
   </div>
   <div class='ocr_carea' id='block_1_15' title="bbox 375 1430 1999 1504">
    <p class='ocr_par' dir='ltr' id='par_1_15' title="bbox 375 1430 1999 1504">
     <span class='ocr_line' id='line_1_15' title="bbox 375 1430 1999 1504; baseline 0.002 -22"><span class='ocrx_word' id='word_1_93' title='bbox 375 1496 379 1503; x_wconf 21' lang='grc' dir='ltr'><strong><em>ν</em></strong></span> <span class='ocrx_word' id='word_1_94' title='bbox 439 1430 736 1499; x_wconf 85' lang='grc' dir='ltr'>ἀναλέγων,</span> <span class='ocrx_word' id='word_1_95' title='bbox 770 1432 862 1484; x_wconf 75' lang='grc' dir='ltr'><strong>καὶ</strong></span> <span class='ocrx_word' id='word_1_96' title='bbox 905 1431 1334 1503; x_wconf 77' lang='grc' dir='ltr'>παρατιθέμενος</span> <span class='ocrx_word' id='word_1_97' title='bbox 1381 1434 1510 1504; x_wconf 80' lang='grc' dir='ltr'>ἡμῖν</span> <span class='ocrx_word' id='word_1_98' title='bbox 1533 1449 1546 1462; x_wconf 93' lang='grc'><strong>·</strong></span> <span class='ocrx_word' id='word_1_99' title='bbox 1595 1434 1694 1486; x_wconf 81' lang='grc' dir='ltr'>ὅσα</span> <span class='ocrx_word' id='word_1_100' title='bbox 1723 1434 1779 1486; x_wconf 80' lang='grc' dir='ltr'>δὲ</span> <span class='ocrx_word' id='word_1_101' title='bbox 1809 1434 1999 1504; x_wconf 69' lang='grc' dir='ltr'>ψευδῆ,</span> 
     </span>
    </p>
   </div>
   <div class='ocr_carea' id='block_1_16' title="bbox 432 1521 2009 1594">
    <p class='ocr_par' dir='ltr' id='par_1_16' title="bbox 432 1521 2009 1594">
     <span class='ocr_line' id='line_1_16' title="bbox 432 1521 2009 1594; baseline 0.002 -20"><span class='ocrx_word' id='word_1_102' title='bbox 432 1521 737 1592; x_wconf 74' lang='grc' dir='ltr'>έκκρίνων·</span> <span class='ocrx_word' id='word_1_103' title='bbox 787 1522 857 1575; x_wconf 88' lang='grc' dir='ltr'>τά</span> <span class='ocrx_word' id='word_1_104' title='bbox 899 1539 959 1575; x_wconf 86' lang='grc' dir='ltr'><strong>τε</strong></span> <span class='ocrx_word' id='word_1_105' title='bbox 1006 1522 1161 1588; x_wconf 80' lang='grc' dir='ltr'>ἄλλα,</span> <span class='ocrx_word' id='word_1_106' title='bbox 1199 1524 1291 1576; x_wconf 77' lang='grc' dir='ltr'><strong>καὶ</strong></span> <span class='ocrx_word' id='word_1_107' title='bbox 1326 1523 1556 1593; x_wconf 84' lang='grc' dir='ltr'>μαλίστα</span> <span class='ocrx_word' id='word_1_108' title='bbox 1592 1523 1692 1577; x_wconf 84' lang='grc' dir='ltr'>ὅσα</span> <span class='ocrx_word' id='word_1_109' title='bbox 1738 1524 1842 1577; x_wconf 76' lang='grc' dir='ltr'>ἴδια</span> <span class='ocrx_word' id='word_1_110' title='bbox 1874 1525 2009 1594; x_wconf 84' lang='grc' dir='ltr'>πρὸς</span> 
     </span>
    </p>
   </div>
   <div class='ocr_carea' id='block_1_17' title="bbox 439 1609 1164 1685">
    <p class='ocr_par' dir='ltr' id='par_1_17' title="bbox 439 1609 1164 1685">
     <span class='ocr_line' id='line_1_17' title="bbox 439 1609 1164 1685; baseline 0.004 -22"><span class='ocrx_word' id='word_1_111' title='bbox 439 1612 717 1667; x_wconf 77' lang='grc' dir='ltr'>εὐσέϐειαν</span> <span class='ocrx_word' id='word_1_112' title='bbox 752 1609 820 1685; x_wconf 86' lang='grc' dir='ltr'>ἦν</span> <span class='ocrx_word' id='word_1_113' title='bbox 844 1612 1164 1685; x_wconf 84' lang='grc' dir='ltr'>ἀνθρώπων.</span> 
     </span>
    </p>
   </div>
   <div class='ocr_carea' id='block_1_18' title="bbox 2116 615 3677 686">
    <p class='ocr_par' dir='ltr' id='par_1_18' title="bbox 2116 615 3677 686">
     <span class='ocr_line' id='line_1_18' title="bbox 2116 615 3677 686; baseline 0 -15"><span class='ocrx_word' id='word_1_114' title='bbox 2116 617 2449 672; x_wconf 90' lang='lat' dir='ltr'><strong>multitudini</strong></span> <span class='ocrx_word' id='word_1_115' title='bbox 2479 616 2722 671; x_wconf 76' lang='lat' dir='ltr'><strong>eveniret</strong></span> <span class='ocrx_word' id='word_1_116' title='bbox 2746 656 2762 682; x_wconf 95' lang='lat'><strong>,</strong></span> <span class='ocrx_word' id='word_1_117' title='bbox 2797 616 2866 671; x_wconf 87' lang='lat' dir='ltr'><strong>ad</strong></span> <span class='ocrx_word' id='word_1_118' title='bbox 2891 615 3113 670; x_wconf 88' lang='lat' dir='ltr'><strong>unicum</strong></span> <span class='ocrx_word' id='word_1_119' title='bbox 3141 631 3243 671; x_wconf 91' lang='lat' dir='ltr'><strong>nos</strong></span> <span class='ocrx_word' id='word_1_120' title='bbox 3268 616 3677 686; x_wconf 84' lang='lat' dir='ltr'><strong>philosophica-</strong></span> 
     </span>
    </p>
   </div>
   <div class='ocr_carea' id='block_1_19' title="bbox 2112 707 3679 778">
    <p class='ocr_par' dir='ltr' id='par_1_19' title="bbox 2112 707 3679 778">
     <span class='ocr_line' id='line_1_19' title="bbox 2112 707 3679 778; baseline 0.001 -17"><span class='ocrx_word' id='word_1_121' title='bbox 2112 722 2234 762; x_wconf 86' lang='lat' dir='ltr'><strong>rum</strong></span> <span class='ocrx_word' id='word_1_122' title='bbox 2274 708 2588 777; x_wconf 90' lang='lat' dir='ltr'><strong>opinionum</strong></span> <span class='ocrx_word' id='word_1_123' title='bbox 2638 722 2807 778; x_wconf 86' lang='lat' dir='ltr'><strong>genus</strong></span> <span class='ocrx_word' id='word_1_124' title='bbox 2856 723 2964 761; x_wconf 91' lang='lat' dir='ltr'><strong>non</strong></span> <span class='ocrx_word' id='word_1_125' title='bbox 2997 707 3351 772; x_wconf 90' lang='lat' dir='ltr'><strong>admovebat,</strong></span> <span class='ocrx_word' id='word_1_126' title='bbox 3385 722 3486 763; x_wconf 89' lang='lat' dir='ltr'><strong>nec</strong></span> <span class='ocrx_word' id='word_1_127' title='bbox 3525 709 3579 761; x_wconf 93' lang='lat' dir='ltr'><strong>in</strong></span> <span class='ocrx_word' id='word_1_128' title='bbox 3611 722 3679 762; x_wconf 93' lang='lat' dir='ltr'><strong>eo</strong></span> 
     </span>
    </p>
   </div>
   <div class='ocr_carea' id='block_1_20' title="bbox 2113 798 3680 868">
    <p class='ocr_par' dir='ltr' id='par_1_20' title="bbox 2113 798 3680 868">
     <span class='ocr_line' id='line_1_20' title="bbox 2113 798 3680 868; baseline 0.001 -13"><span class='ocrx_word' id='word_1_129' title='bbox 2113 800 2410 855; x_wconf 73' lang='lat' dir='ltr'><strong>consistere</strong></span> <span class='ocrx_word' id='word_1_130' title='bbox 2439 798 2679 863; x_wconf 89' lang='lat' dir='ltr'><strong>sinebat;</strong></span> <span class='ocrx_word' id='word_1_131' title='bbox 2719 798 2813 854; x_wconf 90' lang='lat' dir='ltr'><strong>sed</strong></span> <span class='ocrx_word' id='word_1_132' title='bbox 2842 814 2938 868; x_wconf 90' lang='lat' dir='ltr'><strong>per</strong></span> <span class='ocrx_word' id='word_1_133' title='bbox 2962 799 3144 853; x_wconf 89' lang='lat' dir='ltr'><strong>omnia</strong></span> <span class='ocrx_word' id='word_1_134' title='bbox 3172 798 3430 864; x_wconf 82' lang='lat' dir='ltr'><strong>ducebat,</strong></span> <span class='ocrx_word' id='word_1_135' title='bbox 3476 798 3680 856; x_wconf 82' lang='lat' dir='ltr'><strong>nullius</strong></span> 
     </span>
    </p>
   </div>
   <div class='ocr_carea' id='block_1_21' title="bbox 2115 890 3680 962">
    <p class='ocr_par' dir='ltr' id='par_1_21' title="bbox 2115 890 3680 962">
     <span class='ocr_line' id='line_1_21' title="bbox 2115 890 3680 962; baseline 0 -18"><span class='ocrx_word' id='word_1_136' title='bbox 2115 905 2214 946; x_wconf 90' lang='lat' dir='ltr'><strong>nos</strong></span> <span class='ocrx_word' id='word_1_137' title='bbox 2244 890 2540 946; x_wconf 70' lang='lat' dir='ltr'><strong>Graacauici</strong></span> <span class='ocrx_word' id='word_1_138' title='bbox 2564 891 2835 962; x_wconf 81' lang='lat' dir='ltr'><strong>dogmatis</strong></span> <span class='ocrx_word' id='word_1_139' title='bbox 2858 891 3021 946; x_wconf 87' lang='lat' dir='ltr'><strong>rudes</strong></span> <span class='ocrx_word' id='word_1_140' title='bbox 3053 899 3147 944; x_wconf 91' lang='lat' dir='ltr'><strong>aut</strong></span> <span class='ocrx_word' id='word_1_141' title='bbox 3172 890 3391 960; x_wconf 79' lang='lat' dir='ltr'><strong>ignaros</strong></span> <span class='ocrx_word' id='word_1_142' title='bbox 3417 904 3535 945; x_wconf 89' lang='lat' dir='ltr'><strong>esse</strong></span> <span class='ocrx_word' id='word_1_143' title='bbox 3558 905 3680 960; x_wconf 89' lang='lat' dir='ltr'><strong>per-</strong></span> 
     </span>
    </p>
   </div>
   <div class='ocr_carea' id='block_1_22' title="bbox 2116 981 3677 1051">
    <p class='ocr_par' dir='ltr' id='par_1_22' title="bbox 2116 981 3677 1051">
     <span class='ocr_line' id='line_1_22' title="bbox 2116 981 3677 1051; baseline 0.001 -16"><span class='ocrx_word' id='word_1_144' title='bbox 2116 983 2354 1036; x_wconf 88' lang='lat' dir='ltr'><strong>mittens.</strong></span> <span class='ocrx_word' id='word_1_145' title='bbox 2416 981 2534 1051; x_wconf 92' lang='lat' dir='ltr'><strong>lpse</strong></span> <span class='ocrx_word' id='word_1_146' title='bbox 2562 991 2743 1036; x_wconf 89' lang='lat' dir='ltr'><strong>autem</strong></span> <span class='ocrx_word' id='word_1_147' title='bbox 2791 981 2956 1037; x_wconf 88' lang='lat' dir='ltr'><strong>simul</strong></span> <span class='ocrx_word' id='word_1_148' title='bbox 2983 981 3239 1035; x_wconf 86' lang='lat' dir='ltr'><strong>incedens</strong></span> <span class='ocrx_word' id='word_1_149' title='bbox 3266 981 3522 1050; x_wconf 76' lang='lat' dir='ltr'><strong>praeibat;</strong></span> <span class='ocrx_word' id='word_1_150' title='bbox 3556 997 3677 1036; x_wconf 85' lang='lat' dir='ltr'><strong>ma-</strong></span> 
     </span>
    </p>
   </div>
   <div class='ocr_carea' id='block_1_23' title="bbox 2112 1068 3679 1141">
    <p class='ocr_par' dir='ltr' id='par_1_23' title="bbox 2112 1068 3679 1141">
     <span class='ocr_line' id='line_1_23' title="bbox 2112 1068 3679 1141; baseline 0.001 -18"><span class='ocrx_word' id='word_1_151' title='bbox 2112 1085 2297 1140; x_wconf 89' lang='lat' dir='ltr'><strong>nuque</strong></span> <span class='ocrx_word' id='word_1_152' title='bbox 2320 1070 2545 1137; x_wconf 89' lang='lat' dir='ltr'><strong>ducens,</strong></span> <span class='ocrx_word' id='word_1_153' title='bbox 2582 1080 2841 1141; x_wconf 88' lang='lat' dir='ltr'><strong>tanquam</strong></span> <span class='ocrx_word' id='word_1_154' title='bbox 2866 1071 2921 1125; x_wconf 92' lang='lat' dir='ltr'><strong>in</strong></span> <span class='ocrx_word' id='word_1_155' title='bbox 2949 1070 3056 1135; x_wconf 90' lang='lat' dir='ltr'><strong>via,</strong></span> <span class='ocrx_word' id='word_1_156' title='bbox 3090 1070 3136 1125; x_wconf 89' lang='lat' dir='ltr'><strong>si</strong></span> <span class='ocrx_word' id='word_1_157' title='bbox 3169 1069 3300 1139; x_wconf 89' lang='lat' dir='ltr'><strong>quid</strong></span> <span class='ocrx_word' id='word_1_158' title='bbox 3330 1084 3559 1139; x_wconf 90' lang='lat' dir='ltr'><strong>usquam</strong></span> <span class='ocrx_word' id='word_1_159' title='bbox 3584 1068 3679 1125; x_wconf 84' lang='lat' dir='ltr'><strong>lle-</strong></span> 
     </span>
    </p>
   </div>
   <div class='ocr_carea' id='block_1_24' title="bbox 2112 1161 3676 1226">
    <p class='ocr_par' dir='ltr' id='par_1_24' title="bbox 2112 1161 3676 1226">
     <span class='ocr_line' id='line_1_24' title="bbox 2112 1161 3676 1226; baseline 0.003 -13"><span class='ocrx_word' id='word_1_160' title='bbox 2112 1175 2346 1214; x_wconf 70' lang='lat' dir='ltr'><strong>xuosum</strong></span> <span class='ocrx_word' id='word_1_161' title='bbox 2399 1171 2742 1226; x_wconf 85' lang='lat' dir='ltr'><strong>occurreret,</strong></span> <span class='ocrx_word' id='word_1_162' title='bbox 2800 1170 2894 1217; x_wconf 89' lang='lat' dir='ltr'><strong>aut</strong></span> <span class='ocrx_word' id='word_1_163' title='bbox 2944 1162 3169 1216; x_wconf 83' lang='lat' dir='ltr'><strong>inﬁdum</strong></span> <span class='ocrx_word' id='word_1_164' title='bbox 3222 1170 3276 1216; x_wconf 87' lang='lat' dir='ltr'><strong>et</strong></span> <span class='ocrx_word' id='word_1_165' title='bbox 3321 1161 3387 1217; x_wconf 87' lang='lat' dir='ltr'><strong>ad</strong></span> <span class='ocrx_word' id='word_1_166' title='bbox 3431 1161 3676 1218; x_wconf 82' lang='lat' dir='ltr'><strong>fraudem</strong></span> 
     </span>
    </p>
   </div>
   <div class='ocr_carea' id='block_1_25' title="bbox 2111 1251 3677 1324">
    <p class='ocr_par' dir='ltr' id='par_1_25' title="bbox 2111 1251 3677 1324">
     <span class='ocr_line' id='line_1_25' title="bbox 2111 1251 3677 1324; baseline 0.002 -19"><span class='ocrx_word' id='word_1_167' title='bbox 2111 1251 2507 1321; x_wconf 88' lang='lat' dir='ltr'><strong>compositum;</strong></span> <span class='ocrx_word' id='word_1_168' title='bbox 2541 1253 2688 1308; x_wconf 89' lang='lat' dir='ltr'><strong>velut</strong></span> <span class='ocrx_word' id='word_1_169' title='bbox 2709 1253 2914 1321; x_wconf 90' lang='lat' dir='ltr'><strong>peritus</strong></span> <span class='ocrx_word' id='word_1_170' title='bbox 2939 1253 3154 1318; x_wconf 78' lang='lat' dir='ltr'><strong>artifex,</strong></span> <span class='ocrx_word' id='word_1_171' title='bbox 3189 1253 3277 1309; x_wconf 90' lang='lat' dir='ltr'><strong>cui</strong></span> <span class='ocrx_word' id='word_1_172' title='bbox 3300 1268 3365 1308; x_wconf 80' lang='lat' dir='ltr'><strong>ex</strong></span> <span class='ocrx_word' id='word_1_173' title='bbox 3390 1253 3549 1324; x_wconf 88' lang='lat' dir='ltr'><strong>longo</strong></span> <span class='ocrx_word' id='word_1_174' title='bbox 3575 1270 3677 1308; x_wconf 89' lang='lat' dir='ltr'><strong>usu</strong></span> 
     </span>
    </p>
   </div>
   <div class='ocr_carea' id='block_1_26' title="bbox 2112 1344 3679 1415">
    <p class='ocr_par' dir='ltr' id='par_1_26' title="bbox 2112 1344 3679 1415">
     <span class='ocr_line' id='line_1_26' title="bbox 2112 1344 3679 1415; baseline 0.001 -17"><span class='ocrx_word' id='word_1_175' title='bbox 2112 1353 2275 1413; x_wconf 91' lang='lat' dir='ltr'><strong>atque</strong></span> <span class='ocrx_word' id='word_1_176' title='bbox 2307 1344 2693 1399; x_wconf 83' lang='lat' dir='ltr'><strong>exercitatione</strong></span> <span class='ocrx_word' id='word_1_177' title='bbox 2716 1345 3136 1415; x_wconf 80' lang='lat' dir='ltr'><strong>philosOphandi</strong></span> <span class='ocrx_word' id='word_1_178' title='bbox 3168 1345 3303 1398; x_wconf 83' lang='lat' dir='ltr'><strong>nihil</strong></span> <span class='ocrx_word' id='word_1_179' title='bbox 3338 1346 3581 1402; x_wconf 88' lang='lat' dir='ltr'><strong>insolens</strong></span> <span class='ocrx_word' id='word_1_180' title='bbox 3606 1347 3679 1401; x_wconf 90' lang='lat' dir='ltr'><strong>sit</strong></span> 
     </span>
    </p>
   </div>
   <div class='ocr_carea' id='block_1_27' title="bbox 2112 1434 3676 1506">
    <p class='ocr_par' dir='ltr' id='par_1_27' title="bbox 2112 1434 3676 1506">
     <span class='ocr_line' id='line_1_27' title="bbox 2112 1434 3676 1506; baseline 0.004 -18"><span class='ocrx_word' id='word_1_181' title='bbox 2112 1450 2214 1489; x_wconf 88' lang='lat' dir='ltr'><strong>nec</strong></span> <span class='ocrx_word' id='word_1_182' title='bbox 2236 1434 2599 1505; x_wconf 76' lang='lat' dir='ltr'><strong>inexpertum,</strong></span> <span class='ocrx_word' id='word_1_183' title='bbox 2645 1446 2700 1491; x_wconf 90' lang='lat' dir='ltr'><strong>et</strong></span> <span class='ocrx_word' id='word_1_184' title='bbox 2726 1436 2978 1491; x_wconf 84' lang='lat' dir='ltr'><strong>sublimis</strong></span> <span class='ocrx_word' id='word_1_185' title='bbox 3008 1437 3122 1506; x_wconf 92' lang='lat' dir='ltr'><strong>ipse</strong></span> <span class='ocrx_word' id='word_1_186' title='bbox 3150 1436 3205 1491; x_wconf 88' lang='lat' dir='ltr'><strong>in</strong></span> <span class='ocrx_word' id='word_1_187' title='bbox 3230 1446 3345 1492; x_wconf 87' lang='lat' dir='ltr'><strong>tuto</strong></span> <span class='ocrx_word' id='word_1_188' title='bbox 3371 1448 3573 1504; x_wconf 90' lang='lat' dir='ltr'><strong>manet,</strong></span> <span class='ocrx_word' id='word_1_189' title='bbox 3612 1454 3676 1495; x_wconf 88' lang='lat' dir='ltr'><strong>ac</strong></span> 
     </span>
    </p>
   </div>
   <div class='ocr_carea' id='block_1_28' title="bbox 2113 1523 3678 1598">
    <p class='ocr_par' dir='ltr' id='par_1_28' title="bbox 2113 1523 3678 1598">
     <span class='ocr_line' id='line_1_28' title="bbox 2113 1523 3678 1598; baseline 0.003 -20"><span class='ocrx_word' id='word_1_190' title='bbox 2113 1524 2336 1578; x_wconf 86' lang='lat' dir='ltr'><strong>manum</strong></span> <span class='ocrx_word' id='word_1_191' title='bbox 2364 1523 2486 1577; x_wconf 90' lang='lat' dir='ltr'><strong>aliis</strong></span> <span class='ocrx_word' id='word_1_192' title='bbox 2514 1525 2828 1596; x_wconf 81' lang='lat' dir='ltr'><strong>porrigens,</strong></span> <span class='ocrx_word' id='word_1_193' title='bbox 2862 1527 3029 1580; x_wconf 89' lang='lat' dir='ltr'><strong>veluti</strong></span> <span class='ocrx_word' id='word_1_194' title='bbox 3054 1526 3146 1595; x_wconf 92' lang='lat' dir='ltr'><strong>qui</strong></span> <span class='ocrx_word' id='word_1_195' title='bbox 3175 1526 3555 1598; x_wconf 83' lang='lat' dir='ltr'><strong>demergantur</strong></span> <span class='ocrx_word' id='word_1_196' title='bbox 3583 1543 3678 1582; x_wconf 81' lang='lat' dir='ltr'><strong>ex—</strong></span> 
     </span>
    </p>
   </div>
   <div class='ocr_carea' id='block_1_29' title="bbox 2115 1613 3675 1688">
    <p class='ocr_par' dir='ltr' id='par_1_29' title="bbox 2115 1613 3675 1688">
     <span class='ocr_line' id='line_1_29' title="bbox 2115 1613 3675 1688; baseline 0.003 -22"><span class='ocrx_word' id='word_1_197' title='bbox 2115 1614 2339 1668; x_wconf 88' lang='lat' dir='ltr'><strong>trahens</strong></span> <span class='ocrx_word' id='word_1_198' title='bbox 2361 1652 2378 1679; x_wconf 91' lang='lat'><strong>,</strong></span> <span class='ocrx_word' id='word_1_199' title='bbox 2428 1620 2607 1667; x_wconf 84' lang='lat' dir='ltr'><strong>servat</strong></span> <span class='ocrx_word' id='word_1_200' title='bbox 2651 1631 2663 1666; x_wconf 94' lang='lat'>:</span> <span class='ocrx_word' id='word_1_201' title='bbox 2709 1613 2782 1668; x_wconf 88' lang='lat' dir='ltr'><strong>ita</strong></span> <span class='ocrx_word' id='word_1_202' title='bbox 2810 1613 3071 1684; x_wconf 86' lang='lat' dir='ltr'><strong>quidquid</strong></span> <span class='ocrx_word' id='word_1_203' title='bbox 3102 1615 3242 1684; x_wconf 91' lang='lat' dir='ltr'><strong>apud</strong></span> <span class='ocrx_word' id='word_1_204' title='bbox 3276 1615 3518 1684; x_wconf 88' lang='lat' dir='ltr'><strong>singulos</strong></span> <span class='ocrx_word' id='word_1_205' title='bbox 3550 1614 3675 1688; x_wconf 83' lang='lat' dir='ltr'><strong>phi-</strong></span> 
     </span>
    </p>
   </div>
   <div class='ocr_carea' id='block_1_30' title="bbox 436 1704 3674 1779">
    <p class='ocr_par' dir='ltr' id='par_1_30' title="bbox 436 1704 3674 1779">
     <span class='ocr_line' id='line_1_30' title="bbox 436 1704 3674 1779; baseline 0.002 -19"><span class='ocrx_word' id='word_1_206' title='bbox 436 1705 696 1776; x_wconf 85' lang='lat' dir='ltr'><strong>losophos</strong></span> <span class='ocrx_word' id='word_1_207' title='bbox 730 1708 876 1779; x_wconf 76' lang='lat' dir='ltr'><strong>utile</strong></span> <span class='ocrx_word' id='word_1_208' title='bbox 922 1724 987 1763; x_wconf 91' lang='lat' dir='ltr'><strong>ac</strong></span> <span class='ocrx_word' id='word_1_209' title='bbox 1036 1723 1222 1763; x_wconf 87' lang='lat' dir='ltr'><strong>verum</strong></span> <span class='ocrx_word' id='word_1_210' title='bbox 1261 1715 1413 1773; x_wconf 89' lang='lat' dir='ltr'><strong>erat,</strong></span> <span class='ocrx_word' id='word_1_211' title='bbox 1441 1708 1681 1779; x_wconf 80' lang='lat' dir='ltr'><strong>deligens</strong></span> <span class='ocrx_word' id='word_1_212' title='bbox 1742 1709 2006 1778; x_wconf 88' lang='lat' dir='ltr'><strong>nobisque</strong></span> <span class='ocrx_word' id='word_1_213' title='bbox 2056 1720 2368 1776; x_wconf 88' lang='lat' dir='ltr'><strong>apponens;</strong></span> <span class='ocrx_word' id='word_1_214' title='bbox 2421 1719 2543 1775; x_wconf 66' lang='lat' dir='ltr'><strong>quae</strong></span> <span class='ocrx_word' id='word_1_215' title='bbox 2584 1719 2714 1761; x_wconf 88' lang='lat' dir='ltr'><strong>vero</strong></span> <span class='ocrx_word' id='word_1_216' title='bbox 2760 1704 2933 1774; x_wconf 87' lang='lat' dir='ltr'><strong>falsa,</strong></span> <span class='ocrx_word' id='word_1_217' title='bbox 2993 1722 3315 1776; x_wconf 89' lang='lat' dir='ltr'><strong>secernens;</strong></span> <span class='ocrx_word' id='word_1_218' title='bbox 3370 1717 3486 1763; x_wconf 90' lang='lat' dir='ltr'><strong>turn</strong></span> <span class='ocrx_word' id='word_1_219' title='bbox 3546 1709 3674 1768; x_wconf 66' lang='lat' dir='ltr'><strong>alia.</strong></span> 
     </span>
    </p>
   </div>
   <div class='ocr_carea' id='block_1_31' title="bbox 438 1800 2155 1871">
    <p class='ocr_par' dir='ltr' id='par_1_31' title="bbox 438 1800 2155 1871">
     <span class='ocr_line' id='line_1_31' title="bbox 438 1800 2155 1871; baseline -0.001 -18"><span class='ocrx_word' id='word_1_220' title='bbox 438 1808 554 1853; x_wconf 86' lang='lat' dir='ltr'><strong>tum</strong></span> <span class='ocrx_word' id='word_1_221' title='bbox 587 1800 858 1866; x_wconf 85' lang='lat' dir='ltr'><strong>maxime,</strong></span> <span class='ocrx_word' id='word_1_222' title='bbox 894 1816 1016 1871; x_wconf 80' lang='lat' dir='ltr'><strong>qme</strong></span> <span class='ocrx_word' id='word_1_223' title='bbox 1047 1801 1327 1855; x_wconf 91' lang='lat' dir='ltr'><strong>hominum</strong></span> <span class='ocrx_word' id='word_1_224' title='bbox 1368 1801 1584 1870; x_wconf 90' lang='lat' dir='ltr'><strong>propria</strong></span> <span class='ocrx_word' id='word_1_225' title='bbox 1618 1808 1745 1855; x_wconf 87' lang='lat' dir='ltr'><strong>sunt</strong></span> <span class='ocrx_word' id='word_1_226' title='bbox 1776 1801 1843 1855; x_wconf 90' lang='lat' dir='ltr'><strong>ad</strong></span> <span class='ocrx_word' id='word_1_227' title='bbox 1878 1800 2155 1870; x_wconf 82' lang='lat' dir='ltr'><strong>pietatem.</strong></span> 
     </span>
    </p>
   </div>
   <div class='ocr_carea' id='block_1_32' title="bbox 508 1891 1998 1966">
    <p class='ocr_par' dir='ltr' id='par_1_32' title="bbox 508 1893 1998 1966">
     <span class='ocr_line' id='line_1_32' title="bbox 508 1893 1998 1966; baseline 0.001 -20"><span class='ocrx_word' id='word_1_228' title='bbox 508 1894 607 1948; x_wconf 84' lang='lat' dir='ltr'><strong>IE’.</strong></span> <span class='ocrx_word' id='word_1_229' title='bbox 647 1893 782 1964; x_wconf 77' lang='grc' dir='ltr'>Περὶ</span> <span class='ocrx_word' id='word_1_230' title='bbox 835 1893 1037 1947; x_wconf 87' lang='grc' dir='ltr'>τούτων</span> <span class='ocrx_word' id='word_1_231' title='bbox 1089 1895 1186 1965; x_wconf 83' lang='grc' dir='ltr'>μὲν</span> <span class='ocrx_word' id='word_1_232' title='bbox 1237 1895 1403 1965; x_wconf 81' lang='grc' dir='ltr'>μηδὲν</span> <span class='ocrx_word' id='word_1_233' title='bbox 1445 1894 1729 1966; x_wconf 78' lang='grc' dir='ltr'>προσέχειν</span> <span class='ocrx_word' id='word_1_234' title='bbox 1771 1894 1998 1965; x_wconf 80' lang='grc' dir='ltr'>συμϐου-</span> 
     </span>
    </p>
   </div>
   <div class='ocr_carea' id='block_1_33' title="bbox 2100 1891 3673 1966">
    <p class='ocr_par' dir='ltr' id='par_1_33' title="bbox 2180 1891 3673 1962">
     <span class='ocr_line' id='line_1_33' title="bbox 2180 1891 3673 1962; baseline 0.004 -16"><span class='ocrx_word' id='word_1_235' title='bbox 2180 1891 2298 1947; x_wconf 77' lang='lat' dir='ltr'><strong>XV.</strong></span> <span class='ocrx_word' id='word_1_236' title='bbox 2326 1891 2392 1947; x_wconf 89' lang='lat' dir='ltr'><strong>Et</strong></span> <span class='ocrx_word' id='word_1_237' title='bbox 2418 1892 2612 1947; x_wconf 91' lang='lat' dir='ltr'><strong>horum</strong></span> <span class='ocrx_word' id='word_1_238' title='bbox 2638 1892 2855 1962; x_wconf 90' lang='lat' dir='ltr'><strong>quidem</strong></span> <span class='ocrx_word' id='word_1_239' title='bbox 2880 1902 2939 1948; x_wconf 90' lang='lat' dir='ltr'><strong>ut</strong></span> <span class='ocrx_word' id='word_1_240' title='bbox 2963 1894 3097 1948; x_wconf 90' lang='lat' dir='ltr'><strong>nihil</strong></span> <span class='ocrx_word' id='word_1_241' title='bbox 3121 1896 3524 1950; x_wconf 88' lang='lat' dir='ltr'><strong>attenderemus</strong></span> <span class='ocrx_word' id='word_1_242' title='bbox 3548 1911 3673 1952; x_wconf 87' lang='lat' dir='ltr'><strong>sua-</strong></span> 
     </span>
    </p>
   </div>
   <div class='ocr_carea' id='block_1_34' title="bbox 438 1983 2005 2056">
    <p class='ocr_par' dir='ltr' id='par_1_34' title="bbox 438 1983 2005 2056">
     <span class='ocr_line' id='line_1_34' title="bbox 438 1983 2005 2056; baseline 0.002 -21"><span class='ocrx_word' id='word_1_243' title='bbox 438 1983 626 2048; x_wconf 84' lang='grc' dir='ltr'>λεύων,</span> <span class='ocrx_word' id='word_1_244' title='bbox 665 1983 796 2054; x_wconf 85' lang='grc' dir='ltr'>μηδὲ</span> <span class='ocrx_word' id='word_1_245' title='bbox 833 1986 881 2036; x_wconf 84' lang='grc' dir='ltr'><strong>εί</strong></span> <span class='ocrx_word' id='word_1_246' title='bbox 910 1983 1182 2052; x_wconf 87' lang='grc' dir='ltr'>πάνσοφός</span> <span class='ocrx_word' id='word_1_247' title='bbox 1210 2002 1295 2048; x_wconf 85' lang='grc' dir='ltr'><strong>τις</strong></span> <span class='ocrx_word' id='word_1_248' title='bbox 1325 1984 1429 2037; x_wconf 85' lang='grc' dir='ltr'>ὑπὸ</span> <span class='ocrx_word' id='word_1_249' title='bbox 1460 1985 1674 2039; x_wconf 88' lang='grc' dir='ltr'>πάντων</span> <span class='ocrx_word' id='word_1_250' title='bbox 1706 1984 2005 2056; x_wconf 83' lang='grc' dir='ltr'>ἀνθρώπων</span> 
     </span>
    </p>
   </div>
   <div class='ocr_carea' id='block_1_35' title="bbox 441 2075 2005 2150">
    <p class='ocr_par' dir='ltr' id='par_1_35' title="bbox 441 2075 2005 2150">
     <span class='ocr_line' id='line_1_35' title="bbox 441 2075 2005 2150; baseline 0.002 -23"><span class='ocrx_word' id='word_1_251' title='bbox 441 2075 845 2149; x_wconf 51' lang='grc' dir='ltr'>μαρτυρηθείηβ</span> <span class='ocrx_word' id='word_1_252' title='bbox 875 2076 1018 2149; x_wconf 83' lang='grc' dir='ltr'>μόνῳ</span> <span class='ocrx_word' id='word_1_253' title='bbox 1044 2077 1100 2130; x_wconf 89' lang='grc' dir='ltr'>δὲ</span> <span class='ocrx_word' id='word_1_254' title='bbox 1126 2077 1413 2150; x_wconf 83' lang='grc' dir='ltr'>προσέχειν</span> <span class='ocrx_word' id='word_1_255' title='bbox 1435 2076 1552 2147; x_wconf 85' lang='grc' dir='ltr'><strong>Θεῷ</strong></span> <span class='ocrx_word' id='word_1_256' title='bbox 1574 2077 1667 2130; x_wconf 70' lang='grc' dir='ltr'><strong>καὶ</strong></span> <span class='ocrx_word' id='word_1_257' title='bbox 1686 2081 1797 2142; x_wconf 78' lang='grc' dir='ltr'>τοῖς</span> <span class='ocrx_word' id='word_1_258' title='bbox 1818 2077 2005 2131; x_wconf 89' lang='grc' dir='ltr'>τούτου</span> 
     </span>
    </p>
   </div>
   <div class='ocr_carea' id='block_1_36' title="bbox 440 2167 2003 2241">
    <p class='ocr_par' dir='ltr' id='par_1_36' title="bbox 440 2167 2003 2241">
     <span class='ocr_line' id='line_1_36' title="bbox 440 2167 2003 2241; baseline 0.002 -22"><span class='ocrx_word' id='word_1_259' title='bbox 440 2168 774 2238; x_wconf 46' lang='grc' dir='ltr'>προφήταις</span> <span class='ocrx_word' id='word_1_260' title='bbox 839 2167 999 2232; x_wconf 78' lang='grc' dir='ltr'>αὐτὸς</span> <span class='ocrx_word' id='word_1_261' title='bbox 1032 2168 1386 2241; x_wconf 82' lang='grc' dir='ltr'>ὑποφητεύων</span> <span class='ocrx_word' id='word_1_262' title='bbox 1414 2168 1523 2239; x_wconf 70' lang='lat'>(26)</span> <span class='ocrx_word' id='word_1_263' title='bbox 1550 2169 1644 2221; x_wconf 70' lang='grc' dir='ltr'><strong>καὶ</strong></span> <span class='ocrx_word' id='word_1_264' title='bbox 1674 2167 2003 2240; x_wconf 78' lang='grc' dir='ltr'>σαφηνίζων,</span> 
     </span>
    </p>
   </div>
   <div class='ocr_carea' id='block_1_37' title="bbox 435 2254 2007 2333">
    <p class='ocr_par' dir='ltr' id='par_1_37' title="bbox 435 2254 2007 2333">
     <span class='ocr_line' id='line_1_37' title="bbox 435 2254 2007 2333; baseline 0.004 -25"><span class='ocrx_word' id='word_1_265' title='bbox 435 2255 467 2309; x_wconf 75' lang='grc' dir='ltr'><strong>ὅ</strong></span> <span class='ocrx_word' id='word_1_266' title='bbox 492 2256 544 2309; x_wconf 86' lang='grc' dir='ltr'><strong>τί</strong></span> <span class='ocrx_word' id='word_1_267' title='bbox 572 2274 702 2310; x_wconf 87' lang='grc' dir='ltr'>ποτε</span> <span class='ocrx_word' id='word_1_268' title='bbox 732 2257 1003 2310; x_wconf 79' lang='grc' dir='ltr'>σκοτεινὸν</span> <span class='ocrx_word' id='word_1_269' title='bbox 1036 2258 1130 2311; x_wconf 77' lang='grc' dir='ltr'><strong>καὶ</strong></span> <span class='ocrx_word' id='word_1_270' title='bbox 1183 2257 1577 2329; x_wconf 74' lang='grc' dir='ltr'>αἰνιγματῶδες</span> <span class='ocrx_word' id='word_1_271' title='bbox 1686 2254 1794 2330; x_wconf 80' lang='grc' dir='ltr'>(οἷα</span> <span class='ocrx_word' id='word_1_272' title='bbox 1842 2260 2007 2314; x_wconf 78' lang='grc' dir='ltr'>πολλὰ</span> 
     </span>
    </p>
   </div>
   <div class='ocr_carea' id='block_1_38' title="bbox 439 2348 2001 2424">
    <p class='ocr_par' dir='ltr' id='par_1_38' title="bbox 439 2348 2001 2424">
     <span class='ocr_line' id='line_1_38' title="bbox 439 2348 2001 2424; baseline 0.004 -24"><span class='ocrx_word' id='word_1_273' title='bbox 439 2348 497 2400; x_wconf 71' lang='grc' dir='ltr'>ὲν</span> <span class='ocrx_word' id='word_1_274' title='bbox 522 2351 641 2412; x_wconf 82' lang='grc' dir='ltr'>ταῖς</span> <span class='ocrx_word' id='word_1_275' title='bbox 668 2348 842 2420; x_wconf 73' lang='grc' dir='ltr'>ἱεραῖς</span> <span class='ocrx_word' id='word_1_276' title='bbox 874 2350 990 2402; x_wconf 76' lang='grc' dir='ltr'>ἐστι</span> <span class='ocrx_word' id='word_1_277' title='bbox 1036 2351 1265 2414; x_wconf 70' lang='grc' dir='ltr'>Φωναῖςσ</span> <span class='ocrx_word' id='word_1_278' title='bbox 1301 2350 1419 2423; x_wconf 69' lang='grc' dir='ltr'>ἢτοι</span> <span class='ocrx_word' id='word_1_279' title='bbox 1462 2350 1604 2406; x_wconf 70' lang='grc' dir='ltr'>οὕτω</span> <span class='ocrx_word' id='word_1_280' title='bbox 1650 2352 1801 2421; x_wconf 89' lang='grc' dir='ltr'>φίλον</span> <span class='ocrx_word' id='word_1_281' title='bbox 1833 2352 1892 2407; x_wconf 75' lang='grc' dir='ltr'>ὃν</span> <span class='ocrx_word' id='word_1_282' title='bbox 1925 2352 2001 2424; x_wconf 81' lang='grc' dir='ltr'>τῷ</span> 
     </span>
    </p>
   </div>
   <div class='ocr_carea' id='block_1_39' title="bbox 437 2438 2004 2517">
    <p class='ocr_par' dir='ltr' id='par_1_39' title="bbox 437 2438 2004 2517">
     <span class='ocr_line' id='line_1_39' title="bbox 437 2438 2004 2517; baseline 0.006 -26"><span class='ocrx_word' id='word_1_283' title='bbox 437 2438 557 2510; x_wconf 78' lang='grc' dir='ltr'><strong>θεῷ</strong></span> <span class='ocrx_word' id='word_1_284' title='bbox 589 2439 936 2512; x_wconf 87' lang='grc' dir='ltr'>προσομιλεῖν</span> <span class='ocrx_word' id='word_1_285' title='bbox 967 2440 1291 2512; x_wconf 83' lang='grc' dir='ltr'>ἀνθρώποις,</span> <span class='ocrx_word' id='word_1_286' title='bbox 1327 2442 1402 2506; x_wconf 80' lang='grc' dir='ltr'>ὡς</span> <span class='ocrx_word' id='word_1_287' title='bbox 1431 2442 1504 2515; x_wconf 82' lang='grc' dir='ltr'>μὴ</span> <span class='ocrx_word' id='word_1_288' title='bbox 1529 2444 1629 2498; x_wconf 74' lang='grc' dir='ltr'>καὶ</span> <span class='ocrx_word' id='word_1_289' title='bbox 1650 2444 1872 2510; x_wconf 80' lang='grc' dir='ltr'>ἀναξίαν</span> <span class='ocrx_word' id='word_1_290' title='bbox 1900 2447 2004 2517; x_wconf 79' lang='grc' dir='ltr'><strong>ψυ-</strong></span> 
     </span>
    </p>
   </div>
   <div class='ocr_carea' id='block_1_40' title="bbox 439 2525 2006 2607">
    <p class='ocr_par' dir='ltr' id='par_1_40' title="bbox 439 2525 2006 2607">
     <span class='ocr_line' id='line_1_40' title="bbox 439 2525 2006 2607; baseline 0.006 -25"><span class='ocrx_word' id='word_1_291' title='bbox 439 2529 559 2601; x_wconf 80' lang='grc' dir='ltr'>χὴν,</span> <span class='ocrx_word' id='word_1_292' title='bbox 598 2525 707 2583; x_wconf 81' lang='grc' dir='ltr'>οἶαι</span> <span class='ocrx_word' id='word_1_293' title='bbox 758 2532 815 2585; x_wconf 85' lang='grc' dir='ltr'>αἱ</span> <span class='ocrx_word' id='word_1_294' title='bbox 849 2531 1071 2595; x_wconf 81' lang='grc' dir='ltr'>πολλαὶ,</span> <span class='ocrx_word' id='word_1_295' title='bbox 1119 2534 1322 2604; x_wconf 87' lang='grc' dir='ltr'>γυμνὸς</span> <span class='ocrx_word' id='word_1_296' title='bbox 1373 2535 1467 2588; x_wconf 78' lang='grc' dir='ltr'><strong>καὶ</strong></span> <span class='ocrx_word' id='word_1_297' title='bbox 1521 2536 1766 2607; x_wconf 80' lang='grc' dir='ltr'>ἁσκεπὴς</span> <span class='ocrx_word' id='word_1_298' title='bbox 1807 2538 1836 2590; x_wconf 87' lang='grc' dir='ltr'><strong>ό</strong></span> <span class='ocrx_word' id='word_1_299' title='bbox 1866 2537 2006 2603; x_wconf 81' lang='grc' dir='ltr'>θεῖος</span> 
     </span>
    </p>
   </div>
   <div class='ocr_carea' id='block_1_41' title="bbox 438 2617 2006 2697">
    <p class='ocr_par' dir='ltr' id='par_1_41' title="bbox 438 2617 2006 2697">
     <span class='ocr_line' id='line_1_41' title="bbox 438 2617 2006 2697; baseline 0.006 -24"><span class='ocrx_word' id='word_1_300' title='bbox 438 2622 582 2695; x_wconf 81' lang='grc' dir='ltr'>εἰσίῃ</span> <span class='ocrx_word' id='word_1_301' title='bbox 634 2617 807 2691; x_wconf 75' lang='grc' dir='ltr'>λόγος·</span> <span class='ocrx_word' id='word_1_302' title='bbox 860 2623 1022 2695; x_wconf 75' lang='grc' dir='ltr'>ἢκαὶ</span> <span class='ocrx_word' id='word_1_303' title='bbox 1064 2627 1131 2696; x_wconf 79' lang='grc' dir='ltr'><strong>τῇ</strong></span> <span class='ocrx_word' id='word_1_304' title='bbox 1182 2624 1341 2694; x_wconf 81' lang='grc' dir='ltr'>φύσει</span> <span class='ocrx_word' id='word_1_305' title='bbox 1399 2627 1496 2697; x_wconf 85' lang='grc' dir='ltr'><strong>μὲν</strong></span> <span class='ocrx_word' id='word_1_306' title='bbox 1551 2629 1879 2697; x_wconf 81' lang='grc' dir='ltr'>σαφέστατον</span> <span class='ocrx_word' id='word_1_307' title='bbox 1912 2630 2006 2684; x_wconf 71' lang='grc' dir='ltr'>καὶ</span> 
     </span>
    </p>
   </div>
   <div class='ocr_carea' id='block_1_42' title="bbox 439 2713 2006 2791">
    <p class='ocr_par' dir='ltr' id='par_1_42' title="bbox 439 2713 2006 2791">
     <span class='ocr_line' id='line_1_42' title="bbox 439 2713 2006 2791; baseline 0.005 -26"><span class='ocrx_word' id='word_1_308' title='bbox 439 2713 805 2768; x_wconf 84' lang='grc' dir='ltr'>ἁπλούστατον</span> <span class='ocrx_word' id='word_1_309' title='bbox 858 2717 965 2768; x_wconf 84' lang='grc' dir='ltr'><strong>πᾶν</strong></span> <span class='ocrx_word' id='word_1_310' title='bbox 997 2715 1055 2768; x_wconf 87' lang='grc' dir='ltr'>τὺ</span> <span class='ocrx_word' id='word_1_311' title='bbox 1092 2715 1233 2770; x_wconf 86' lang='grc' dir='ltr'>θεῖον</span> <span class='ocrx_word' id='word_1_312' title='bbox 1264 2717 1441 2785; x_wconf 89' lang='grc' dir='ltr'>λόγιον</span> <span class='ocrx_word' id='word_1_313' title='bbox 1490 2717 1600 2789; x_wconf 71' lang='grc'>(27)</span> <span class='ocrx_word' id='word_1_314' title='bbox 1655 2719 1734 2783; x_wconf 81' lang='grc' dir='ltr'><strong>ὃν,</strong></span> <span class='ocrx_word' id='word_1_315' title='bbox 1773 2720 1902 2791; x_wconf 84' lang='grc' dir='ltr'>ἡμῖν</span> <span class='ocrx_word' id='word_1_316' title='bbox 1950 2720 2006 2773; x_wconf 87' lang='grc' dir='ltr'>δὲ</span> 
     </span>
    </p>
   </div>
   <div class='ocr_carea' id='block_1_43' title="bbox 435 2806 2006 2881">
    <p class='ocr_par' dir='ltr' id='par_1_43' title="bbox 435 2806 2006 2881">
     <span class='ocr_line' id='line_1_43' title="bbox 435 2806 2006 2881; baseline 0.002 -22"><span class='ocrx_word' id='word_1_317' title='bbox 435 2807 703 2860; x_wconf 78' lang='grc' dir='ltr'>ἀποστᾶσι</span> <span class='ocrx_word' id='word_1_318' title='bbox 731 2806 887 2870; x_wconf 84' lang='grc' dir='ltr'>Θεοῦ,</span> <span class='ocrx_word' id='word_1_319' title='bbox 911 2807 1006 2860; x_wconf 77' lang='grc' dir='ltr'>καὶ</span> <span class='ocrx_word' id='word_1_320' title='bbox 1045 2808 1527 2879; x_wconf 82' lang='grc' dir='ltr'>ἀπομεμαθηκόσιν</span> <span class='ocrx_word' id='word_1_321' title='bbox 1570 2809 1870 2881; x_wconf 80' lang='grc' dir='ltr'>ἀκροᾶσθαι</span> <span class='ocrx_word' id='word_1_322' title='bbox 1902 2811 2006 2863; x_wconf 83' lang='grc' dir='ltr'><strong>ὑπὸ</strong></span> 
     </span>
    </p>
   </div>
   <div class='ocr_carea' id='block_1_44' title="bbox 437 2897 2002 2971">
    <p class='ocr_par' dir='ltr' id='par_1_44' title="bbox 437 2897 2002 2971">
     <span class='ocr_line' id='line_1_44' title="bbox 437 2897 2002 2971; baseline 0.002 -19"><span class='ocrx_word' id='word_1_323' title='bbox 437 2897 626 2971; x_wconf 89' lang='grc' dir='ltr'>χρόνου</span> <span class='ocrx_word' id='word_1_324' title='bbox 649 2899 743 2953; x_wconf 73' lang='grc' dir='ltr'><strong>καὶ</strong></span> <span class='ocrx_word' id='word_1_325' title='bbox 769 2899 1149 2969; x_wconf 84' lang='grc' dir='ltr'>παλαιότητος,</span> <span class='ocrx_word' id='word_1_326' title='bbox 1180 2900 1387 2969; x_wconf 81' lang='grc' dir='ltr'>ἀσαφὲς</span> <span class='ocrx_word' id='word_1_327' title='bbox 1416 2901 1508 2955; x_wconf 79' lang='grc' dir='ltr'><strong>καὶ</strong></span> <span class='ocrx_word' id='word_1_328' title='bbox 1540 2901 1810 2955; x_wconf 85' lang='grc' dir='ltr'>σκοτεινὸν</span> <span class='ocrx_word' id='word_1_329' title='bbox 1831 2918 2002 2955; x_wconf 80' lang='grc' dir='ltr'>κατα-</span> 
     </span>
    </p>
   </div>
   <div class='ocr_carea' id='block_1_45' title="bbox 438 2990 2002 3065">
    <p class='ocr_par' dir='ltr' id='par_1_45' title="bbox 438 2990 2002 3065">
     <span class='ocr_line' id='line_1_45' title="bbox 438 2990 2002 3065; baseline 0.003 -22"><span class='ocrx_word' id='word_1_330' title='bbox 438 2990 779 3060; x_wconf 86' lang='grc' dir='ltr'>φαινόμενον,</span> <span class='ocrx_word' id='word_1_331' title='bbox 835 2991 936 3045; x_wconf 79' lang='grc' dir='ltr'><strong>οὐκ</strong></span> <span class='ocrx_word' id='word_1_332' title='bbox 985 2991 1093 3062; x_wconf 79' lang='grc' dir='ltr'>ἔχω</span> <span class='ocrx_word' id='word_1_333' title='bbox 1139 2992 1362 3062; x_wconf 77' lang='grc' dir='ltr'>λέγειν)σ</span> <span class='ocrx_word' id='word_1_334' title='bbox 1393 2992 1529 3063; x_wconf 84' lang='grc' dir='ltr'>πλὴν</span> <span class='ocrx_word' id='word_1_335' title='bbox 1574 2992 1880 3065; x_wconf 76' lang='grc' dir='ltr'>σαφηνίζων</span> <span class='ocrx_word' id='word_1_336' title='bbox 1908 2996 2002 3048; x_wconf 81' lang='grc' dir='ltr'><strong>καὶ</strong></span> 
     </span>
    </p>
   </div>
   <div class='ocr_carea' id='block_1_46' title="bbox 435 3080 2001 3153">
    <p class='ocr_par' dir='ltr' id='par_1_46' title="bbox 435 3080 2001 3153">
     <span class='ocr_line' id='line_1_46' title="bbox 435 3080 2001 3153; baseline 0.003 -22"><span class='ocrx_word' id='word_1_337' title='bbox 435 3082 517 3143; x_wconf 86' lang='grc' dir='ltr'><strong>είς</strong></span> <span class='ocrx_word' id='word_1_338' title='bbox 541 3080 656 3150; x_wconf 82' lang='grc' dir='ltr'>φῶς</span> <span class='ocrx_word' id='word_1_339' title='bbox 683 3080 960 3153; x_wconf 81' lang='grc' dir='ltr'>προάγων,</span> <span class='ocrx_word' id='word_1_340' title='bbox 986 3081 1096 3134; x_wconf 75' lang='grc' dir='ltr'>εἴτε</span> <span class='ocrx_word' id='word_1_341' title='bbox 1117 3081 1413 3150; x_wconf 75' lang='grc' dir='ltr'>αἰνίγματα</span> <span class='ocrx_word' id='word_1_342' title='bbox 1441 3080 1565 3134; x_wconf 76' lang='grc' dir='ltr'>ὄντα</span> <span class='ocrx_word' id='word_1_343' title='bbox 1588 3082 1862 3151; x_wconf 81' lang='grc' dir='ltr'>τυγχάνοι,</span> <span class='ocrx_word' id='word_1_344' title='bbox 1891 3083 2001 3135; x_wconf 88' lang='grc' dir='ltr'>δει-</span> 
     </span>
    </p>
   </div>
   <div class='ocr_carea' id='block_1_47' title="bbox 435 3156 2067 3246">
    <p class='ocr_par' dir='ltr' id='par_1_47' title="bbox 435 3156 2067 3246">
     <span class='ocr_line' id='line_1_47' title="bbox 435 3156 2067 3246; baseline 0.002 -23"><span class='ocrx_word' id='word_1_345' title='bbox 435 3169 524 3234; x_wconf 79' lang='grc' dir='ltr'><strong>νὸς</strong></span> <span class='ocrx_word' id='word_1_346' title='bbox 549 3169 624 3223; x_wconf 84' lang='grc' dir='ltr'><strong>ὢν</strong></span> <span class='ocrx_word' id='word_1_347' title='bbox 656 3172 928 3242; x_wconf 83' lang='grc' dir='ltr'>ἀκροατὴς</span> <span class='ocrx_word' id='word_1_348' title='bbox 943 3171 1077 3225; x_wconf 83' lang='grc' dir='ltr'>Θεοῦ</span> <span class='ocrx_word' id='word_1_349' title='bbox 1102 3171 1195 3225; x_wconf 76' lang='grc' dir='ltr'><strong>καὶ</strong></span> <span class='ocrx_word' id='word_1_350' title='bbox 1221 3170 1599 3235; x_wconf 80' lang='grc' dir='ltr'>συνετώτατος·</span> <span class='ocrx_word' id='word_1_351' title='bbox 1626 3172 1736 3225; x_wconf 80' lang='grc' dir='ltr'>εἴτε</span> <span class='ocrx_word' id='word_1_352' title='bbox 1765 3174 1858 3226; x_wconf 77' lang='grc' dir='ltr'><strong>καὶ</strong></span> <span class='ocrx_word' id='word_1_353' title='bbox 1884 3174 1995 3246; x_wconf 64' lang='lat'><strong>(28)</strong></span> <span class='ocrx_word' id='word_1_354' title='bbox 2027 3156 2067 3212; x_wconf 64' lang='grc' dir='ltr'>α</span> 
     </span>
    </p>
   </div>
   <div class='ocr_carea' id='block_1_48' title="bbox 433 3262 1993 3336">
    <p class='ocr_par' dir='ltr' id='par_1_48' title="bbox 433 3262 1993 3336">
     <span class='ocr_line' id='line_1_48' title="bbox 433 3262 1993 3336; baseline 0.001 -21"><span class='ocrx_word' id='word_1_355' title='bbox 433 3262 585 3316; x_wconf 84' lang='grc' dir='ltr'>οὐδὲν</span> <span class='ocrx_word' id='word_1_356' title='bbox 613 3262 822 3317; x_wconf 80' lang='grc' dir='ltr'>σκολιὸν</span> <span class='ocrx_word' id='word_1_357' title='bbox 868 3262 1057 3334; x_wconf 75' lang='grc' dir='ltr'>ἔχοντα</span> <span class='ocrx_word' id='word_1_358' title='bbox 1082 3266 1148 3336; x_wconf 80' lang='grc' dir='ltr'>τῇ</span> <span class='ocrx_word' id='word_1_359' title='bbox 1183 3263 1360 3333; x_wconf 80' lang='grc' dir='ltr'>φύσει,</span> <span class='ocrx_word' id='word_1_360' title='bbox 1411 3263 1518 3316; x_wconf 79' lang='grc' dir='ltr'>οὐδ’</span> <span class='ocrx_word' id='word_1_361' title='bbox 1543 3263 1797 3317; x_wconf 82' lang='grc' dir='ltr'>ἀσύνετον</span> <span class='ocrx_word' id='word_1_362' title='bbox 1827 3266 1993 3335; x_wconf 76' lang='grc' dir='ltr'>αὐτῷ,</span> 
     </span>
    </p>
   </div>
   <div class='ocr_carea' id='block_1_49' title="bbox 433 3351 1996 3426">
    <p class='ocr_par' dir='ltr' id='par_1_49' title="bbox 433 3351 1996 3426">
     <span class='ocr_line' id='line_1_49' title="bbox 433 3351 1996 3426; baseline 0.001 -18"><span class='ocrx_word' id='word_1_363' title='bbox 433 3354 606 3419; x_wconf 74' lang='grc' dir='ltr'>οὕτως</span> <span class='ocrx_word' id='word_1_364' title='bbox 637 3353 813 3426; x_wconf 76' lang='grc' dir='ltr'>ἔχοντι</span> <span class='ocrx_word' id='word_1_365' title='bbox 847 3356 993 3426; x_wconf 83' lang='grc' dir='ltr'>μόνῳ</span> <span class='ocrx_word' id='word_1_366' title='bbox 1015 3354 1125 3421; x_wconf 78' lang='grc' dir='ltr'><strong>τῶν</strong></span> <span class='ocrx_word' id='word_1_367' title='bbox 1157 3353 1252 3410; x_wconf 90' lang='grc' dir='ltr'><strong>νῦν</strong></span> <span class='ocrx_word' id='word_1_368' title='bbox 1307 3355 1402 3410; x_wconf 89' lang='grc' dir='ltr'><strong>ἀνθ</strong></span> <span class='ocrx_word' id='word_1_369' title='bbox 1413 3355 1629 3426; x_wconf 85' lang='grc' dir='ltr'>ρώπων,</span> <span class='ocrx_word' id='word_1_370' title='bbox 1654 3351 1728 3410; x_wconf 81' lang='grc' dir='ltr'>ὧν</span> <span class='ocrx_word' id='word_1_371' title='bbox 1749 3358 1909 3422; x_wconf 72' lang='grc' dir='ltr'>αὑτός</span> <span class='ocrx_word' id='word_1_372' title='bbox 1938 3375 1996 3410; x_wconf 85' lang='grc' dir='ltr'><strong>τε</strong></span> 
     </span>
    </p>
   </div>
   <div class='ocr_carea' id='block_1_50' title="bbox 434 3448 1996 3520">
    <p class='ocr_par' dir='ltr' id='par_1_50' title="bbox 434 3448 1996 3520">
     <span class='ocr_line' id='line_1_50' title="bbox 434 3448 1996 3520; baseline 0.001 -19"><span class='ocrx_word' id='word_1_373' title='bbox 434 3448 625 3518; x_wconf 74' lang='grc' dir='ltr'>ἔγνων,</span> <span class='ocrx_word' id='word_1_374' title='bbox 661 3448 757 3501; x_wconf 75' lang='grc' dir='ltr'><strong>καὶ</strong></span> <span class='ocrx_word' id='word_1_375' title='bbox 785 3448 983 3520; x_wconf 81' lang='grc' dir='ltr'>ἐτέρων</span> <span class='ocrx_word' id='word_1_376' title='bbox 1006 3449 1213 3519; x_wconf 71' lang='grc' dir='ltr'>ἥκουσα</span> <span class='ocrx_word' id='word_1_377' title='bbox 1243 3448 1369 3519; x_wconf 85' lang='grc' dir='ltr'>περί</span> <span class='ocrx_word' id='word_1_378' title='bbox 1400 3466 1560 3502; x_wconf 85' lang='grc' dir='ltr'>τινων</span> <span class='ocrx_word' id='word_1_379' title='bbox 1586 3450 1872 3518; x_wconf 84' lang='grc' dir='ltr'>λεγόντων,</span> <span class='ocrx_word' id='word_1_380' title='bbox 1902 3468 1996 3520; x_wconf 77' lang='grc' dir='ltr'>με·</span> 
     </span>
    </p>
   </div>
   <div class='ocr_carea' id='block_1_51' title="bbox 439 3541 1993 3616">
    <p class='ocr_par' dir='ltr' id='par_1_51' title="bbox 439 3541 1993 3616">
     <span class='ocr_line' id='line_1_51' title="bbox 439 3541 1993 3616; baseline -0.001 -19"><span class='ocrx_word' id='word_1_381' title='bbox 439 3543 758 3616; x_wconf 84' lang='grc' dir='ltr'>μελετηκότι</span> <span class='ocrx_word' id='word_1_382' title='bbox 785 3541 896 3615; x_wconf 69' lang='grc'><strong>(29)</strong></span> <span class='ocrx_word' id='word_1_383' title='bbox 936 3542 1005 3596; x_wconf 82' lang='grc' dir='ltr'>τὰ</span> <span class='ocrx_word' id='word_1_384' title='bbox 1036 3542 1251 3615; x_wconf 79' lang='grc' dir='ltr'>καθαρὰ</span> <span class='ocrx_word' id='word_1_385' title='bbox 1292 3542 1398 3596; x_wconf 81' lang='grc' dir='ltr'><strong>τῶν</strong></span> <span class='ocrx_word' id='word_1_386' title='bbox 1429 3542 1622 3611; x_wconf 84' lang='grc' dir='ltr'>λογίων</span> <span class='ocrx_word' id='word_1_387' title='bbox 1653 3544 1888 3612; x_wconf 72' lang='grc' dir='ltr'>φωτεινὰ</span> <span class='ocrx_word' id='word_1_388' title='bbox 1914 3561 1993 3608; x_wconf 86' lang='grc' dir='ltr'><strong>τε,</strong></span> 
     </span>
    </p>
   </div>
   <div class='ocr_carea' id='block_1_52' title="bbox 432 3634 1995 3709">
    <p class='ocr_par' dir='ltr' id='par_1_52' title="bbox 432 3634 1995 3709">
     <span class='ocr_line' id='line_1_52' title="bbox 432 3634 1995 3709; baseline -0.003 -19"><span class='ocrx_word' id='word_1_389' title='bbox 432 3634 830 3709; x_wconf 80' lang='grc' dir='ltr'>παραδέχεσθαι</span> <span class='ocrx_word' id='word_1_390' title='bbox 851 3634 1016 3688; x_wconf 84' lang='grc' dir='ltr'>αὑτοῦ</span> <span class='ocrx_word' id='word_1_391' title='bbox 1051 3636 1117 3705; x_wconf 76' lang='grc' dir='ltr'>τῇ</span> <span class='ocrx_word' id='word_1_392' title='bbox 1161 3634 1305 3705; x_wconf 78' lang='grc' dir='ltr'>ψυχῇ</span> <span class='ocrx_word' id='word_1_393' title='bbox 1357 3634 1452 3687; x_wconf 75' lang='grc' dir='ltr'><strong>καὶ</strong></span> <span class='ocrx_word' id='word_1_394' title='bbox 1494 3634 1833 3688; x_wconf 77' lang='grc' dir='ltr'>διδάσκεσθαι</span> <span class='ocrx_word' id='word_1_395' title='bbox 1876 3636 1995 3687; x_wconf 82' lang='grc' dir='ltr'>ἐτέ-</span> 
     </span>
    </p>
   </div>
   <div class='ocr_carea' id='block_1_53' title="bbox 431 3724 1993 3798">
    <p class='ocr_par' dir='ltr' id='par_1_53' title="bbox 431 3724 1993 3798">
     <span class='ocr_line' id='line_1_53' title="bbox 431 3724 1993 3798; baseline -0.001 -18"><span class='ocrx_word' id='word_1_396' title='bbox 431 3743 578 3797; x_wconf 87' lang='grc' dir='ltr'>ρους·</span> <span class='ocrx_word' id='word_1_397' title='bbox 606 3728 685 3780; x_wconf 84' lang='grc' dir='ltr'>ὄτι</span> <span class='ocrx_word' id='word_1_398' title='bbox 718 3725 891 3780; x_wconf 79' lang='grc' dir='ltr'>αὐτῶν</span> <span class='ocrx_word' id='word_1_399' title='bbox 926 3725 1035 3798; x_wconf 74' lang='grc'><strong>(50)</strong></span> <span class='ocrx_word' id='word_1_400' title='bbox 1072 3728 1100 3780; x_wconf 88' lang='grc' dir='ltr'>ὁ</span> <span class='ocrx_word' id='word_1_401' title='bbox 1129 3726 1344 3780; x_wconf 86' lang='grc' dir='ltr'>πάντων</span> <span class='ocrx_word' id='word_1_402' title='bbox 1398 3726 1659 3798; x_wconf 81' lang='grc' dir='ltr'>ἀρχηγὸς,</span> <span class='ocrx_word' id='word_1_403' title='bbox 1690 3729 1718 3779; x_wconf 89' lang='grc' dir='ltr'>ὁ</span> <span class='ocrx_word' id='word_1_404' title='bbox 1745 3730 1857 3790; x_wconf 82' lang='grc' dir='ltr'>τοῖς</span> <span class='ocrx_word' id='word_1_405' title='bbox 1898 3724 1993 3781; x_wconf 84' lang='grc' dir='ltr'><strong>τοῦ</strong></span> 
     </span>
    </p>
   </div>
   <div class='ocr_carea' id='block_1_54' title="bbox 433 3816 1993 3889">
    <p class='ocr_par' dir='ltr' id='par_1_54' title="bbox 433 3816 1993 3889">
     <span class='ocr_line' id='line_1_54' title="bbox 433 3816 1993 3889; baseline 0.002 -18"><span class='ocrx_word' id='word_1_406' title='bbox 433 3816 566 3873; x_wconf 82' lang='grc' dir='ltr'>Θεοῦ</span> <span class='ocrx_word' id='word_1_407' title='bbox 588 3817 774 3887; x_wconf 80' lang='grc' dir='ltr'>φίλοις</span> <span class='ocrx_word' id='word_1_408' title='bbox 798 3820 1104 3889; x_wconf 80' lang='grc' dir='ltr'>προφήταις</span> <span class='ocrx_word' id='word_1_409' title='bbox 1139 3816 1363 3888; x_wconf 81' lang='grc' dir='ltr'>ὑπηχῶν</span> <span class='ocrx_word' id='word_1_410' title='bbox 1425 3819 1518 3872; x_wconf 78' lang='grc' dir='ltr'>καὶ</span> <span class='ocrx_word' id='word_1_411' title='bbox 1548 3818 1862 3888; x_wconf 80' lang='grc' dir='ltr'>ὑποϐάλλων</span> <span class='ocrx_word' id='word_1_412' title='bbox 1887 3822 1993 3874; x_wconf 82' lang='grc' dir='ltr'><strong>πᾶ-</strong></span> 
     </span>
    </p>
   </div>
   <div class='ocr_carea' id='block_1_55' title="bbox 433 3907 1994 3981">
    <p class='ocr_par' dir='ltr' id='par_1_55' title="bbox 433 3907 1994 3981">
     <span class='ocr_line' id='line_1_55' title="bbox 433 3907 1994 3981; baseline 0 -19"><span class='ocrx_word' id='word_1_413' title='bbox 433 3925 532 3963; x_wconf 89' lang='grc' dir='ltr'><strong>σαν</strong></span> <span class='ocrx_word' id='word_1_414' title='bbox 553 3909 884 3981; x_wconf 86' lang='grc' dir='ltr'>προφητείαν</span> <span class='ocrx_word' id='word_1_415' title='bbox 920 3908 1011 3961; x_wconf 73' lang='grc' dir='ltr'><strong>καὶ</strong></span> <span class='ocrx_word' id='word_1_416' title='bbox 1036 3907 1191 3976; x_wconf 89' lang='grc' dir='ltr'>λόγον</span> <span class='ocrx_word' id='word_1_417' title='bbox 1235 3909 1492 3979; x_wconf 82' lang='grc' dir='ltr'>μυστικὸν</span> <span class='ocrx_word' id='word_1_418' title='bbox 1514 3909 1608 3962; x_wconf 77' lang='grc' dir='ltr'>καὶ</span> <span class='ocrx_word' id='word_1_419' title='bbox 1630 3909 1790 3974; x_wconf 86' lang='grc' dir='ltr'>θεῖον,</span> <span class='ocrx_word' id='word_1_420' title='bbox 1823 3908 1994 3972; x_wconf 76' lang='grc' dir='ltr'>οὕτως</span> 
     </span>
    </p>
   </div>
   <div class='ocr_carea' id='block_1_56' title="bbox 429 3998 1990 4071">
    <p class='ocr_par' dir='ltr' id='par_1_56' title="bbox 429 3998 1990 4071">
     <span class='ocr_line' id='line_1_56' title="bbox 429 3998 1990 4071; baseline -0.004 -15"><span class='ocrx_word' id='word_1_421' title='bbox 429 4000 593 4056; x_wconf 80' lang='grc' dir='ltr'>αὐτὸν</span> <span class='ocrx_word' id='word_1_422' title='bbox 619 4001 852 4071; x_wconf 83' lang='grc' dir='ltr'>τιμήσας</span> <span class='ocrx_word' id='word_1_423' title='bbox 903 3998 979 4062; x_wconf 82' lang='grc' dir='ltr'><strong>ὡς</strong></span> <span class='ocrx_word' id='word_1_424' title='bbox 1023 3998 1192 4068; x_wconf 80' lang='grc' dir='ltr'>φίλον,</span> <span class='ocrx_word' id='word_1_425' title='bbox 1248 4000 1552 4071; x_wconf 82' lang='grc' dir='ltr'>προήγορον</span> <span class='ocrx_word' id='word_1_426' title='bbox 1600 3999 1990 4070; x_wconf 73' lang='grc' dir='ltr'>κατεστήσατοο</span> 
     </span>
    </p>
   </div>
   <div class='ocr_carea' id='block_1_57' title="bbox 434 4082 1994 4164">
    <p class='ocr_par' dir='ltr' id='par_1_57' title="bbox 434 4082 1994 4164">
     <span class='ocr_line' id='line_1_57' title="bbox 434 4082 1994 4164; baseline -0.004 -13"><span class='ocrx_word' id='word_1_427' title='bbox 434 4090 512 4151; x_wconf 84' lang='grc' dir='ltr'>ὧν</span> <span class='ocrx_word' id='word_1_428' title='bbox 531 4095 599 4149; x_wconf 87' lang='grc' dir='ltr'>δι’</span> <span class='ocrx_word' id='word_1_429' title='bbox 629 4093 827 4164; x_wconf 79' lang='grc' dir='ltr'>ἐτέρων</span> <span class='ocrx_word' id='word_1_430' title='bbox 855 4091 1074 4163; x_wconf 72' lang='grc' dir='ltr'>ᾐνίξατο</span> <span class='ocrx_word' id='word_1_431' title='bbox 1129 4093 1305 4164; x_wconf 88' lang='grc' dir='ltr'>μόνον,</span> <span class='ocrx_word' id='word_1_432' title='bbox 1340 4091 1546 4145; x_wconf 82' lang='grc' dir='ltr'>τούτων</span> <span class='ocrx_word' id='word_1_433' title='bbox 1575 4091 1663 4144; x_wconf 80' lang='grc' dir='ltr'>διὰ</span> <span class='ocrx_word' id='word_1_434' title='bbox 1681 4082 1869 4145; x_wconf 79' lang='grc' dir='ltr'>τόύτου</span> <span class='ocrx_word' id='word_1_435' title='bbox 1896 4092 1994 4163; x_wconf 82' lang='grc' dir='ltr'>τὴν</span> 
     </span>
    </p>
   </div>
   <div class='ocr_carea' id='block_1_58' title="bbox 430 4182 1989 4254">
    <p class='ocr_par' dir='ltr' id='par_1_58' title="bbox 430 4182 1989 4254">
     <span class='ocr_line' id='line_1_58' title="bbox 430 4182 1989 4254; baseline -0.004 -10"><span class='ocrx_word' id='word_1_436' title='bbox 430 4186 780 4244; x_wconf 87' lang='grc' dir='ltr'>διδασκαλίαν</span> <span class='ocrx_word' id='word_1_437' title='bbox 814 4184 1151 4254; x_wconf 84' lang='grc' dir='ltr'>ποιούμενος·</span> <span class='ocrx_word' id='word_1_438' title='bbox 1180 4185 1280 4237; x_wconf 82' lang='grc' dir='ltr'><strong>ὅσα</strong></span> <span class='ocrx_word' id='word_1_439' title='bbox 1311 4201 1391 4249; x_wconf 88' lang='grc' dir='ltr'><strong>τε,</strong></span> <span class='ocrx_word' id='word_1_440' title='bbox 1419 4182 1856 4250; x_wconf 82' lang='grc' dir='ltr'>ἀξιοπιστότατος</span> <span class='ocrx_word' id='word_1_441' title='bbox 1893 4182 1989 4249; x_wconf 85' lang='grc' dir='ltr'><strong>ὢν,</strong></span> 
     </span>
    </p>
   </div>
   <div class='ocr_carea' id='block_1_59' title="bbox 430 4274 1991 4354">
    <p class='ocr_par' dir='ltr' id='par_1_59' title="bbox 430 4274 1991 4354">
     <span class='ocr_line' id='line_1_59' title="bbox 430 4274 1991 4354; baseline -0.004 -20"><span class='ocrx_word' id='word_1_442' title='bbox 430 4279 793 4354; x_wconf 75' lang='grc' dir='ltr'>ἢπροσέταξε</span> <span class='ocrx_word' id='word_1_443' title='bbox 850 4276 1143 4350; x_wconf 79' lang='grc' dir='ltr'>βασιλικῶς</span> <span class='ocrx_word' id='word_1_444' title='bbox 1180 4277 1213 4347; x_wconf 81' lang='grc' dir='ltr'>ἢ</span> <span class='ocrx_word' id='word_1_445' title='bbox 1268 4275 1361 4329; x_wconf 71' lang='grc' dir='ltr'>καὶ</span> <span class='ocrx_word' id='word_1_446' title='bbox 1406 4275 1736 4346; x_wconf 82' lang='grc' dir='ltr'>ἀπεφήνατο,</span> <span class='ocrx_word' id='word_1_447' title='bbox 1787 4274 1991 4330; x_wconf 88' lang='grc' dir='ltr'>τούτων</span> 
     </span>
    </p>
   </div>
   <div class='ocr_carea' id='block_1_60' title="bbox 428 4364 1992 4441">
    <p class='ocr_par' dir='ltr' id='par_1_60' title="bbox 428 4364 1992 4441">
     <span class='ocr_line' id='line_1_60' title="bbox 428 4364 1992 4441; baseline -0.005 -15"><span class='ocrx_word' id='word_1_448' title='bbox 428 4373 557 4437; x_wconf 77' lang='grc' dir='ltr'>τοὺς</span> <span class='ocrx_word' id='word_1_449' title='bbox 575 4371 766 4440; x_wconf 87' lang='grc' dir='ltr'>λόγους</span> <span class='ocrx_word' id='word_1_450' title='bbox 819 4365 1191 4441; x_wconf 83' lang='grc' dir='ltr'>διερευνᾶσθαί</span> <span class='ocrx_word' id='word_1_451' title='bbox 1221 4383 1283 4418; x_wconf 84' lang='grc' dir='ltr'><strong>τε</strong></span> <span class='ocrx_word' id='word_1_452' title='bbox 1325 4367 1418 4420; x_wconf 80' lang='grc' dir='ltr'><strong>καὶ</strong></span> <span class='ocrx_word' id='word_1_453' title='bbox 1449 4365 1780 4437; x_wconf 80' lang='grc' dir='ltr'>ἐξευρίσκειν</span> <span class='ocrx_word' id='word_1_454' title='bbox 1820 4364 1992 4437; x_wconf 82' lang='grc' dir='ltr'>τούτῳ</span> 
     </span>
    </p>
   </div>
   <div class='ocr_carea' id='block_1_61' title="bbox 430 4456 1990 4541">
    <p class='ocr_par' dir='ltr' id='par_1_61' title="bbox 430 4456 1990 4541">
     <span class='ocr_line' id='line_1_61' title="bbox 430 4456 1990 4541; baseline -0.005 -22"><span class='ocrx_word' id='word_1_455' title='bbox 430 4465 847 4537; x_wconf 76' lang='grc' dir='ltr'>δωρησάμενοςο</span> <span class='ocrx_word' id='word_1_456' title='bbox 910 4462 975 4515; x_wconf 78' lang='grc' dir='ltr'>ἵν’</span> <span class='ocrx_word' id='word_1_457' title='bbox 1017 4459 1081 4541; x_wconf 26' lang='grc' dir='ltr'><strong>,εί</strong></span> <span class='ocrx_word' id='word_1_458' title='bbox 1107 4477 1190 4524; x_wconf 87' lang='grc' dir='ltr'><strong>τις</strong></span> <span class='ocrx_word' id='word_1_459' title='bbox 1245 4457 1476 4530; x_wconf 88' lang='grc' dir='ltr'>σκληρὸς</span> <span class='ocrx_word' id='word_1_460' title='bbox 1522 4458 1620 4529; x_wconf 82' lang='grc' dir='ltr'>τὴν</span> <span class='ocrx_word' id='word_1_461' title='bbox 1669 4456 1846 4530; x_wconf 79' lang='grc' dir='ltr'>ψυχὴν</span> <span class='ocrx_word' id='word_1_462' title='bbox 1897 4458 1990 4511; x_wconf 77' lang='grc' dir='ltr'>καὶ</span> 
     </span>
    </p>
   </div>
   <div class='ocr_carea' id='block_1_62' title="bbox 2103 1983 3676 2059">
    <p class='ocr_par' dir='ltr' id='par_1_62' title="bbox 2103 1983 3676 2059">
     <span class='ocr_line' id='line_1_62' title="bbox 2103 1983 3676 2059; baseline 0.003 -20"><span class='ocrx_word' id='word_1_463' title='bbox 2103 1983 2270 2048; x_wconf 82' lang='lat' dir='ltr'><strong>dens,</strong></span> <span class='ocrx_word' id='word_1_464' title='bbox 2310 1998 2379 2038; x_wconf 89' lang='lat' dir='ltr'><strong>ne</strong></span> <span class='ocrx_word' id='word_1_465' title='bbox 2407 1985 2451 2038; x_wconf 91' lang='lat' dir='ltr'><strong>si</strong></span> <span class='ocrx_word' id='word_1_466' title='bbox 2482 1991 2542 2037; x_wconf 91' lang='lat' dir='ltr'><strong>ut</strong></span> <span class='ocrx_word' id='word_1_467' title='bbox 2571 1984 3007 2054; x_wconf 85' lang='lat' dir='ltr'><strong>sapientissimus</strong></span> <span class='ocrx_word' id='word_1_468' title='bbox 3055 1985 3272 2055; x_wconf 89' lang='lat' dir='ltr'><strong>quidem</strong></span> <span class='ocrx_word' id='word_1_469' title='bbox 3304 1987 3572 2059; x_wconf 69' lang='lat' dir='ltr'><strong>quispiam</strong></span> <span class='ocrx_word' id='word_1_470' title='bbox 3604 1987 3676 2045; x_wconf 80' lang='lat' dir='ltr'><strong>ab</strong></span> 
     </span>
    </p>
   </div>
   <div class='ocr_carea' id='block_1_63' title="bbox 2104 2076 3675 2148">
    <p class='ocr_par' dir='ltr' id='par_1_63' title="bbox 2104 2076 3675 2148">
     <span class='ocr_line' id='line_1_63' title="bbox 2104 2076 3675 2148; baseline 0.003 -17"><span class='ocrx_word' id='word_1_471' title='bbox 2104 2076 2356 2131; x_wconf 90' lang='lat' dir='ltr'><strong>omnibus</strong></span> <span class='ocrx_word' id='word_1_472' title='bbox 2389 2076 2692 2130; x_wconf 86' lang='lat' dir='ltr'><strong>celebretur</strong></span> <span class='ocrx_word' id='word_1_473' title='bbox 2716 2116 2731 2137; x_wconf 93' lang='lat'><strong>,</strong></span> <span class='ocrx_word' id='word_1_474' title='bbox 2769 2077 2863 2131; x_wconf 89' lang='lat' dir='ltr'><strong>sed</strong></span> <span class='ocrx_word' id='word_1_475' title='bbox 2896 2086 2954 2131; x_wconf 89' lang='lat' dir='ltr'><strong>ut</strong></span> <span class='ocrx_word' id='word_1_476' title='bbox 2988 2078 3081 2131; x_wconf 89' lang='lat' dir='ltr'><strong>uni</strong></span> <span class='ocrx_word' id='word_1_477' title='bbox 3116 2076 3224 2133; x_wconf 89' lang='lat' dir='ltr'><strong>Deo</strong></span> <span class='ocrx_word' id='word_1_478' title='bbox 3264 2094 3486 2148; x_wconf 89' lang='lat' dir='ltr'><strong>operam</strong></span> <span class='ocrx_word' id='word_1_479' title='bbox 3517 2081 3675 2136; x_wconf 89' lang='lat' dir='ltr'><strong>dare-</strong></span> 
     </span>
    </p>
   </div>
   <div class='ocr_carea' id='block_1_64' title="bbox 2103 2166 3671 2241">
    <p class='ocr_par' dir='ltr' id='par_1_64' title="bbox 2103 2166 3671 2241">
     <span class='ocr_line' id='line_1_64' title="bbox 2103 2166 3671 2241; baseline 0.003 -20"><span class='ocrx_word' id='word_1_480' title='bbox 2103 2182 2227 2222; x_wconf 87' lang='lat' dir='ltr'><strong>mus</strong></span> <span class='ocrx_word' id='word_1_481' title='bbox 2256 2166 2484 2236; x_wconf 82' lang='lat' dir='ltr'><strong>ejusque</strong></span> <span class='ocrx_word' id='word_1_482' title='bbox 2504 2167 2816 2236; x_wconf 86' lang='lat' dir='ltr'><strong>prophetis;</strong></span> <span class='ocrx_word' id='word_1_483' title='bbox 2853 2168 2967 2236; x_wconf 90' lang='lat' dir='ltr'><strong>ipse</strong></span> <span class='ocrx_word' id='word_1_484' title='bbox 2993 2169 3380 2238; x_wconf 86' lang='lat' dir='ltr'><strong>prophetarum</strong></span> <span class='ocrx_word' id='word_1_485' title='bbox 3406 2169 3671 2241; x_wconf 86' lang='lat' dir='ltr'><strong>interpre-</strong></span> 
     </span>
    </p>
   </div>
   <div class='ocr_carea' id='block_1_65' title="bbox 2103 2256 3675 2329">
    <p class='ocr_par' dir='ltr' id='par_1_65' title="bbox 2103 2256 3675 2329">
     <span class='ocr_line' id='line_1_65' title="bbox 2103 2256 3675 2329; baseline 0.002 -16"><span class='ocrx_word' id='word_1_486' title='bbox 2103 2267 2211 2313; x_wconf 89' lang='lat' dir='ltr'><strong>tem</strong></span> <span class='ocrx_word' id='word_1_487' title='bbox 2245 2273 2432 2328; x_wconf 88' lang='lat' dir='ltr'><strong>agens,</strong></span> <span class='ocrx_word' id='word_1_488' title='bbox 2473 2266 2528 2311; x_wconf 84' lang='lat' dir='ltr'><strong>et</strong></span> <span class='ocrx_word' id='word_1_489' title='bbox 2571 2256 2869 2326; x_wconf 77' lang='lat' dir='ltr'><strong>explanans</strong></span> <span class='ocrx_word' id='word_1_490' title='bbox 2910 2258 3441 2329; x_wconf 24' lang='lat' dir='ltr'><strong>quidquid‘usquam</strong></span> <span class='ocrx_word' id='word_1_491' title='bbox 3476 2261 3675 2316; x_wconf 88' lang='lat' dir='ltr'><strong>obscu-</strong></span> 
     </span>
    </p>
   </div>
   <div class='ocr_carea' id='block_1_66' title="bbox 2103 2349 3676 2419">
    <p class='ocr_par' dir='ltr' id='par_1_66' title="bbox 2103 2349 3676 2419">
     <span class='ocr_line' id='line_1_66' title="bbox 2103 2349 3676 2419; baseline 0.001 -13"><span class='ocrx_word' id='word_1_492' title='bbox 2103 2366 2224 2406; x_wconf 87' lang='lat' dir='ltr'><strong>rum</strong></span> <span class='ocrx_word' id='word_1_493' title='bbox 2250 2358 2304 2404; x_wconf 90' lang='lat' dir='ltr'><strong>et</strong></span> <span class='ocrx_word' id='word_1_494' title='bbox 2327 2349 2729 2419; x_wconf 71' lang='lat' dir='ltr'><strong>aenigmatieum</strong></span> <span class='ocrx_word' id='word_1_495' title='bbox 2754 2357 2871 2404; x_wconf 90' lang='lat' dir='ltr'><strong>erat</strong></span> <span class='ocrx_word' id='word_1_496' title='bbox 2892 2349 3096 2419; x_wconf 85' lang='lat' dir='ltr'><strong>(qualia</strong></span> <span class='ocrx_word' id='word_1_497' title='bbox 3127 2360 3256 2405; x_wconf 79' lang='lat' dir='ltr'><strong>sunt</strong></span> <span class='ocrx_word' id='word_1_498' title='bbox 3277 2351 3331 2405; x_wconf 90' lang='lat' dir='ltr'><strong>in</strong></span> <span class='ocrx_word' id='word_1_499' title='bbox 3356 2352 3530 2408; x_wconf 84' lang='lat' dir='ltr'><strong>sacris</strong></span> <span class='ocrx_word' id='word_1_500' title='bbox 3560 2350 3676 2407; x_wconf 82' lang='lat' dir='ltr'><strong>Lit-</strong></span> 
     </span>
    </p>
   </div>
   <div class='ocr_carea' id='block_1_67' title="bbox 2107 2440 3672 2511">
    <p class='ocr_par' dir='ltr' id='par_1_67' title="bbox 2107 2440 3672 2511">
     <span class='ocr_line' id='line_1_67' title="bbox 2107 2440 3672 2511; baseline 0.001 -14"><span class='ocrx_word' id='word_1_501' title='bbox 2107 2442 2236 2497; x_wconf 90' lang='lat' dir='ltr'><strong>teris</strong></span> <span class='ocrx_word' id='word_1_502' title='bbox 2270 2441 2569 2511; x_wconf 85' lang='lat' dir='ltr'><strong>permulta;</strong></span> <span class='ocrx_word' id='word_1_503' title='bbox 2606 2442 2720 2497; x_wconf 86' lang='lat' dir='ltr'><strong>sive</strong></span> <span class='ocrx_word' id='word_1_504' title='bbox 2751 2442 2827 2496; x_wconf 88' lang='lat' dir='ltr'><strong>ita</strong></span> <span class='ocrx_word' id='word_1_505' title='bbox 2857 2440 2964 2496; x_wconf 86' lang='lat' dir='ltr'><strong>Deo</strong></span> <span class='ocrx_word' id='word_1_506' title='bbox 3000 2441 3164 2496; x_wconf 90' lang='lat' dir='ltr'><strong>libeat</strong></span> <span class='ocrx_word' id='word_1_507' title='bbox 3201 2457 3326 2497; x_wconf 90' lang='lat' dir='ltr'><strong>cum</strong></span> <span class='ocrx_word' id='word_1_508' title='bbox 3356 2443 3672 2498; x_wconf 87' lang='lat' dir='ltr'><strong>hominibus</strong></span> 
     </span>
    </p>
   </div>
   <div class='ocr_carea' id='block_1_68' title="bbox 2106 2534 3670 2606">
    <p class='ocr_par' dir='ltr' id='par_1_68' title="bbox 2106 2534 3670 2606">
     <span class='ocr_line' id='line_1_68' title="bbox 2106 2534 3670 2606; baseline 0 -17"><span class='ocrx_word' id='word_1_509' title='bbox 2106 2550 2285 2606; x_wconf 86' lang='lat' dir='ltr'><strong>agere,</strong></span> <span class='ocrx_word' id='word_1_510' title='bbox 2305 2551 2373 2589; x_wconf 91' lang='lat' dir='ltr'><strong>ne</strong></span> <span class='ocrx_word' id='word_1_511' title='bbox 2390 2535 2666 2605; x_wconf 85' lang='lat' dir='ltr'><strong>indignam</strong></span> <span class='ocrx_word' id='word_1_512' title='bbox 2688 2534 2950 2600; x_wconf 89' lang='lat' dir='ltr'><strong>animam,</strong></span> <span class='ocrx_word' id='word_1_513' title='bbox 2977 2535 3286 2604; x_wconf 86' lang='lat' dir='ltr'><strong>eujusmodi</strong></span> <span class='ocrx_word' id='word_1_514' title='bbox 3311 2537 3493 2591; x_wconf 64' lang='lat' dir='ltr'><strong>multze</strong></span> <span class='ocrx_word' id='word_1_515' title='bbox 3519 2546 3670 2602; x_wconf 77' lang='lat' dir='ltr'><strong>sunt,</strong></span> 
     </span>
    </p>
   </div>
   <div class='ocr_carea' id='block_1_69' title="bbox 2104 2626 3673 2697">
    <p class='ocr_par' dir='ltr' id='par_1_69' title="bbox 2104 2626 3673 2697">
     <span class='ocr_line' id='line_1_69' title="bbox 2104 2626 3673 2697; baseline 0 -16"><span class='ocrx_word' id='word_1_516' title='bbox 2104 2628 2286 2682; x_wconf 88' lang='lat' dir='ltr'><strong>nudus</strong></span> <span class='ocrx_word' id='word_1_517' title='bbox 2315 2628 2630 2691; x_wconf 80' lang='lat' dir='ltr'><strong>et,intectus</strong></span> <span class='ocrx_word' id='word_1_518' title='bbox 2660 2626 2879 2681; x_wconf 89' lang='lat' dir='ltr'><strong>divinus</strong></span> <span class='ocrx_word' id='word_1_519' title='bbox 2909 2641 3090 2681; x_wconf 87' lang='lat' dir='ltr'><strong>sermo</strong></span> <span class='ocrx_word' id='word_1_520' title='bbox 3117 2627 3340 2692; x_wconf 88' lang='lat' dir='ltr'><strong>subeat;</strong></span> <span class='ocrx_word' id='word_1_521' title='bbox 3376 2626 3490 2682; x_wconf 86' lang='lat' dir='ltr'><strong>sive</strong></span> <span class='ocrx_word' id='word_1_522' title='bbox 3525 2626 3673 2697; x_wconf 82' lang='lat' dir='ltr'><strong>quod</strong></span> 
     </span>
    </p>
   </div>
   <div class='ocr_carea' id='block_1_70' title="bbox 2106 2719 3671 2790">
    <p class='ocr_par' dir='ltr' id='par_1_70' title="bbox 2106 2719 3671 2790">
     <span class='ocr_line' id='line_1_70' title="bbox 2106 2719 3671 2790; baseline 0.002 -18"><span class='ocrx_word' id='word_1_523' title='bbox 2106 2719 2509 2788; x_wconf 82' lang='lat' dir='ltr'><strong>apertissimum</strong></span> <span class='ocrx_word' id='word_1_524' title='bbox 2539 2719 2758 2789; x_wconf 90' lang='lat' dir='ltr'><strong>quidem</strong></span> <span class='ocrx_word' id='word_1_525' title='bbox 2791 2729 2987 2774; x_wconf 89' lang='lat' dir='ltr'><strong>natura</strong></span> <span class='ocrx_word' id='word_1_526' title='bbox 3012 2736 3077 2774; x_wconf 90' lang='lat' dir='ltr'><strong>ac</strong></span> <span class='ocrx_word' id='word_1_527' title='bbox 3102 2719 3565 2790; x_wconf 81' lang='lat' dir='ltr'><strong>simplicissimum</strong></span> <span class='ocrx_word' id='word_1_528' title='bbox 3599 2722 3671 2775; x_wconf 89' lang='lat' dir='ltr'><strong>sit</strong></span> 
     </span>
    </p>
   </div>
   <div class='ocr_carea' id='block_1_71' title="bbox 2105 2808 3672 2879">
    <p class='ocr_par' dir='ltr' id='par_1_71' title="bbox 2105 2808 3672 2879">
     <span class='ocr_line' id='line_1_71' title="bbox 2105 2808 3672 2879; baseline 0.002 -18"><span class='ocrx_word' id='word_1_529' title='bbox 2105 2822 2268 2862; x_wconf 89' lang='lat' dir='ltr'><strong>omne</strong></span> <span class='ocrx_word' id='word_1_530' title='bbox 2298 2808 2581 2862; x_wconf 84' lang='lat' dir='ltr'><strong>oraculum</strong></span> <span class='ocrx_word' id='word_1_531' title='bbox 2616 2808 2897 2875; x_wconf 90' lang='lat' dir='ltr'><strong>divinum;</strong></span> <span class='ocrx_word' id='word_1_532' title='bbox 2937 2808 3233 2877; x_wconf 24' lang='lat' dir='ltr'><strong>sed‘nobis</strong></span> <span class='ocrx_word' id='word_1_533' title='bbox 3260 2809 3354 2879; x_wconf 88' lang='lat' dir='ltr'><strong>qui</strong></span> <span class='ocrx_word' id='word_1_534' title='bbox 3391 2825 3421 2863; x_wconf 90' lang='lat' dir='ltr'><strong>a</strong></span> <span class='ocrx_word' id='word_1_535' title='bbox 3451 2808 3560 2863; x_wconf 90' lang='lat' dir='ltr'><strong>Deo</strong></span> <span class='ocrx_word' id='word_1_536' title='bbox 3586 2826 3672 2864; x_wconf 83' lang='lat' dir='ltr'><strong>re-</strong></span> 
     </span>
    </p>
   </div>
   <div class='ocr_carea' id='block_1_72' title="bbox 2103 2898 3668 2970">
    <p class='ocr_par' dir='ltr' id='par_1_72' title="bbox 2103 2898 3668 2970">
     <span class='ocr_line' id='line_1_72' title="bbox 2103 2898 3668 2970; baseline 0 -16"><span class='ocrx_word' id='word_1_537' title='bbox 2103 2898 2388 2964; x_wconf 87' lang='lat' dir='ltr'><strong>cessimus,</strong></span> <span class='ocrx_word' id='word_1_538' title='bbox 2413 2907 2467 2953; x_wconf 91' lang='lat' dir='ltr'><strong>et</strong></span> <span class='ocrx_word' id='word_1_539' title='bbox 2494 2899 2685 2953; x_wconf 89' lang='lat' dir='ltr'><strong>audire</strong></span> <span class='ocrx_word' id='word_1_540' title='bbox 2711 2908 2933 2969; x_wconf 90' lang='lat' dir='ltr'><strong>propter</strong></span> <span class='ocrx_word' id='word_1_541' title='bbox 2965 2907 3177 2969; x_wconf 90' lang='lat' dir='ltr'><strong>tempus</strong></span> <span class='ocrx_word' id='word_1_542' title='bbox 3201 2907 3255 2953; x_wconf 92' lang='lat' dir='ltr'><strong>et</strong></span> <span class='ocrx_word' id='word_1_543' title='bbox 3289 2900 3668 2970; x_wconf 88' lang='lat' dir='ltr'><strong>antiquitatem</strong></span> 
     </span>
    </p>
   </div>
   <div class='ocr_carea' id='block_1_73' title="bbox 2101 2989 3668 3056">
    <p class='ocr_par' dir='ltr' id='par_1_73' title="bbox 2101 2989 3668 3056">
     <span class='ocr_line' id='line_1_73' title="bbox 2101 2989 3668 3056; baseline 0.001 -12"><span class='ocrx_word' id='word_1_544' title='bbox 2101 2989 2468 3056; x_wconf 88' lang='lat' dir='ltr'><strong>desuevimus,</strong></span> <span class='ocrx_word' id='word_1_545' title='bbox 2503 2989 2797 3045; x_wconf 88' lang='lat' dir='ltr'><strong>obscurum</strong></span> <span class='ocrx_word' id='word_1_546' title='bbox 2846 3004 2910 3043; x_wconf 84' lang='lat' dir='ltr'><strong>ac</strong></span> <span class='ocrx_word' id='word_1_547' title='bbox 2953 2990 3353 3045; x_wconf 87' lang='lat' dir='ltr'><strong>tenebricosum</strong></span> <span class='ocrx_word' id='word_1_548' title='bbox 3398 2991 3668 3055; x_wconf 86' lang='lat' dir='ltr'><strong>videatur,</strong></span> 
     </span>
    </p>
   </div>
   <div class='ocr_carea' id='block_1_74' title="bbox 2107 3080 3670 3150">
    <p class='ocr_par' dir='ltr' id='par_1_74' title="bbox 2107 3080 3670 3150">
     <span class='ocr_line' id='line_1_74' title="bbox 2107 3080 3670 3150; baseline -0.001 -14"><span class='ocrx_word' id='word_1_549' title='bbox 2107 3082 2287 3137; x_wconf 90' lang='lat' dir='ltr'><strong>dicere</strong></span> <span class='ocrx_word' id='word_1_550' title='bbox 2314 3097 2422 3135; x_wconf 91' lang='lat' dir='ltr'><strong>non</strong></span> <span class='ocrx_word' id='word_1_551' title='bbox 2458 3081 2690 3150; x_wconf 90' lang='lat' dir='ltr'><strong>habeo);</strong></span> <span class='ocrx_word' id='word_1_552' title='bbox 2726 3088 2848 3134; x_wconf 89' lang='lat' dir='ltr'><strong>utut</strong></span> <span class='ocrx_word' id='word_1_553' title='bbox 2877 3080 2966 3147; x_wconf 91' lang='lat' dir='ltr'><strong>sit,</strong></span> <span class='ocrx_word' id='word_1_554' title='bbox 3019 3080 3301 3136; x_wconf 87' lang='lat' dir='ltr'><strong>declarans</strong></span> <span class='ocrx_word' id='word_1_555' title='bbox 3331 3091 3385 3136; x_wconf 94' lang='lat' dir='ltr'><strong>et</strong></span> <span class='ocrx_word' id='word_1_556' title='bbox 3413 3082 3464 3135; x_wconf 92' lang='lat' dir='ltr'><strong>in</strong></span> <span class='ocrx_word' id='word_1_557' title='bbox 3491 3082 3670 3136; x_wconf 91' lang='lat' dir='ltr'><strong>lucem</strong></span> 
     </span>
    </p>
   </div>
   <div class='ocr_carea' id='block_1_75' title="bbox 2100 3171 3669 3243">
    <p class='ocr_par' dir='ltr' id='par_1_75' title="bbox 2100 3171 3669 3243">
     <span class='ocr_line' id='line_1_75' title="bbox 2100 3171 3669 3243; baseline 0.001 -16"><span class='ocrx_word' id='word_1_558' title='bbox 2100 3171 2408 3243; x_wconf 83' lang='lat' dir='ltr'><strong>proferens,</strong></span> <span class='ocrx_word' id='word_1_559' title='bbox 2434 3172 2545 3229; x_wconf 87' lang='lat' dir='ltr'><strong>sive</strong></span> <span class='ocrx_word' id='word_1_560' title='bbox 2575 3174 2860 3242; x_wconf 68' lang='lat' dir='ltr'><strong>:rnigmata</strong></span> <span class='ocrx_word' id='word_1_561' title='bbox 2884 3172 3010 3235; x_wconf 86' lang='lat' dir='ltr'><strong>sint,</strong></span> <span class='ocrx_word' id='word_1_562' title='bbox 3052 3182 3307 3242; x_wconf 88' lang='lat' dir='ltr'><strong>tanquam</strong></span> <span class='ocrx_word' id='word_1_563' title='bbox 3349 3173 3578 3228; x_wconf 88' lang='lat' dir='ltr'><strong>idoneus</strong></span> <span class='ocrx_word' id='word_1_564' title='bbox 3615 3183 3669 3227; x_wconf 85' lang='lat' dir='ltr'><strong>et</strong></span> 
     </span>
    </p>
   </div>
   <div class='ocr_carea' id='block_1_76' title="bbox 2100 3262 3669 3333">
    <p class='ocr_par' dir='ltr' id='par_1_76' title="bbox 2100 3262 3669 3333">
     <span class='ocr_line' id='line_1_76' title="bbox 2100 3262 3669 3333; baseline 0.002 -18"><span class='ocrx_word' id='word_1_565' title='bbox 2100 3262 2624 3333; x_wconf 71' lang='lat' dir='ltr'><strong>intelligentissimus</strong></span> <span class='ocrx_word' id='word_1_566' title='bbox 2669 3262 2763 3316; x_wconf 89' lang='lat' dir='ltr'><strong>Dei</strong></span> <span class='ocrx_word' id='word_1_567' title='bbox 2808 3263 3056 3326; x_wconf 91' lang='lat' dir='ltr'><strong>auditor;</strong></span> <span class='ocrx_word' id='word_1_568' title='bbox 3105 3262 3217 3317; x_wconf 89' lang='lat' dir='ltr'><strong>sive</strong></span> <span class='ocrx_word' id='word_1_569' title='bbox 3260 3263 3554 3318; x_wconf 84' lang='lat' dir='ltr'><strong>obscurum</strong></span> <span class='ocrx_word' id='word_1_570' title='bbox 3605 3278 3669 3318; x_wconf 91' lang='lat' dir='ltr'><strong>ac</strong></span> 
     </span>
    </p>
   </div>
   <div class='ocr_carea' id='block_1_77' title="bbox 2100 3354 3669 3420">
    <p class='ocr_par' dir='ltr' id='par_1_77' title="bbox 2100 3354 3669 3420">
     <span class='ocr_line' id='line_1_77' title="bbox 2100 3354 3669 3420; baseline 0 -12"><span class='ocrx_word' id='word_1_571' title='bbox 2100 3354 2400 3409; x_wconf 79' lang='lat' dir='ltr'><strong>flexuosum</strong></span> <span class='ocrx_word' id='word_1_572' title='bbox 2433 3363 2626 3408; x_wconf 90' lang='lat' dir='ltr'><strong>natura</strong></span> <span class='ocrx_word' id='word_1_573' title='bbox 2670 3354 2806 3407; x_wconf 90' lang='lat' dir='ltr'><strong>nihil</strong></span> <span class='ocrx_word' id='word_1_574' title='bbox 2840 3354 3094 3420; x_wconf 85' lang='lat' dir='ltr'><strong>habeant,</strong></span> <span class='ocrx_word' id='word_1_575' title='bbox 3135 3369 3235 3408; x_wconf 87' lang='lat' dir='ltr'><strong>nec</strong></span> <span class='ocrx_word' id='word_1_576' title='bbox 3270 3354 3546 3408; x_wconf 88' lang='lat' dir='ltr'><strong>intellectu</strong></span> <span class='ocrx_word' id='word_1_577' title='bbox 3576 3370 3669 3409; x_wconf 88' lang='lat' dir='ltr'><strong>ar-</strong></span> 
     </span>
    </p>
   </div>
   <div class='ocr_carea' id='block_1_78' title="bbox 2098 3445 3669 3516">
    <p class='ocr_par' dir='ltr' id='par_1_78' title="bbox 2098 3445 3669 3516">
     <span class='ocr_line' id='line_1_78' title="bbox 2098 3445 3669 3516; baseline -0.001 -15"><span class='ocrx_word' id='word_1_578' title='bbox 2098 3447 2266 3501; x_wconf 88' lang='lat' dir='ltr'><strong>duum</strong></span> <span class='ocrx_word' id='word_1_579' title='bbox 2302 3446 2442 3516; x_wconf 91' lang='lat' dir='ltr'><strong>ipsi,</strong></span> <span class='ocrx_word' id='word_1_580' title='bbox 2466 3447 2560 3516; x_wconf 91' lang='lat' dir='ltr'><strong>qui</strong></span> <span class='ocrx_word' id='word_1_581' title='bbox 2599 3462 2742 3500; x_wconf 90' lang='lat' dir='ltr'><strong>unus</strong></span> <span class='ocrx_word' id='word_1_582' title='bbox 2780 3445 3025 3499; x_wconf 89' lang='lat' dir='ltr'><strong>omnium</strong></span> <span class='ocrx_word' id='word_1_583' title='bbox 3059 3445 3151 3515; x_wconf 89' lang='lat' dir='ltr'><strong>qui</strong></span> <span class='ocrx_word' id='word_1_584' title='bbox 3181 3460 3328 3500; x_wconf 89' lang='lat' dir='ltr'><strong>nunc</strong></span> <span class='ocrx_word' id='word_1_585' title='bbox 3354 3447 3543 3501; x_wconf 84' lang='lat' dir='ltr'><strong>vivunt</strong></span> <span class='ocrx_word' id='word_1_586' title='bbox 3569 3446 3669 3500; x_wconf 89' lang='lat' dir='ltr'><strong>ho-</strong></span> 
     </span>
    </p>
   </div>
   <div class='ocr_carea' id='block_1_79' title="bbox 2099 3536 3667 3606">
    <p class='ocr_par' dir='ltr' id='par_1_79' title="bbox 2099 3536 3667 3606">
     <span class='ocr_line' id='line_1_79' title="bbox 2099 3536 3667 3606; baseline 0.003 -15"><span class='ocrx_word' id='word_1_587' title='bbox 2099 3539 2331 3602; x_wconf 89' lang='lat' dir='ltr'><strong>minum,</strong></span> <span class='ocrx_word' id='word_1_588' title='bbox 2356 3553 2498 3606; x_wconf 88' lang='lat' dir='ltr'><strong>quos</strong></span> <span class='ocrx_word' id='word_1_589' title='bbox 2525 3537 2609 3592; x_wconf 84' lang='lat' dir='ltr'><strong>vel</strong></span> <span class='ocrx_word' id='word_1_590' title='bbox 2636 3537 2878 3591; x_wconf 85' lang='lat' dir='ltr'><strong>noverim</strong></span> <span class='ocrx_word' id='word_1_591' title='bbox 2904 3536 3036 3606; x_wconf 86' lang='lat' dir='ltr'><strong>ipse,</strong></span> <span class='ocrx_word' id='word_1_592' title='bbox 3070 3537 3151 3592; x_wconf 77' lang='lat' dir='ltr'><strong>vel</strong></span> <span class='ocrx_word' id='word_1_593' title='bbox 3178 3537 3301 3591; x_wconf 92' lang='lat' dir='ltr'><strong>aliis</strong></span> <span class='ocrx_word' id='word_1_594' title='bbox 3320 3538 3667 3595; x_wconf 86' lang='lat' dir='ltr'><strong>narrantibus</strong></span> 
     </span>
    </p>
   </div>
   <div class='ocr_carea' id='block_1_80' title="bbox 2097 3627 3668 3697">
    <p class='ocr_par' dir='ltr' id='par_1_80' title="bbox 2097 3627 3668 3697">
     <span class='ocr_line' id='line_1_80' title="bbox 2097 3627 3668 3697; baseline 0.001 -16"><span class='ocrx_word' id='word_1_595' title='bbox 2097 3627 2417 3694; x_wconf 85' lang='lat' dir='ltr'><strong>audiverim,</strong></span> <span class='ocrx_word' id='word_1_596' title='bbox 2455 3643 2589 3697; x_wconf 90' lang='lat' dir='ltr'><strong>pura</strong></span> <span class='ocrx_word' id='word_1_597' title='bbox 2621 3637 2783 3697; x_wconf 86' lang='lat' dir='ltr'><strong>atque</strong></span> <span class='ocrx_word' id='word_1_598' title='bbox 2826 3627 3112 3696; x_wconf 81' lang='lat' dir='ltr'><strong>perspicua</strong></span> <span class='ocrx_word' id='word_1_599' title='bbox 3148 3629 3368 3683; x_wconf 88' lang='lat' dir='ltr'><strong>oracula</strong></span> <span class='ocrx_word' id='word_1_600' title='bbox 3402 3630 3668 3684; x_wconf 83' lang='lat' dir='ltr'><strong>meditan-</strong></span> 
     </span>
    </p>
   </div>
   <div class='ocr_carea' id='block_1_81' title="bbox 2096 3720 3667 3792">
    <p class='ocr_par' dir='ltr' id='par_1_81' title="bbox 2096 3720 3667 3792">
     <span class='ocr_line' id='line_1_81' title="bbox 2096 3720 3667 3792; baseline 0.001 -16"><span class='ocrx_word' id='word_1_601' title='bbox 2096 3720 2187 3788; x_wconf 91' lang='lat' dir='ltr'><strong>do,</strong></span> <span class='ocrx_word' id='word_1_602' title='bbox 2219 3732 2273 3774; x_wconf 90' lang='lat' dir='ltr'><strong>et</strong></span> <span class='ocrx_word' id='word_1_603' title='bbox 2307 3735 2486 3775; x_wconf 85' lang='lat' dir='ltr'><strong>mente</strong></span> <span class='ocrx_word' id='word_1_604' title='bbox 2516 3721 2638 3789; x_wconf 88' lang='lat' dir='ltr'><strong>ipse</strong></span> <span class='ocrx_word' id='word_1_605' title='bbox 2679 3721 2954 3790; x_wconf 90' lang='lat' dir='ltr'><strong>percipere</strong></span> <span class='ocrx_word' id='word_1_606' title='bbox 2985 3731 3182 3790; x_wconf 90' lang='lat' dir='ltr'><strong>potest,</strong></span> <span class='ocrx_word' id='word_1_607' title='bbox 3216 3730 3269 3776; x_wconf 91' lang='lat' dir='ltr'><strong>et</strong></span> <span class='ocrx_word' id='word_1_608' title='bbox 3298 3724 3535 3792; x_wconf 90' lang='lat' dir='ltr'><strong>reliquos</strong></span> <span class='ocrx_word' id='word_1_609' title='bbox 3569 3723 3667 3777; x_wconf 76' lang='grc' dir='ltr'><strong>(ιο-</strong></span> 
     </span>
    </p>
   </div>
   <div class='ocr_carea' id='block_1_82' title="bbox 2095 3813 3664 3884">
    <p class='ocr_par' dir='ltr' id='par_1_82' title="bbox 2095 3813 3664 3884">
     <span class='ocr_line' id='line_1_82' title="bbox 2095 3813 3664 3884; baseline 0.001 -17"><span class='ocrx_word' id='word_1_610' title='bbox 2095 3829 2248 3881; x_wconf 88' lang='lat' dir='ltr'><strong>cere;</strong></span> <span class='ocrx_word' id='word_1_611' title='bbox 2282 3814 2538 3883; x_wconf 89' lang='lat' dir='ltr'><strong>quoniam</strong></span> <span class='ocrx_word' id='word_1_612' title='bbox 2571 3813 2660 3868; x_wconf 93' lang='lat' dir='ltr'><strong>ille</strong></span> <span class='ocrx_word' id='word_1_613' title='bbox 2688 3814 2933 3868; x_wconf 89' lang='lat' dir='ltr'><strong>omnium</strong></span> <span class='ocrx_word' id='word_1_614' title='bbox 2971 3815 3245 3883; x_wconf 87' lang='lat' dir='ltr'><strong>princeps,</strong></span> <span class='ocrx_word' id='word_1_615' title='bbox 3277 3815 3370 3884; x_wconf 91' lang='lat' dir='ltr'><strong>qui</strong></span> <span class='ocrx_word' id='word_1_616' title='bbox 3400 3814 3509 3869; x_wconf 91' lang='lat' dir='ltr'><strong>Deo</strong></span> <span class='ocrx_word' id='word_1_617' title='bbox 3531 3814 3664 3869; x_wconf 68' lang='lat' dir='ltr'><strong>eha~</strong></span> 
     </span>
    </p>
   </div>
   <div class='ocr_carea' id='block_1_83' title="bbox 2094 3905 3663 3977">
    <p class='ocr_par' dir='ltr' id='par_1_83' title="bbox 2094 3905 3663 3977">
     <span class='ocr_line' id='line_1_83' title="bbox 2094 3905 3663 3977; baseline -0.001 -15"><span class='ocrx_word' id='word_1_618' title='bbox 2094 3908 2172 3963; x_wconf 87' lang='lat' dir='ltr'><strong>ris</strong></span> <span class='ocrx_word' id='word_1_619' title='bbox 2202 3907 2483 3977; x_wconf 89' lang='lat' dir='ltr'><strong>prophetis</strong></span> <span class='ocrx_word' id='word_1_620' title='bbox 2514 3905 2756 3977; x_wconf 73' lang='lat' dir='ltr'><strong>suggerit</strong></span> <span class='ocrx_word' id='word_1_621' title='bbox 2795 3915 2959 3975; x_wconf 89' lang='lat' dir='ltr'><strong>atque</strong></span> <span class='ocrx_word' id='word_1_622' title='bbox 3002 3907 3233 3977; x_wconf 88' lang='lat' dir='ltr'><strong>inspirat</strong></span> <span class='ocrx_word' id='word_1_623' title='bbox 3273 3922 3489 3961; x_wconf 89' lang='lat' dir='ltr'><strong>omnem</strong></span> <span class='ocrx_word' id='word_1_624' title='bbox 3529 3921 3663 3977; x_wconf 79' lang='lat' dir='ltr'><strong>pro-</strong></span> 
     </span>
    </p>
   </div>
   <div class='ocr_carea' id='block_1_84' title="bbox 2093 3996 3662 4069">
    <p class='ocr_par' dir='ltr' id='par_1_84' title="bbox 2093 3996 3662 4069">
     <span class='ocr_line' id='line_1_84' title="bbox 2093 3996 3662 4069; baseline 0 -17"><span class='ocrx_word' id='word_1_625' title='bbox 2093 3998 2330 4069; x_wconf 90' lang='lat' dir='ltr'><strong>phetiam</strong></span> <span class='ocrx_word' id='word_1_626' title='bbox 2383 4010 2799 4065; x_wconf 84' lang='lat' dir='ltr'><strong>sermonemque</strong></span> <span class='ocrx_word' id='word_1_627' title='bbox 2848 3996 3139 4066; x_wconf 85' lang='lat' dir='ltr'><strong>mysticum</strong></span> <span class='ocrx_word' id='word_1_628' title='bbox 3183 4011 3247 4050; x_wconf 91' lang='lat' dir='ltr'><strong>ac</strong></span> <span class='ocrx_word' id='word_1_629' title='bbox 3289 3996 3554 4061; x_wconf 91' lang='lat' dir='ltr'><strong>divinum,</strong></span> <span class='ocrx_word' id='word_1_630' title='bbox 3594 4010 3662 4052; x_wconf 89' lang='lat' dir='ltr'><strong>eo</strong></span> 
     </span>
    </p>
   </div>
   <div class='ocr_carea' id='block_1_85' title="bbox 2094 4086 3659 4156">
    <p class='ocr_par' dir='ltr' id='par_1_85' title="bbox 2094 4086 3659 4156">
     <span class='ocr_line' id='line_1_85' title="bbox 2094 4086 3659 4156; baseline -0.002 -12"><span class='ocrx_word' id='word_1_631' title='bbox 2094 4090 2246 4145; x_wconf 89' lang='lat' dir='ltr'><strong>illum</strong></span> <span class='ocrx_word' id='word_1_632' title='bbox 2290 4089 2492 4142; x_wconf 91' lang='lat' dir='ltr'><strong>honore</strong></span> <span class='ocrx_word' id='word_1_633' title='bbox 2542 4086 2778 4142; x_wconf 83' lang='lat' dir='ltr'><strong>alliciens</strong></span> <span class='ocrx_word' id='word_1_634' title='bbox 2830 4087 2977 4140; x_wconf 89' lang='lat' dir='ltr'><strong>velut</strong></span> <span class='ocrx_word' id='word_1_635' title='bbox 3021 4087 3277 4152; x_wconf 88' lang='lat' dir='ltr'><strong>amicum,</strong></span> <span class='ocrx_word' id='word_1_636' title='bbox 3307 4088 3659 4156; x_wconf 84' lang='lat' dir='ltr'><strong>interpretem</strong></span> 
     </span>
    </p>
   </div>
   <div class='ocr_carea' id='block_1_86' title="bbox 2093 4179 3662 4250">
    <p class='ocr_par' dir='ltr' id='par_1_86' title="bbox 2093 4179 3662 4250">
     <span class='ocr_line' id='line_1_86' title="bbox 2093 4179 3662 4250; baseline -0.001 -14"><span class='ocrx_word' id='word_1_637' title='bbox 2093 4181 2413 4237; x_wconf 88' lang='lat' dir='ltr'><strong>constituit:</strong></span> <span class='ocrx_word' id='word_1_638' title='bbox 2446 4195 2568 4250; x_wconf 73' lang='lat' dir='ltr'><strong>qua:</strong></span> <span class='ocrx_word' id='word_1_639' title='bbox 2590 4179 2714 4235; x_wconf 91' lang='lat' dir='ltr'><strong>aliis</strong></span> <span class='ocrx_word' id='word_1_640' title='bbox 2746 4179 3007 4234; x_wconf 87' lang='lat' dir='ltr'><strong>indicavit</strong></span> <span class='ocrx_word' id='word_1_641' title='bbox 3035 4179 3317 4245; x_wconf 81' lang='lat' dir='ltr'><strong>duntaxat,</strong></span> <span class='ocrx_word' id='word_1_642' title='bbox 3350 4192 3538 4233; x_wconf 88' lang='lat' dir='ltr'><strong>eorum</strong></span> <span class='ocrx_word' id='word_1_643' title='bbox 3565 4193 3662 4249; x_wconf 83' lang='lat' dir='ltr'><strong>per</strong></span> 
     </span>
    </p>
   </div>
   <div class='ocr_carea' id='block_1_87' title="bbox 2092 4269 3656 4340">
    <p class='ocr_par' dir='ltr' id='par_1_87' title="bbox 2092 4269 3656 4340">
     <span class='ocr_line' id='line_1_87' title="bbox 2092 4269 3656 4340; baseline -0.002 -13"><span class='ocrx_word' id='word_1_644' title='bbox 2092 4273 2240 4327; x_wconf 89' lang='lat' dir='ltr'><strong>hunc</strong></span> <span class='ocrx_word' id='word_1_645' title='bbox 2292 4271 2582 4327; x_wconf 89' lang='lat' dir='ltr'><strong>instituens</strong></span> <span class='ocrx_word' id='word_1_646' title='bbox 2636 4269 3016 4339; x_wconf 87' lang='lat' dir='ltr'><strong>disciplinam;</strong></span> <span class='ocrx_word' id='word_1_647' title='bbox 3058 4281 3111 4323; x_wconf 90' lang='lat' dir='ltr'><strong>et</strong></span> <span class='ocrx_word' id='word_1_648' title='bbox 3150 4273 3493 4339; x_wconf 78' lang='lat' dir='ltr'><strong>quaecunque</strong></span> <span class='ocrx_word' id='word_1_649' title='bbox 3518 4270 3656 4340; x_wconf 87' lang='lat' dir='ltr'><strong>ipse,</strong></span> 
     </span>
    </p>
   </div>
   <div class='ocr_carea' id='block_1_88' title="bbox 2091 4359 3655 4433">
    <p class='ocr_par' dir='ltr' id='par_1_88' title="bbox 2091 4359 3655 4433">
     <span class='ocr_line' id='line_1_88' title="bbox 2091 4359 3655 4433; baseline -0.002 -16"><span class='ocrx_word' id='word_1_650' title='bbox 2091 4363 2239 4418; x_wconf 90' lang='lat' dir='ltr'><strong>omni</strong></span> <span class='ocrx_word' id='word_1_651' title='bbox 2268 4362 2372 4417; x_wconf 77' lang='lat' dir='ltr'><strong>(ide</strong></span> <span class='ocrx_word' id='word_1_652' title='bbox 2409 4361 2627 4433; x_wconf 87' lang='lat' dir='ltr'><strong>dignus,</strong></span> <span class='ocrx_word' id='word_1_653' title='bbox 2669 4370 2763 4415; x_wconf 90' lang='lat' dir='ltr'><strong>aut</strong></span> <span class='ocrx_word' id='word_1_654' title='bbox 2799 4360 2950 4432; x_wconf 83' lang='lat' dir='ltr'><strong>regio</strong></span> <span class='ocrx_word' id='word_1_655' title='bbox 2993 4374 3145 4413; x_wconf 91' lang='lat' dir='ltr'><strong>more</strong></span> <span class='ocrx_word' id='word_1_656' title='bbox 3172 4359 3339 4429; x_wconf 85' lang='lat' dir='ltr'><strong>jussit</strong></span> <span class='ocrx_word' id='word_1_657' title='bbox 3371 4367 3466 4414; x_wconf 90' lang='lat' dir='ltr'><strong>aut</strong></span> <span class='ocrx_word' id='word_1_658' title='bbox 3490 4361 3655 4415; x_wconf 90' lang='lat' dir='ltr'><strong>etiam</strong></span> 
     </span>
    </p>
   </div>
   <div class='ocr_carea' id='block_1_89' title="bbox 2091 4452 3659 4523">
    <p class='ocr_par' dir='ltr' id='par_1_89' title="bbox 2091 4452 3659 4523">
     <span class='ocr_line' id='line_1_89' title="bbox 2091 4452 3659 4523; baseline -0.002 -14"><span class='ocrx_word' id='word_1_659' title='bbox 2091 4453 2487 4523; x_wconf 88' lang='lat' dir='ltr'><strong>pronuntiavit,</strong></span> <span class='ocrx_word' id='word_1_660' title='bbox 2545 4467 2732 4507; x_wconf 89' lang='lat' dir='ltr'><strong>eorum</strong></span> <span class='ocrx_word' id='word_1_661' title='bbox 2796 4452 3035 4506; x_wconf 86' lang='lat' dir='ltr'><strong>rationes</strong></span> <span class='ocrx_word' id='word_1_662' title='bbox 3086 4452 3411 4522; x_wconf 87' lang='lat' dir='ltr'><strong>investigare</strong></span> <span class='ocrx_word' id='word_1_663' title='bbox 3465 4461 3520 4506; x_wconf 91' lang='lat' dir='ltr'><strong>et</strong></span> <span class='ocrx_word' id='word_1_664' title='bbox 3569 4452 3659 4506; x_wconf 78' lang='lat' dir='ltr'><strong>ad-</strong></span> 
     </span>
    </p>
   </div>
   <div class='ocr_carea' id='block_1_90' title="bbox 427 4532 1998 4627">
    <p class='ocr_par' dir='ltr' id='par_1_90' title="bbox 427 4532 1986 4627">
     <span class='ocr_line' id='line_1_90' title="bbox 427 4532 1986 4627; baseline -0.006 -15"><span class='ocrx_word' id='word_1_665' title='bbox 427 4532 705 4627; x_wconf 52' lang='grc' dir='ltr'>ἀπίστοιςνῆ</span> <span class='ocrx_word' id='word_1_666' title='bbox 728 4556 822 4610; x_wconf 77' lang='grc' dir='ltr'>καὶ</span> <span class='ocrx_word' id='word_1_667' title='bbox 852 4537 1155 4625; x_wconf 85' lang='grc' dir='ltr'>φιλομαθὴς</span> <span class='ocrx_word' id='word_1_668' title='bbox 1182 4551 1257 4604; x_wconf 85' lang='grc' dir='ltr'>ὣν</span> <span class='ocrx_word' id='word_1_669' title='bbox 1285 4550 1456 4621; x_wconf 83' lang='grc' dir='ltr'>τύχοι,</span> <span class='ocrx_word' id='word_1_670' title='bbox 1489 4548 1639 4624; x_wconf 84' lang='grc' dir='ltr'>παρὰ</span> <span class='ocrx_word' id='word_1_671' title='bbox 1661 4549 1850 4604; x_wconf 86' lang='grc' dir='ltr'>τούτου</span> <span class='ocrx_word' id='word_1_672' title='bbox 1882 4568 1986 4621; x_wconf 86' lang='grc' dir='ltr'>μα-</span> 
     </span>
    </p>
   </div>
   <div class='ocr_carea' id='block_1_91' title="bbox 2100 4532 3659 4627">
    <p class='ocr_par' dir='ltr' id='par_1_91' title="bbox 2100 4541 3659 4614">
     <span class='ocr_line' id='line_1_91' title="bbox 2100 4541 3659 4614; baseline -0.003 -14"><span class='ocrx_word' id='word_1_673' title='bbox 2100 4544 2332 4600; x_wconf 69' lang='lat' dir='ltr'><strong>invenire</strong></span> <span class='ocrx_word' id='word_1_674' title='bbox 2378 4544 2506 4598; x_wconf 90' lang='lat' dir='ltr'><strong>huic</strong></span> <span class='ocrx_word' id='word_1_675' title='bbox 2552 4542 2782 4614; x_wconf 86' lang='lat' dir='ltr'><strong>largitus</strong></span> <span class='ocrx_word' id='word_1_676' title='bbox 2813 4560 2825 4596; x_wconf 92' lang='lat'>:</span> <span class='ocrx_word' id='word_1_677' title='bbox 2862 4550 2920 4596; x_wconf 90' lang='lat' dir='ltr'><strong>ut</strong></span> <span class='ocrx_word' id='word_1_678' title='bbox 2953 4542 2999 4596; x_wconf 90' lang='lat' dir='ltr'><strong>si</strong></span> <span class='ocrx_word' id='word_1_679' title='bbox 3032 4541 3157 4611; x_wconf 89' lang='lat' dir='ltr'><strong>quis</strong></span> <span class='ocrx_word' id='word_1_680' title='bbox 3188 4541 3372 4596; x_wconf 89' lang='lat' dir='ltr'><strong>animo</strong></span> <span class='ocrx_word' id='word_1_681' title='bbox 3397 4541 3569 4599; x_wconf 90' lang='lat' dir='ltr'><strong>durus</strong></span> <span class='ocrx_word' id='word_1_682' title='bbox 3602 4551 3659 4597; x_wconf 91' lang='lat' dir='ltr'><strong>et</strong></span> 
     </span>
    </p>
   </div>
   <div class='ocr_carea' id='block_1_92' title="bbox 430 4640 1990 4713">
    <p class='ocr_par' dir='ltr' id='par_1_92' title="bbox 430 4640 1990 4713">
     <span class='ocr_line' id='line_1_92' title="bbox 430 4640 1990 4713; baseline -0.004 -9"><span class='ocrx_word' id='word_1_683' title='bbox 430 4643 558 4713; x_wconf 79' lang='grc' dir='ltr'>θὼν,</span> <span class='ocrx_word' id='word_1_684' title='bbox 588 4640 691 4703; x_wconf 61' lang='grc' dir='ltr'>’καὶ</span> <span class='ocrx_word' id='word_1_685' title='bbox 720 4650 956 4701; x_wconf 85' lang='grc' dir='ltr'>συνεῖναι</span> <span class='ocrx_word' id='word_1_686' title='bbox 1014 4645 1107 4698; x_wconf 84' lang='grc' dir='ltr'><strong>καί</strong></span> <span class='ocrx_word' id='word_1_687' title='bbox 1155 4642 1428 4698; x_wconf 84' lang='grc' dir='ltr'>πιστεύειν</span> <span class='ocrx_word' id='word_1_688' title='bbox 1480 4641 1694 4696; x_wconf 79' lang='grc' dir='ltr'>ἑλέσθαι</span> <span class='ocrx_word' id='word_1_689' title='bbox 1749 4643 1990 4712; x_wconf 81' lang='grc' dir='ltr'>ἀναγκά-</span> 
     </span>
    </p>
   </div>
   <div class='ocr_carea' id='block_1_93' title="bbox 379 4734 1990 4811">
    <p class='ocr_par' dir='ltr' id='par_1_93' title="bbox 379 4734 1990 4811">
     <span class='ocr_line' id='line_1_93' title="bbox 379 4734 1990 4811; baseline -0.005 -14"><span class='ocrx_word' id='word_1_690' title='bbox 379 4794 384 4797; x_wconf 85' lang='grc'>.</span> <span class='ocrx_word' id='word_1_691' title='bbox 431 4741 577 4807; x_wconf 65' lang='lat' dir='ltr'><strong>Cotto</strong></span> <span class='ocrx_word' id='word_1_692' title='bbox 603 4738 799 4811; x_wconf 89' lang='grc' dir='ltr'>τρόπον</span> <span class='ocrx_word' id='word_1_693' title='bbox 829 4737 967 4805; x_wconf 85' lang='grc' dir='ltr'>τινὰ,</span> <span class='ocrx_word' id='word_1_694' title='bbox 1001 4737 1095 4791; x_wconf 63' lang='grc' dir='ltr'><strong>καὶ⁴</strong></span> <span class='ocrx_word' id='word_1_695' title='bbox 1122 4736 1349 4791; x_wconf 72' lang='grc' dir='ltr'>ἕπεσθαι</span> <span class='ocrx_word' id='word_1_696' title='bbox 1371 4734 1510 4806; x_wconf 82' lang='grc' dir='ltr'><strong>Θεῷ.</strong></span> <span class='ocrx_word' id='word_1_697' title='bbox 1538 4735 1702 4804; x_wconf 85' lang='grc' dir='ltr'>Λέγει</span> <span class='ocrx_word' id='word_1_698' title='bbox 1727 4751 1788 4788; x_wconf 88' lang='grc' dir='ltr'><strong>τε</strong></span> <span class='ocrx_word' id='word_1_699' title='bbox 1816 4734 1990 4790; x_wconf 86' lang='grc' dir='ltr'>ταῦτα</span> 
     </span>
    </p>
   </div>
   <div class='ocr_carea' id='block_1_94' title="bbox 429 4825 1983 4902">
    <p class='ocr_par' dir='ltr' id='par_1_94' title="bbox 429 4825 1983 4902">
     <span class='ocr_line' id='line_1_94' title="bbox 429 4825 1983 4902; baseline -0.007 -14"><span class='ocrx_word' id='word_1_700' title='bbox 429 4834 533 4888; x_wconf 83' lang='grc' dir='ltr'><strong>οὐκ</strong></span> <span class='ocrx_word' id='word_1_701' title='bbox 570 4832 763 4897; x_wconf 83' lang='grc' dir='ltr'>ἄλλως,</span> <span class='ocrx_word' id='word_1_702' title='bbox 793 4827 967 4902; x_wconf 78' lang='grc' dir='ltr'>οἶμαι,</span> <span class='ocrx_word' id='word_1_703' title='bbox 1000 4830 1034 4902; x_wconf 84' lang='grc' dir='ltr'>ἢ</span> <span class='ocrx_word' id='word_1_704' title='bbox 1076 4828 1328 4900; x_wconf 71' lang='grc' dir='ltr'>κοινωνίᾳ</span> <span class='ocrx_word' id='word_1_705' title='bbox 1347 4826 1441 4881; x_wconf 88' lang='grc' dir='ltr'><strong>τοῦ</strong></span> <span class='ocrx_word' id='word_1_706' title='bbox 1474 4826 1618 4880; x_wconf 88' lang='grc' dir='ltr'>θείου</span> <span class='ocrx_word' id='word_1_707' title='bbox 1650 4825 1983 4897; x_wconf 71' lang='grc' dir='ltr'>Πνεύματος·</span> 
     </span>
    </p>
   </div>
   <div class='ocr_carea' id='block_1_95' title="bbox 384 4912 1988 4997">
    <p class='ocr_par' dir='ltr' id='par_1_95' title="bbox 384 4912 1988 4997">
     <span class='ocr_line' id='line_1_95' title="bbox 384 4912 1988 4997; baseline -0.006 -18"><span class='ocrx_word' id='word_1_708' title='bbox 384 4912 388 4915; x_wconf 13' lang='grc' dir='ltr'><strong>Ἴ</strong></span> <span class='ocrx_word' id='word_1_709' title='bbox 430 4925 528 4997; x_wconf 84' lang='grc' dir='ltr'>τῆς</span> <span class='ocrx_word' id='word_1_710' title='bbox 568 4924 678 4996; x_wconf 85' lang='grc' dir='ltr'>γὰρ</span> <span class='ocrx_word' id='word_1_711' title='bbox 724 4923 890 4994; x_wconf 81' lang='grc' dir='ltr'>αὐτῆς</span> <span class='ocrx_word' id='word_1_712' title='bbox 930 4922 1208 4992; x_wconf 82' lang='grc' dir='ltr'>δυνάμεως</span> <span class='ocrx_word' id='word_1_713' title='bbox 1237 4919 1318 4973; x_wconf 87' lang='grc' dir='ltr'><strong>δεῖ</strong></span> <span class='ocrx_word' id='word_1_714' title='bbox 1367 4916 1763 4990; x_wconf 86' lang='grc' dir='ltr'>προφητεύουσί</span> <span class='ocrx_word' id='word_1_715' title='bbox 1793 4934 1851 4971; x_wconf 86' lang='grc' dir='ltr'><strong>τε</strong></span> <span class='ocrx_word' id='word_1_716' title='bbox 1893 4918 1988 4971; x_wconf 80' lang='grc' dir='ltr'><strong>καὶ</strong></span> 
     </span>
    </p>
   </div>
   <div class='ocr_carea' id='block_1_96' title="bbox 431 5010 1985 5092">
    <p class='ocr_par' dir='ltr' id='par_1_96' title="bbox 431 5010 1985 5092">
     <span class='ocr_line' id='line_1_96' title="bbox 431 5010 1985 5092; baseline -0.008 -18"><span class='ocrx_word' id='word_1_717' title='bbox 431 5018 794 5092; x_wconf 83' lang='grc' dir='ltr'>ἀκροωμένοις</span> <span class='ocrx_word' id='word_1_718' title='bbox 821 5016 1131 5089; x_wconf 86' lang='grc' dir='ltr'>προφητῶν·</span> <span class='ocrx_word' id='word_1_719' title='bbox 1166 5014 1257 5084; x_wconf 78' lang='grc' dir='ltr'><strong>καὶ</strong></span> <span class='ocrx_word' id='word_1_720' title='bbox 1289 5012 1484 5070; x_wconf 77' lang='grc' dir='ltr'>οὐκᾶν</span> <span class='ocrx_word' id='word_1_721' title='bbox 1516 5010 1742 5064; x_wconf 83' lang='grc' dir='ltr'>ἀκούσαι</span> <span class='ocrx_word' id='word_1_722' title='bbox 1774 5011 1985 5081; x_wconf 84' lang='grc' dir='ltr'>προφή-</span> 
     </span>
    </p>
   </div>
   <div class='ocr_carea' id='block_1_97' title="bbox 429 5100 1987 5179">
    <p class='ocr_par' dir='ltr' id='par_1_97' title="bbox 429 5100 1987 5179">
     <span class='ocr_line' id='line_1_97' title="bbox 429 5100 1987 5179; baseline -0.007 -14"><span class='ocrx_word' id='word_1_723' title='bbox 429 5126 545 5175; x_wconf 87' lang='grc' dir='ltr'>του,</span> <span class='ocrx_word' id='word_1_724' title='bbox 577 5100 624 5176; x_wconf 83' lang='grc' dir='ltr'>ᾧ</span> <span class='ocrx_word' id='word_1_725' title='bbox 658 5107 732 5179; x_wconf 80' lang='grc' dir='ltr'>μὴ</span> <span class='ocrx_word' id='word_1_726' title='bbox 759 5107 890 5160; x_wconf 77' lang='grc' dir='ltr'>αὐτὸ</span> <span class='ocrx_word' id='word_1_727' title='bbox 915 5106 979 5161; x_wconf 70' lang='grc' dir='ltr'>τὸ</span> <span class='ocrx_word' id='word_1_728' title='bbox 1004 5104 1230 5175; x_wconf 70' lang='grc' dir='ltr'>Πνεῦμα</span> <span class='ocrx_word' id='word_1_729' title='bbox 1253 5103 1312 5158; x_wconf 83' lang='grc' dir='ltr'><strong>τὸ</strong></span> <span class='ocrx_word' id='word_1_730' title='bbox 1339 5101 1720 5174; x_wconf 80' lang='grc' dir='ltr'>προφητεῦσαν</span> <span class='ocrx_word' id='word_1_731' title='bbox 1746 5100 1840 5172; x_wconf 83' lang='grc' dir='ltr'>τὴν</span> <span class='ocrx_word' id='word_1_732' title='bbox 1864 5100 1987 5179; x_wconf 83' lang='grc' dir='ltr'>σύν-</span> 
     </span>
    </p>
   </div>
   <div class='ocr_carea' id='block_1_98' title="bbox 428 5178 1982 5275">
    <p class='ocr_par' dir='ltr' id='par_1_98' title="bbox 428 5178 1982 5275">
     <span class='ocr_line' id='line_1_98' title="bbox 428 5178 1982 5275; baseline -0.008 -15"><span class='ocrx_word' id='word_1_733' title='bbox 428 5220 544 5260; x_wconf 86' lang='grc' dir='ltr'>εσιν</span> <span class='ocrx_word' id='word_1_734' title='bbox 573 5201 680 5258; x_wconf 82' lang='grc' dir='ltr'>τῶν</span> <span class='ocrx_word' id='word_1_735' title='bbox 728 5199 892 5256; x_wconf 83' lang='grc' dir='ltr'>αὑτοῦ</span> <span class='ocrx_word' id='word_1_736' title='bbox 916 5200 1087 5267; x_wconf 90' lang='grc' dir='ltr'>λόγων</span> <span class='ocrx_word' id='word_1_737' title='bbox 1128 5199 1454 5269; x_wconf 78' lang='grc' dir='ltr'>ἐδωρήσατο.</span> <span class='ocrx_word' id='word_1_738' title='bbox 1476 5194 1723 5249; x_wconf 86' lang='grc' dir='ltr'>Τοιοῦτον</span> <span class='ocrx_word' id='word_1_739' title='bbox 1742 5178 1982 5275; x_wconf 65' lang='grc' dir='ltr'>ἔγκειται</span> 
     </span>
    </p>
   </div>
   <div class='ocr_carea' id='block_1_99' title="bbox 496 5392 1982 5473">
    <p class='ocr_par' dir='ltr' id='par_1_99' title="bbox 496 5392 1982 5473">
     <span class='ocr_line' id='line_1_99' title="bbox 496 5392 1982 5473; baseline -0.009 -15"><span class='ocrx_word' id='word_1_740' title='bbox 496 5401 609 5473; x_wconf 72' lang='lat'><strong>(26)</strong></span> <span class='ocrx_word' id='word_1_741' title='bbox 646 5397 1069 5473; x_wconf 61' lang='grc' dir='ltr'>Ὑποφητεύων.</span> <span class='ocrx_word' id='word_1_742' title='bbox 1087 5396 1399 5473; x_wconf 40' lang='grc' dir='ltr'>’Υποφ-ήτης</span> <span class='ocrx_word' id='word_1_743' title='bbox 1420 5393 1638 5459; x_wconf 90' lang='lat' dir='ltr'><strong>dicitur,</strong></span> <span class='ocrx_word' id='word_1_744' title='bbox 1663 5392 1982 5473; x_wconf 77' lang='lat' dir='ltr'><strong>qui_or:acu-</strong></span> 
     </span>
    </p>
   </div>
   <div class='ocr_carea' id='block_1_100' title="bbox 424 5463 1977 5542">
    <p class='ocr_par' dir='ltr' id='par_1_100' title="bbox 424 5463 1977 5542">
     <span class='ocr_line' id='line_1_100' title="bbox 424 5463 1977 5542; baseline -0.009 -12"><span class='ocrx_word' id='word_1_745' title='bbox 424 5463 536 5530; x_wconf 79' lang='lat' dir='ltr'><strong>lum</strong></span> <span class='ocrx_word' id='word_1_746' title='bbox 551 5463 860 5542; x_wconf 65' lang='lat' dir='ltr'><strong>a&#39;prophéta</strong></span> <span class='ocrx_word' id='word_1_747' title='bbox 872 5474 1179 5542; x_wconf 75' lang='lat' dir='ltr'><strong>susceptum</strong></span> <span class='ocrx_word' id='word_1_748' title='bbox 1203 5463 1423 5542; x_wconf 78' lang='lat' dir='ltr'><strong>ad_alios</strong></span> <span class='ocrx_word' id='word_1_749' title='bbox 1442 5472 1717 5535; x_wconf 80' lang='lat' dir='ltr'><strong>propagat.</strong></span> <span class='ocrx_word' id='word_1_750' title='bbox 1746 5463 1977 5542; x_wconf 57' lang='lat' dir='ltr'><strong>Bassus.</strong></span> 
     </span>
    </p>
   </div>
   <div class='ocr_carea' id='block_1_101' title="bbox 497 5533 1981 5614">
    <p class='ocr_par' dir='ltr' id='par_1_101' title="bbox 497 5533 1981 5614">
     <span class='ocr_line' id='line_1_101' title="bbox 497 5533 1981 5614; baseline -0.005 -19"><span class='ocrx_word' id='word_1_751' title='bbox 497 5533 621 5614; x_wconf 65' lang='grc' dir='ltr'>(επ</span> <span class='ocrx_word' id='word_1_752' title='bbox 646 5533 878 5614; x_wconf 57' lang='grc' dir='ltr'>Λόγων.</span> <span class='ocrx_word' id='word_1_753' title='bbox 911 5533 1236 5614; x_wconf 61' lang='lat' dir='ltr'><strong>Dirninutjva</strong></span> <span class='ocrx_word' id='word_1_754' title='bbox 1266 5533 1481 5614; x_wconf 40' lang='lat' dir='ltr'><strong>forma“;</strong></span> <span class='ocrx_word' id='word_1_755' title='bbox 1523 5533 1647 5588; x_wconf 88' lang='lat' dir='ltr'><strong>nam</strong></span> <span class='ocrx_word' id='word_1_756' title='bbox 1674 5533 1901 5614; x_wconf 50' lang='lat' dir='ltr'><strong>oracula</strong></span> <span class='ocrx_word' id='word_1_757' title='bbox 1926 5541 1981 5614; x_wconf 71' lang='lat' dir='ltr'><strong>et</strong></span> 
     </span>
    </p>
   </div>
   <div class='ocr_carea' id='block_1_102' title="bbox 426 5603 1979 5682">
    <p class='ocr_par' dir='ltr' id='par_1_102' title="bbox 426 5603 1979 5682">
     <span class='ocr_line' id='line_1_102' title="bbox 426 5603 1979 5682; baseline -0.003 -20"><span class='ocrx_word' id='word_1_758' title='bbox 426 5603 663 5682; x_wconf 75' lang='lat' dir='ltr'><strong>ﬁdelium</strong></span> <span class='ocrx_word' id='word_1_759' title='bbox 694 5603 749 5682; x_wconf 89' lang='lat' dir='ltr'><strong>(I</strong></span> <span class='ocrx_word' id='word_1_760' title='bbox 764 5608 911 5664; x_wconf 89' lang='lat' dir='ltr'><strong>Sam.</strong></span> <span class='ocrx_word' id='word_1_761' title='bbox 932 5622 1113 5682; x_wconf 42' lang='lat' dir='ltr'><strong>sint,</strong></span> <span class='ocrx_word' id='word_1_762' title='bbox 1134 5605 1228 5682; x_wconf 76' lang='lat'><strong>2)_,</strong></span> <span class='ocrx_word' id='word_1_763' title='bbox 1253 5615 1306 5658; x_wconf 90' lang='lat' dir='ltr'><strong>et</strong></span> <span class='ocrx_word' id='word_1_764' title='bbox 1330 5605 1590 5682; x_wconf 76' lang='lat' dir='ltr'><strong>gentium,</strong></span> <span class='ocrx_word' id='word_1_765' title='bbox 1636 5619 1693 5658; x_wconf 87' lang='lat' dir='ltr'><strong>v.</strong></span> <span class='ocrx_word' id='word_1_766' title='bbox 1734 5619 1814 5673; x_wconf 89' lang='lat' dir='ltr'><strong>gr.</strong></span> <span class='ocrx_word' id='word_1_767' title='bbox 1847 5603 1979 5657; x_wconf 88' lang='lat' dir='ltr'><strong>illud</strong></span> 
     </span>
    </p>
   </div>
   <div class='ocr_carea' id='block_1_103' title="bbox 425 5675 1979 5755">
    <p class='ocr_par' dir='ltr' id='par_1_103' title="bbox 425 5675 1979 5755">
     <span class='ocr_line' id='line_1_103' title="bbox 425 5675 1979 5755; baseline -0.008 -18"><span class='ocrx_word' id='word_1_768' title='bbox 425 5683 569 5755; x_wconf 86' lang='lat' dir='ltr'><strong>quod</strong></span> <span class='ocrx_word' id='word_1_769' title='bbox 597 5675 819 5755; x_wconf 52' lang='lat' dir='ltr'><strong>Croesus</strong></span> <span class='ocrx_word' id='word_1_770' title='bbox 843 5678 1036 5743; x_wconf 86' lang='lat' dir='ltr'><strong>audiit,</strong></span> <span class='ocrx_word' id='word_1_771' title='bbox 1069 5675 1370 5730; x_wconf 69' lang='lat' dir='ltr'><strong>brevitatem</strong></span> <span class='ocrx_word' id='word_1_772' title='bbox 1401 5675 1638 5730; x_wconf 86' lang='lat' dir='ltr'><strong>habuere</strong></span> <span class='ocrx_word' id='word_1_773' title='bbox 1671 5688 1835 5742; x_wconf 90' lang='lat' dir='ltr'><strong>quam</strong></span> <span class='ocrx_word' id='word_1_774' title='bbox 1862 5688 1979 5726; x_wconf 83' lang='lat' dir='ltr'><strong>rna-</strong></span> 
     </span>
    </p>
   </div>
   <div class='ocr_carea' id='block_1_104' title="bbox 426 5751 1972 5895">
    <p class='ocr_par' dir='ltr' id='par_1_104' title="bbox 426 5751 1972 5895">
     <span class='ocr_line' id='line_1_104' title="bbox 426 5751 1972 5895; baseline -0.009 -16"><span class='ocrx_word' id='word_1_775' title='bbox 426 5751 776 5895; x_wconf 60' lang='grc' dir='ltr'><strong>³¹ῗ³ςι²ἒ¹ἶ¹ε¹τ¹ξέε</strong></span> <span class='ocrx_word' id='word_1_776' title='bbox 808 5818 925 5873; x_wconf 82' lang='grc' dir='ltr'>καί.</span> <span class='ocrx_word' id='word_1_777' title='bbox 979 5814 1092 5874; x_wconf 83' lang='lat' dir='ltr'><strong>Hoc</strong></span> <span class='ocrx_word' id='word_1_778' title='bbox 1121 5813 1230 5869; x_wconf 74' lang='grc' dir='ltr'>εἴτε</span> <span class='ocrx_word' id='word_1_779' title='bbox 1270 5813 1530 5885; x_wconf 78' lang='lat' dir='ltr'><strong>apodosin</strong></span> <span class='ocrx_word' id='word_1_780' title='bbox 1562 5827 1690 5869; x_wconf 79' lang='lat' dir='ltr'><strong>mox</strong></span> <span class='ocrx_word' id='word_1_781' title='bbox 1719 5812 1881 5869; x_wconf 86' lang='lat' dir='ltr'><strong>habet</strong></span> <span class='ocrx_word' id='word_1_782' title='bbox 1919 5811 1972 5865; x_wconf 92' lang='lat' dir='ltr'><strong>in</strong></span> 
     </span>
    </p>
   </div>
   <div class='ocr_carea' id='block_1_105' title="bbox 2089 4627 3656 4700">
    <p class='ocr_par' dir='ltr' id='par_1_105' title="bbox 2089 4627 3656 4700">
     <span class='ocr_line' id='line_1_105' title="bbox 2089 4627 3656 4700; baseline -0.004 -8"><span class='ocrx_word' id='word_1_783' title='bbox 2089 4634 2423 4700; x_wconf 90' lang='lat' dir='ltr'><strong>incredulus,</strong></span> <span class='ocrx_word' id='word_1_784' title='bbox 2443 4641 2537 4687; x_wconf 89' lang='lat' dir='ltr'><strong>aut</strong></span> <span class='ocrx_word' id='word_1_785' title='bbox 2563 4631 2805 4687; x_wconf 66' lang='lat' dir='ltr'><strong>discrudi</strong></span> <span class='ocrx_word' id='word_1_786' title='bbox 2832 4630 2995 4685; x_wconf 90' lang='lat' dir='ltr'><strong>etiam</strong></span> <span class='ocrx_word' id='word_1_787' title='bbox 3034 4627 3268 4697; x_wconf 89' lang='lat' dir='ltr'><strong>cupidus</strong></span> <span class='ocrx_word' id='word_1_788' title='bbox 3284 4629 3513 4685; x_wconf 78' lang='lat' dir='ltr'><strong>exsistat</strong></span> <span class='ocrx_word' id='word_1_789' title='bbox 3536 4670 3552 4696; x_wconf 96' lang='lat'><strong>,</strong></span> <span class='ocrx_word' id='word_1_790' title='bbox 3585 4630 3656 4685; x_wconf 88' lang='lat' dir='ltr'><strong>ab</strong></span> 
     </span>
    </p>
   </div>
   <div class='ocr_carea' id='block_1_106' title="bbox 2088 4720 3654 4793">
    <p class='ocr_par' dir='ltr' id='par_1_106' title="bbox 2088 4720 3654 4793">
     <span class='ocr_line' id='line_1_106' title="bbox 2088 4720 3654 4793; baseline -0.005 -8"><span class='ocrx_word' id='word_1_791' title='bbox 2088 4730 2196 4785; x_wconf 88' lang='lat' dir='ltr'><strong>hoc</strong></span> <span class='ocrx_word' id='word_1_792' title='bbox 2226 4727 2465 4792; x_wconf 89' lang='lat' dir='ltr'><strong>discens,</strong></span> <span class='ocrx_word' id='word_1_793' title='bbox 2507 4733 2561 4780; x_wconf 91' lang='lat' dir='ltr'><strong>et</strong></span> <span class='ocrx_word' id='word_1_794' title='bbox 2592 4721 2890 4793; x_wconf 86' lang='lat' dir='ltr'><strong>intelligere</strong></span> <span class='ocrx_word' id='word_1_795' title='bbox 2922 4728 2977 4776; x_wconf 89' lang='lat' dir='ltr'><strong>et</strong></span> <span class='ocrx_word' id='word_1_796' title='bbox 3004 4720 3225 4776; x_wconf 88' lang='lat' dir='ltr'><strong>credere</strong></span> <span class='ocrx_word' id='word_1_797' title='bbox 3251 4720 3654 4790; x_wconf 88' lang='lat' dir='ltr'><strong>quodammodo</strong></span> 
     </span>
    </p>
   </div>
   <div class='ocr_carea' id='block_1_107' title="bbox 2087 4811 3649 4896">
    <p class='ocr_par' dir='ltr' id='par_1_107' title="bbox 2087 4811 3649 4896">
     <span class='ocr_line' id='line_1_107' title="bbox 2087 4811 3649 4896; baseline -0.008 -19"><span class='ocrx_word' id='word_1_798' title='bbox 2087 4828 2337 4891; x_wconf 70' lang='lat' dir='ltr'><strong>erigatur,</strong></span> <span class='ocrx_word' id='word_1_799' title='bbox 2383 4825 2439 4873; x_wconf 87' lang='lat' dir='ltr'><strong>et</strong></span> <span class='ocrx_word' id='word_1_800' title='bbox 2475 4814 2645 4870; x_wconf 86' lang='lat' dir='ltr'><strong>Deum</strong></span> <span class='ocrx_word' id='word_1_801' title='bbox 2676 4813 2851 4883; x_wconf 91' lang='lat' dir='ltr'><strong>sequi.</strong></span> <span class='ocrx_word' id='word_1_802' title='bbox 2885 4811 3012 4867; x_wconf 79' lang='lat' dir='ltr'><strong>Haec</strong></span> <span class='ocrx_word' id='word_1_803' title='bbox 3034 4825 3167 4896; x_wconf 88' lang='lat' dir='ltr'><strong>vero</strong></span> <span class='ocrx_word' id='word_1_804' title='bbox 3197 4811 3285 4866; x_wconf 89' lang='lat' dir='ltr'><strong>ille</strong></span> <span class='ocrx_word' id='word_1_805' title='bbox 3318 4827 3426 4867; x_wconf 87' lang='lat' dir='ltr'><strong>non</strong></span> <span class='ocrx_word' id='word_1_806' title='bbox 3470 4813 3649 4881; x_wconf 87' lang='lat' dir='ltr'><strong>aliter,</strong></span> 
     </span>
    </p>
   </div>
   <div class='ocr_carea' id='block_1_108' title="bbox 2085 4902 3653 4983">
    <p class='ocr_par' dir='ltr' id='par_1_108' title="bbox 2085 4902 3653 4983">
     <span class='ocr_line' id='line_1_108' title="bbox 2085 4902 3653 4983; baseline -0.006 -16"><span class='ocrx_word' id='word_1_807' title='bbox 2085 4913 2303 4983; x_wconf 86' lang='lat' dir='ltr'><strong>opinor,</strong></span> <span class='ocrx_word' id='word_1_808' title='bbox 2331 4910 2599 4975; x_wconf 86' lang='lat' dir='ltr'><strong>enuntiat,</strong></span> <span class='ocrx_word' id='word_1_809' title='bbox 2630 4920 2795 4977; x_wconf 91' lang='lat' dir='ltr'><strong>quam</strong></span> <span class='ocrx_word' id='word_1_810' title='bbox 2828 4919 2894 4961; x_wconf 84' lang='lat' dir='ltr'><strong>ex</strong></span> <span class='ocrx_word' id='word_1_811' title='bbox 2928 4903 3098 4960; x_wconf 89' lang='lat' dir='ltr'><strong>divini</strong></span> <span class='ocrx_word' id='word_1_812' title='bbox 3139 4902 3375 4974; x_wconf 88' lang='lat' dir='ltr'><strong>Spiritus</strong></span> <span class='ocrx_word' id='word_1_813' title='bbox 3403 4920 3653 4960; x_wconf 79' lang='lat' dir='ltr'><strong>commu-</strong></span> 
     </span>
    </p>
   </div>
   <div class='ocr_carea' id='block_1_109' title="bbox 2084 4996 3649 5067">
    <p class='ocr_par' dir='ltr' id='par_1_109' title="bbox 2084 4996 3649 5067">
     <span class='ocr_line' id='line_1_109' title="bbox 2084 4996 3649 5067; baseline -0.007 -5"><span class='ocrx_word' id='word_1_814' title='bbox 2084 5004 2361 5062; x_wconf 88' lang='lat' dir='ltr'><strong>nicatione</strong></span> <span class='ocrx_word' id='word_1_815' title='bbox 2392 5020 2405 5056; x_wconf 90' lang='lat'>:</span> <span class='ocrx_word' id='word_1_816' title='bbox 2438 5001 2627 5056; x_wconf 86' lang='lat' dir='ltr'><strong>eadem</strong></span> <span class='ocrx_word' id='word_1_817' title='bbox 2657 4999 2803 5055; x_wconf 91' lang='lat' dir='ltr'><strong>enim</strong></span> <span class='ocrx_word' id='word_1_818' title='bbox 2838 4998 2922 5054; x_wconf 89' lang='lat' dir='ltr'><strong>vis</strong></span> <span class='ocrx_word' id='word_1_819' title='bbox 2952 4996 3251 5067; x_wconf 76' lang='lat' dir='ltr'><strong>prophetis,</strong></span> <span class='ocrx_word' id='word_1_820' title='bbox 3280 5006 3333 5052; x_wconf 89' lang='lat' dir='ltr'><strong>et</strong></span> <span class='ocrx_word' id='word_1_821' title='bbox 3361 4999 3649 5067; x_wconf 73' lang='lat' dir='ltr'><strong>propheta-</strong></span> 
     </span>
    </p>
   </div>
   <div class='ocr_carea' id='block_1_110' title="bbox 2084 5089 3649 5159">
    <p class='ocr_par' dir='ltr' id='par_1_110' title="bbox 2084 5089 3649 5159">
     <span class='ocr_line' id='line_1_110' title="bbox 2084 5089 3649 5159; baseline -0.007 -7"><span class='ocrx_word' id='word_1_822' title='bbox 2084 5111 2209 5152; x_wconf 89' lang='lat' dir='ltr'><strong>rum</strong></span> <span class='ocrx_word' id='word_1_823' title='bbox 2251 5092 2593 5149; x_wconf 86' lang='lat' dir='ltr'><strong>auditoribus</strong></span> <span class='ocrx_word' id='word_1_824' title='bbox 2629 5090 2715 5145; x_wconf 87' lang='lat' dir='ltr'><strong>est</strong></span> <span class='ocrx_word' id='word_1_825' title='bbox 2752 5103 2924 5159; x_wconf 90' lang='lat' dir='ltr'><strong>opus;</strong></span> <span class='ocrx_word' id='word_1_826' title='bbox 2971 5103 3071 5142; x_wconf 90' lang='lat' dir='ltr'><strong>nec</strong></span> <span class='ocrx_word' id='word_1_827' title='bbox 3101 5089 3420 5157; x_wconf 87' lang='lat' dir='ltr'><strong>prophetam</strong></span> <span class='ocrx_word' id='word_1_828' title='bbox 3455 5102 3649 5156; x_wconf 87' lang='lat' dir='ltr'><strong>capere</strong></span> 
     </span>
    </p>
   </div>
   <div class='ocr_carea' id='block_1_111' title="bbox 2084 5177 3647 5259">
    <p class='ocr_par' dir='ltr' id='par_1_111' title="bbox 2084 5177 3647 5259">
     <span class='ocr_line' id='line_1_111' title="bbox 2084 5177 3647 5259; baseline -0.007 -17"><span class='ocrx_word' id='word_1_829' title='bbox 2084 5187 2211 5259; x_wconf 86' lang='lat' dir='ltr'><strong>quis</strong></span> <span class='ocrx_word' id='word_1_830' title='bbox 2237 5183 2430 5256; x_wconf 90' lang='lat' dir='ltr'><strong>possit,</strong></span> <span class='ocrx_word' id='word_1_831' title='bbox 2460 5184 2548 5239; x_wconf 89' lang='lat' dir='ltr'><strong>cui</strong></span> <span class='ocrx_word' id='word_1_832' title='bbox 2574 5179 2811 5253; x_wconf 90' lang='lat' dir='ltr'><strong>Spiritus</strong></span> <span class='ocrx_word' id='word_1_833' title='bbox 2838 5181 2978 5236; x_wconf 86' lang='lat' dir='ltr'><strong>idem</strong></span> <span class='ocrx_word' id='word_1_834' title='bbox 3013 5180 3103 5249; x_wconf 90' lang='lat' dir='ltr'><strong>qui</strong></span> <span class='ocrx_word' id='word_1_835' title='bbox 3139 5177 3497 5249; x_wconf 86' lang='lat' dir='ltr'><strong>prophetavit,</strong></span> <span class='ocrx_word' id='word_1_836' title='bbox 3528 5191 3647 5237; x_wconf 86' lang='lat' dir='ltr'><strong>ser-</strong></span> 
     </span>
    </p>
   </div>
   <div class='ocr_carea' id='block_1_112' title="bbox 2081 5374 3638 5453">
    <p class='ocr_par' dir='ltr' id='par_1_112' title="bbox 2081 5374 3638 5453">
     <span class='ocr_line' id='line_1_112' title="bbox 2081 5374 3638 5453; baseline -0.006 -11"><span class='ocrx_word' id='word_1_837' title='bbox 2081 5388 2189 5443; x_wconf 78' lang='grc' dir='ltr'>οὐδ⁴</span> <span class='ocrx_word' id='word_1_838' title='bbox 2219 5385 2474 5440; x_wconf 83' lang='grc' dir='ltr'>ἀσύνετον</span> <span class='ocrx_word' id='word_1_839' title='bbox 2515 5380 2682 5453; x_wconf 82' lang='grc' dir='ltr'>αὐτῷ,</span> <span class='ocrx_word' id='word_1_840' title='bbox 2730 5381 2937 5437; x_wconf 78' lang='lat' dir='ltr'><strong>scilicet</strong></span> <span class='ocrx_word' id='word_1_841' title='bbox 2966 5378 3176 5449; x_wconf 80' lang='grc' dir='ltr'>ἔχοντα.</span> <span class='ocrx_word' id='word_1_842' title='bbox 3204 5374 3405 5431; x_wconf 78' lang='lat' dir='ltr'><strong>Confer</strong></span> <span class='ocrx_word' id='word_1_843' title='bbox 3440 5374 3486 5429; x_wconf 87' lang='lat' dir='ltr'><strong>ll</strong></span> <span class='ocrx_word' id='word_1_844' title='bbox 3511 5374 3638 5433; x_wconf 82' lang='lat' dir='ltr'><strong>Cor.</strong></span> 
     </span>
    </p>
   </div>
   <div class='ocr_carea' id='block_1_113' title="bbox 2080 5452 2604 5524">
    <p class='ocr_par' dir='ltr' id='par_1_113' title="bbox 2080 5452 2604 5524">
     <span class='ocr_line' id='line_1_113' title="bbox 2080 5452 2604 5524; baseline -0.015 -10"><span class='ocrx_word' id='word_1_845' title='bbox 2080 5474 2204 5524; x_wconf 76' lang='lat' dir='ltr'><strong>vui,</strong></span> <span class='ocrx_word' id='word_1_846' title='bbox 2226 5456 2317 5521; x_wconf 70' lang='lat'>2&#39;5,</span> <span class='ocrx_word' id='word_1_847' title='bbox 2347 5454 2399 5508; x_wconf 82' lang='grc' dir='ltr'><strong>εί</strong></span> <span class='ocrx_word' id='word_1_848' title='bbox 2423 5471 2504 5507; x_wconf 89' lang='grc' dir='ltr'>τε.</span> <span class='ocrx_word' id='word_1_849' title='bbox 2527 5452 2604 5507; x_wconf 87' lang='lat' dir='ltr'><strong>In.</strong></span> 
     </span>
    </p>
   </div>
   <div class='ocr_carea' id='block_1_114' title="bbox 2153 5516 3640 5612">
    <p class='ocr_par' dir='ltr' id='par_1_114' title="bbox 2153 5516 3640 5612">
     <span class='ocr_line' id='line_1_114' title="bbox 2153 5516 3640 5612; baseline -0.001 1"><span class='ocrx_word' id='word_1_850' title='bbox 2153 5516 2265 5612; x_wconf 53' lang='grc' dir='ltr'><strong>(ἀι)</strong></span> <span class='ocrx_word' id='word_1_851' title='bbox 2306 5516 2615 5612; x_wconf 55' lang='lat' dir='ltr'><strong>*Exmsu</strong></span> <span class='ocrx_word' id='word_1_852' title='bbox 2639 5519 3121 5612; x_wconf 58' lang='grc' dir='ltr'><strong>μειελῖεῖηκέῖες-</strong></span> <span class='ocrx_word' id='word_1_853' title='bbox 3134 5516 3502 5612; x_wconf 35' lang='lat' dir='ltr'><strong>animus:</strong></span> <span class='ocrx_word' id='word_1_854' title='bbox 3527 5516 3640 5612; x_wconf 69' lang='grc' dir='ltr'>ἔχει</span> 
     </span>
    </p>
   </div>
   <div class='ocr_carea' id='block_1_115' title="bbox 2078 5587 3640 5723">
    <p class='ocr_par' dir='ltr' id='par_1_115' title="bbox 2078 5587 3640 5723">
     <span class='ocr_line' id='line_1_115' title="bbox 2078 5587 3640 5723; baseline -0.006 -73"><span class='ocrx_word' id='word_1_855' title='bbox 2520 5587 2805 5648; x_wconf 79' lang='lat' dir='ltr'><strong>Nonnullis</strong></span> <span class='ocrx_word' id='word_1_856' title='bbox 2828 5587 3124 5659; x_wconf 84' lang='lat' dir='ltr'><strong>interjectis</strong></span> <span class='ocrx_word' id='word_1_857' title='bbox 3164 5588 3392 5658; x_wconf 83' lang='lat' dir='ltr'><strong>legimus</strong></span> <span class='ocrx_word' id='word_1_858' title='bbox 3414 5587 3504 5642; x_wconf 92' lang='lat' dir='ltr'><strong>hic</strong></span> <span class='ocrx_word' id='word_1_859' title='bbox 3524 5587 3640 5659; x_wconf 68' lang='grc' dir='ltr'>ἔχει</span> 
     </span>
    </p>
   </div>
   <div class='ocr_carea' id='block_1_116' title="bbox 2152 5665 3635 5809">
    <p class='ocr_par' dir='ltr' id='par_1_116' title="bbox 2152 5665 3635 5809">
     <span class='ocr_line' id='line_1_116' title="bbox 2152 5665 3635 5809; baseline -0.007 -18"><span class='ocrx_word' id='word_1_860' title='bbox 2298 5665 2523 5809; x_wconf 47' lang='lat' dir='ltr'><strong>rumine.</strong></span> <span class='ocrx_word' id='word_1_861' title='bbox 2568 5731 2819 5789; x_wconf 82' lang='lat' dir='ltr'><strong>Refertur</strong></span> <span class='ocrx_word' id='word_1_862' title='bbox 2869 5729 2936 5786; x_wconf 90' lang='lat' dir='ltr'><strong>ad</strong></span> <span class='ocrx_word' id='word_1_863' title='bbox 2987 5725 3215 5794; x_wconf 86' lang='grc' dir='ltr'>λογίων,</span> <span class='ocrx_word' id='word_1_864' title='bbox 3255 5736 3309 5783; x_wconf 88' lang='lat' dir='ltr'><strong>et</strong></span> <span class='ocrx_word' id='word_1_865' title='bbox 3357 5725 3564 5796; x_wconf 82' lang='lat' dir='ltr'><strong>regitur</strong></span> <span class='ocrx_word' id='word_1_866' title='bbox 3603 5740 3635 5781; x_wconf 72' lang='grc' dir='ltr'><strong>ε</strong></span> 
     </span>
    </p>
   </div>
   <div class='ocr_carea' id='block_1_117' title="bbox 2072 5803 2506 5881">
    <p class='ocr_par' dir='ltr' id='par_1_117' title="bbox 2072 5803 2506 5881">
     <span class='ocr_line' id='line_1_117' title="bbox 2072 5803 2506 5881; baseline -0.014 -18"><span class='ocrx_word' id='word_1_867' title='bbox 2072 5803 2396 5881; x_wconf 72' lang='grc' dir='ltr'>’προηγορον.</span> <span class='ocrx_word' id='word_1_868' title='bbox 2432 5803 2506 5858; x_wconf 84' lang='lat' dir='ltr'><strong>In.</strong></span> 
     </span>
    </p>
   </div>
  </div>
