  <div class='ocr_page' id='page_1' title='image "/cluster/home/n/w/nwhite01/storage/ocr_20150623/10/coo.31924054872894/564.png"; bbox 0 0 4100 6370; ppageno 0'>
   <div class='ocr_carea' id='block_1_1' title="bbox 280 460 480 516">
    <p class='ocr_par' dir='ltr' id='par_1_1' title="bbox 280 460 480 516">
     <span class='ocr_line' id='line_1_1' title="bbox 280 460 480 516; baseline -0.01 1"><span class='ocrx_word' id='word_1_1' title='bbox 280 484 283 487; x_wconf 48' lang='grc' dir='ltr'>π</span> <span class='ocrx_word' id='word_1_2' title='bbox 342 460 480 516; x_wconf 75' lang='grc'>1105</span> 
     </span>
    </p>
   </div>
   <div class='ocr_carea' id='block_1_2' title="bbox 1614 462 2344 518">
    <p class='ocr_par' dir='ltr' id='par_1_2' title="bbox 1614 462 2344 518">
     <span class='ocr_line' id='line_1_2' title="bbox 1614 462 2344 518; baseline -0.003 0"><span class='ocrx_word' id='word_1_3' title='bbox 1614 463 1802 518; x_wconf 74' lang='grc' dir='ltr'><strong>ΚΑΤΑ</strong></span> <span class='ocrx_word' id='word_1_4' title='bbox 1840 462 2069 516; x_wconf 78' lang='grc' dir='ltr'>ΜΕΡΟΣ</span> <span class='ocrx_word' id='word_1_5' title='bbox 2097 462 2344 516; x_wconf 80' lang='grc' dir='ltr'><strong>ΙΙῙΣΤΙΣ.</strong></span> 
     </span>
    </p>
   </div>
   <div class='ocr_carea' id='block_1_3' title="bbox 3477 451 3619 511">
    <p class='ocr_par' dir='ltr' id='par_1_3' title="bbox 3477 451 3619 511">
     <span class='ocr_line' id='line_1_3' title="bbox 3477 451 3619 511; baseline -0.007 0"><span class='ocrx_word' id='word_1_6' title='bbox 3477 451 3619 511; x_wconf 68' lang='lat'><strong>“00</strong></span> 
     </span>
    </p>
   </div>
   <div class='ocr_carea' id='block_1_4' title="bbox 319 578 1938 660">
    <p class='ocr_par' dir='ltr' id='par_1_4' title="bbox 319 584 1938 660">
     <span class='ocr_line' id='line_1_4' title="bbox 319 584 1938 660; baseline 0.004 -25"><span class='ocrx_word' id='word_1_7' title='bbox 319 594 323 598; x_wconf 88' lang='lat'>&#39;</span> <span class='ocrx_word' id='word_1_8' title='bbox 412 584 690 655; x_wconf 75' lang='grc' dir='ltr'>Ἐχθιστοι</span> <span class='ocrx_word' id='word_1_9' title='bbox 726 586 822 641; x_wconf 73' lang='grc' dir='ltr'>καὶ</span> <span class='ocrx_word' id='word_1_10' title='bbox 864 585 1134 659; x_wconf 73' lang='grc' dir='ltr'><strong>ἀλλότριοι</strong></span> <span class='ocrx_word' id='word_1_11' title='bbox 1187 587 1287 657; x_wconf 79' lang='grc' dir='ltr'>τῆς</span> <span class='ocrx_word' id='word_1_12' title='bbox 1342 588 1708 660; x_wconf 80' lang='grc' dir='ltr'>ἀποστολικῆς</span> <span class='ocrx_word' id='word_1_13' title='bbox 1752 587 1938 659; x_wconf 88' lang='grc' dir='ltr'>όμολο-</span> 
     </span>
    </p>
   </div>
   <div class='ocr_carea' id='block_1_5' title="bbox 2039 578 3616 660">
    <p class='ocr_par' dir='ltr' id='par_1_5' title="bbox 2116 578 3616 649">
     <span class='ocr_line' id='line_1_5' title="bbox 2116 578 3616 649; baseline -0.005 -9"><span class='ocrx_word' id='word_1_14' title='bbox 2116 585 2480 642; x_wconf 86' lang='lat' dir='ltr'><strong>lnimicissimi</strong></span> <span class='ocrx_word' id='word_1_15' title='bbox 2529 593 2583 639; x_wconf 87' lang='lat' dir='ltr'><strong>et</strong></span> <span class='ocrx_word' id='word_1_16' title='bbox 2626 584 2788 640; x_wconf 88' lang='lat' dir='ltr'><strong>alieni</strong></span> <span class='ocrx_word' id='word_1_17' title='bbox 2842 598 2875 637; x_wconf 89' lang='lat' dir='ltr'><strong>a</strong></span> <span class='ocrx_word' id='word_1_18' title='bbox 2913 580 3263 637; x_wconf 77' lang='lat' dir='ltr'><strong>confessione</strong></span> <span class='ocrx_word' id='word_1_19' title='bbox 3313 578 3616 649; x_wconf 82' lang='lat' dir='ltr'><strong>apostolica</strong></span> 
     </span>
    </p>
   </div>
   <div class='ocr_carea' id='block_1_6' title="bbox 340 674 1935 753">
    <p class='ocr_par' dir='ltr' id='par_1_6' title="bbox 340 674 1935 753">
     <span class='ocr_line' id='line_1_6' title="bbox 340 674 1935 753; baseline 0.004 -26"><span class='ocrx_word' id='word_1_20' title='bbox 340 674 465 743; x_wconf 85' lang='grc' dir='ltr'>γίας</span> <span class='ocrx_word' id='word_1_21' title='bbox 511 678 559 730; x_wconf 84' lang='grc' dir='ltr'>οἱ</span> <span class='ocrx_word' id='word_1_22' title='bbox 599 678 690 731; x_wconf 83' lang='grc' dir='ltr'><strong>τὸν</strong></span> <span class='ocrx_word' id='word_1_23' title='bbox 722 678 847 731; x_wconf 81' lang='grc' dir='ltr'>Υίὸν</span> <span class='ocrx_word' id='word_1_24' title='bbox 890 677 951 742; x_wconf 78' lang='grc' dir='ltr'>ἐξ</span> <span class='ocrx_word' id='word_1_25' title='bbox 989 678 1089 732; x_wconf 78' lang='grc' dir='ltr'><strong>οὐκ</strong></span> <span class='ocrx_word' id='word_1_26' title='bbox 1129 677 1299 732; x_wconf 76' lang='grc' dir='ltr'>ὄντων</span> <span class='ocrx_word' id='word_1_27' title='bbox 1333 681 1429 733; x_wconf 75' lang='grc' dir='ltr'><strong>καὶ</strong></span> <span class='ocrx_word' id='word_1_28' title='bbox 1460 680 1935 753; x_wconf 77' lang='grc' dir='ltr'>ἀποστελλομένης</span> 
     </span>
    </p>
   </div>
   <div class='ocr_carea' id='block_1_7' title="bbox 238 763 1937 844">
    <p class='ocr_par' dir='ltr' id='par_1_7' title="bbox 238 763 1937 844">
     <span class='ocr_line' id='line_1_7' title="bbox 238 763 1937 844; baseline 0.005 -26"><span class='ocrx_word' id='word_1_29' title='bbox 238 781 249 787; x_wconf 76' lang='lat'><strong><em>‘</em></strong></span> <span class='ocrx_word' id='word_1_30' title='bbox 341 767 518 837; x_wconf 80' lang='grc' dir='ltr'>ἀρχῆς</span> <span class='ocrx_word' id='word_1_31' title='bbox 565 763 705 823; x_wconf 62' lang='grc' dir='ltr'>εἶναι</span> <span class='ocrx_word' id='word_1_32' title='bbox 752 769 1043 839; x_wconf 71' lang='grc' dir='ltr'>ἐπίκτητον</span> <span class='ocrx_word' id='word_1_33' title='bbox 1087 769 1339 840; x_wconf 82' lang='grc' dir='ltr'>λέγοντες</span> <span class='ocrx_word' id='word_1_34' title='bbox 1388 771 1466 844; x_wconf 82' lang='grc' dir='ltr'><strong>τῷ</strong></span> <span class='ocrx_word' id='word_1_35' title='bbox 1508 773 1718 844; x_wconf 85' lang='grc' dir='ltr'>Πατρί·</span> <span class='ocrx_word' id='word_1_36' title='bbox 1760 773 1855 826; x_wconf 74' lang='grc' dir='ltr'>καὶ</span> <span class='ocrx_word' id='word_1_37' title='bbox 1886 774 1937 826; x_wconf 80' lang='grc' dir='ltr'><strong>οἱ</strong></span> 
     </span>
    </p>
   </div>
   <div class='ocr_carea' id='block_1_8' title="bbox 342 859 1933 935">
    <p class='ocr_par' dir='ltr' id='par_1_8' title="bbox 342 859 1933 935">
     <span class='ocr_line' id='line_1_8' title="bbox 342 859 1933 935; baseline 0.004 -22"><span class='ocrx_word' id='word_1_38' title='bbox 342 860 470 927; x_wconf 79' lang='grc' dir='ltr'>περὶ</span> <span class='ocrx_word' id='word_1_39' title='bbox 503 859 595 913; x_wconf 81' lang='grc' dir='ltr'>τοῦ</span> <span class='ocrx_word' id='word_1_40' title='bbox 630 861 788 930; x_wconf 88' lang='grc' dir='ltr'>ἀγίου</span> <span class='ocrx_word' id='word_1_41' title='bbox 828 861 1143 932; x_wconf 78' lang='grc' dir='ltr'>Πνεύματος</span> <span class='ocrx_word' id='word_1_42' title='bbox 1176 861 1245 915; x_wconf 76' lang='grc' dir='ltr'>τὰ</span> <span class='ocrx_word' id='word_1_43' title='bbox 1284 862 1425 916; x_wconf 82' lang='grc' dir='ltr'><strong>αὐτά</strong></span> <span class='ocrx_word' id='word_1_44' title='bbox 1456 862 1858 935; x_wconf 77' lang='grc' dir='ltr'><strong>διανοούμενοι·</strong></span> <span class='ocrx_word' id='word_1_45' title='bbox 1884 867 1933 919; x_wconf 85' lang='grc' dir='ltr'><strong>οί</strong></span> 
     </span>
    </p>
   </div>
   <div class='ocr_carea' id='block_1_9' title="bbox 338 946 1938 1021">
    <p class='ocr_par' dir='ltr' id='par_1_9' title="bbox 338 946 1938 1021">
     <span class='ocr_line' id='line_1_9' title="bbox 338 946 1938 1021; baseline 0.006 -22"><span class='ocrx_word' id='word_1_46' title='bbox 338 946 484 1000; x_wconf 85' lang='grc' dir='ltr'>δόσει</span> <span class='ocrx_word' id='word_1_47' title='bbox 520 949 614 1002; x_wconf 70' lang='grc' dir='ltr'><strong>καὶ</strong></span> <span class='ocrx_word' id='word_1_48' title='bbox 648 951 829 1021; x_wconf 87' lang='grc' dir='ltr'>χάριτι</span> <span class='ocrx_word' id='word_1_49' title='bbox 855 949 1217 1006; x_wconf 87' lang='grc' dir='ltr'>θεοποιεῖσθαι</span> <span class='ocrx_word' id='word_1_50' title='bbox 1256 952 1507 1021; x_wconf 79' lang='grc' dir='ltr'>λέγοντες</span> <span class='ocrx_word' id='word_1_51' title='bbox 1532 952 1624 1007; x_wconf 79' lang='grc' dir='ltr'>τὸν</span> <span class='ocrx_word' id='word_1_52' title='bbox 1651 955 1805 1019; x_wconf 83' lang='grc' dir='ltr'>Υἱὸν,</span> <span class='ocrx_word' id='word_1_53' title='bbox 1841 956 1938 1011; x_wconf 75' lang='grc' dir='ltr'><strong>καὶ</strong></span> 
     </span>
    </p>
   </div>
   <div class='ocr_carea' id='block_1_10' title="bbox 310 1038 1937 1111">
    <p class='ocr_par' dir='ltr' id='par_1_10' title="bbox 310 1038 1937 1111">
     <span class='ocr_line' id='line_1_10' title="bbox 310 1038 1937 1111; baseline 0.004 -20"><span class='ocrx_word' id='word_1_54' title='bbox 310 1039 403 1107; x_wconf 43' lang='grc' dir='ltr'>,τὸ</span> <span class='ocrx_word' id='word_1_55' title='bbox 433 1038 658 1111; x_wconf 76' lang='grc' dir='ltr'>Πνεῦμα</span> <span class='ocrx_word' id='word_1_56' title='bbox 697 1041 759 1094; x_wconf 87' lang='grc' dir='ltr'>τὸ</span> <span class='ocrx_word' id='word_1_57' title='bbox 783 1040 937 1110; x_wconf 74' lang='grc' dir='ltr'>ἅγιον</span> <span class='ocrx_word' id='word_1_58' title='bbox 967 1042 1285 1110; x_wconf 81' lang='grc' dir='ltr'>ἀγιάζεσθαι</span> <span class='ocrx_word' id='word_1_59' title='bbox 1307 1061 1320 1073; x_wconf 92' lang='grc'>·</span> <span class='ocrx_word' id='word_1_60' title='bbox 1353 1043 1402 1097; x_wconf 81' lang='grc' dir='ltr'>οἱ</span> <span class='ocrx_word' id='word_1_61' title='bbox 1436 1043 1499 1096; x_wconf 80' lang='grc' dir='ltr'>τὸ</span> <span class='ocrx_word' id='word_1_62' title='bbox 1530 1042 1626 1097; x_wconf 78' lang='grc' dir='ltr'>τοῦ</span> <span class='ocrx_word' id='word_1_63' title='bbox 1663 1044 1795 1098; x_wconf 81' lang='grc' dir='ltr'>Υἱοῦ</span> <span class='ocrx_word' id='word_1_64' title='bbox 1823 1062 1937 1098; x_wconf 88' lang='grc' dir='ltr'>κοι-</span> 
     </span>
    </p>
   </div>
   <div class='ocr_carea' id='block_1_11' title="bbox 342 1130 1939 1207">
    <p class='ocr_par' dir='ltr' id='par_1_11' title="bbox 342 1130 1939 1207">
     <span class='ocr_line' id='line_1_11' title="bbox 342 1130 1939 1207; baseline 0.004 -23"><span class='ocrx_word' id='word_1_65' title='bbox 342 1130 682 1196; x_wconf 80' lang='grc' dir='ltr'>νοποιοῦντες</span> <span class='ocrx_word' id='word_1_66' title='bbox 716 1134 889 1205; x_wconf 76' lang='grc' dir='ltr'>ὄνομα</span> <span class='ocrx_word' id='word_1_67' title='bbox 913 1134 1053 1205; x_wconf 80' lang='grc' dir='ltr'>πρὸς</span> <span class='ocrx_word' id='word_1_68' title='bbox 1091 1134 1218 1199; x_wconf 79' lang='grc' dir='ltr'>τοὺς</span> <span class='ocrx_word' id='word_1_69' title='bbox 1242 1134 1491 1201; x_wconf 76' lang='grc' dir='ltr'><strong>δούλους,</strong></span> <span class='ocrx_word' id='word_1_70' title='bbox 1534 1137 1628 1191; x_wconf 73' lang='grc' dir='ltr'><strong>καὶ</strong></span> <span class='ocrx_word' id='word_1_71' title='bbox 1665 1137 1939 1207; x_wconf 85' lang='grc' dir='ltr'>πρωτότο-</span> 
     </span>
    </p>
   </div>
   <div class='ocr_carea' id='block_1_12' title="bbox 342 1224 1937 1304">
    <p class='ocr_par' dir='ltr' id='par_1_12' title="bbox 342 1224 1937 1304">
     <span class='ocr_line' id='line_1_12' title="bbox 342 1224 1937 1304; baseline 0.004 -25"><span class='ocrx_word' id='word_1_72' title='bbox 342 1241 439 1280; x_wconf 83' lang='grc' dir='ltr'><strong>κον</strong></span> <span class='ocrx_word' id='word_1_73' title='bbox 476 1224 710 1289; x_wconf 86' lang='grc' dir='ltr'>κτίσεως</span> <span class='ocrx_word' id='word_1_74' title='bbox 742 1224 889 1279; x_wconf 80' lang='grc' dir='ltr'>οὕτω</span> <span class='ocrx_word' id='word_1_75' title='bbox 917 1226 1186 1296; x_wconf 82' lang='grc' dir='ltr'>λέγοντες,</span> <span class='ocrx_word' id='word_1_76' title='bbox 1212 1227 1289 1293; x_wconf 86' lang='grc' dir='ltr'>ὡς</span> <span class='ocrx_word' id='word_1_77' title='bbox 1310 1229 1515 1301; x_wconf 86' lang='grc' dir='ltr'>ὁμοίως</span> <span class='ocrx_word' id='word_1_78' title='bbox 1544 1231 1611 1284; x_wconf 84' lang='grc' dir='ltr'><strong>ὲκ</strong></span> <span class='ocrx_word' id='word_1_79' title='bbox 1631 1229 1724 1284; x_wconf 81' lang='grc' dir='ltr'>τοῦ</span> <span class='ocrx_word' id='word_1_80' title='bbox 1754 1229 1828 1304; x_wconf 81' lang='grc' dir='ltr'>μὴ</span> <span class='ocrx_word' id='word_1_81' title='bbox 1860 1226 1937 1285; x_wconf 82' lang='grc' dir='ltr'><strong>εἶ-</strong></span> 
     </span>
    </p>
   </div>
   <div class='ocr_carea' id='block_1_13' title="bbox 344 1314 1938 1392">
    <p class='ocr_par' dir='ltr' id='par_1_13' title="bbox 344 1314 1938 1392">
     <span class='ocr_line' id='line_1_13' title="bbox 344 1314 1938 1392; baseline 0.006 -25"><span class='ocrx_word' id='word_1_82' title='bbox 344 1331 432 1368; x_wconf 91' lang='grc' dir='ltr'><strong>ναι</strong></span> <span class='ocrx_word' id='word_1_83' title='bbox 457 1315 550 1369; x_wconf 77' lang='grc' dir='ltr'><strong>καὶ</strong></span> <span class='ocrx_word' id='word_1_84' title='bbox 569 1314 732 1369; x_wconf 77' lang='grc' dir='ltr'>αὑτὸν</span> <span class='ocrx_word' id='word_1_85' title='bbox 756 1315 905 1381; x_wconf 81' lang='grc' dir='ltr'>ὅντα,</span> <span class='ocrx_word' id='word_1_86' title='bbox 944 1319 1040 1373; x_wconf 77' lang='grc' dir='ltr'><strong>καὶ</strong></span> <span class='ocrx_word' id='word_1_87' title='bbox 1070 1318 1148 1382; x_wconf 83' lang='grc' dir='ltr'>ὡς</span> <span class='ocrx_word' id='word_1_88' title='bbox 1169 1318 1386 1389; x_wconf 88' lang='grc' dir='ltr'>πρῶτον</span> <span class='ocrx_word' id='word_1_89' title='bbox 1410 1322 1805 1392; x_wconf 86' lang='grc' dir='ltr'>πεποιημένον,</span> <span class='ocrx_word' id='word_1_90' title='bbox 1840 1321 1938 1376; x_wconf 75' lang='grc' dir='ltr'>καὶ</span> 
     </span>
    </p>
   </div>
   <div class='ocr_carea' id='block_1_14' title="bbox 341 1403 1939 1485">
    <p class='ocr_par' dir='ltr' id='par_1_14' title="bbox 341 1403 1939 1485">
     <span class='ocr_line' id='line_1_14' title="bbox 341 1403 1939 1485; baseline 0.006 -28"><span class='ocrx_word' id='word_1_91' title='bbox 341 1403 854 1477; x_wconf 57' lang='grc' dir='ltr'>οῠχλόμολογοῦντες</span> <span class='ocrx_word' id='word_1_92' title='bbox 882 1410 1153 1481; x_wconf 83' lang='grc' dir='ltr'>μονογενῆ</span> <span class='ocrx_word' id='word_1_93' title='bbox 1174 1410 1325 1475; x_wconf 81' lang='grc' dir='ltr'>Υίὸν,</span> <span class='ocrx_word' id='word_1_94' title='bbox 1362 1410 1522 1483; x_wconf 91' lang='grc' dir='ltr'>μόνον</span> <span class='ocrx_word' id='word_1_95' title='bbox 1556 1411 1685 1467; x_wconf 70' lang='grc' dir='ltr'>ὄντα</span> <span class='ocrx_word' id='word_1_96' title='bbox 1720 1411 1798 1485; x_wconf 79' lang='grc' dir='ltr'>τῷ</span> <span class='ocrx_word' id='word_1_97' title='bbox 1820 1414 1939 1467; x_wconf 84' lang='grc' dir='ltr'><strong>Πα-</strong></span> 
     </span>
    </p>
   </div>
   <div class='ocr_carea' id='block_1_15' title="bbox 341 1496 1938 1579">
    <p class='ocr_par' dir='ltr' id='par_1_15' title="bbox 341 1496 1938 1579">
     <span class='ocr_line' id='line_1_15' title="bbox 341 1496 1938 1579; baseline 0.004 -29"><span class='ocrx_word' id='word_1_98' title='bbox 341 1497 451 1579; x_wconf 65' lang='lat' dir='ltr'><strong>cpi,</strong></span> <span class='ocrx_word' id='word_1_99' title='bbox 491 1496 763 1551; x_wconf 80' lang='grc' dir='ltr'><strong>δεδωκότα</strong></span> <span class='ocrx_word' id='word_1_100' title='bbox 791 1497 848 1551; x_wconf 80' lang='grc' dir='ltr'><strong>δὲ</strong></span> <span class='ocrx_word' id='word_1_101' title='bbox 887 1498 1079 1553; x_wconf 77' lang='grc' dir='ltr'>ἑαυτὸν</span> <span class='ocrx_word' id='word_1_102' title='bbox 1127 1501 1207 1564; x_wconf 85' lang='grc' dir='ltr'><strong>είς</strong></span> <span class='ocrx_word' id='word_1_103' title='bbox 1228 1501 1627 1574; x_wconf 74' lang='grc' dir='ltr'><strong>συναρίθμησιν</strong></span> <span class='ocrx_word' id='word_1_104' title='bbox 1665 1500 1774 1556; x_wconf 85' lang='grc' dir='ltr'><strong>τῶν</strong></span> <span class='ocrx_word' id='word_1_105' title='bbox 1818 1500 1938 1574; x_wconf 88' lang='grc' dir='ltr'>θνη-</span> 
     </span>
    </p>
   </div>
   <div class='ocr_carea' id='block_1_16' title="bbox 341 1589 1937 1668">
    <p class='ocr_par' dir='ltr' id='par_1_16' title="bbox 341 1589 1937 1668">
     <span class='ocr_line' id='line_1_16' title="bbox 341 1589 1937 1668; baseline 0.006 -26"><span class='ocrx_word' id='word_1_106' title='bbox 341 1589 471 1657; x_wconf 87' lang='grc' dir='ltr'>τῶν,</span> <span class='ocrx_word' id='word_1_107' title='bbox 513 1589 609 1644; x_wconf 78' lang='grc' dir='ltr'><strong>καὶ</strong></span> <span class='ocrx_word' id='word_1_108' title='bbox 654 1590 797 1644; x_wconf 74' lang='grc' dir='ltr'>οὓτω</span> <span class='ocrx_word' id='word_1_109' title='bbox 844 1592 1189 1665; x_wconf 78' lang='grc' dir='ltr'>πρωτότοκον</span> <span class='ocrx_word' id='word_1_110' title='bbox 1246 1592 1648 1667; x_wconf 82' lang='grc' dir='ltr'>ἀριθμούμενον</span> <span class='ocrx_word' id='word_1_111' title='bbox 1674 1612 1689 1628; x_wconf 75' lang='grc' dir='ltr'><strong><em>ο</em></strong></span> <span class='ocrx_word' id='word_1_112' title='bbox 1737 1596 1786 1651; x_wconf 81' lang='grc' dir='ltr'><strong>οἱ</strong></span> <span class='ocrx_word' id='word_1_113' title='bbox 1838 1597 1937 1668; x_wconf 77' lang='grc' dir='ltr'><strong>τὴν</strong></span> 
     </span>
    </p>
   </div>
   <div class='ocr_carea' id='block_1_17' title="bbox 341 1679 1938 1757">
    <p class='ocr_par' dir='ltr' id='par_1_17' title="bbox 341 1679 1938 1757">
     <span class='ocr_line' id='line_1_17' title="bbox 341 1679 1938 1757; baseline 0.004 -25"><span class='ocrx_word' id='word_1_114' title='bbox 341 1679 596 1751; x_wconf 78' lang='grc' dir='ltr'>γέννησιν</span> <span class='ocrx_word' id='word_1_115' title='bbox 623 1679 719 1735; x_wconf 78' lang='grc' dir='ltr'><strong>τοῦ</strong></span> <span class='ocrx_word' id='word_1_116' title='bbox 746 1681 878 1735; x_wconf 88' lang='grc' dir='ltr'><strong>Υἱοῦ</strong></span> <span class='ocrx_word' id='word_1_117' title='bbox 914 1683 1014 1754; x_wconf 78' lang='grc' dir='ltr'>τὴν</span> <span class='ocrx_word' id='word_1_118' title='bbox 1042 1684 1107 1737; x_wconf 76' lang='grc' dir='ltr'>ὲκ</span> <span class='ocrx_word' id='word_1_119' title='bbox 1145 1684 1360 1757; x_wconf 57' lang='grc' dir='ltr'>Πατρός</span> <span class='ocrx_word' id='word_1_120' title='bbox 1400 1684 1757 1757; x_wconf 77' lang='grc' dir='ltr'>ἀνθρωπίνως</span> <span class='ocrx_word' id='word_1_121' title='bbox 1781 1702 1938 1757; x_wconf 89' lang='grc' dir='ltr'>περι-</span> 
     </span>
    </p>
   </div>
   <div class='ocr_carea' id='block_1_18' title="bbox 341 1772 1935 1850">
    <p class='ocr_par' dir='ltr' id='par_1_18' title="bbox 341 1772 1935 1850">
     <span class='ocr_line' id='line_1_18' title="bbox 341 1772 1935 1850; baseline 0.003 -22"><span class='ocrx_word' id='word_1_122' title='bbox 341 1772 645 1843; x_wconf 76' lang='grc' dir='ltr'>γράφσντες</span> <span class='ocrx_word' id='word_1_123' title='bbox 676 1772 1005 1846; x_wconf 78' lang='grc' dir='ltr'>διαστήματι</span> <span class='ocrx_word' id='word_1_124' title='bbox 1035 1777 1419 1849; x_wconf 79' lang='grc' dir='ltr'>μετρουμένῳ,</span> <span class='ocrx_word' id='word_1_125' title='bbox 1452 1777 1549 1832; x_wconf 77' lang='grc' dir='ltr'>καὶ</span> <span class='ocrx_word' id='word_1_126' title='bbox 1577 1778 1678 1834; x_wconf 79' lang='grc' dir='ltr'>οὐκ</span> <span class='ocrx_word' id='word_1_127' title='bbox 1704 1778 1935 1850; x_wconf 79' lang='grc' dir='ltr'>ἄναρχον</span> 
     </span>
    </p>
   </div>
   <div class='ocr_carea' id='block_1_19' title="bbox 339 1861 1935 1941">
    <p class='ocr_par' dir='ltr' id='par_1_19' title="bbox 339 1861 1935 1941">
     <span class='ocr_line' id='line_1_19' title="bbox 339 1861 1935 1941; baseline 0.005 -28"><span class='ocrx_word' id='word_1_128' title='bbox 339 1861 435 1915; x_wconf 77' lang='grc' dir='ltr'><strong>τὸν</strong></span> <span class='ocrx_word' id='word_1_129' title='bbox 464 1861 638 1941; x_wconf 77' lang='grc' dir='ltr'>αἰῶνα</span> <span class='ocrx_word' id='word_1_130' title='bbox 659 1862 752 1917; x_wconf 80' lang='grc' dir='ltr'>τοῦ</span> <span class='ocrx_word' id='word_1_131' title='bbox 784 1865 1110 1938; x_wconf 87' lang='grc' dir='ltr'>Γεννήτορος</span> <span class='ocrx_word' id='word_1_132' title='bbox 1131 1867 1225 1920; x_wconf 82' lang='grc' dir='ltr'><strong>καὶ</strong></span> <span class='ocrx_word' id='word_1_133' title='bbox 1254 1866 1350 1920; x_wconf 77' lang='grc' dir='ltr'>τοῦ</span> <span class='ocrx_word' id='word_1_134' title='bbox 1379 1868 1544 1941; x_wconf 80' lang='grc' dir='ltr'>Γεννή</span> <span class='ocrx_word' id='word_1_135' title='bbox 1553 1885 1721 1939; x_wconf 83' lang='grc' dir='ltr'>ματος</span> <span class='ocrx_word' id='word_1_136' title='bbox 1744 1869 1935 1940; x_wconf 84' lang='grc' dir='ltr'>ὁμολο-</span> 
     </span>
    </p>
   </div>
   <div class='ocr_carea' id='block_1_20' title="bbox 340 1940 2012 2029">
    <p class='ocr_par' dir='ltr' id='par_1_20' title="bbox 340 1940 2012 2029">
     <span class='ocr_line' id='line_1_20' title="bbox 340 1940 2012 2029; baseline 0.004 -24"><span class='ocrx_word' id='word_1_137' title='bbox 340 1940 596 2021; x_wconf 66' lang='grc' dir='ltr'>γοῦντες·</span> <span class='ocrx_word' id='word_1_138' title='bbox 635 1954 686 2006; x_wconf 86' lang='grc' dir='ltr'><strong>οί</strong></span> <span class='ocrx_word' id='word_1_139' title='bbox 709 1958 861 2026; x_wconf 80' lang='grc' dir='ltr'>τρεῖς</span> <span class='ocrx_word' id='word_1_140' title='bbox 889 1957 1295 2028; x_wconf 83' lang='grc' dir='ltr'>ἀκοινωνήτους</span> <span class='ocrx_word' id='word_1_141' title='bbox 1318 1958 1412 2011; x_wconf 74' lang='grc' dir='ltr'><strong>καὶ</strong></span> <span class='ocrx_word' id='word_1_142' title='bbox 1446 1955 1602 2023; x_wconf 78' lang='grc' dir='ltr'>ξένας</span> <span class='ocrx_word' id='word_1_143' title='bbox 1625 1957 1937 2029; x_wconf 72' lang='grc' dir='ltr'>εἰσάγοντες</span> <span class='ocrx_word' id='word_1_144' title='bbox 1968 1948 2012 2002; x_wconf 79' lang='grc' dir='ltr'><strong>Β</strong></span> 
     </span>
    </p>
   </div>
   <div class='ocr_carea' id='block_1_21' title="bbox 340 2043 1936 2125">
    <p class='ocr_par' dir='ltr' id='par_1_21' title="bbox 340 2043 1936 2125">
     <span class='ocr_line' id='line_1_21' title="bbox 340 2043 1936 2125; baseline 0.018 -31"><span class='ocrx_word' id='word_1_145' title='bbox 340 2043 618 2116; x_wconf 82' lang='grc' dir='ltr'>λατρείας.</span> <span class='ocrx_word' id='word_1_146' title='bbox 666 2047 795 2117; x_wconf 78' lang='grc' dir='ltr'>μιᾶς</span> <span class='ocrx_word' id='word_1_147' title='bbox 845 2047 940 2100; x_wconf 73' lang='grc' dir='ltr'><strong>καὶ</strong></span> <span class='ocrx_word' id='word_1_148' title='bbox 973 2047 1141 2118; x_wconf 73' lang='grc' dir='ltr'>μόνης</span> <span class='ocrx_word' id='word_1_149' title='bbox 1180 2047 1349 2120; x_wconf 75' lang='grc' dir='ltr'>οὔσης</span> <span class='ocrx_word' id='word_1_150' title='bbox 1383 2049 1482 2120; x_wconf 81' lang='grc' dir='ltr'><strong>τῆς</strong></span> <span class='ocrx_word' id='word_1_151' title='bbox 1524 2049 1755 2121; x_wconf 72' lang='grc' dir='ltr'>νομιμηυ</span> <span class='ocrx_word' id='word_1_152' title='bbox 1799 2049 1936 2125; x_wconf 78' lang='grc' dir='ltr'>θρη-</span> 
     </span>
    </p>
   </div>
   <div class='ocr_carea' id='block_1_22' title="bbox 343 2138 1935 2217">
    <p class='ocr_par' dir='ltr' id='par_1_22' title="bbox 343 2138 1935 2217">
     <span class='ocr_line' id='line_1_22' title="bbox 343 2138 1935 2217; baseline 0.005 -27"><span class='ocrx_word' id='word_1_153' title='bbox 343 2138 552 2203; x_wconf 86' lang='grc' dir='ltr'>σκείας,</span> <span class='ocrx_word' id='word_1_154' title='bbox 596 2139 663 2211; x_wconf 67' lang='grc' dir='ltr'>ἣν</span> <span class='ocrx_word' id='word_1_155' title='bbox 696 2139 903 2197; x_wconf 82' lang='grc' dir='ltr'>ἄνωθεν</span> <span class='ocrx_word' id='word_1_156' title='bbox 939 2142 1004 2194; x_wconf 82' lang='grc' dir='ltr'>ὲκ</span> <span class='ocrx_word' id='word_1_157' title='bbox 1035 2142 1202 2212; x_wconf 89' lang='grc' dir='ltr'>νόμου</span> <span class='ocrx_word' id='word_1_158' title='bbox 1237 2144 1329 2196; x_wconf 76' lang='grc' dir='ltr'>καὶ</span> <span class='ocrx_word' id='word_1_159' title='bbox 1369 2143 1665 2215; x_wconf 78' lang='grc' dir='ltr'>προφητῶν</span> <span class='ocrx_word' id='word_1_160' title='bbox 1692 2144 1935 2217; x_wconf 76' lang='grc' dir='ltr'>παραλα-</span> 
     </span>
    </p>
   </div>
   <div class='ocr_carea' id='block_1_23' title="bbox 338 2229 1936 2315">
    <p class='ocr_par' dir='ltr' id='par_1_23' title="bbox 338 2229 1936 2315">
     <span class='ocr_line' id='line_1_23' title="bbox 338 2229 1936 2315; baseline 0.004 -33"><span class='ocrx_word' id='word_1_161' title='bbox 338 2229 529 2295; x_wconf 76' lang='grc' dir='ltr'>ϐόντες</span> <span class='ocrx_word' id='word_1_162' title='bbox 554 2229 753 2315; x_wconf 79' lang='grc' dir='ltr'>ἔχομεν</span> <span class='ocrx_word' id='word_1_163' title='bbox 790 2233 885 2286; x_wconf 72' lang='grc' dir='ltr'><strong>καὶ</strong></span> <span class='ocrx_word' id='word_1_164' title='bbox 912 2234 1018 2287; x_wconf 78' lang='grc' dir='ltr'>ὑπὸ</span> <span class='ocrx_word' id='word_1_165' title='bbox 1043 2233 1138 2288; x_wconf 81' lang='grc' dir='ltr'>τοῦ</span> <span class='ocrx_word' id='word_1_166' title='bbox 1162 2235 1369 2309; x_wconf 80' lang='grc' dir='ltr'>Κυρίου</span> <span class='ocrx_word' id='word_1_167' title='bbox 1406 2234 1819 2306; x_wconf 70' lang='grc' dir='ltr'>βεϐαιωθεῖσαν,</span> <span class='ocrx_word' id='word_1_168' title='bbox 1841 2237 1936 2290; x_wconf 73' lang='grc' dir='ltr'><strong>καὶ</strong></span> 
     </span>
    </p>
   </div>
   <div class='ocr_carea' id='block_1_24' title="bbox 337 2323 1935 2402">
    <p class='ocr_par' dir='ltr' id='par_1_24' title="bbox 337 2323 1935 2402">
     <span class='ocr_line' id='line_1_24' title="bbox 337 2323 1935 2402; baseline 0.004 -26"><span class='ocrx_word' id='word_1_169' title='bbox 337 2323 446 2377; x_wconf 78' lang='grc' dir='ltr'><strong>ὑπὸ</strong></span> <span class='ocrx_word' id='word_1_170' title='bbox 470 2323 578 2389; x_wconf 85' lang='grc' dir='ltr'><strong>τῶν</strong></span> <span class='ocrx_word' id='word_1_171' title='bbox 615 2326 928 2380; x_wconf 76' lang='grc' dir='ltr'>ἀποστόλων</span> <span class='ocrx_word' id='word_1_172' title='bbox 953 2329 1377 2401; x_wconf 81' lang='grc' dir='ltr'>κεκηρυγμένην</span> <span class='ocrx_word' id='word_1_173' title='bbox 1395 2346 1409 2360; x_wconf 77' lang='lat'>&#39;</span> <span class='ocrx_word' id='word_1_174' title='bbox 1446 2328 1719 2402; x_wconf 79' lang='grc' dir='ltr'>ἀλλότριοι</span> <span class='ocrx_word' id='word_1_175' title='bbox 1752 2328 1808 2383; x_wconf 83' lang='grc' dir='ltr'>δὲ</span> <span class='ocrx_word' id='word_1_176' title='bbox 1837 2330 1935 2401; x_wconf 79' lang='grc' dir='ltr'>οὐχ</span> 
     </span>
    </p>
   </div>
   <div class='ocr_carea' id='block_1_25' title="bbox 337 2407 1935 2492">
    <p class='ocr_par' dir='ltr' id='par_1_25' title="bbox 337 2407 1935 2492">
     <span class='ocr_line' id='line_1_25' title="bbox 337 2407 1935 2492; baseline 0.003 -25"><span class='ocrx_word' id='word_1_177' title='bbox 337 2407 502 2485; x_wconf 76' lang='grc' dir='ltr'>ἦττον</span> <span class='ocrx_word' id='word_1_178' title='bbox 528 2416 621 2469; x_wconf 75' lang='grc' dir='ltr'><strong>καὶ</strong></span> <span class='ocrx_word' id='word_1_179' title='bbox 650 2416 707 2482; x_wconf 41' lang='grc' dir='ltr'>οἱ,</span> <span class='ocrx_word' id='word_1_180' title='bbox 735 2417 837 2489; x_wconf 77' lang='grc' dir='ltr'>τὴν</span> <span class='ocrx_word' id='word_1_181' title='bbox 876 2417 1081 2489; x_wconf 86' lang='grc' dir='ltr'>Τριάδα</span> <span class='ocrx_word' id='word_1_182' title='bbox 1106 2420 1181 2492; x_wconf 87' lang='grc' dir='ltr'><strong>μὴ</strong></span> <span class='ocrx_word' id='word_1_183' title='bbox 1207 2420 1348 2473; x_wconf 87' lang='grc' dir='ltr'><strong>κατά</strong></span> <span class='ocrx_word' id='word_1_184' title='bbox 1378 2419 1635 2491; x_wconf 74' lang='grc' dir='ltr'>ἀλήθειαν</span> <span class='ocrx_word' id='word_1_185' title='bbox 1669 2421 1733 2473; x_wconf 83' lang='grc' dir='ltr'>ὲκ</span> <span class='ocrx_word' id='word_1_186' title='bbox 1768 2419 1935 2492; x_wconf 83' lang='grc' dir='ltr'>τριῶν</span> 
     </span>
    </p>
   </div>
   <div class='ocr_carea' id='block_1_26' title="bbox 339 2505 1934 2584">
    <p class='ocr_par' dir='ltr' id='par_1_26' title="bbox 339 2505 1934 2584">
     <span class='ocr_line' id='line_1_26' title="bbox 339 2505 1934 2584; baseline 0.004 -26"><span class='ocrx_word' id='word_1_187' title='bbox 339 2505 650 2579; x_wconf 78' lang='grc' dir='ltr'>προσώπων</span> <span class='ocrx_word' id='word_1_188' title='bbox 681 2508 1103 2579; x_wconf 78' lang='grc' dir='ltr'>ὁμολογοῦντες,</span> <span class='ocrx_word' id='word_1_189' title='bbox 1142 2511 1257 2567; x_wconf 85' lang='grc' dir='ltr'>ἀλλ’</span> <span class='ocrx_word' id='word_1_190' title='bbox 1289 2514 1346 2565; x_wconf 85' lang='grc' dir='ltr'>ὲν</span> <span class='ocrx_word' id='word_1_191' title='bbox 1384 2510 1571 2584; x_wconf 85' lang='grc' dir='ltr'>μονάδι</span> <span class='ocrx_word' id='word_1_192' title='bbox 1595 2510 1655 2564; x_wconf 84' lang='grc' dir='ltr'><strong>τὸ</strong></span> <span class='ocrx_word' id='word_1_193' title='bbox 1677 2511 1934 2582; x_wconf 76' lang='grc' dir='ltr'>τριπλοῦν</span> 
     </span>
    </p>
   </div>
   <div class='ocr_carea' id='block_1_27' title="bbox 337 2599 1935 2679">
    <p class='ocr_par' dir='ltr' id='par_1_27' title="bbox 337 2599 1935 2679">
     <span class='ocr_line' id='line_1_27' title="bbox 337 2599 1935 2679; baseline 0.003 -25"><span class='ocrx_word' id='word_1_194' title='bbox 337 2599 553 2664; x_wconf 76' lang='grc' dir='ltr'>ἀσεϐῶς</span> <span class='ocrx_word' id='word_1_195' title='bbox 586 2600 727 2655; x_wconf 85' lang='grc' dir='ltr'><strong>κατά</strong></span> <span class='ocrx_word' id='word_1_196' title='bbox 761 2600 1009 2657; x_wconf 76' lang='grc' dir='ltr'>σύνθεσιν</span> <span class='ocrx_word' id='word_1_197' title='bbox 1042 2604 1473 2676; x_wconf 80' lang='grc' dir='ltr'>φανταζόμενοι·</span> <span class='ocrx_word' id='word_1_198' title='bbox 1522 2608 1617 2662; x_wconf 70' lang='grc' dir='ltr'><strong>καὶ</strong></span> <span class='ocrx_word' id='word_1_199' title='bbox 1662 2609 1853 2679; x_wconf 82' lang='grc' dir='ltr'>σοφίαν</span> <span class='ocrx_word' id='word_1_200' title='bbox 1877 2609 1935 2661; x_wconf 84' lang='grc' dir='ltr'><strong>ἐν</strong></span> 
     </span>
    </p>
   </div>
   <div class='ocr_carea' id='block_1_28' title="bbox 338 2694 1933 2774">
    <p class='ocr_par' dir='ltr' id='par_1_28' title="bbox 338 2694 1933 2774">
     <span class='ocr_line' id='line_1_28' title="bbox 338 2694 1933 2774; baseline 0.004 -26"><span class='ocrx_word' id='word_1_201' title='bbox 338 2694 458 2766; x_wconf 78' lang='grc' dir='ltr'>Θεῷ</span> <span class='ocrx_word' id='word_1_202' title='bbox 488 2696 581 2750; x_wconf 83' lang='grc' dir='ltr'><strong>τὸν</strong></span> <span class='ocrx_word' id='word_1_203' title='bbox 616 2696 740 2749; x_wconf 80' lang='grc' dir='ltr'>Υίὸν</span> <span class='ocrx_word' id='word_1_204' title='bbox 767 2697 843 2761; x_wconf 85' lang='grc' dir='ltr'>ὡς</span> <span class='ocrx_word' id='word_1_205' title='bbox 877 2699 935 2750; x_wconf 86' lang='grc' dir='ltr'><strong>ὲν</strong></span> <span class='ocrx_word' id='word_1_206' title='bbox 964 2698 1239 2771; x_wconf 83' lang='grc' dir='ltr'>ἀνθρώπῳ</span> <span class='ocrx_word' id='word_1_207' title='bbox 1260 2700 1359 2772; x_wconf 81' lang='grc' dir='ltr'><strong>τὴν</strong></span> <span class='ocrx_word' id='word_1_208' title='bbox 1393 2699 1742 2774; x_wconf 78' lang='grc' dir='ltr'>ἀνθρωπίνην</span> <span class='ocrx_word' id='word_1_209' title='bbox 1766 2701 1933 2773; x_wconf 74' lang='grc' dir='ltr'>ἡγού-</span> 
     </span>
    </p>
   </div>
   <div class='ocr_carea' id='block_1_29' title="bbox 342 2784 1935 2864">
    <p class='ocr_par' dir='ltr' id='par_1_29' title="bbox 342 2784 1935 2864">
     <span class='ocr_line' id='line_1_29' title="bbox 342 2784 1935 2864; baseline 0.004 -23"><span class='ocrx_word' id='word_1_210' title='bbox 342 2805 514 2859; x_wconf 89' lang='grc' dir='ltr'>μενοι,</span> <span class='ocrx_word' id='word_1_211' title='bbox 545 2789 613 2843; x_wconf 86' lang='grc' dir='ltr'>δι’</span> <span class='ocrx_word' id='word_1_212' title='bbox 639 2784 708 2863; x_wconf 83' lang='grc' dir='ltr'>ἦς</span> <span class='ocrx_word' id='word_1_213' title='bbox 730 2790 758 2844; x_wconf 82' lang='grc' dir='ltr'><strong>δ</strong></span> <span class='ocrx_word' id='word_1_214' title='bbox 785 2790 1073 2863; x_wconf 77' lang='grc' dir='ltr'>ἄνθρωπός</span> <span class='ocrx_word' id='word_1_215' title='bbox 1094 2793 1210 2845; x_wconf 77' lang='grc' dir='ltr'>ἐστι</span> <span class='ocrx_word' id='word_1_216' title='bbox 1237 2791 1418 2862; x_wconf 81' lang='grc' dir='ltr'>σοφὸς,</span> <span class='ocrx_word' id='word_1_217' title='bbox 1447 2794 1539 2847; x_wconf 74' lang='grc' dir='ltr'><strong>καὶ</strong></span> <span class='ocrx_word' id='word_1_218' title='bbox 1552 2795 1722 2862; x_wconf 78' lang='grc' dir='ltr'>Λόγον</span> <span class='ocrx_word' id='word_1_219' title='bbox 1736 2794 1935 2864; x_wconf 81' lang='grc' dir='ltr'>ὁμοίως</span> 
     </span>
    </p>
   </div>
   <div class='ocr_carea' id='block_1_30' title="bbox 340 2880 1934 2958">
    <p class='ocr_par' dir='ltr' id='par_1_30' title="bbox 340 2880 1934 2958">
     <span class='ocr_line' id='line_1_30' title="bbox 340 2880 1934 2958; baseline 0.003 -23"><span class='ocrx_word' id='word_1_220' title='bbox 340 2881 417 2954; x_wconf 81' lang='grc' dir='ltr'>τῷ</span> <span class='ocrx_word' id='word_1_221' title='bbox 440 2881 580 2936; x_wconf 84' lang='grc' dir='ltr'><strong>κατά</strong></span> <span class='ocrx_word' id='word_1_222' title='bbox 612 2880 892 2955; x_wconf 68' lang='grc' dir='ltr'>προφορὰν</span> <span class='ocrx_word' id='word_1_223' title='bbox 922 2883 956 2953; x_wconf 82' lang='grc' dir='ltr'><strong>ἢ</strong></span> <span class='ocrx_word' id='word_1_224' title='bbox 989 2883 1229 2951; x_wconf 78' lang='grc' dir='ltr'>διάνοιαν</span> <span class='ocrx_word' id='word_1_225' title='bbox 1263 2885 1679 2957; x_wconf 67' lang='grc' dir='ltr'>εἰσηγούμενοι,</span> <span class='ocrx_word' id='word_1_226' title='bbox 1713 2886 1934 2958; x_wconf 73' lang='grc' dir='ltr'>οὐδεμιᾷ</span> 
     </span>
    </p>
   </div>
   <div class='ocr_carea' id='block_1_31' title="bbox 342 2975 957 3050">
    <p class='ocr_par' dir='ltr' id='par_1_31' title="bbox 342 2975 957 3050">
     <span class='ocr_line' id='line_1_31' title="bbox 342 2975 957 3050; baseline 0.007 -23"><span class='ocrx_word' id='word_1_227' title='bbox 342 2975 637 3031; x_wconf 75' lang='grc' dir='ltr'>ὑποστάσει</span> <span class='ocrx_word' id='word_1_228' title='bbox 659 2976 781 3031; x_wconf 78' lang='grc' dir='ltr'>οὐδὲ</span> <span class='ocrx_word' id='word_1_229' title='bbox 801 2976 957 3050; x_wconf 78' lang='grc' dir='ltr'>μόνῃ.</span> 
     </span>
    </p>
   </div>
   <div class='ocr_carea' id='block_1_32' title="bbox 422 3158 1935 3236">
    <p class='ocr_par' dir='ltr' id='par_1_32' title="bbox 422 3158 1935 3236">
     <span class='ocr_line' id='line_1_32' title="bbox 422 3158 1935 3236; baseline 0.003 -24"><span class='ocrx_word' id='word_1_230' title='bbox 422 3158 880 3234; x_wconf 76' lang='grc' dir='ltr'>Ἐκκλησιαστικὴ</span> <span class='ocrx_word' id='word_1_231' title='bbox 918 3161 976 3214; x_wconf 82' lang='grc' dir='ltr'>δὲ</span> <span class='ocrx_word' id='word_1_232' title='bbox 1009 3162 1269 3233; x_wconf 77' lang='grc' dir='ltr'>ὁμολογία</span> <span class='ocrx_word' id='word_1_233' title='bbox 1300 3162 1395 3216; x_wconf 79' lang='grc' dir='ltr'><strong>καὶ</strong></span> <span class='ocrx_word' id='word_1_234' title='bbox 1437 3161 1631 3235; x_wconf 83' lang='grc' dir='ltr'>κόσμῳ</span> <span class='ocrx_word' id='word_1_235' title='bbox 1669 3163 1935 3236; x_wconf 83' lang='grc' dir='ltr'>σωτήριος</span> 
     </span>
    </p>
   </div>
   <div class='ocr_carea' id='block_1_33' title="bbox 199 3240 1935 3342">
    <p class='ocr_par' dir='ltr' id='par_1_33' title="bbox 199 3240 1935 3342">
     <span class='ocr_line' id='line_1_33' title="bbox 199 3240 1935 3342; baseline 0.003 -38"><span class='ocrx_word' id='word_1_236' title='bbox 199 3240 229 3342; x_wconf 28' lang='grc' dir='ltr'><strong>δ’</strong></span> <span class='ocrx_word' id='word_1_237' title='bbox 262 3284 267 3287; x_wconf 70' lang='grc' dir='ltr'><strong>ι</strong></span> <span class='ocrx_word' id='word_1_238' title='bbox 342 3250 526 3315; x_wconf 87' lang='grc' dir='ltr'>πίστις</span> <span class='ocrx_word' id='word_1_239' title='bbox 557 3254 590 3324; x_wconf 82' lang='grc' dir='ltr'>ἡ</span> <span class='ocrx_word' id='word_1_240' title='bbox 627 3254 756 3325; x_wconf 75' lang='grc' dir='ltr'>περὶ</span> <span class='ocrx_word' id='word_1_241' title='bbox 782 3255 881 3323; x_wconf 78' lang='grc' dir='ltr'>τῆς</span> <span class='ocrx_word' id='word_1_242' title='bbox 904 3254 996 3308; x_wconf 74' lang='grc' dir='ltr'>τοῦ</span> <span class='ocrx_word' id='word_1_243' title='bbox 1026 3254 1200 3325; x_wconf 81' lang='grc' dir='ltr'>Λόγου</span> <span class='ocrx_word' id='word_1_244' title='bbox 1234 3254 1562 3327; x_wconf 85' lang='grc' dir='ltr'>σαρκώσεως</span> <span class='ocrx_word' id='word_1_245' title='bbox 1585 3296 1601 3319; x_wconf 96' lang='grc'><strong>,</strong></span> <span class='ocrx_word' id='word_1_246' title='bbox 1634 3255 1815 3320; x_wconf 84' lang='grc' dir='ltr'>δόντος</span> <span class='ocrx_word' id='word_1_247' title='bbox 1837 3256 1935 3328; x_wconf 85' lang='grc' dir='ltr'><strong>μὲν</strong></span> 
     </span>
    </p>
   </div>
   <div class='ocr_carea' id='block_1_34' title="bbox 341 3343 1932 3421">
    <p class='ocr_par' dir='ltr' id='par_1_34' title="bbox 341 3343 1932 3421">
     <span class='ocr_line' id='line_1_34' title="bbox 341 3343 1932 3421; baseline 0.004 -25"><span class='ocrx_word' id='word_1_248' title='bbox 341 3344 534 3398; x_wconf 74' lang='grc' dir='ltr'>ἑαυτὸν</span> <span class='ocrx_word' id='word_1_249' title='bbox 575 3343 894 3419; x_wconf 79' lang='grc' dir='ltr'>ἀνθρωπίνῃ</span> <span class='ocrx_word' id='word_1_250' title='bbox 933 3348 1097 3419; x_wconf 75' lang='grc' dir='ltr'>σαρκὶ</span> <span class='ocrx_word' id='word_1_251' title='bbox 1117 3347 1185 3419; x_wconf 84' lang='grc' dir='ltr'>ῆν</span> <span class='ocrx_word' id='word_1_252' title='bbox 1218 3349 1283 3401; x_wconf 86' lang='grc' dir='ltr'><strong>ἐκ</strong></span> <span class='ocrx_word' id='word_1_253' title='bbox 1306 3347 1526 3421; x_wconf 83' lang='grc' dir='ltr'>Μαρίας</span> <span class='ocrx_word' id='word_1_254' title='bbox 1548 3348 1932 3420; x_wconf 81' lang='grc' dir='ltr'>προσελάϐετο,</span> 
     </span>
    </p>
   </div>
   <div class='ocr_carea' id='block_1_35' title="bbox 342 3437 1939 3520">
    <p class='ocr_par' dir='ltr' id='par_1_35' title="bbox 342 3437 1939 3520">
     <span class='ocr_line' id='line_1_35' title="bbox 342 3437 1939 3520; baseline 0.003 -30"><span class='ocrx_word' id='word_1_255' title='bbox 342 3437 625 3507; x_wconf 85' lang='grc' dir='ltr'>μείναντος</span> <span class='ocrx_word' id='word_1_256' title='bbox 670 3437 727 3491; x_wconf 78' lang='grc' dir='ltr'><strong>δὲ</strong></span> <span class='ocrx_word' id='word_1_257' title='bbox 758 3441 818 3491; x_wconf 83' lang='grc' dir='ltr'>ὲν</span> <span class='ocrx_word' id='word_1_258' title='bbox 844 3440 1173 3511; x_wconf 84' lang='grc' dir='ltr'>ταυτότητι,</span> <span class='ocrx_word' id='word_1_259' title='bbox 1216 3442 1312 3495; x_wconf 76' lang='grc' dir='ltr'><strong>καὶ</strong></span> <span class='ocrx_word' id='word_1_260' title='bbox 1348 3441 1619 3520; x_wconf 39' lang='lat' dir='ltr'><strong>meum</strong></span> <span class='ocrx_word' id='word_1_261' title='bbox 1654 3441 1939 3513; x_wconf 72' lang='grc' dir='ltr'>θείαν⁶με-</span> 
     </span>
    </p>
   </div>
   <div class='ocr_carea' id='block_1_36' title="bbox 307 3529 1937 3607">
    <p class='ocr_par' dir='ltr' id='par_1_36' title="bbox 307 3529 1937 3607">
     <span class='ocr_line' id='line_1_36' title="bbox 307 3529 1937 3607; baseline 0.002 -22"><span class='ocrx_word' id='word_1_262' title='bbox 307 3529 624 3603; x_wconf 76' lang='grc' dir='ltr'>-τακίνησιν</span> <span class='ocrx_word' id='word_1_263' title='bbox 663 3531 798 3603; x_wconf 83' lang='grc' dir='ltr'>μηδὲ</span> <span class='ocrx_word' id='word_1_264' title='bbox 818 3530 1101 3585; x_wconf 75' lang='grc' dir='ltr'>ἀλλοίωσιν</span> <span class='ocrx_word' id='word_1_265' title='bbox 1133 3534 1492 3598; x_wconf 83' lang='grc' dir='ltr'>ὑποστάντος,</span> <span class='ocrx_word' id='word_1_266' title='bbox 1524 3535 1937 3607; x_wconf 81' lang='grc' dir='ltr'>συναιρεθέντος</span> 
     </span>
    </p>
   </div>
   <div class='ocr_carea' id='block_1_37' title="bbox 339 3620 1937 3697">
    <p class='ocr_par' dir='ltr' id='par_1_37' title="bbox 339 3620 1937 3697">
     <span class='ocr_line' id='line_1_37' title="bbox 339 3620 1937 3697; baseline 0.002 -21"><span class='ocrx_word' id='word_1_267' title='bbox 339 3620 398 3676; x_wconf 77' lang='grc' dir='ltr'>δὲ</span> <span class='ocrx_word' id='word_1_268' title='bbox 428 3621 565 3694; x_wconf 82' lang='grc' dir='ltr'>πρὸς</span> <span class='ocrx_word' id='word_1_269' title='bbox 593 3620 690 3693; x_wconf 83' lang='grc' dir='ltr'><strong>τὴν</strong></span> <span class='ocrx_word' id='word_1_270' title='bbox 720 3621 900 3692; x_wconf 88' lang='grc' dir='ltr'>σάρκα</span> <span class='ocrx_word' id='word_1_271' title='bbox 939 3622 1063 3675; x_wconf 88' lang='grc' dir='ltr'>καθ’</span> <span class='ocrx_word' id='word_1_272' title='bbox 1093 3622 1357 3694; x_wconf 81' lang='grc' dir='ltr'>ὁμοίωσιν</span> <span class='ocrx_word' id='word_1_273' title='bbox 1388 3623 1763 3697; x_wconf 82' lang='grc' dir='ltr'>ἀνθρωπίνην,</span> <span class='ocrx_word' id='word_1_274' title='bbox 1796 3626 1937 3679; x_wconf 79' lang='grc' dir='ltr'>ὥστε</span> 
     </span>
    </p>
   </div>
   <div class='ocr_carea' id='block_1_38' title="bbox 339 3712 1935 3791">
    <p class='ocr_par' dir='ltr' id='par_1_38' title="bbox 339 3712 1935 3791">
     <span class='ocr_line' id='line_1_38' title="bbox 339 3712 1935 3791; baseline 0.003 -24"><span class='ocrx_word' id='word_1_275' title='bbox 339 3712 441 3785; x_wconf 79' lang='grc' dir='ltr'>τὴν</span> <span class='ocrx_word' id='word_1_276' title='bbox 499 3714 677 3786; x_wconf 87' lang='grc' dir='ltr'>σάρκα</span> <span class='ocrx_word' id='word_1_277' title='bbox 719 3715 858 3786; x_wconf 74' lang='grc' dir='ltr'>πρὸς</span> <span class='ocrx_word' id='word_1_278' title='bbox 907 3715 1010 3787; x_wconf 78' lang='grc' dir='ltr'><strong>τὴν</strong></span> <span class='ocrx_word' id='word_1_279' title='bbox 1064 3714 1293 3787; x_wconf 87' lang='grc' dir='ltr'>θεότητα</span> <span class='ocrx_word' id='word_1_280' title='bbox 1334 3716 1624 3789; x_wconf 77' lang='grc' dir='ltr'>ἑνωθῆναι,</span> <span class='ocrx_word' id='word_1_281' title='bbox 1671 3719 1772 3791; x_wconf 82' lang='grc' dir='ltr'><strong>τῆς</strong></span> <span class='ocrx_word' id='word_1_282' title='bbox 1814 3719 1935 3773; x_wconf 81' lang='grc' dir='ltr'>θεό-</span> 
     </span>
    </p>
   </div>
   <div class='ocr_carea' id='block_1_39' title="bbox 256 3806 1936 3882">
    <p class='ocr_par' dir='ltr' id='par_1_39' title="bbox 256 3806 1936 3882">
     <span class='ocr_line' id='line_1_39' title="bbox 256 3806 1936 3882; baseline 0.005 -26"><span class='ocrx_word' id='word_1_283' title='bbox 256 3846 267 3856; x_wconf 93' lang='grc'><strong>.</strong></span> <span class='ocrx_word' id='word_1_284' title='bbox 338 3822 502 3875; x_wconf 75' lang='grc' dir='ltr'>τητος</span> <span class='ocrx_word' id='word_1_285' title='bbox 532 3806 595 3859; x_wconf 83' lang='grc' dir='ltr'><strong>τὸ</strong></span> <span class='ocrx_word' id='word_1_286' title='bbox 626 3806 929 3878; x_wconf 71' lang='grc' dir='ltr'>παθητικὸν</span> <span class='ocrx_word' id='word_1_287' title='bbox 955 3808 1054 3879; x_wconf 80' lang='grc' dir='ltr'>τῆς</span> <span class='ocrx_word' id='word_1_288' title='bbox 1081 3808 1284 3880; x_wconf 82' lang='grc' dir='ltr'>σαρκὸς</span> <span class='ocrx_word' id='word_1_289' title='bbox 1316 3811 1374 3863; x_wconf 82' lang='grc' dir='ltr'><strong>ἐν</strong></span> <span class='ocrx_word' id='word_1_290' title='bbox 1402 3812 1468 3880; x_wconf 81' lang='grc' dir='ltr'>τῇ</span> <span class='ocrx_word' id='word_1_291' title='bbox 1502 3810 1597 3863; x_wconf 76' lang='grc' dir='ltr'>τοῦ</span> <span class='ocrx_word' id='word_1_292' title='bbox 1636 3812 1936 3882; x_wconf 71' lang='grc' dir='ltr'>μυστηρίου</span> 
     </span>
    </p>
   </div>
   <div class='ocr_carea' id='block_1_40' title="bbox 294 3884 1936 3969">
    <p class='ocr_par' dir='ltr' id='par_1_40' title="bbox 294 3884 1936 3969">
     <span class='ocr_line' id='line_1_40' title="bbox 294 3884 1936 3969; baseline 0.004 -20"><span class='ocrx_word' id='word_1_293' title='bbox 294 3908 295 3911; x_wconf 79' lang='lat'>‘</span> <span class='ocrx_word' id='word_1_294' title='bbox 339 3896 621 3969; x_wconf 60' lang='grc' dir='ltr'>πληρώσει</span> <span class='ocrx_word' id='word_1_295' title='bbox 666 3897 1039 3968; x_wconf 74' lang='grc' dir='ltr'>ἀνῃρηκυίαςο</span> <span class='ocrx_word' id='word_1_296' title='bbox 1093 3898 1234 3969; x_wconf 88' lang='grc' dir='ltr'><strong>μετά</strong></span> <span class='ocrx_word' id='word_1_297' title='bbox 1275 3885 1333 3952; x_wconf 67' lang='grc' dir='ltr'>δὲ</span> <span class='ocrx_word' id='word_1_298' title='bbox 1366 3898 1597 3953; x_wconf 82' lang='grc' dir='ltr'>θανάτου</span> <span class='ocrx_word' id='word_1_299' title='bbox 1640 3884 1936 3955; x_wconf 79' lang='grc' dir='ltr'>κατάλυσιν</span> 
     </span>
    </p>
   </div>
   <div class='ocr_carea' id='block_1_41' title="bbox 341 3990 1937 4065">
    <p class='ocr_par' dir='ltr' id='par_1_41' title="bbox 341 3990 1937 4065">
     <span class='ocr_line' id='line_1_41' title="bbox 341 3990 1937 4065; baseline -0.001 -19"><span class='ocrx_word' id='word_1_300' title='bbox 341 3993 475 4065; x_wconf 77' lang='grc' dir='ltr'>περὶ</span> <span class='ocrx_word' id='word_1_301' title='bbox 519 3990 620 4062; x_wconf 83' lang='grc' dir='ltr'>τὴν</span> <span class='ocrx_word' id='word_1_302' title='bbox 672 3991 852 4060; x_wconf 84' lang='grc' dir='ltr'>σάρκα</span> <span class='ocrx_word' id='word_1_303' title='bbox 899 3990 1000 4062; x_wconf 78' lang='grc' dir='ltr'><strong>τὴν</strong></span> <span class='ocrx_word' id='word_1_304' title='bbox 1057 3990 1218 4059; x_wconf 82' lang='grc' dir='ltr'>ἁγίαν</span> <span class='ocrx_word' id='word_1_305' title='bbox 1288 3991 1535 4053; x_wconf 82' lang='grc' dir='ltr'>ἀπάθεια</span> <span class='ocrx_word' id='word_1_306' title='bbox 1572 3992 1823 4064; x_wconf 80' lang='grc' dir='ltr'>διηνεκὴς</span> <span class='ocrx_word' id='word_1_307' title='bbox 1844 3995 1937 4047; x_wconf 68' lang='grc' dir='ltr'><strong>καὶ</strong></span> 
     </span>
    </p>
   </div>
   <div class='ocr_carea' id='block_1_42' title="bbox 338 4077 1938 4154">
    <p class='ocr_par' dir='ltr' id='par_1_42' title="bbox 338 4077 1938 4154">
     <span class='ocr_line' id='line_1_42' title="bbox 338 4077 1938 4154; baseline 0.003 -22"><span class='ocrx_word' id='word_1_308' title='bbox 338 4077 612 4148; x_wconf 68' lang='grc' dir='ltr'>ἄτρεπτος</span> <span class='ocrx_word' id='word_1_309' title='bbox 651 4077 923 4131; x_wconf 82' lang='grc' dir='ltr'>ἀθανασία</span> <span class='ocrx_word' id='word_1_310' title='bbox 946 4094 959 4108; x_wconf 71' lang='grc' dir='ltr'><strong>ο</strong></span> <span class='ocrx_word' id='word_1_311' title='bbox 998 4078 1401 4149; x_wconf 79' lang='grc' dir='ltr'>ἀνειλημμένου</span> <span class='ocrx_word' id='word_1_312' title='bbox 1445 4079 1544 4150; x_wconf 83' lang='grc' dir='ltr'><strong>μὲν</strong></span> <span class='ocrx_word' id='word_1_313' title='bbox 1568 4080 1663 4133; x_wconf 79' lang='grc' dir='ltr'>τοῦ</span> <span class='ocrx_word' id='word_1_314' title='bbox 1686 4084 1806 4135; x_wconf 77' lang='grc' dir='ltr'>κατ’</span> <span class='ocrx_word' id='word_1_315' title='bbox 1839 4084 1938 4154; x_wconf 68' lang='grc' dir='ltr'>ἀρα</span> 
     </span>
    </p>
   </div>
   <div class='ocr_carea' id='block_1_43' title="bbox 341 4169 1936 4243">
    <p class='ocr_par' dir='ltr' id='par_1_43' title="bbox 341 4169 1936 4243">
     <span class='ocr_line' id='line_1_43' title="bbox 341 4169 1936 4243; baseline 0.001 -17"><span class='ocrx_word' id='word_1_316' title='bbox 341 4172 445 4243; x_wconf 75' lang='grc' dir='ltr'>χὴν</span> <span class='ocrx_word' id='word_1_317' title='bbox 491 4170 835 4242; x_wconf 82' lang='grc' dir='ltr'>ἀνθρωπίνου</span> <span class='ocrx_word' id='word_1_318' title='bbox 871 4169 1101 4234; x_wconf 82' lang='grc' dir='ltr'>κάλλους</span> <span class='ocrx_word' id='word_1_319' title='bbox 1155 4172 1213 4225; x_wconf 81' lang='grc' dir='ltr'><strong>ἐν</strong></span> <span class='ocrx_word' id='word_1_320' title='bbox 1242 4173 1310 4241; x_wconf 80' lang='grc' dir='ltr'>τῇ</span> <span class='ocrx_word' id='word_1_321' title='bbox 1338 4170 1439 4241; x_wconf 76' lang='grc' dir='ltr'>τῆς</span> <span class='ocrx_word' id='word_1_322' title='bbox 1475 4170 1730 4242; x_wconf 86' lang='grc' dir='ltr'>θεότητος</span> <span class='ocrx_word' id='word_1_323' title='bbox 1778 4173 1936 4227; x_wconf 84' lang='grc' dir='ltr'>δυνά-</span> 
     </span>
    </p>
   </div>
   <div class='ocr_carea' id='block_1_44' title="bbox 347 4264 1935 4338">
    <p class='ocr_par' dir='ltr' id='par_1_44' title="bbox 347 4264 1935 4338">
     <span class='ocr_line' id='line_1_44' title="bbox 347 4264 1935 4338; baseline -0.001 -18"><span class='ocrx_word' id='word_1_324' title='bbox 347 4284 459 4334; x_wconf 85' lang='grc' dir='ltr'>μει,</span> <span class='ocrx_word' id='word_1_325' title='bbox 505 4265 910 4337; x_wconf 79' lang='grc' dir='ltr'>χορηγουμένου</span> <span class='ocrx_word' id='word_1_326' title='bbox 951 4264 1013 4319; x_wconf 69' lang='grc' dir='ltr'>δὲ</span> <span class='ocrx_word' id='word_1_327' title='bbox 1053 4265 1146 4318; x_wconf 76' lang='grc' dir='ltr'>ἐπὶ</span> <span class='ocrx_word' id='word_1_328' title='bbox 1185 4264 1394 4329; x_wconf 83' lang='grc' dir='ltr'>πάντας</span> <span class='ocrx_word' id='word_1_329' title='bbox 1420 4264 1756 4337; x_wconf 66' lang='grc' dir='ltr'>ἀνθρώπους</span> <span class='ocrx_word' id='word_1_330' title='bbox 1782 4268 1841 4320; x_wconf 81' lang='grc' dir='ltr'>ἐν</span> <span class='ocrx_word' id='word_1_331' title='bbox 1868 4268 1935 4338; x_wconf 79' lang='grc' dir='ltr'><strong>τῇ</strong></span> 
     </span>
    </p>
   </div>
   <div class='ocr_carea' id='block_1_45' title="bbox 306 4356 1668 4430">
    <p class='ocr_par' dir='ltr' id='par_1_45' title="bbox 306 4356 1668 4430">
     <span class='ocr_line' id='line_1_45' title="bbox 306 4356 1668 4430; baseline -0.032 -11"><span class='ocrx_word' id='word_1_332' title='bbox 306 4410 319 4419; x_wconf 86' lang='grc'><strong>.</strong></span> <span class='ocrx_word' id='word_1_333' title='bbox 341 4357 444 4430; x_wconf 75' lang='grc' dir='ltr'>τῆς</span> <span class='ocrx_word' id='word_1_334' title='bbox 474 4358 714 4422; x_wconf 85' lang='grc' dir='ltr'>πίστεως</span> <span class='ocrx_word' id='word_1_335' title='bbox 741 4356 1035 4414; x_wconf 85' lang='grc' dir='ltr'>οίκειώσει,</span> <span class='ocrx_word' id='word_1_336' title='bbox 1296 4364 1297 4367; x_wconf 47' lang='grc' dir='ltr'><strong>η</strong></span> <span class='ocrx_word' id='word_1_337' title='bbox 1604 4428 1611 4429; x_wconf 14' lang='lat'><em>7</em></span> <span class='ocrx_word' id='word_1_338' title='bbox 1662 4371 1668 4376; x_wconf 89' lang='lat'><strong>.</strong></span> 
     </span>
    </p>
   </div>
   <div class='ocr_carea' id='block_1_46' title="bbox 411 4430 1968 4521">
    <p class='ocr_par' dir='ltr' id='par_1_46' title="bbox 411 4430 1968 4521">
     <span class='ocr_line' id='line_1_46' title="bbox 411 4430 1968 4521; baseline 0 -19"><span class='ocrx_word' id='word_1_339' title='bbox 411 4449 476 4502; x_wconf 86' lang='grc' dir='ltr'>Εἰ</span> <span class='ocrx_word' id='word_1_340' title='bbox 508 4448 566 4502; x_wconf 81' lang='grc' dir='ltr'>δέ</span> <span class='ocrx_word' id='word_1_341' title='bbox 583 4464 733 4512; x_wconf 89' lang='grc' dir='ltr'>τινες</span> <span class='ocrx_word' id='word_1_342' title='bbox 754 4447 848 4503; x_wconf 74' lang='grc' dir='ltr'><strong>καὶ</strong></span> <span class='ocrx_word' id='word_1_343' title='bbox 868 4446 1106 4511; x_wconf 69' lang='grc' dir='ltr'>ἐνταῦθα</span> <span class='ocrx_word' id='word_1_344' title='bbox 1128 4448 1620 4521; x_wconf 77' lang='grc' dir='ltr'>παραχαράττουσι</span> <span class='ocrx_word' id='word_1_345' title='bbox 1645 4430 1745 4520; x_wconf 63' lang='grc' dir='ltr'>τῆν</span> <span class='ocrx_word' id='word_1_346' title='bbox 1782 4447 1968 4520; x_wconf 74' lang='grc' dir='ltr'>ἱερὰν.“</span> 
     </span>
    </p>
   </div>
   <div class='ocr_carea' id='block_1_47' title="bbox 342 4538 1938 4614">
    <p class='ocr_par' dir='ltr' id='par_1_47' title="bbox 342 4538 1938 4614">
     <span class='ocr_line' id='line_1_47' title="bbox 342 4538 1938 4614; baseline -0.001 -19"><span class='ocrx_word' id='word_1_347' title='bbox 342 4540 549 4614; x_wconf 79' lang='grc' dir='ltr'>πίστιν,</span> <span class='ocrx_word' id='word_1_348' title='bbox 588 4539 623 4611; x_wconf 79' lang='grc' dir='ltr'>ἢ</span> <span class='ocrx_word' id='word_1_349' title='bbox 661 4542 728 4611; x_wconf 83' lang='grc' dir='ltr'>τῇ</span> <span class='ocrx_word' id='word_1_350' title='bbox 775 4539 991 4610; x_wconf 88' lang='grc' dir='ltr'>θεότητι</span> <span class='ocrx_word' id='word_1_351' title='bbox 1026 4540 1095 4593; x_wconf 77' lang='grc' dir='ltr'>τὰ</span> <span class='ocrx_word' id='word_1_352' title='bbox 1120 4538 1441 4611; x_wconf 82' lang='grc' dir='ltr'>ἀνθρώπινα</span> <span class='ocrx_word' id='word_1_353' title='bbox 1473 4540 1938 4610; x_wconf 79' lang='grc' dir='ltr'>προσιδιοποιοῦν-</span> 
     </span>
    </p>
   </div>
   <div class='ocr_carea' id='block_1_48' title="bbox 1964 3304 2005 3362">
    <p class='ocr_par' dir='ltr' id='par_1_48' title="bbox 1964 3304 2005 3362">
     <span class='ocr_line' id='line_1_48' title="bbox 1964 3304 2005 3362; baseline 0 0"><span class='ocrx_word' id='word_1_354' title='bbox 1964 3304 2005 3362; x_wconf 87' lang='lat' dir='ltr'><strong><em>C</em></strong></span> 
     </span>
    </p>
   </div>
   <div class='ocr_carea' id='block_1_49' title="bbox 2042 670 3618 752">
    <p class='ocr_par' dir='ltr' id='par_1_49' title="bbox 2042 670 3618 752">
     <span class='ocr_line' id='line_1_49' title="bbox 2042 670 3618 752; baseline -0.008 -16"><span class='ocrx_word' id='word_1_355' title='bbox 2042 690 2191 747; x_wconf 89' lang='lat' dir='ltr'><strong>sunt,</strong></span> <span class='ocrx_word' id='word_1_356' title='bbox 2226 680 2319 752; x_wconf 87' lang='lat' dir='ltr'><strong>qui</strong></span> <span class='ocrx_word' id='word_1_357' title='bbox 2350 680 2539 735; x_wconf 91' lang='lat' dir='ltr'><strong>dicunt</strong></span> <span class='ocrx_word' id='word_1_358' title='bbox 2586 693 2708 734; x_wconf 89' lang='lat' dir='ltr'><strong>esse</strong></span> <span class='ocrx_word' id='word_1_359' title='bbox 2754 676 2955 730; x_wconf 82' lang='lat' dir='ltr'><strong>Filium</strong></span> <span class='ocrx_word' id='word_1_360' title='bbox 2988 690 3055 729; x_wconf 83' lang='lat' dir='ltr'><strong>ex</strong></span> <span class='ocrx_word' id='word_1_361' title='bbox 3087 689 3199 728; x_wconf 87' lang='lat' dir='ltr'><strong>non</strong></span> <span class='ocrx_word' id='word_1_362' title='bbox 3244 670 3618 734; x_wconf 85' lang='lat' dir='ltr'><strong>exstantibus,</strong></span> 
     </span>
    </p>
   </div>
   <div class='ocr_carea' id='block_1_50' title="bbox 2039 762 3626 845">
    <p class='ocr_par' dir='ltr' id='par_1_50' title="bbox 2039 762 3626 845">
     <span class='ocr_line' id='line_1_50' title="bbox 2039 762 3626 845; baseline -0.008 -16"><span class='ocrx_word' id='word_1_363' title='bbox 2039 782 2093 829; x_wconf 92' lang='lat' dir='ltr'><strong>et</strong></span> <span class='ocrx_word' id='word_1_364' title='bbox 2126 790 2192 829; x_wconf 87' lang='lat' dir='ltr'><strong>ex</strong></span> <span class='ocrx_word' id='word_1_365' title='bbox 2222 774 2489 845; x_wconf 87' lang='lat' dir='ltr'><strong>principio</strong></span> <span class='ocrx_word' id='word_1_366' title='bbox 2517 772 2820 836; x_wconf 75' lang='lat' dir='ltr'><strong>emittente,</strong></span> <span class='ocrx_word' id='word_1_367' title='bbox 2847 778 3134 824; x_wconf 75' lang='lat' dir='ltr'><strong>externum</strong></span> <span class='ocrx_word' id='word_1_368' title='bbox 3195 775 3249 821; x_wconf 91' lang='lat' dir='ltr'><strong>et</strong></span> <span class='ocrx_word' id='word_1_369' title='bbox 3297 764 3434 819; x_wconf 78' lang='lat' dir='ltr'><strong>foris</strong></span> <span class='ocrx_word' id='word_1_370' title='bbox 3478 762 3626 818; x_wconf 88' lang='lat' dir='ltr'><strong>asci-</strong></span> 
     </span>
    </p>
   </div>
   <div class='ocr_carea' id='block_1_51' title="bbox 2034 860 3617 934">
    <p class='ocr_par' dir='ltr' id='par_1_51' title="bbox 2034 860 3617 934">
     <span class='ocr_line' id='line_1_51' title="bbox 2034 860 3617 934; baseline -0.007 -14"><span class='ocrx_word' id='word_1_371' title='bbox 2034 876 2156 920; x_wconf 81' lang='lat' dir='ltr'><strong>tum</strong></span> <span class='ocrx_word' id='word_1_372' title='bbox 2201 865 2395 922; x_wconf 90' lang='lat' dir='ltr'><strong>Patri:</strong></span> <span class='ocrx_word' id='word_1_373' title='bbox 2430 874 2484 921; x_wconf 90' lang='lat' dir='ltr'><strong>et</strong></span> <span class='ocrx_word' id='word_1_374' title='bbox 2515 864 2609 934; x_wconf 89' lang='lat' dir='ltr'><strong>qui</strong></span> <span class='ocrx_word' id='word_1_375' title='bbox 2638 865 2825 919; x_wconf 86' lang='lat' dir='ltr'><strong>eadem</strong></span> <span class='ocrx_word' id='word_1_376' title='bbox 2874 862 2941 916; x_wconf 91' lang='lat' dir='ltr'><strong>de</strong></span> <span class='ocrx_word' id='word_1_377' title='bbox 2981 860 3187 930; x_wconf 84' lang='lat' dir='ltr'><strong>Spiritu</strong></span> <span class='ocrx_word' id='word_1_378' title='bbox 3244 865 3437 913; x_wconf 85' lang='lat' dir='ltr'><strong>sancto</strong></span> <span class='ocrx_word' id='word_1_379' title='bbox 3486 871 3617 911; x_wconf 81' lang='lat' dir='ltr'><strong>sen-</strong></span> 
     </span>
    </p>
   </div>
   <div class='ocr_carea' id='block_1_52' title="bbox 2045 952 3625 1029">
    <p class='ocr_par' dir='ltr' id='par_1_52' title="bbox 2045 952 3625 1029">
     <span class='ocr_line' id='line_1_52' title="bbox 2045 952 3625 1029; baseline -0.003 -18"><span class='ocrx_word' id='word_1_380' title='bbox 2045 958 2218 1025; x_wconf 90' lang='lat' dir='ltr'><strong>tiunt;</strong></span> <span class='ocrx_word' id='word_1_381' title='bbox 2259 959 2464 1029; x_wconf 88' lang='lat' dir='ltr'><strong>quique</strong></span> <span class='ocrx_word' id='word_1_382' title='bbox 2489 959 2680 1014; x_wconf 88' lang='lat' dir='ltr'><strong>dicunt</strong></span> <span class='ocrx_word' id='word_1_383' title='bbox 2709 956 2931 1012; x_wconf 91' lang='lat' dir='ltr'><strong>datione</strong></span> <span class='ocrx_word' id='word_1_384' title='bbox 2967 962 3021 1009; x_wconf 90' lang='lat' dir='ltr'><strong>et</strong></span> <span class='ocrx_word' id='word_1_385' title='bbox 3053 954 3228 1025; x_wconf 84' lang='lat' dir='ltr'><strong>gratia</strong></span> <span class='ocrx_word' id='word_1_386' title='bbox 3267 952 3469 1008; x_wconf 81' lang='lat' dir='ltr'><strong>factum</strong></span> <span class='ocrx_word' id='word_1_387' title='bbox 3501 965 3625 1007; x_wconf 84' lang='lat' dir='ltr'><strong>esse</strong></span> 
     </span>
    </p>
   </div>
   <div class='ocr_carea' id='block_1_53' title="bbox 2040 1044 3622 1121">
    <p class='ocr_par' dir='ltr' id='par_1_53' title="bbox 2040 1044 3622 1121">
     <span class='ocr_line' id='line_1_53' title="bbox 2040 1044 3622 1121; baseline -0.003 -16"><span class='ocrx_word' id='word_1_388' title='bbox 2040 1050 2248 1119; x_wconf 90' lang='lat' dir='ltr'><strong>Deum;</strong></span> <span class='ocrx_word' id='word_1_389' title='bbox 2283 1061 2336 1106; x_wconf 90' lang='lat' dir='ltr'><strong>et</strong></span> <span class='ocrx_word' id='word_1_390' title='bbox 2371 1050 2635 1121; x_wconf 85' lang='lat' dir='ltr'><strong>Spiritum</strong></span> <span class='ocrx_word' id='word_1_391' title='bbox 2692 1060 2946 1105; x_wconf 88' lang='lat' dir='ltr'><strong>sanctum</strong></span> <span class='ocrx_word' id='word_1_392' title='bbox 2990 1047 3358 1114; x_wconf 88' lang='lat' dir='ltr'><strong>sanctilicari;</strong></span> <span class='ocrx_word' id='word_1_393' title='bbox 3393 1044 3485 1116; x_wconf 86' lang='lat' dir='ltr'><strong>qui</strong></span> <span class='ocrx_word' id='word_1_394' title='bbox 3521 1058 3622 1100; x_wconf 69' lang='grc' dir='ltr'>ηοε-</span> 
     </span>
    </p>
   </div>
   <div class='ocr_carea' id='block_1_54' title="bbox 2042 1135 3623 1206">
    <p class='ocr_par' dir='ltr' id='par_1_54' title="bbox 2042 1135 3623 1206">
     <span class='ocr_line' id='line_1_54' title="bbox 2042 1135 3623 1206; baseline -0.003 -9"><span class='ocrx_word' id='word_1_395' title='bbox 2042 1160 2171 1198; x_wconf 84' lang='lat' dir='ltr'><strong>men</strong></span> <span class='ocrx_word' id='word_1_396' title='bbox 2226 1142 2353 1198; x_wconf 88' lang='lat' dir='ltr'><strong>Filii</strong></span> <span class='ocrx_word' id='word_1_397' title='bbox 2400 1160 2526 1198; x_wconf 86' lang='lat' dir='ltr'><strong>cum</strong></span> <span class='ocrx_word' id='word_1_398' title='bbox 2574 1142 2748 1198; x_wconf 79' lang='lat' dir='ltr'><strong>servis</strong></span> <span class='ocrx_word' id='word_1_399' title='bbox 2796 1155 3090 1196; x_wconf 87' lang='lat' dir='ltr'><strong>commune</strong></span> <span class='ocrx_word' id='word_1_400' title='bbox 3142 1138 3379 1204; x_wconf 76' lang='lat' dir='ltr'><strong>faciunt;</strong></span> <span class='ocrx_word' id='word_1_401' title='bbox 3422 1135 3623 1206; x_wconf 78' lang='lat' dir='ltr'><strong>quisic</strong></span> 
     </span>
    </p>
   </div>
   <div class='ocr_carea' id='block_1_55' title="bbox 2036 1226 3621 1303">
    <p class='ocr_par' dir='ltr' id='par_1_55' title="bbox 2036 1226 3621 1303">
     <span class='ocr_line' id='line_1_55' title="bbox 2036 1226 3621 1303; baseline -0.004 -17"><span class='ocrx_word' id='word_1_402' title='bbox 2036 1231 2229 1287; x_wconf 90' lang='lat' dir='ltr'><strong>dicunt</strong></span> <span class='ocrx_word' id='word_1_403' title='bbox 2257 1245 2383 1286; x_wconf 91' lang='lat' dir='ltr'><strong>eum</strong></span> <span class='ocrx_word' id='word_1_404' title='bbox 2407 1230 2829 1303; x_wconf 76' lang='lat' dir='ltr'><strong>primogenitum</strong></span> <span class='ocrx_word' id='word_1_405' title='bbox 2876 1237 3163 1294; x_wconf 69' lang='lat' dir='ltr'><strong>creaturaa,</strong></span> <span class='ocrx_word' id='word_1_406' title='bbox 3198 1242 3263 1283; x_wconf 80' lang='lat' dir='ltr'><strong>ac</strong></span> <span class='ocrx_word' id='word_1_407' title='bbox 3289 1227 3334 1282; x_wconf 96' lang='lat' dir='ltr'><strong>si</strong></span> <span class='ocrx_word' id='word_1_408' title='bbox 3365 1234 3510 1281; x_wconf 83' lang='lat' dir='ltr'><strong>esset</strong></span> <span class='ocrx_word' id='word_1_409' title='bbox 3538 1226 3621 1281; x_wconf 85' lang='lat' dir='ltr'><strong>si-</strong></span> 
     </span>
    </p>
   </div>
   <div class='ocr_carea' id='block_1_56' title="bbox 2036 1318 3619 1390">
    <p class='ocr_par' dir='ltr' id='par_1_56' title="bbox 2036 1318 3619 1390">
     <span class='ocr_line' id='line_1_56' title="bbox 2036 1318 3619 1390; baseline -0.004 -14"><span class='ocrx_word' id='word_1_410' title='bbox 2036 1322 2244 1377; x_wconf 86' lang='lat' dir='ltr'><strong>militer</strong></span> <span class='ocrx_word' id='word_1_411' title='bbox 2272 1320 2470 1387; x_wconf 85' lang='lat' dir='ltr'><strong>factus,</strong></span> <span class='ocrx_word' id='word_1_412' title='bbox 2498 1337 2624 1377; x_wconf 91' lang='lat' dir='ltr'><strong>cum</strong></span> <span class='ocrx_word' id='word_1_413' title='bbox 2659 1336 2768 1376; x_wconf 91' lang='lat' dir='ltr'><strong>non</strong></span> <span class='ocrx_word' id='word_1_414' title='bbox 2799 1328 2966 1386; x_wconf 85' lang='lat' dir='ltr'><strong>esset,</strong></span> <span class='ocrx_word' id='word_1_415' title='bbox 3001 1328 3057 1376; x_wconf 92' lang='lat' dir='ltr'><strong>et</strong></span> <span class='ocrx_word' id='word_1_416' title='bbox 3084 1329 3343 1390; x_wconf 86' lang='lat' dir='ltr'><strong>tanquam</strong></span> <span class='ocrx_word' id='word_1_417' title='bbox 3380 1318 3619 1387; x_wconf 86' lang='lat' dir='ltr'><strong>primum</strong></span> 
     </span>
    </p>
   </div>
   <div class='ocr_carea' id='block_1_57' title="bbox 2038 1408 3627 1483">
    <p class='ocr_par' dir='ltr' id='par_1_57' title="bbox 2038 1408 3627 1483">
     <span class='ocr_line' id='line_1_57' title="bbox 2038 1408 3627 1483; baseline -0.003 -14"><span class='ocrx_word' id='word_1_418' title='bbox 2038 1412 2324 1470; x_wconf 72' lang='lat' dir='ltr'><strong>factuszet</strong></span> <span class='ocrx_word' id='word_1_419' title='bbox 2364 1429 2473 1469; x_wconf 90' lang='lat' dir='ltr'><strong>non</strong></span> <span class='ocrx_word' id='word_1_420' title='bbox 2514 1412 2848 1473; x_wconf 82' lang='lat' dir='ltr'><strong>conﬁtentur</strong></span> <span class='ocrx_word' id='word_1_421' title='bbox 2890 1411 3231 1483; x_wconf 77' lang='lat' dir='ltr'><strong>unigenitum</strong></span> <span class='ocrx_word' id='word_1_422' title='bbox 3274 1408 3492 1473; x_wconf 83' lang='lat' dir='ltr'><strong>Filium,</strong></span> <span class='ocrx_word' id='word_1_423' title='bbox 3524 1409 3627 1479; x_wconf 80' lang='lat' dir='ltr'><strong>qui.L</strong></span> 
     </span>
    </p>
   </div>
   <div class='ocr_carea' id='block_1_58' title="bbox 2039 1503 3623 1575">
    <p class='ocr_par' dir='ltr' id='par_1_58' title="bbox 2039 1503 3623 1575">
     <span class='ocr_line' id='line_1_58' title="bbox 2039 1503 3623 1575; baseline -0.006 -13"><span class='ocrx_word' id='word_1_424' title='bbox 2039 1506 2193 1562; x_wconf 89' lang='lat' dir='ltr'><strong>solus</strong></span> <span class='ocrx_word' id='word_1_425' title='bbox 2237 1506 2310 1562; x_wconf 86' lang='lat' dir='ltr'><strong>sit</strong></span> <span class='ocrx_word' id='word_1_426' title='bbox 2355 1503 2501 1560; x_wconf 83' lang='lat' dir='ltr'><strong>Patri</strong></span> <span class='ocrx_word' id='word_1_427' title='bbox 2531 1503 2725 1569; x_wconf 85' lang='lat' dir='ltr'><strong>Filius,</strong></span> <span class='ocrx_word' id='word_1_428' title='bbox 2752 1504 2852 1574; x_wconf 87' lang='lat' dir='ltr'><strong>qui</strong></span> <span class='ocrx_word' id='word_1_429' title='bbox 2876 1504 3027 1559; x_wconf 86' lang='lat' dir='ltr'><strong>dedit</strong></span> <span class='ocrx_word' id='word_1_430' title='bbox 3066 1503 3336 1575; x_wconf 87' lang='lat' dir='ltr'><strong>seipsum,</strong></span> <span class='ocrx_word' id='word_1_431' title='bbox 3364 1508 3426 1555; x_wconf 89' lang='lat' dir='ltr'><strong>ut</strong></span> <span class='ocrx_word' id='word_1_432' title='bbox 3450 1516 3623 1555; x_wconf 90' lang='lat' dir='ltr'><strong>annu-</strong></span> 
     </span>
    </p>
   </div>
   <div class='ocr_carea' id='block_1_59' title="bbox 2038 1595 3623 1665">
    <p class='ocr_par' dir='ltr' id='par_1_59' title="bbox 2038 1595 3623 1665">
     <span class='ocr_line' id='line_1_59' title="bbox 2038 1595 3623 1665; baseline -0.006 -12"><span class='ocrx_word' id='word_1_433' title='bbox 2038 1608 2348 1653; x_wconf 88' lang='lat' dir='ltr'><strong>meraretur</strong></span> <span class='ocrx_word' id='word_1_434' title='bbox 2388 1595 2733 1659; x_wconf 82' lang='lat' dir='ltr'><strong>mortalibus,</strong></span> <span class='ocrx_word' id='word_1_435' title='bbox 2780 1604 2944 1665; x_wconf 85' lang='lat' dir='ltr'><strong>atque</strong></span> <span class='ocrx_word' id='word_1_436' title='bbox 2979 1595 3055 1649; x_wconf 85' lang='lat' dir='ltr'><strong>ita</strong></span> <span class='ocrx_word' id='word_1_437' title='bbox 3105 1601 3253 1649; x_wconf 81' lang='lat' dir='ltr'><strong>esset</strong></span> <span class='ocrx_word' id='word_1_438' title='bbox 3301 1601 3623 1646; x_wconf 86' lang='lat' dir='ltr'><strong>numeratus</strong></span> 
     </span>
    </p>
   </div>
   <div class='ocr_carea' id='block_1_60' title="bbox 2037 1681 3620 1761">
    <p class='ocr_par' dir='ltr' id='par_1_60' title="bbox 2037 1681 3620 1761">
     <span class='ocr_line' id='line_1_60' title="bbox 2037 1681 3620 1761; baseline -0.006 -17"><span class='ocrx_word' id='word_1_439' title='bbox 2037 1688 2435 1761; x_wconf 89' lang='lat' dir='ltr'><strong>primogenitus</strong></span> <span class='ocrx_word' id='word_1_440' title='bbox 2463 1706 2477 1742; x_wconf 87' lang='lat'><strong>:</strong></span> <span class='ocrx_word' id='word_1_441' title='bbox 2504 1688 2597 1758; x_wconf 91' lang='lat' dir='ltr'><strong>qui</strong></span> <span class='ocrx_word' id='word_1_442' title='bbox 2626 1687 3030 1758; x_wconf 77' lang='lat' dir='ltr'><strong>generationem</strong></span> <span class='ocrx_word' id='word_1_443' title='bbox 3078 1682 3199 1737; x_wconf 80' lang='lat' dir='ltr'><strong>Filii</strong></span> <span class='ocrx_word' id='word_1_444' title='bbox 3225 1699 3290 1737; x_wconf 81' lang='lat' dir='ltr'><strong>ex</strong></span> <span class='ocrx_word' id='word_1_445' title='bbox 3330 1681 3487 1737; x_wconf 82' lang='lat' dir='ltr'><strong>Patre</strong></span> <span class='ocrx_word' id='word_1_446' title='bbox 3513 1681 3620 1734; x_wconf 80' lang='lat' dir='ltr'><strong>hu-</strong></span> 
     </span>
    </p>
   </div>
   <div class='ocr_carea' id='block_1_61' title="bbox 2037 1776 3619 1848">
    <p class='ocr_par' dir='ltr' id='par_1_61' title="bbox 2037 1776 3619 1848">
     <span class='ocr_line' id='line_1_61' title="bbox 2037 1776 3619 1848; baseline -0.008 -12"><span class='ocrx_word' id='word_1_447' title='bbox 2037 1796 2199 1836; x_wconf 84' lang='lat' dir='ltr'><strong>mane</strong></span> <span class='ocrx_word' id='word_1_448' title='bbox 2234 1778 2694 1836; x_wconf 88' lang='lat' dir='ltr'><strong>circumscribunt</strong></span> <span class='ocrx_word' id='word_1_449' title='bbox 2727 1778 2905 1848; x_wconf 90' lang='lat' dir='ltr'><strong>spatio</strong></span> <span class='ocrx_word' id='word_1_450' title='bbox 2928 1776 3189 1833; x_wconf 88' lang='lat' dir='ltr'><strong>demenso</strong></span> <span class='ocrx_word' id='word_1_451' title='bbox 3221 1791 3235 1838; x_wconf 89' lang='lat'><strong>;</strong></span> <span class='ocrx_word' id='word_1_452' title='bbox 3269 1780 3323 1828; x_wconf 91' lang='lat' dir='ltr'><strong>et</strong></span> <span class='ocrx_word' id='word_1_453' title='bbox 3354 1786 3461 1826; x_wconf 91' lang='lat' dir='ltr'><strong>non</strong></span> <span class='ocrx_word' id='word_1_454' title='bbox 3487 1786 3619 1826; x_wconf 87' lang='lat' dir='ltr'><strong>con-</strong></span> 
     </span>
    </p>
   </div>
   <div class='ocr_carea' id='block_1_62' title="bbox 2039 1860 3675 1939">
    <p class='ocr_par' dir='ltr' id='par_1_62' title="bbox 2039 1860 3675 1939">
     <span class='ocr_line' id='line_1_62' title="bbox 2039 1860 3675 1939; baseline -0.009 -6"><span class='ocrx_word' id='word_1_455' title='bbox 2039 1860 2262 1933; x_wconf 82' lang='lat' dir='ltr'><strong>ﬁtentur</strong></span> <span class='ocrx_word' id='word_1_456' title='bbox 2294 1874 2768 1933; x_wconf 82' lang='lat' dir='ltr'><strong>:evumGenitoris</strong></span> <span class='ocrx_word' id='word_1_457' title='bbox 2815 1881 2871 1928; x_wconf 92' lang='lat' dir='ltr'><strong>et</strong></span> <span class='ocrx_word' id='word_1_458' title='bbox 2931 1870 3113 1927; x_wconf 85' lang='lat' dir='ltr'><strong>Geniti</strong></span> <span class='ocrx_word' id='word_1_459' title='bbox 3156 1870 3276 1925; x_wconf 89' lang='lat' dir='ltr'><strong>sine</strong></span> <span class='ocrx_word' id='word_1_460' title='bbox 3314 1867 3620 1939; x_wconf 88' lang='lat' dir='ltr'><strong>principio;</strong></span> <span class='ocrx_word' id='word_1_461' title='bbox 3672 1892 3675 1895; x_wconf 55' lang='grc' dir='ltr'><strong>ν</strong></span> 
     </span>
    </p>
   </div>
   <div class='ocr_carea' id='block_1_63' title="bbox 2042 1958 3622 2041">
    <p class='ocr_par' dir='ltr' id='par_1_63' title="bbox 2042 1958 3622 2041">
     <span class='ocr_line' id='line_1_63' title="bbox 2042 1958 3622 2041; baseline -0.009 -16"><span class='ocrx_word' id='word_1_462' title='bbox 2042 1970 2135 2041; x_wconf 88' lang='lat' dir='ltr'><strong>qui</strong></span> <span class='ocrx_word' id='word_1_463' title='bbox 2168 1978 2280 2024; x_wconf 89' lang='lat' dir='ltr'><strong>tres</strong></span> <span class='ocrx_word' id='word_1_464' title='bbox 2301 1967 2515 2033; x_wconf 85' lang='lat' dir='ltr'><strong>latrias,</strong></span> <span class='ocrx_word' id='word_1_465' title='bbox 2548 1966 2599 2021; x_wconf 91' lang='lat' dir='ltr'><strong>id</strong></span> <span class='ocrx_word' id='word_1_466' title='bbox 2632 1979 2735 2027; x_wconf 71' lang='grc' dir='ltr'>ρει,</span> <span class='ocrx_word' id='word_1_467' title='bbox 2765 1964 2944 2020; x_wconf 90' lang='lat' dir='ltr'><strong>cultus</strong></span> <span class='ocrx_word' id='word_1_468' title='bbox 2984 1962 3053 2017; x_wconf 89' lang='lat' dir='ltr'><strong>ab</strong></span> <span class='ocrx_word' id='word_1_469' title='bbox 3090 1976 3197 2016; x_wconf 85' lang='lat' dir='ltr'><strong>una</strong></span> <span class='ocrx_word' id='word_1_470' title='bbox 3228 1958 3622 2015; x_wconf 84' lang='lat' dir='ltr'><strong>communione</strong></span> 
     </span>
    </p>
   </div>
   <div class='ocr_carea' id='block_1_64' title="bbox 2042 2052 3631 2131">
    <p class='ocr_par' dir='ltr' id='par_1_64' title="bbox 2042 2052 3631 2131">
     <span class='ocr_line' id='line_1_64' title="bbox 2042 2052 3631 2131; baseline -0.008 -15"><span class='ocrx_word' id='word_1_471' title='bbox 2042 2071 2333 2131; x_wconf 83' lang='lat' dir='ltr'><strong>separatos</strong></span> <span class='ocrx_word' id='word_1_472' title='bbox 2372 2067 2428 2114; x_wconf 90' lang='lat' dir='ltr'><strong>et</strong></span> <span class='ocrx_word' id='word_1_473' title='bbox 2466 2059 2676 2114; x_wconf 88' lang='lat' dir='ltr'><strong>alienos</strong></span> <span class='ocrx_word' id='word_1_474' title='bbox 2714 2056 3100 2123; x_wconf 88' lang='lat' dir='ltr'><strong>introducunt;</strong></span> <span class='ocrx_word' id='word_1_475' title='bbox 3149 2069 3273 2109; x_wconf 91' lang='lat' dir='ltr'><strong>eum</strong></span> <span class='ocrx_word' id='word_1_476' title='bbox 3320 2052 3391 2107; x_wconf 87' lang='lat' dir='ltr'><strong>sit</strong></span> <span class='ocrx_word' id='word_1_477' title='bbox 3426 2066 3536 2106; x_wconf 87' lang='lat' dir='ltr'><strong>una</strong></span> <span class='ocrx_word' id='word_1_478' title='bbox 3567 2057 3631 2105; x_wconf 87' lang='lat' dir='ltr'><strong>et-</strong></span> 
     </span>
    </p>
   </div>
   <div class='ocr_carea' id='block_1_65' title="bbox 2043 2143 3631 2223">
    <p class='ocr_par' dir='ltr' id='par_1_65' title="bbox 2043 2143 3631 2223">
     <span class='ocr_line' id='line_1_65' title="bbox 2043 2143 3631 2223; baseline -0.006 -15"><span class='ocrx_word' id='word_1_479' title='bbox 2043 2154 2159 2209; x_wconf 88' lang='lat' dir='ltr'><strong>sola</strong></span> <span class='ocrx_word' id='word_1_480' title='bbox 2203 2151 2446 2223; x_wconf 82' lang='lat' dir='ltr'><strong>legitima</strong></span> <span class='ocrx_word' id='word_1_481' title='bbox 2485 2150 2699 2221; x_wconf 82' lang='lat' dir='ltr'><strong>religio,</strong></span> <span class='ocrx_word' id='word_1_482' title='bbox 2731 2163 2896 2220; x_wconf 88' lang='lat' dir='ltr'><strong>quam</strong></span> <span class='ocrx_word' id='word_1_483' title='bbox 2940 2162 2970 2202; x_wconf 91' lang='lat' dir='ltr'><strong>a</strong></span> <span class='ocrx_word' id='word_1_484' title='bbox 3019 2145 3385 2217; x_wconf 78' lang='lat' dir='ltr'><strong>principioex</strong></span> <span class='ocrx_word' id='word_1_485' title='bbox 3421 2143 3539 2215; x_wconf 87' lang='lat' dir='ltr'><strong>lege</strong></span> <span class='ocrx_word' id='word_1_486' title='bbox 3566 2150 3631 2199; x_wconf 73' lang='lat' dir='ltr'><strong>et</strong></span> 
     </span>
    </p>
   </div>
   <div class='ocr_carea' id='block_1_66' title="bbox 2042 2236 3633 2315">
    <p class='ocr_par' dir='ltr' id='par_1_66' title="bbox 2042 2236 3633 2315">
     <span class='ocr_line' id='line_1_66' title="bbox 2042 2236 3633 2315; baseline -0.005 -17"><span class='ocrx_word' id='word_1_487' title='bbox 2042 2242 2324 2315; x_wconf 87' lang='lat' dir='ltr'><strong>prophetis</strong></span> <span class='ocrx_word' id='word_1_488' title='bbox 2354 2249 2663 2311; x_wconf 86' lang='lat' dir='ltr'><strong>acceptam,</strong></span> <span class='ocrx_word' id='word_1_489' title='bbox 2697 2248 2751 2294; x_wconf 90' lang='lat' dir='ltr'><strong>et</strong></span> <span class='ocrx_word' id='word_1_490' title='bbox 2783 2255 2813 2293; x_wconf 91' lang='lat' dir='ltr'><strong>a</strong></span> <span class='ocrx_word' id='word_1_491' title='bbox 2852 2237 3086 2292; x_wconf 92' lang='lat' dir='ltr'><strong>Domino</strong></span> <span class='ocrx_word' id='word_1_492' title='bbox 3137 2236 3538 2301; x_wconf 83' lang='lat' dir='ltr'><strong>conﬁrmatam,</strong></span> <span class='ocrx_word' id='word_1_493' title='bbox 3567 2242 3633 2291; x_wconf 80' lang='lat' dir='ltr'><strong>et.</strong></span> 
     </span>
    </p>
   </div>
   <div class='ocr_carea' id='block_1_67' title="bbox 2042 2324 3623 2403">
    <p class='ocr_par' dir='ltr' id='par_1_67' title="bbox 2042 2324 3623 2403">
     <span class='ocr_line' id='line_1_67' title="bbox 2042 2324 3623 2403; baseline -0.006 -13"><span class='ocrx_word' id='word_1_494' title='bbox 2042 2351 2073 2391; x_wconf 87' lang='lat' dir='ltr'><strong>a</strong></span> <span class='ocrx_word' id='word_1_495' title='bbox 2107 2334 2313 2389; x_wconf 88' lang='lat' dir='ltr'><strong>sanctis</strong></span> <span class='ocrx_word' id='word_1_496' title='bbox 2341 2333 2605 2403; x_wconf 84' lang='lat' dir='ltr'><strong>apostolis</strong></span> <span class='ocrx_word' id='word_1_497' title='bbox 2636 2331 2986 2402; x_wconf 60' lang='lat' dir='ltr'><strong>praedicatam</strong></span> <span class='ocrx_word' id='word_1_498' title='bbox 3032 2328 3321 2383; x_wconf 86' lang='lat' dir='ltr'><strong>habemus.</strong></span> <span class='ocrx_word' id='word_1_499' title='bbox 3352 2324 3474 2381; x_wconf 85' lang='lat' dir='ltr'><strong>Non</strong></span> <span class='ocrx_word' id='word_1_500' title='bbox 3518 2325 3623 2381; x_wconf 88' lang='lat' dir='ltr'><strong>mi-</strong></span> 
     </span>
    </p>
   </div>
   <div class='ocr_carea' id='block_1_68' title="bbox 2043 2419 3622 2495">
    <p class='ocr_par' dir='ltr' id='par_1_68' title="bbox 2043 2419 3622 2495">
     <span class='ocr_line' id='line_1_68' title="bbox 2043 2419 3622 2495; baseline -0.006 -12"><span class='ocrx_word' id='word_1_501' title='bbox 2043 2443 2148 2483; x_wconf 89' lang='lat' dir='ltr'><strong>nus</strong></span> <span class='ocrx_word' id='word_1_502' title='bbox 2177 2424 2339 2480; x_wconf 89' lang='lat' dir='ltr'><strong>alieni</strong></span> <span class='ocrx_word' id='word_1_503' title='bbox 2374 2433 2523 2488; x_wconf 84' lang='lat' dir='ltr'><strong>sunt.</strong></span> <span class='ocrx_word' id='word_1_504' title='bbox 2548 2424 2643 2495; x_wconf 88' lang='lat' dir='ltr'><strong>qui</strong></span> <span class='ocrx_word' id='word_1_505' title='bbox 2672 2421 2994 2478; x_wconf 87' lang='lat' dir='ltr'><strong>Trinitatem</strong></span> <span class='ocrx_word' id='word_1_506' title='bbox 3033 2438 3141 2476; x_wconf 90' lang='lat' dir='ltr'><strong>non</strong></span> <span class='ocrx_word' id='word_1_507' title='bbox 3180 2419 3483 2476; x_wconf 88' lang='lat' dir='ltr'><strong>secundum</strong></span> <span class='ocrx_word' id='word_1_508' title='bbox 3525 2433 3622 2474; x_wconf 88' lang='lat' dir='ltr'><strong>ve-</strong></span> 
     </span>
    </p>
   </div>
   <div class='ocr_carea' id='block_1_69' title="bbox 2040 2510 3622 2578">
    <p class='ocr_par' dir='ltr' id='par_1_69' title="bbox 2040 2510 3622 2578">
     <span class='ocr_line' id='line_1_69' title="bbox 2040 2510 3622 2578; baseline -0.006 -5"><span class='ocrx_word' id='word_1_509' title='bbox 2040 2523 2256 2576; x_wconf 86' lang='lat' dir='ltr'><strong>ritatem</strong></span> <span class='ocrx_word' id='word_1_510' title='bbox 2286 2535 2350 2574; x_wconf 80' lang='lat' dir='ltr'><strong>ex</strong></span> <span class='ocrx_word' id='word_1_511' title='bbox 2392 2518 2568 2572; x_wconf 89' lang='lat' dir='ltr'><strong>tribus</strong></span> <span class='ocrx_word' id='word_1_512' title='bbox 2592 2515 2847 2571; x_wconf 89' lang='lat' dir='ltr'><strong>Personis</strong></span> <span class='ocrx_word' id='word_1_513' title='bbox 2886 2514 3237 2578; x_wconf 74' lang='lat' dir='ltr'><strong>confitentur,</strong></span> <span class='ocrx_word' id='word_1_514' title='bbox 3274 2512 3369 2567; x_wconf 88' lang='lat' dir='ltr'><strong>sed</strong></span> <span class='ocrx_word' id='word_1_515' title='bbox 3410 2511 3464 2565; x_wconf 91' lang='lat' dir='ltr'><strong>in</strong></span> <span class='ocrx_word' id='word_1_516' title='bbox 3499 2510 3622 2564; x_wconf 90' lang='lat' dir='ltr'><strong>uni-</strong></span> 
     </span>
    </p>
   </div>
   <div class='ocr_carea' id='block_1_70' title="bbox 2045 2603 3629 2683">
    <p class='ocr_par' dir='ltr' id='par_1_70' title="bbox 2045 2603 3629 2683">
     <span class='ocr_line' id='line_1_70' title="bbox 2045 2603 3629 2683; baseline -0.008 -14"><span class='ocrx_word' id='word_1_517' title='bbox 2045 2623 2155 2669; x_wconf 89' lang='lat' dir='ltr'><strong>tate</strong></span> <span class='ocrx_word' id='word_1_518' title='bbox 2206 2611 2537 2683; x_wconf 84' lang='lat' dir='ltr'><strong>triplicatam</strong></span> <span class='ocrx_word' id='word_1_519' title='bbox 2602 2608 2903 2666; x_wconf 88' lang='lat' dir='ltr'><strong>secundum</strong></span> <span class='ocrx_word' id='word_1_520' title='bbox 2955 2605 3406 2676; x_wconf 84' lang='lat' dir='ltr'><strong>compositionem</strong></span> <span class='ocrx_word' id='word_1_521' title='bbox 3457 2603 3629 2672; x_wconf 80' lang='lat' dir='ltr'><strong>impie</strong></span> 
     </span>
    </p>
   </div>
   <div class='ocr_carea' id='block_1_71' title="bbox 2042 2685 3629 2775">
    <p class='ocr_par' dir='ltr' id='par_1_71' title="bbox 2042 2685 3629 2775">
     <span class='ocr_line' id='line_1_71' title="bbox 2042 2685 3629 2775; baseline -0.006 -16"><span class='ocrx_word' id='word_1_522' title='bbox 2042 2708 2275 2775; x_wconf 82' lang='lat' dir='ltr'><strong>tingunt,</strong></span> <span class='ocrx_word' id='word_1_523' title='bbox 2305 2713 2359 2758; x_wconf 90' lang='lat' dir='ltr'><strong>ct</strong></span> <span class='ocrx_word' id='word_1_524' title='bbox 2382 2701 2705 2773; x_wconf 85' lang='lat' dir='ltr'><strong>sapientiam</strong></span> <span class='ocrx_word' id='word_1_525' title='bbox 2739 2701 2794 2755; x_wconf 93' lang='lat' dir='ltr'><strong>in</strong></span> <span class='ocrx_word' id='word_1_526' title='bbox 2829 2698 2941 2754; x_wconf 83' lang='lat' dir='ltr'><strong>Deo</strong></span> <span class='ocrx_word' id='word_1_527' title='bbox 2972 2685 3449 2754; x_wconf 24' lang='lat' dir='ltr'><strong>existimat-utesse</strong></span> <span class='ocrx_word' id='word_1_528' title='bbox 3480 2698 3629 2752; x_wconf 89' lang='lat' dir='ltr'><strong>sicut-</strong></span> 
     </span>
    </p>
   </div>
   <div class='ocr_carea' id='block_1_72' title="bbox 2042 2788 3616 2865">
    <p class='ocr_par' dir='ltr' id='par_1_72' title="bbox 2042 2788 3616 2865">
     <span class='ocr_line' id='line_1_72' title="bbox 2042 2788 3616 2865; baseline -0.006 -15"><span class='ocrx_word' id='word_1_529' title='bbox 2042 2797 2099 2850; x_wconf 91' lang='lat' dir='ltr'><strong>in</strong></span> <span class='ocrx_word' id='word_1_530' title='bbox 2125 2795 2345 2851; x_wconf 85' lang='lat' dir='ltr'><strong>homine</strong></span> <span class='ocrx_word' id='word_1_531' title='bbox 2377 2793 2703 2865; x_wconf 78' lang='lat' dir='ltr'><strong>sapientiam</strong></span> <span class='ocrx_word' id='word_1_532' title='bbox 2743 2792 3063 2856; x_wconf 85' lang='lat' dir='ltr'><strong>humanam,</strong></span> <span class='ocrx_word' id='word_1_533' title='bbox 3106 2805 3213 2860; x_wconf 88' lang='lat' dir='ltr'><strong>qua</strong></span> <span class='ocrx_word' id='word_1_534' title='bbox 3252 2788 3471 2857; x_wconf 89' lang='lat' dir='ltr'><strong>sapiens</strong></span> <span class='ocrx_word' id='word_1_535' title='bbox 3495 2793 3616 2854; x_wconf 83' lang='lat' dir='ltr'><strong>est;</strong></span> 
     </span>
    </p>
   </div>
   <div class='ocr_carea' id='block_1_73' title="bbox 2040 2877 3619 2952">
    <p class='ocr_par' dir='ltr' id='par_1_73' title="bbox 2040 2877 3619 2952">
     <span class='ocr_line' id='line_1_73' title="bbox 2040 2877 3619 2952; baseline -0.005 -11"><span class='ocrx_word' id='word_1_536' title='bbox 2040 2896 2095 2942; x_wconf 93' lang='lat' dir='ltr'><strong>et</strong></span> <span class='ocrx_word' id='word_1_537' title='bbox 2123 2885 2364 2941; x_wconf 80' lang='lat' dir='ltr'><strong>Verbum</strong></span> <span class='ocrx_word' id='word_1_538' title='bbox 2396 2883 2576 2940; x_wconf 89' lang='lat' dir='ltr'><strong>simile</strong></span> <span class='ocrx_word' id='word_1_539' title='bbox 2623 2898 2746 2940; x_wconf 91' lang='lat' dir='ltr'><strong>esse</strong></span> <span class='ocrx_word' id='word_1_540' title='bbox 2790 2884 3221 2952; x_wconf 86' lang='lat' dir='ltr'><strong>interpretantur</strong></span> <span class='ocrx_word' id='word_1_541' title='bbox 3270 2880 3439 2934; x_wconf 90' lang='lat' dir='ltr'><strong>verbo</strong></span> <span class='ocrx_word' id='word_1_542' title='bbox 3474 2877 3619 2948; x_wconf 75' lang='lat' dir='ltr'><strong>quod</strong></span> 
     </span>
    </p>
   </div>
   <div class='ocr_carea' id='block_1_74' title="bbox 2042 2970 3622 3048">
    <p class='ocr_par' dir='ltr' id='par_1_74' title="bbox 2042 2970 3622 3048">
     <span class='ocr_line' id='line_1_74' title="bbox 2042 2970 3622 3048; baseline -0.004 -15"><span class='ocrx_word' id='word_1_543' title='bbox 2042 2994 2139 3033; x_wconf 92' lang='lat' dir='ltr'><strong>ore</strong></span> <span class='ocrx_word' id='word_1_544' title='bbox 2180 2977 2479 3048; x_wconf 82' lang='lat' dir='ltr'><strong>profertur.</strong></span> <span class='ocrx_word' id='word_1_545' title='bbox 2523 2978 2607 3032; x_wconf 84' lang='lat' dir='ltr'><strong>vel</strong></span> <span class='ocrx_word' id='word_1_546' title='bbox 2655 2984 2837 3031; x_wconf 88' lang='lat' dir='ltr'><strong>mente</strong></span> <span class='ocrx_word' id='word_1_547' title='bbox 2877 2971 3206 3044; x_wconf 88' lang='lat' dir='ltr'><strong>concipitur,</strong></span> <span class='ocrx_word' id='word_1_548' title='bbox 3251 2971 3401 3027; x_wconf 86' lang='lat' dir='ltr'><strong>nulla</strong></span> <span class='ocrx_word' id='word_1_549' title='bbox 3449 2970 3622 3045; x_wconf 86' lang='lat' dir='ltr'><strong>hypo-</strong></span> 
     </span>
    </p>
   </div>
   <div class='ocr_carea' id='block_1_75' title="bbox 2042 3069 2194 3125">
    <p class='ocr_par' dir='ltr' id='par_1_75' title="bbox 2042 3069 2194 3125">
     <span class='ocr_line' id='line_1_75' title="bbox 2042 3069 2194 3125; baseline -0.007 -2"><span class='ocrx_word' id='word_1_550' title='bbox 2042 3069 2194 3125; x_wconf 89' lang='lat' dir='ltr'><strong>stasi.</strong></span> 
     </span>
    </p>
   </div>
   <div class='ocr_carea' id='block_1_76' title="bbox 2114 3155 3617 3223">
    <p class='ocr_par' dir='ltr' id='par_1_76' title="bbox 2114 3155 3617 3223">
     <span class='ocr_line' id='line_1_76' title="bbox 2114 3155 3617 3223; baseline -0.002 -7"><span class='ocrx_word' id='word_1_551' title='bbox 2114 3161 2497 3217; x_wconf 86' lang='lat' dir='ltr'><strong>Ecclesiastica</strong></span> <span class='ocrx_word' id='word_1_552' title='bbox 2525 3175 2656 3216; x_wconf 80' lang='lat' dir='ltr'><strong>vero</strong></span> <span class='ocrx_word' id='word_1_553' title='bbox 2695 3157 2973 3216; x_wconf 81' lang='lat' dir='ltr'><strong>confessio</strong></span> <span class='ocrx_word' id='word_1_554' title='bbox 2999 3166 3053 3214; x_wconf 90' lang='lat' dir='ltr'><strong>et</strong></span> <span class='ocrx_word' id='word_1_555' title='bbox 3086 3157 3293 3213; x_wconf 88' lang='lat' dir='ltr'><strong>mundo</strong></span> <span class='ocrx_word' id='word_1_556' title='bbox 3335 3155 3617 3223; x_wconf 78' lang='lat' dir='ltr'><strong>salutaris,</strong></span> 
     </span>
    </p>
   </div>
   <div class='ocr_carea' id='block_1_77' title="bbox 2042 3249 3617 3321">
    <p class='ocr_par' dir='ltr' id='par_1_77' title="bbox 2042 3249 3617 3321">
     <span class='ocr_line' id='line_1_77' title="bbox 2042 3249 3617 3321; baseline -0.002 -16"><span class='ocrx_word' id='word_1_557' title='bbox 2042 3258 2127 3305; x_wconf 85' lang='lat' dir='ltr'><strong>est</strong></span> <span class='ocrx_word' id='word_1_558' title='bbox 2154 3249 2288 3305; x_wconf 82' lang='lat' dir='ltr'><strong>ﬁdes</strong></span> <span class='ocrx_word' id='word_1_559' title='bbox 2318 3252 2386 3306; x_wconf 90' lang='lat' dir='ltr'><strong>de</strong></span> <span class='ocrx_word' id='word_1_560' title='bbox 2411 3252 2792 3307; x_wconf 85' lang='lat' dir='ltr'><strong>incarnatione</strong></span> <span class='ocrx_word' id='word_1_561' title='bbox 2821 3249 3008 3317; x_wconf 80' lang='lat' dir='ltr'><strong>Verbi,</strong></span> <span class='ocrx_word' id='word_1_562' title='bbox 3036 3251 3181 3321; x_wconf 91' lang='lat' dir='ltr'><strong>quod</strong></span> <span class='ocrx_word' id='word_1_563' title='bbox 3207 3249 3429 3321; x_wconf 85' lang='lat' dir='ltr'><strong>quidem</strong></span> <span class='ocrx_word' id='word_1_564' title='bbox 3470 3262 3617 3319; x_wconf 71' lang='lat' dir='ltr'><strong>prae-</strong></span> 
     </span>
    </p>
   </div>
   <div class='ocr_carea' id='block_1_78' title="bbox 2040 3342 3625 3415">
    <p class='ocr_par' dir='ltr' id='par_1_78' title="bbox 2040 3342 3625 3415">
     <span class='ocr_line' id='line_1_78' title="bbox 2040 3342 3625 3415; baseline 0.001 -18"><span class='ocrx_word' id='word_1_565' title='bbox 2040 3343 2159 3398; x_wconf 91' lang='lat' dir='ltr'><strong>buit</strong></span> <span class='ocrx_word' id='word_1_566' title='bbox 2194 3343 2437 3413; x_wconf 87' lang='lat' dir='ltr'><strong>seipsum</strong></span> <span class='ocrx_word' id='word_1_567' title='bbox 2472 3345 2729 3399; x_wconf 72' lang='lat' dir='ltr'><strong>humanae</strong></span> <span class='ocrx_word' id='word_1_568' title='bbox 2763 3345 2940 3412; x_wconf 86' lang='lat' dir='ltr'><strong>carni,</strong></span> <span class='ocrx_word' id='word_1_569' title='bbox 2995 3360 3160 3415; x_wconf 90' lang='lat' dir='ltr'><strong>quam</strong></span> <span class='ocrx_word' id='word_1_570' title='bbox 3204 3359 3271 3399; x_wconf 81' lang='lat' dir='ltr'><strong>ex</strong></span> <span class='ocrx_word' id='word_1_571' title='bbox 3316 3342 3485 3398; x_wconf 84' lang='lat' dir='ltr'><strong>Maria</strong></span> <span class='ocrx_word' id='word_1_572' title='bbox 3531 3357 3625 3398; x_wconf 66' lang='grc' dir='ltr'><strong>σεε</strong></span> 
     </span>
    </p>
   </div>
   <div class='ocr_carea' id='block_1_79' title="bbox 2040 3434 3620 3506">
    <p class='ocr_par' dir='ltr' id='par_1_79' title="bbox 2040 3434 3620 3506">
     <span class='ocr_line' id='line_1_79' title="bbox 2040 3434 3620 3506; baseline -0.001 -15"><span class='ocrx_word' id='word_1_573' title='bbox 2040 3436 2275 3505; x_wconf 88' lang='lat' dir='ltr'><strong>sumpsit</strong></span> <span class='ocrx_word' id='word_1_574' title='bbox 2310 3451 2540 3492; x_wconf 87' lang='lat' dir='ltr'><strong>mancus</strong></span> <span class='ocrx_word' id='word_1_575' title='bbox 2588 3437 2731 3492; x_wconf 85' lang='lat' dir='ltr'><strong>idem</strong></span> <span class='ocrx_word' id='word_1_576' title='bbox 2772 3436 2977 3506; x_wconf 91' lang='lat' dir='ltr'><strong>ipsum,</strong></span> <span class='ocrx_word' id='word_1_577' title='bbox 3010 3437 3329 3505; x_wconf 88' lang='lat' dir='ltr'><strong>nullamque</strong></span> <span class='ocrx_word' id='word_1_578' title='bbox 3375 3434 3620 3490; x_wconf 85' lang='lat' dir='ltr'><strong>divinam</strong></span> 
     </span>
    </p>
   </div>
   <div class='ocr_carea' id='block_1_80' title="bbox 2042 3529 3623 3599">
    <p class='ocr_par' dir='ltr' id='par_1_80' title="bbox 2042 3529 3623 3599">
     <span class='ocr_line' id='line_1_80' title="bbox 2042 3529 3623 3599; baseline -0.002 -17"><span class='ocrx_word' id='word_1_579' title='bbox 2042 3529 2403 3584; x_wconf 89' lang='lat' dir='ltr'><strong>mutationem</strong></span> <span class='ocrx_word' id='word_1_580' title='bbox 2465 3544 2644 3599; x_wconf 86' lang='lat' dir='ltr'><strong>neque</strong></span> <span class='ocrx_word' id='word_1_581' title='bbox 2694 3530 3055 3584; x_wconf 84' lang='lat' dir='ltr'><strong>variationem</strong></span> <span class='ocrx_word' id='word_1_582' title='bbox 3093 3529 3421 3599; x_wconf 86' lang='lat' dir='ltr'><strong>suscipiens,</strong></span> <span class='ocrx_word' id='word_1_583' title='bbox 3455 3541 3623 3596; x_wconf 84' lang='lat' dir='ltr'><strong>copu-</strong></span> 
     </span>
    </p>
   </div>
   <div class='ocr_carea' id='block_1_81' title="bbox 2038 3621 3624 3684">
    <p class='ocr_par' dir='ltr' id='par_1_81' title="bbox 2038 3621 3624 3684">
     <span class='ocr_line' id='line_1_81' title="bbox 2038 3621 3624 3684; baseline -0.002 -8"><span class='ocrx_word' id='word_1_584' title='bbox 2038 3621 2210 3676; x_wconf 89' lang='lat' dir='ltr'><strong>latum</strong></span> <span class='ocrx_word' id='word_1_585' title='bbox 2247 3636 2372 3676; x_wconf 90' lang='lat' dir='ltr'><strong>cum</strong></span> <span class='ocrx_word' id='word_1_586' title='bbox 2415 3637 2581 3684; x_wconf 84' lang='lat' dir='ltr'><strong>carne</strong></span> <span class='ocrx_word' id='word_1_587' title='bbox 2629 3621 2697 3675; x_wconf 88' lang='lat' dir='ltr'><strong>ad</strong></span> <span class='ocrx_word' id='word_1_588' title='bbox 2747 3621 3165 3677; x_wconf 86' lang='lat' dir='ltr'><strong>similitudinem</strong></span> <span class='ocrx_word' id='word_1_589' title='bbox 3212 3621 3532 3683; x_wconf 88' lang='lat' dir='ltr'><strong>humanam,</strong></span> <span class='ocrx_word' id='word_1_590' title='bbox 3564 3625 3624 3673; x_wconf 89' lang='lat' dir='ltr'><strong>ut</strong></span> 
     </span>
    </p>
   </div>
   <div class='ocr_carea' id='block_1_82' title="bbox 2039 3711 3623 3793">
    <p class='ocr_par' dir='ltr' id='par_1_82' title="bbox 2039 3711 3623 3793">
     <span class='ocr_line' id='line_1_82' title="bbox 2039 3711 3623 3793; baseline -0.002 -25"><span class='ocrx_word' id='word_1_591' title='bbox 2039 3727 2170 3768; x_wconf 90' lang='lat' dir='ltr'><strong>caro</strong></span> <span class='ocrx_word' id='word_1_592' title='bbox 2203 3712 2274 3767; x_wconf 90' lang='lat' dir='ltr'><strong>sit</strong></span> <span class='ocrx_word' id='word_1_593' title='bbox 2293 3713 2442 3768; x_wconf 84' lang='lat' dir='ltr'><strong>unita</strong></span> <span class='ocrx_word' id='word_1_594' title='bbox 2462 3713 2761 3793; x_wconf 79' lang='lat' dir='ltr'><strong>divinitati,</strong></span> <span class='ocrx_word' id='word_1_595' title='bbox 2788 3722 3040 3785; x_wconf 86' lang='lat' dir='ltr'><strong>suscepta</strong></span> <span class='ocrx_word' id='word_1_596' title='bbox 3065 3730 3099 3769; x_wconf 86' lang='lat' dir='ltr'><strong>a</strong></span> <span class='ocrx_word' id='word_1_597' title='bbox 3129 3713 3413 3769; x_wconf 81' lang='lat' dir='ltr'><strong>divinitate</strong></span> <span class='ocrx_word' id='word_1_598' title='bbox 3462 3711 3623 3767; x_wconf 86' lang='lat' dir='ltr'><strong>Verbi</strong></span> 
     </span>
    </p>
   </div>
   <div class='ocr_carea' id='block_1_83' title="bbox 2039 3802 3626 3878">
    <p class='ocr_par' dir='ltr' id='par_1_83' title="bbox 2039 3802 3626 3878">
     <span class='ocr_line' id='line_1_83' title="bbox 2039 3802 3626 3878; baseline -0.002 -18"><span class='ocrx_word' id='word_1_599' title='bbox 2039 3806 2403 3875; x_wconf 88' lang='lat' dir='ltr'><strong>passibilitate</strong></span> <span class='ocrx_word' id='word_1_600' title='bbox 2431 3806 2617 3861; x_wconf 85' lang='lat' dir='ltr'><strong>carnis</strong></span> <span class='ocrx_word' id='word_1_601' title='bbox 2651 3806 2717 3860; x_wconf 86' lang='lat' dir='ltr'><strong>ad</strong></span> <span class='ocrx_word' id='word_1_602' title='bbox 2750 3807 3087 3878; x_wconf 89' lang='lat' dir='ltr'><strong>implendum</strong></span> <span class='ocrx_word' id='word_1_603' title='bbox 3116 3806 3458 3877; x_wconf 86' lang='lat' dir='ltr'><strong>mysterium.</strong></span> <span class='ocrx_word' id='word_1_604' title='bbox 3490 3802 3626 3857; x_wconf 88' lang='lat' dir='ltr'><strong>Post</strong></span> 
     </span>
    </p>
   </div>
   <div class='ocr_carea' id='block_1_84' title="bbox 2039 3893 3622 3967">
    <p class='ocr_par' dir='ltr' id='par_1_84' title="bbox 2039 3893 3622 3967">
     <span class='ocr_line' id='line_1_84' title="bbox 2039 3893 3622 3967; baseline -0.003 -14"><span class='ocrx_word' id='word_1_605' title='bbox 2039 3900 2271 3954; x_wconf 85' lang='lat' dir='ltr'><strong>deletam</strong></span> <span class='ocrx_word' id='word_1_606' title='bbox 2321 3914 2453 3953; x_wconf 88' lang='lat' dir='ltr'><strong>vero</strong></span> <span class='ocrx_word' id='word_1_607' title='bbox 2492 3907 2722 3952; x_wconf 87' lang='lat' dir='ltr'><strong>mortem</strong></span> <span class='ocrx_word' id='word_1_608' title='bbox 2776 3908 3038 3967; x_wconf 87' lang='lat' dir='ltr'><strong>perpetua</strong></span> <span class='ocrx_word' id='word_1_609' title='bbox 3102 3895 3515 3967; x_wconf 84' lang='lat' dir='ltr'><strong>impassibiiitas</strong></span> <span class='ocrx_word' id='word_1_610' title='bbox 3562 3893 3622 3948; x_wconf 86' lang='lat' dir='ltr'><strong>in</strong></span> 
     </span>
    </p>
   </div>
   <div class='ocr_carea' id='block_1_85' title="bbox 2039 3984 3617 4056">
    <p class='ocr_par' dir='ltr' id='par_1_85' title="bbox 2039 3984 3617 4056">
     <span class='ocr_line' id='line_1_85' title="bbox 2039 3984 3617 4056; baseline -0.006 -8"><span class='ocrx_word' id='word_1_611' title='bbox 2039 4003 2230 4048; x_wconf 89' lang='lat' dir='ltr'><strong>sancta</strong></span> <span class='ocrx_word' id='word_1_612' title='bbox 2253 4007 2441 4056; x_wconf 87' lang='lat' dir='ltr'><strong>carne,</strong></span> <span class='ocrx_word' id='word_1_613' title='bbox 2471 4000 2526 4045; x_wconf 91' lang='lat' dir='ltr'><strong>et</strong></span> <span class='ocrx_word' id='word_1_614' title='bbox 2565 3989 2952 4045; x_wconf 89' lang='lat' dir='ltr'><strong>immortalitas</strong></span> <span class='ocrx_word' id='word_1_615' title='bbox 2987 3987 3352 4043; x_wconf 88' lang='lat' dir='ltr'><strong>immutabilis</strong></span> <span class='ocrx_word' id='word_1_616' title='bbox 3390 3984 3617 4053; x_wconf 88' lang='lat' dir='ltr'><strong>mansit,</strong></span> 
     </span>
    </p>
   </div>
   <div class='ocr_carea' id='block_1_86' title="bbox 2040 4075 3618 4153">
    <p class='ocr_par' dir='ltr' id='par_1_86' title="bbox 2040 4075 3618 4153">
     <span class='ocr_line' id='line_1_86' title="bbox 2040 4075 3618 4153; baseline -0.003 -16"><span class='ocrx_word' id='word_1_617' title='bbox 2040 4093 2358 4153; x_wconf 85' lang='lat' dir='ltr'><strong>recuperata</strong></span> <span class='ocrx_word' id='word_1_618' title='bbox 2396 4082 2451 4135; x_wconf 91' lang='lat' dir='ltr'><strong>in</strong></span> <span class='ocrx_word' id='word_1_619' title='bbox 2494 4081 2697 4133; x_wconf 88' lang='lat' dir='ltr'><strong>virtute</strong></span> <span class='ocrx_word' id='word_1_620' title='bbox 2748 4080 3050 4134; x_wconf 83' lang='lat' dir='ltr'><strong>divinitatis</strong></span> <span class='ocrx_word' id='word_1_621' title='bbox 3080 4077 3484 4148; x_wconf 87' lang='lat' dir='ltr'><strong>pulchritudine</strong></span> <span class='ocrx_word' id='word_1_622' title='bbox 3511 4075 3618 4132; x_wconf 87' lang='lat' dir='ltr'><strong>hu-</strong></span> 
     </span>
    </p>
   </div>
   <div class='ocr_carea' id='block_1_87' title="bbox 2040 4169 3619 4243">
    <p class='ocr_par' dir='ltr' id='par_1_87' title="bbox 2040 4169 3619 4243">
     <span class='ocr_line' id='line_1_87' title="bbox 2040 4169 3619 4243; baseline -0.003 -15"><span class='ocrx_word' id='word_1_623' title='bbox 2040 4191 2224 4240; x_wconf 87' lang='lat' dir='ltr'><strong>mana,</strong></span> <span class='ocrx_word' id='word_1_624' title='bbox 2256 4188 2378 4243; x_wconf 76' lang='lat' dir='ltr'><strong>qua:</strong></span> <span class='ocrx_word' id='word_1_625' title='bbox 2417 4188 2450 4227; x_wconf 89' lang='lat' dir='ltr'><strong>a</strong></span> <span class='ocrx_word' id='word_1_626' title='bbox 2496 4171 2770 4242; x_wconf 83' lang='lat' dir='ltr'><strong>principio</strong></span> <span class='ocrx_word' id='word_1_627' title='bbox 2801 4171 2925 4236; x_wconf 80' lang='lat' dir='ltr'><strong>fuit,</strong></span> <span class='ocrx_word' id='word_1_628' title='bbox 2952 4180 3007 4226; x_wconf 91' lang='lat' dir='ltr'><strong>et</strong></span> <span class='ocrx_word' id='word_1_629' title='bbox 3040 4178 3298 4227; x_wconf 84' lang='lat' dir='ltr'><strong>manante</strong></span> <span class='ocrx_word' id='word_1_630' title='bbox 3330 4169 3386 4224; x_wconf 89' lang='lat' dir='ltr'><strong>in</strong></span> <span class='ocrx_word' id='word_1_631' title='bbox 3425 4182 3619 4224; x_wconf 83' lang='lat' dir='ltr'><strong>omnes</strong></span> 
     </span>
    </p>
   </div>
   <div class='ocr_carea' id='block_1_88' title="bbox 2038 4262 2979 4331">
    <p class='ocr_par' dir='ltr' id='par_1_88' title="bbox 2038 4262 2979 4331">
     <span class='ocr_line' id='line_1_88' title="bbox 2038 4262 2979 4331; baseline -0.01 -6"><span class='ocrx_word' id='word_1_632' title='bbox 2038 4266 2308 4331; x_wconf 82' lang='lat' dir='ltr'><strong>homines,</strong></span> <span class='ocrx_word' id='word_1_633' title='bbox 2335 4264 2668 4321; x_wconf 87' lang='lat' dir='ltr'><strong>conciliante</strong></span> <span class='ocrx_word' id='word_1_634' title='bbox 2694 4278 2816 4319; x_wconf 84' lang='lat' dir='ltr'><strong>eam</strong></span> <span class='ocrx_word' id='word_1_635' title='bbox 2853 4262 2979 4317; x_wconf 87' lang='lat' dir='ltr'><strong>ﬁde.</strong></span> 
     </span>
    </p>
   </div>
   <div class='ocr_carea' id='block_1_89' title="bbox 2109 4430 3620 4522">
    <p class='ocr_par' dir='ltr' id='par_1_89' title="bbox 2109 4430 3620 4522">
     <span class='ocr_line' id='line_1_89' title="bbox 2109 4430 3620 4522; baseline -0.005 -16"><span class='ocrx_word' id='word_1_636' title='bbox 2109 4450 2165 4506; x_wconf 90' lang='lat' dir='ltr'><strong>Si</strong></span> <span class='ocrx_word' id='word_1_637' title='bbox 2198 4453 2292 4522; x_wconf 91' lang='lat' dir='ltr'><strong>qui</strong></span> <span class='ocrx_word' id='word_1_638' title='bbox 2325 4465 2457 4505; x_wconf 88' lang='lat' dir='ltr'><strong>vero</strong></span> <span class='ocrx_word' id='word_1_639' title='bbox 2510 4449 2675 4504; x_wconf 87' lang='lat' dir='ltr'><strong>etiam</strong></span> <span class='ocrx_word' id='word_1_640' title='bbox 2723 4448 2814 4503; x_wconf 87' lang='lat' dir='ltr'><strong>hic</strong></span> <span class='ocrx_word' id='word_1_641' title='bbox 2855 4460 3067 4502; x_wconf 85' lang='lat' dir='ltr'><strong>sacram</strong></span> <span class='ocrx_word' id='word_1_642' title='bbox 3101 4444 3262 4501; x_wconf 82' lang='lat' dir='ltr'><strong>ﬁdem</strong></span> <span class='ocrx_word' id='word_1_643' title='bbox 3298 4430 3620 4516; x_wconf 85' lang='lat' dir='ltr'><strong>depravant,</strong></span> 
     </span>
    </p>
   </div>
   <div class='ocr_carea' id='block_1_90' title="bbox 2037 4540 3622 4615">
    <p class='ocr_par' dir='ltr' id='par_1_90' title="bbox 2037 4540 3622 4615">
     <span class='ocr_line' id='line_1_90' title="bbox 2037 4540 3622 4615; baseline -0.006 -15"><span class='ocrx_word' id='word_1_644' title='bbox 2037 4545 2326 4615; x_wconf 75' lang='lat' dir='ltr'><strong>separatim</strong></span> <span class='ocrx_word' id='word_1_645' title='bbox 2347 4542 2705 4598; x_wconf 87' lang='lat' dir='ltr'><strong>attribuentes</strong></span> <span class='ocrx_word' id='word_1_646' title='bbox 2738 4541 3011 4596; x_wconf 81' lang='lat' dir='ltr'><strong>divinitati</strong></span> <span class='ocrx_word' id='word_1_647' title='bbox 3051 4556 3174 4609; x_wconf 69' lang='lat' dir='ltr'><strong>qua:</strong></span> <span class='ocrx_word' id='word_1_648' title='bbox 3210 4540 3450 4593; x_wconf 87' lang='lat' dir='ltr'><strong>humana</strong></span> <span class='ocrx_word' id='word_1_649' title='bbox 3470 4545 3622 4603; x_wconf 89' lang='lat' dir='ltr'><strong>sunt,</strong></span> 
     </span>
    </p>
   </div>
   <div class='ocr_carea' id='block_1_91' title="bbox 338 4621 1938 4705">
    <p class='ocr_par' dir='ltr' id='par_1_91' title="bbox 338 4621 1933 4705">
     <span class='ocr_line' id='line_1_91' title="bbox 338 4621 1933 4705; baseline 0 -18"><span class='ocrx_word' id='word_1_650' title='bbox 338 4650 456 4698; x_wconf 80' lang='grc' dir='ltr'>τες,</span> <span class='ocrx_word' id='word_1_651' title='bbox 487 4633 777 4704; x_wconf 78' lang='grc' dir='ltr'>προκοπὰς</span> <span class='ocrx_word' id='word_1_652' title='bbox 805 4650 863 4687; x_wconf 88' lang='grc' dir='ltr'><strong>τε</strong></span> <span class='ocrx_word' id='word_1_653' title='bbox 910 4634 1006 4687; x_wconf 71' lang='grc' dir='ltr'><strong>καὶ</strong></span> <span class='ocrx_word' id='word_1_654' title='bbox 1046 4633 1192 4703; x_wconf 83' lang='grc' dir='ltr'>πάθη</span> <span class='ocrx_word' id='word_1_655' title='bbox 1235 4633 1330 4687; x_wconf 72' lang='grc' dir='ltr'><strong>καὶ</strong></span> <span class='ocrx_word' id='word_1_656' title='bbox 1362 4621 1647 4705; x_wconf 75' lang='grc' dir='ltr'>δόξαντὴν</span> <span class='ocrx_word' id='word_1_657' title='bbox 1687 4636 1933 4703; x_wconf 78' lang='grc' dir='ltr'>ἐπιγινο-</span> 
     </span>
    </p>
   </div>
   <div class='ocr_carea' id='block_1_92' title="bbox 2039 4621 3625 4705">
    <p class='ocr_par' dir='ltr' id='par_1_92' title="bbox 2040 4631 3625 4704">
     <span class='ocr_line' id='line_1_92' title="bbox 2040 4631 3625 4704; baseline -0.005 -12"><span class='ocrx_word' id='word_1_658' title='bbox 2040 4638 2421 4698; x_wconf 89' lang='lat' dir='ltr'><strong>incrementa,</strong></span> <span class='ocrx_word' id='word_1_659' title='bbox 2469 4634 2794 4704; x_wconf 88' lang='lat' dir='ltr'><strong>passiones,</strong></span> <span class='ocrx_word' id='word_1_660' title='bbox 2844 4633 3222 4688; x_wconf 86' lang='lat' dir='ltr'><strong>accessionem</strong></span> <span class='ocrx_word' id='word_1_661' title='bbox 3275 4631 3462 4702; x_wconf 66' lang='lat' dir='ltr'><strong>glorise</strong></span> <span class='ocrx_word' id='word_1_662' title='bbox 3491 4638 3625 4685; x_wconf 87' lang='lat' dir='ltr'><strong>:aut</strong></span> 
     </span>
    </p>
   </div>
   <div class='ocr_carea' id='block_1_93' title="bbox 345 4724 1940 4797">
    <p class='ocr_par' dir='ltr' id='par_1_93' title="bbox 345 4724 1940 4797">
     <span class='ocr_line' id='line_1_93' title="bbox 345 4724 1940 4797; baseline 0.001 -18"><span class='ocrx_word' id='word_1_663' title='bbox 345 4726 540 4795; x_wconf 73' lang='grc' dir='ltr'>μένην.</span> <span class='ocrx_word' id='word_1_664' title='bbox 579 4724 613 4795; x_wconf 78' lang='grc' dir='ltr'>ἢ</span> <span class='ocrx_word' id='word_1_665' title='bbox 656 4725 758 4796; x_wconf 80' lang='grc' dir='ltr'><strong>τῆς</strong></span> <span class='ocrx_word' id='word_1_666' title='bbox 789 4725 1042 4797; x_wconf 83' lang='grc' dir='ltr'>θεότητος</span> <span class='ocrx_word' id='word_1_667' title='bbox 1063 4724 1372 4789; x_wconf 83' lang='grc' dir='ltr'>διῖστῶντες</span> <span class='ocrx_word' id='word_1_668' title='bbox 1396 4725 1459 4791; x_wconf 82' lang='grc' dir='ltr'>τὸ</span> <span class='ocrx_word' id='word_1_669' title='bbox 1494 4726 1805 4797; x_wconf 87' lang='grc' dir='ltr'>προκόπτον</span> <span class='ocrx_word' id='word_1_670' title='bbox 1837 4727 1940 4782; x_wconf 71' lang='grc' dir='ltr'>’καὶ</span> 
     </span>
    </p>
   </div>
   <div class='ocr_carea' id='block_1_94' title="bbox 343 4813 1939 4888">
    <p class='ocr_par' dir='ltr' id='par_1_94' title="bbox 343 4813 1939 4888">
     <span class='ocr_line' id='line_1_94' title="bbox 343 4813 1939 4888; baseline -0.001 -16"><span class='ocrx_word' id='word_1_671' title='bbox 343 4817 553 4888; x_wconf 67' lang='grc' dir='ltr'>πάσχον</span> <span class='ocrx_word' id='word_1_672' title='bbox 578 4817 774 4888; x_wconf 69' lang='grc' dir='ltr'>σοῶμα,</span> <span class='ocrx_word' id='word_1_673' title='bbox 805 4817 882 4882; x_wconf 83' lang='grc' dir='ltr'><strong>ὡς</strong></span> <span class='ocrx_word' id='word_1_674' title='bbox 917 4816 1513 4887; x_wconf 75' lang='grc' dir='ltr'>ίδιαξόντωςΰφεστὼς,</span> <span class='ocrx_word' id='word_1_675' title='bbox 1540 4818 1634 4871; x_wconf 75' lang='grc' dir='ltr'><strong>καὶ</strong></span> <span class='ocrx_word' id='word_1_676' title='bbox 1669 4813 1813 4873; x_wconf 71' lang='grc' dir='ltr'>οὗτοι</span> <span class='ocrx_word' id='word_1_677' title='bbox 1841 4819 1939 4888; x_wconf 79' lang='grc' dir='ltr'><strong>τῆς</strong></span> 
     </span>
    </p>
   </div>
   <div class='ocr_carea' id='block_1_95' title="bbox 320 4906 1940 4980">
    <p class='ocr_par' dir='ltr' id='par_1_95' title="bbox 320 4906 1940 4980">
     <span class='ocr_line' id='line_1_95' title="bbox 320 4906 1940 4980; baseline 0.002 -20"><span class='ocrx_word' id='word_1_678' title='bbox 320 4906 809 4979; x_wconf 79' lang='grc' dir='ltr'>’ὲκκλησιαστικῆς</span> <span class='ocrx_word' id='word_1_679' title='bbox 851 4909 943 4963; x_wconf 69' lang='grc' dir='ltr'><strong>καὶ</strong></span> <span class='ocrx_word' id='word_1_680' title='bbox 981 4909 1261 4980; x_wconf 68' lang='grc' dir='ltr'>σωζούσης</span> <span class='ocrx_word' id='word_1_681' title='bbox 1295 4909 1588 4979; x_wconf 83' lang='grc' dir='ltr'>ὁμολογίας</span> <span class='ocrx_word' id='word_1_682' title='bbox 1630 4909 1807 4973; x_wconf 79' lang='grc' dir='ltr'>ἐκτός.</span> <span class='ocrx_word' id='word_1_683' title='bbox 1842 4908 1940 4963; x_wconf 80' lang='lat'><strong>06-</strong></span> 
     </span>
    </p>
   </div>
   <div class='ocr_carea' id='block_1_96' title="bbox 341 4994 1937 5071">
    <p class='ocr_par' dir='ltr' id='par_1_96' title="bbox 341 4994 1937 5071">
     <span class='ocr_line' id='line_1_96' title="bbox 341 4994 1937 5071; baseline 0 -17"><span class='ocrx_word' id='word_1_684' title='bbox 341 4994 585 5063; x_wconf 59' lang='grc' dir='ltr'>δεὶςεοῦν</span> <span class='ocrx_word' id='word_1_685' title='bbox 614 4999 835 5053; x_wconf 76' lang='grc' dir='ltr'>δύναται</span> <span class='ocrx_word' id='word_1_686' title='bbox 877 5001 1080 5067; x_wconf 79' lang='grc' dir='ltr'>γνῶναι</span> <span class='ocrx_word' id='word_1_687' title='bbox 1130 5001 1223 5054; x_wconf 76' lang='grc' dir='ltr'><strong>τὸν</strong></span> <span class='ocrx_word' id='word_1_688' title='bbox 1250 5001 1407 5063; x_wconf 76' lang='grc' dir='ltr'>Θεὸν,</span> <span class='ocrx_word' id='word_1_689' title='bbox 1452 5004 1501 5054; x_wconf 87' lang='grc' dir='ltr'>εἰ</span> <span class='ocrx_word' id='word_1_690' title='bbox 1549 5002 1622 5071; x_wconf 83' lang='grc' dir='ltr'>μὴ</span> <span class='ocrx_word' id='word_1_691' title='bbox 1675 5001 1767 5054; x_wconf 79' lang='grc' dir='ltr'><strong>τὸν</strong></span> <span class='ocrx_word' id='word_1_692' title='bbox 1806 5001 1937 5068; x_wconf 69' lang='grc' dir='ltr'>Υίδν</span> 
     </span>
    </p>
   </div>
   <div class='ocr_carea' id='block_1_97' title="bbox 342 5088 1937 5165">
    <p class='ocr_par' dir='ltr' id='par_1_97' title="bbox 342 5088 1937 5165">
     <span class='ocr_line' id='line_1_97' title="bbox 342 5088 1937 5165; baseline 0.001 -21"><span class='ocrx_word' id='word_1_693' title='bbox 342 5090 578 5162; x_wconf 73' lang='grc' dir='ltr'>ἐπιγνῷο</span> <span class='ocrx_word' id='word_1_694' title='bbox 634 5090 799 5159; x_wconf 65' lang='grc' dir='ltr'>σοφία</span> <span class='ocrx_word' id='word_1_695' title='bbox 846 5090 956 5164; x_wconf 88' lang='grc' dir='ltr'><strong>γάρ</strong></span> <span class='ocrx_word' id='word_1_696' title='bbox 1012 5094 1157 5145; x_wconf 81' lang='grc' dir='ltr'>ἐστιν</span> <span class='ocrx_word' id='word_1_697' title='bbox 1188 5093 1218 5144; x_wconf 84' lang='grc' dir='ltr'><strong>ό</strong></span> <span class='ocrx_word' id='word_1_698' title='bbox 1252 5091 1493 5165; x_wconf 42' lang='grc' dir='ltr'><strong>Υἱδ;.δσ’</strong></span> <span class='ocrx_word' id='word_1_699' title='bbox 1531 5088 1601 5164; x_wconf 83' lang='grc' dir='ltr'>ἦς</span> <span class='ocrx_word' id='word_1_700' title='bbox 1635 5091 1705 5147; x_wconf 75' lang='grc' dir='ltr'>τὰ</span> <span class='ocrx_word' id='word_1_701' title='bbox 1758 5092 1937 5146; x_wconf 85' lang='grc' dir='ltr'>πάντα</span> 
     </span>
    </p>
   </div>
   <div class='ocr_carea' id='block_1_98' title="bbox 344 5182 1937 5256">
    <p class='ocr_par' dir='ltr' id='par_1_98' title="bbox 344 5182 1937 5256">
     <span class='ocr_line' id='line_1_98' title="bbox 344 5182 1937 5256; baseline 0.001 -19"><span class='ocrx_word' id='word_1_702' title='bbox 344 5184 596 5239; x_wconf 74' lang='grc' dir='ltr'>ἔκτισται</span> <span class='ocrx_word' id='word_1_703' title='bbox 626 5200 641 5213; x_wconf 76' lang='grc' dir='ltr'><strong>ο</strong></span> <span class='ocrx_word' id='word_1_704' title='bbox 676 5182 748 5237; x_wconf 72' lang='grc' dir='ltr'>τὰ</span> <span class='ocrx_word' id='word_1_705' title='bbox 787 5183 844 5236; x_wconf 84' lang='grc' dir='ltr'>δὲ</span> <span class='ocrx_word' id='word_1_706' title='bbox 884 5185 1159 5254; x_wconf 87' lang='grc' dir='ltr'>κτίσματα</span> <span class='ocrx_word' id='word_1_707' title='bbox 1209 5185 1402 5256; x_wconf 74' lang='grc' dir='ltr'>μηνύει</span> <span class='ocrx_word' id='word_1_708' title='bbox 1426 5185 1525 5255; x_wconf 84' lang='grc' dir='ltr'><strong>τὴν</strong></span> <span class='ocrx_word' id='word_1_709' title='bbox 1555 5185 1767 5254; x_wconf 77' lang='grc' dir='ltr'>σοφίαν,</span> <span class='ocrx_word' id='word_1_710' title='bbox 1797 5186 1937 5241; x_wconf 82' lang='grc' dir='ltr'>καὶὸ</span> 
     </span>
    </p>
   </div>
   <div class='ocr_carea' id='block_1_99' title="bbox 342 5269 1935 5348">
    <p class='ocr_par' dir='ltr' id='par_1_99' title="bbox 342 5269 1935 5348">
     <span class='ocr_line' id='line_1_99' title="bbox 342 5269 1935 5348; baseline 0.001 -20"><span class='ocrx_word' id='word_1_711' title='bbox 342 5276 477 5340; x_wconf 77' lang='grc' dir='ltr'>Θεὸς</span> <span class='ocrx_word' id='word_1_712' title='bbox 507 5276 569 5329; x_wconf 83' lang='grc' dir='ltr'>ὲν</span> <span class='ocrx_word' id='word_1_713' title='bbox 596 5276 662 5346; x_wconf 83' lang='grc' dir='ltr'>τῇ</span> <span class='ocrx_word' id='word_1_714' title='bbox 695 5274 858 5346; x_wconf 72' lang='grc' dir='ltr'>σοφία</span> <span class='ocrx_word' id='word_1_715' title='bbox 888 5273 1214 5342; x_wconf 82' lang='grc' dir='ltr'>γινώσκεται</span> <span class='ocrx_word' id='word_1_716' title='bbox 1237 5269 1266 5306; x_wconf 77' lang='grc'><strong>·’</strong></span> <span class='ocrx_word' id='word_1_717' title='bbox 1304 5275 1364 5328; x_wconf 80' lang='grc' dir='ltr'><strong>οὺ</strong></span> <span class='ocrx_word' id='word_1_718' title='bbox 1418 5274 1647 5346; x_wconf 78' lang='grc' dir='ltr'>τοιαύτη</span> <span class='ocrx_word' id='word_1_719' title='bbox 1677 5275 1736 5329; x_wconf 88' lang='grc' dir='ltr'><strong>δὲ</strong></span> <span class='ocrx_word' id='word_1_720' title='bbox 1772 5276 1805 5348; x_wconf 75' lang='grc' dir='ltr'><strong>η</strong></span> <span class='ocrx_word' id='word_1_721' title='bbox 1838 5274 1935 5329; x_wconf 80' lang='grc' dir='ltr'>τοῦ</span> 
     </span>
    </p>
   </div>
   <div class='ocr_carea' id='block_1_100' title="bbox 343 5362 1936 5445">
    <p class='ocr_par' dir='ltr' id='par_1_100' title="bbox 343 5362 1936 5445">
     <span class='ocr_line' id='line_1_100' title="bbox 343 5362 1936 5445; baseline 0.001 -28"><span class='ocrx_word' id='word_1_722' title='bbox 343 5363 503 5419; x_wconf 62' lang='lat'><strong>8506‘</strong></span> <span class='ocrx_word' id='word_1_723' title='bbox 526 5363 688 5433; x_wconf 79' lang='grc' dir='ltr'>σοφία</span> <span class='ocrx_word' id='word_1_724' title='bbox 727 5363 844 5417; x_wconf 81' lang='grc' dir='ltr'>οἵαν</span> <span class='ocrx_word' id='word_1_725' title='bbox 873 5362 1332 5445; x_wconf 43' lang='grc' dir='ltr'>ἄνθρωππιέχει,</span> <span class='ocrx_word' id='word_1_726' title='bbox 1375 5365 1511 5419; x_wconf 86' lang='grc' dir='ltr'>ἅλλά</span> <span class='ocrx_word' id='word_1_727' title='bbox 1540 5364 1721 5420; x_wconf 88' lang='grc' dir='ltr'>τελεία</span> <span class='ocrx_word' id='word_1_728' title='bbox 1752 5366 1818 5419; x_wconf 84' lang='grc' dir='ltr'>ὲκ</span> <span class='ocrx_word' id='word_1_729' title='bbox 1847 5383 1936 5419; x_wconf 80' lang='grc' dir='ltr'>τε-</span> 
     </span>
    </p>
   </div>
   <div class='ocr_carea' id='block_1_101' title="bbox 274 5448 1932 5527">
    <p class='ocr_par' dir='ltr' id='par_1_101' title="bbox 274 5448 1932 5527">
     <span class='ocr_line' id='line_1_101' title="bbox 274 5448 1932 5527; baseline 0.002 -18"><span class='ocrx_word' id='word_1_730' title='bbox 274 5468 299 5486; x_wconf 87' lang='grc'><strong>··</strong></span> <span class='ocrx_word' id='word_1_731' title='bbox 345 5448 488 5510; x_wconf 79' lang='grc' dir='ltr'>λείου</span> <span class='ocrx_word' id='word_1_732' title='bbox 506 5453 615 5510; x_wconf 81' lang='grc' dir='ltr'>’τοῦ</span> <span class='ocrx_word' id='word_1_733' title='bbox 641 5454 778 5508; x_wconf 79' lang='grc' dir='ltr'>Θεοῦ</span> <span class='ocrx_word' id='word_1_734' title='bbox 810 5454 1150 5526; x_wconf 83' lang='grc' dir='ltr'>προελθοῦσα</span> <span class='ocrx_word' id='word_1_735' title='bbox 1189 5457 1282 5509; x_wconf 77' lang='grc' dir='ltr'>καὶ</span> <span class='ocrx_word' id='word_1_736' title='bbox 1327 5458 1566 5527; x_wconf 84' lang='grc' dir='ltr'>μένουσα</span> <span class='ocrx_word' id='word_1_737' title='bbox 1598 5457 1686 5512; x_wconf 85' lang='grc' dir='ltr'>διὰ</span> <span class='ocrx_word' id='word_1_738' title='bbox 1711 5458 1932 5524; x_wconf 79' lang='grc' dir='ltr'>παντὸς,</span> 
     </span>
    </p>
   </div>
   <div class='ocr_carea' id='block_1_102' title="bbox 344 5549 1935 5624">
    <p class='ocr_par' dir='ltr' id='par_1_102' title="bbox 344 5549 1935 5624">
     <span class='ocr_line' id='line_1_102' title="bbox 344 5549 1935 5624; baseline 0.003 -21"><span class='ocrx_word' id='word_1_739' title='bbox 344 5551 443 5621; x_wconf 79' lang='grc' dir='ltr'><strong>οὐχ</strong></span> <span class='ocrx_word' id='word_1_740' title='bbox 473 5549 550 5613; x_wconf 83' lang='grc' dir='ltr'>ὡς</span> <span class='ocrx_word' id='word_1_741' title='bbox 576 5550 676 5621; x_wconf 37' lang='grc' dir='ltr'>,νόη</span> <span class='ocrx_word' id='word_1_742' title='bbox 686 5567 761 5622; x_wconf 89' lang='grc' dir='ltr'><strong>μα</strong></span> <span class='ocrx_word' id='word_1_743' title='bbox 783 5549 1071 5623; x_wconf 85' lang='grc' dir='ltr'>ἀνθρώπου</span> <span class='ocrx_word' id='word_1_744' title='bbox 1095 5551 1158 5605; x_wconf 78' lang='grc' dir='ltr'><strong>τὸ</strong></span> <span class='ocrx_word' id='word_1_745' title='bbox 1181 5552 1613 5624; x_wconf 87' lang='grc' dir='ltr'>παρερχόμενον,</span> <span class='ocrx_word' id='word_1_746' title='bbox 1641 5552 1735 5606; x_wconf 76' lang='grc' dir='ltr'><strong>καὶ</strong></span> <span class='ocrx_word' id='word_1_747' title='bbox 1761 5552 1935 5623; x_wconf 84' lang='grc' dir='ltr'>Λόγος</span> 
     </span>
    </p>
   </div>
   <div class='ocr_carea' id='block_1_103' title="bbox 343 5642 1935 5716">
    <p class='ocr_par' dir='ltr' id='par_1_103' title="bbox 343 5642 1935 5716">
     <span class='ocr_line' id='line_1_103' title="bbox 343 5642 1935 5716; baseline 0.001 -19"><span class='ocrx_word' id='word_1_748' title='bbox 343 5642 679 5714; x_wconf 81' lang='grc' dir='ltr'>λαλούμενος</span> <span class='ocrx_word' id='word_1_749' title='bbox 710 5643 804 5697; x_wconf 77' lang='grc' dir='ltr'>καὶ</span> <span class='ocrx_word' id='word_1_750' title='bbox 841 5642 916 5715; x_wconf 84' lang='grc' dir='ltr'><strong>μὴ</strong></span> <span class='ocrx_word' id='word_1_751' title='bbox 956 5642 1034 5697; x_wconf 80' lang='grc' dir='ltr'>ὧν</span> <span class='ocrx_word' id='word_1_752' title='bbox 1053 5659 1067 5674; x_wconf 81' lang='grc'><em>’</em></span> <span class='ocrx_word' id='word_1_753' title='bbox 1099 5643 1190 5697; x_wconf 82' lang='grc' dir='ltr'>διὰ</span> <span class='ocrx_word' id='word_1_754' title='bbox 1215 5642 1374 5698; x_wconf 83' lang='grc' dir='ltr'>τοῦτο</span> <span class='ocrx_word' id='word_1_755' title='bbox 1412 5645 1478 5698; x_wconf 82' lang='grc' dir='ltr'><strong>οὐ</strong></span> <span class='ocrx_word' id='word_1_756' title='bbox 1509 5645 1677 5716; x_wconf 84' lang='grc' dir='ltr'>μόνον</span> <span class='ocrx_word' id='word_1_757' title='bbox 1699 5645 1817 5699; x_wconf 83' lang='grc' dir='ltr'>ἔστι</span> <span class='ocrx_word' id='word_1_758' title='bbox 1847 5662 1935 5699; x_wconf 84' lang='grc' dir='ltr'>σο-</span> 
     </span>
    </p>
   </div>
   <div class='ocr_carea' id='block_1_104' title="bbox 346 5736 1959 5810">
    <p class='ocr_par' dir='ltr' id='par_1_104' title="bbox 346 5736 1959 5810">
     <span class='ocr_line' id='line_1_104' title="bbox 346 5736 1959 5810; baseline 0.004 -19"><span class='ocrx_word' id='word_1_759' title='bbox 346 5737 469 5807; x_wconf 84' lang='grc' dir='ltr'>φία,</span> <span class='ocrx_word' id='word_1_760' title='bbox 492 5736 626 5791; x_wconf 85' lang='grc' dir='ltr'><strong>ἀλλά</strong></span> <span class='ocrx_word' id='word_1_761' title='bbox 653 5738 747 5792; x_wconf 69' lang='grc' dir='ltr'>καὶ</span> <span class='ocrx_word' id='word_1_762' title='bbox 768 5738 925 5802; x_wconf 75' lang='grc' dir='ltr'>Θεός’</span> <span class='ocrx_word' id='word_1_763' title='bbox 952 5737 1073 5792; x_wconf 68' lang='grc' dir='ltr'>οὐδὲ</span> <span class='ocrx_word' id='word_1_764' title='bbox 1100 5739 1261 5810; x_wconf 85' lang='grc' dir='ltr'>μόνον</span> <span class='ocrx_word' id='word_1_765' title='bbox 1288 5739 1482 5810; x_wconf 76' lang='grc' dir='ltr'>Λόγος,</span> <span class='ocrx_word' id='word_1_766' title='bbox 1502 5740 1638 5795; x_wconf 87' lang='grc' dir='ltr'><strong>ἀλλά</strong></span> <span class='ocrx_word' id='word_1_767' title='bbox 1667 5740 1761 5794; x_wconf 77' lang='grc' dir='ltr'>καὶ</span> <span class='ocrx_word' id='word_1_768' title='bbox 1777 5740 1930 5805; x_wconf 86' lang='grc' dir='ltr'>Υἱός.</span> <span class='ocrx_word' id='word_1_769' title='bbox 1956 5796 1959 5797; x_wconf 31' lang='grc' dir='ltr'><strong>ν</strong></span> 
     </span>
    </p>
   </div>
   <div class='ocr_carea' id='block_1_105' title="bbox 345 5827 1934 5899">
    <p class='ocr_par' dir='ltr' id='par_1_105' title="bbox 345 5827 1934 5899">
     <span class='ocr_line' id='line_1_105' title="bbox 345 5827 1934 5899; baseline 0 -13"><span class='ocrx_word' id='word_1_770' title='bbox 345 5830 477 5886; x_wconf 78' lang='grc' dir='ltr'>Εἴτε</span> <span class='ocrx_word' id='word_1_771' title='bbox 495 5827 590 5887; x_wconf 81' lang='grc' dir='ltr'><strong>οὖν</strong></span> <span class='ocrx_word' id='word_1_772' title='bbox 618 5832 745 5887; x_wconf 81' lang='grc' dir='ltr'>ἀπὺ·</span> <span class='ocrx_word' id='word_1_773' title='bbox 766 5833 994 5897; x_wconf 85' lang='grc' dir='ltr'>κτίσεώς</span> <span class='ocrx_word' id='word_1_774' title='bbox 1015 5850 1100 5897; x_wconf 82' lang='grc' dir='ltr'><strong>τις</strong></span> <span class='ocrx_word' id='word_1_775' title='bbox 1138 5837 1252 5888; x_wconf 87' lang='grc' dir='ltr'>νοεῖ</span> <span class='ocrx_word' id='word_1_776' title='bbox 1280 5834 1377 5888; x_wconf 78' lang='grc' dir='ltr'><strong>τὸν</strong></span> <span class='ocrx_word' id='word_1_777' title='bbox 1406 5834 1562 5899; x_wconf 77' lang='grc' dir='ltr'>Θεὸν,</span> <span class='ocrx_word' id='word_1_778' title='bbox 1592 5836 1703 5889; x_wconf 77' lang='grc' dir='ltr'>εἴτε</span> <span class='ocrx_word' id='word_1_779' title='bbox 1737 5836 1802 5888; x_wconf 80' lang='grc' dir='ltr'>ὲκ</span> <span class='ocrx_word' id='word_1_780' title='bbox 1824 5833 1934 5888; x_wconf 83' lang='grc' dir='ltr'><strong>τῶν</strong></span> 
     </span>
    </p>
   </div>
   <div class='ocr_carea' id='block_1_106' title="bbox 348 5924 1932 6001">
    <p class='ocr_par' dir='ltr' id='par_1_106' title="bbox 348 5924 1932 6001">
     <span class='ocr_line' id='line_1_106' title="bbox 348 5924 1932 6001; baseline -0.003 -18"><span class='ocrx_word' id='word_1_781' title='bbox 348 5925 510 5991; x_wconf 69' lang='grc' dir='ltr'>θείων</span> <span class='ocrx_word' id='word_1_782' title='bbox 547 5925 778 6001; x_wconf 77' lang='grc' dir='ltr'>Γραφῶν</span> <span class='ocrx_word' id='word_1_783' title='bbox 808 5924 1138 5993; x_wconf 72' lang='grc' dir='ltr'>διδάσκεται,</span> <span class='ocrx_word' id='word_1_784' title='bbox 1181 5928 1279 5983; x_wconf 74' lang='grc' dir='ltr'><strong>οὐκ</strong></span> <span class='ocrx_word' id='word_1_785' title='bbox 1320 5926 1445 5981; x_wconf 80' lang='grc' dir='ltr'>ἀνευ</span> <span class='ocrx_word' id='word_1_786' title='bbox 1475 5927 1572 5999; x_wconf 80' lang='grc' dir='ltr'>τῆς</span> <span class='ocrx_word' id='word_1_787' title='bbox 1614 5926 1801 5997; x_wconf 65' lang='grc' dir='ltr'>σοφίας</span> <span class='ocrx_word' id='word_1_788' title='bbox 1841 5926 1932 5979; x_wconf 80' lang='grc' dir='ltr'>αὐ-</span> 
     </span>
    </p>
   </div>
   <div class='ocr_carea' id='block_1_107' title="bbox 2046 4722 3625 4799">
    <p class='ocr_par' dir='ltr' id='par_1_107' title="bbox 2046 4722 3625 4799">
     <span class='ocr_line' id='line_1_107' title="bbox 2046 4722 3625 4799; baseline -0.005 -15"><span class='ocrx_word' id='word_1_789' title='bbox 2046 4736 2369 4799; x_wconf 75' lang='lat' dir='ltr'><strong>separantes</strong></span> <span class='ocrx_word' id='word_1_790' title='bbox 2405 4743 2435 4780; x_wconf 90' lang='lat' dir='ltr'><strong>a</strong></span> <span class='ocrx_word' id='word_1_791' title='bbox 2465 4726 2752 4782; x_wconf 88' lang='lat' dir='ltr'><strong>divinitate</strong></span> <span class='ocrx_word' id='word_1_792' title='bbox 2778 4741 3003 4795; x_wconf 87' lang='lat' dir='ltr'><strong>corpus,</strong></span> <span class='ocrx_word' id='word_1_793' title='bbox 3036 4724 3182 4795; x_wconf 89' lang='lat' dir='ltr'><strong>quod</strong></span> <span class='ocrx_word' id='word_1_794' title='bbox 3220 4722 3541 4794; x_wconf 80' lang='lat' dir='ltr'><strong>proﬁciebat</strong></span> <span class='ocrx_word' id='word_1_795' title='bbox 3568 4730 3625 4776; x_wconf 84' lang='lat' dir='ltr'><strong>et</strong></span> 
     </span>
    </p>
   </div>
   <div class='ocr_carea' id='block_1_108' title="bbox 2045 4816 3659 4892">
    <p class='ocr_par' dir='ltr' id='par_1_108' title="bbox 2045 4816 3659 4892">
     <span class='ocr_line' id='line_1_108' title="bbox 2045 4816 3659 4892; baseline -0.006 -16"><span class='ocrx_word' id='word_1_796' title='bbox 2045 4821 2375 4892; x_wconf 83' lang='lat' dir='ltr'><strong>patiebatur,</strong></span> <span class='ocrx_word' id='word_1_797' title='bbox 2412 4829 2677 4886; x_wconf 88' lang='lat' dir='ltr'><strong>tanquam</strong></span> <span class='ocrx_word' id='word_1_798' title='bbox 2724 4834 2818 4889; x_wconf 80' lang='lat' dir='ltr'><strong>per</strong></span> <span class='ocrx_word' id='word_1_799' title='bbox 2853 4832 2912 4874; x_wconf 89' lang='lat' dir='ltr'><strong>se</strong></span> <span class='ocrx_word' id='word_1_800' title='bbox 2942 4817 3264 4883; x_wconf 76' lang='lat' dir='ltr'><strong>exsisteret;</strong></span> <span class='ocrx_word' id='word_1_801' title='bbox 3306 4816 3362 4871; x_wconf 84' lang='lat' dir='ltr'><strong>hi</strong></span> <span class='ocrx_word' id='word_1_802' title='bbox 3404 4827 3659 4885; x_wconf 81' lang='lat' dir='ltr'><strong>quoque-</strong></span> 
     </span>
    </p>
   </div>
   <div class='ocr_carea' id='block_1_109' title="bbox 2041 4906 3623 4968">
    <p class='ocr_par' dir='ltr' id='par_1_109' title="bbox 2041 4906 3623 4968">
     <span class='ocr_line' id='line_1_109' title="bbox 2041 4906 3623 4968; baseline -0.006 -1"><span class='ocrx_word' id='word_1_803' title='bbox 2041 4922 2197 4968; x_wconf 75' lang='lat' dir='ltr'><strong>extra</strong></span> <span class='ocrx_word' id='word_1_804' title='bbox 2270 4910 2677 4967; x_wconf 80' lang='lat' dir='ltr'><strong>confessionem</strong></span> <span class='ocrx_word' id='word_1_805' title='bbox 2735 4910 3165 4967; x_wconf 81' lang='lat' dir='ltr'><strong>ecclesiasticam</strong></span> <span class='ocrx_word' id='word_1_806' title='bbox 3217 4915 3273 4963; x_wconf 89' lang='lat' dir='ltr'><strong>et</strong></span> <span class='ocrx_word' id='word_1_807' title='bbox 3326 4906 3623 4962; x_wconf 89' lang='lat' dir='ltr'><strong>salutarem</strong></span> 
     </span>
    </p>
   </div>
   <div class='ocr_carea' id='block_1_110' title="bbox 2039 4995 3623 5072">
    <p class='ocr_par' dir='ltr' id='par_1_110' title="bbox 2039 4995 3623 5072">
     <span class='ocr_line' id='line_1_110' title="bbox 2039 4995 3623 5072; baseline -0.006 -14"><span class='ocrx_word' id='word_1_808' title='bbox 2039 5014 2187 5060; x_wconf 82' lang='lat' dir='ltr'><strong>sunt;</strong></span> <span class='ocrx_word' id='word_1_809' title='bbox 2243 5001 2415 5057; x_wconf 84' lang='lat' dir='ltr'><strong>Nemo</strong></span> <span class='ocrx_word' id='word_1_810' title='bbox 2474 5003 2642 5072; x_wconf 79' lang='lat' dir='ltr'><strong>igitur</strong></span> <span class='ocrx_word' id='word_1_811' title='bbox 2686 5010 2865 5071; x_wconf 77' lang='lat' dir='ltr'><strong>potest</strong></span> <span class='ocrx_word' id='word_1_812' title='bbox 2923 5015 3256 5071; x_wconf 76' lang='lat' dir='ltr'><strong>cognoscere</strong></span> <span class='ocrx_word' id='word_1_813' title='bbox 3285 4998 3476 5061; x_wconf 91' lang='lat' dir='ltr'><strong>Deum,</strong></span> <span class='ocrx_word' id='word_1_814' title='bbox 3511 4995 3623 5051; x_wconf 90' lang='lat' dir='ltr'><strong>nisi</strong></span> 
     </span>
    </p>
   </div>
   <div class='ocr_carea' id='block_1_111' title="bbox 2040 5090 3621 5166">
    <p class='ocr_par' dir='ltr' id='par_1_111' title="bbox 2040 5090 3621 5166">
     <span class='ocr_line' id='line_1_111' title="bbox 2040 5090 3621 5166; baseline -0.005 -16"><span class='ocrx_word' id='word_1_815' title='bbox 2040 5095 2239 5151; x_wconf 86' lang='lat' dir='ltr'><strong>Filium</strong></span> <span class='ocrx_word' id='word_1_816' title='bbox 2292 5102 2573 5166; x_wconf 81' lang='lat' dir='ltr'><strong>agnoscat.</strong></span> <span class='ocrx_word' id='word_1_817' title='bbox 2629 5091 2911 5163; x_wconf 86' lang='lat' dir='ltr'><strong>Sapientia</strong></span> <span class='ocrx_word' id='word_1_818' title='bbox 2965 5093 3110 5147; x_wconf 90' lang='lat' dir='ltr'><strong>enim</strong></span> <span class='ocrx_word' id='word_1_819' title='bbox 3164 5102 3249 5163; x_wconf 81' lang='lat' dir='ltr'><strong>est</strong></span> <span class='ocrx_word' id='word_1_820' title='bbox 3293 5090 3486 5155; x_wconf 84' lang='lat' dir='ltr'><strong>Filius,</strong></span> <span class='ocrx_word' id='word_1_821' title='bbox 3511 5102 3621 5157; x_wconf 87' lang='lat' dir='ltr'><strong>qua</strong></span> 
     </span>
    </p>
   </div>
   <div class='ocr_carea' id='block_1_112' title="bbox 2034 5181 3617 5252">
    <p class='ocr_par' dir='ltr' id='par_1_112' title="bbox 2034 5181 3617 5252">
     <span class='ocr_line' id='line_1_112' title="bbox 2034 5181 3617 5252; baseline -0.007 -6"><span class='ocrx_word' id='word_1_822' title='bbox 2034 5190 2225 5246; x_wconf 89' lang='lat' dir='ltr'><strong>omnia</strong></span> <span class='ocrx_word' id='word_1_823' title='bbox 2269 5197 2451 5244; x_wconf 90' lang='lat' dir='ltr'><strong>creata</strong></span> <span class='ocrx_word' id='word_1_824' title='bbox 2504 5196 2653 5242; x_wconf 89' lang='lat' dir='ltr'><strong>sunt.</strong></span> <span class='ocrx_word' id='word_1_825' title='bbox 2707 5186 2991 5243; x_wconf 68' lang='lat' dir='ltr'><strong>Creaturua</strong></span> <span class='ocrx_word' id='word_1_826' title='bbox 3056 5193 3235 5240; x_wconf 90' lang='lat' dir='ltr'><strong>autem</strong></span> <span class='ocrx_word' id='word_1_827' title='bbox 3294 5181 3617 5252; x_wconf 85' lang='lat' dir='ltr'><strong>sapientiam</strong></span> 
     </span>
    </p>
   </div>
   <div class='ocr_carea' id='block_1_113' title="bbox 2038 5271 3619 5345">
    <p class='ocr_par' dir='ltr' id='par_1_113' title="bbox 2038 5271 3619 5345">
     <span class='ocr_line' id='line_1_113' title="bbox 2038 5271 3619 5345; baseline -0.004 -10"><span class='ocrx_word' id='word_1_828' title='bbox 2038 5280 2340 5345; x_wconf 84' lang='lat' dir='ltr'><strong>declarant,</strong></span> <span class='ocrx_word' id='word_1_829' title='bbox 2370 5289 2424 5333; x_wconf 91' lang='lat' dir='ltr'><strong>et</strong></span> <span class='ocrx_word' id='word_1_830' title='bbox 2471 5276 2613 5332; x_wconf 90' lang='lat' dir='ltr'><strong>Deus</strong></span> <span class='ocrx_word' id='word_1_831' title='bbox 2654 5277 2707 5332; x_wconf 87' lang='lat' dir='ltr'><strong>in</strong></span> <span class='ocrx_word' id='word_1_832' title='bbox 2752 5276 3023 5345; x_wconf 83' lang='lat' dir='ltr'><strong>sapientia</strong></span> <span class='ocrx_word' id='word_1_833' title='bbox 3062 5274 3330 5330; x_wconf 89' lang='lat' dir='ltr'><strong>noscitur.</strong></span> <span class='ocrx_word' id='word_1_834' title='bbox 3372 5271 3493 5342; x_wconf 75' lang='lat' dir='ltr'><strong>Non</strong></span> <span class='ocrx_word' id='word_1_835' title='bbox 3530 5281 3619 5328; x_wconf 86' lang='lat' dir='ltr'><strong>est</strong></span> 
     </span>
    </p>
   </div>
   <div class='ocr_carea' id='block_1_114' title="bbox 2038 5364 3621 5441">
    <p class='ocr_par' dir='ltr' id='par_1_114' title="bbox 2038 5364 3621 5441">
     <span class='ocr_line' id='line_1_114' title="bbox 2038 5364 3621 5441; baseline -0.004 -15"><span class='ocrx_word' id='word_1_836' title='bbox 2038 5381 2220 5426; x_wconf 83' lang='lat' dir='ltr'><strong>autem</strong></span> <span class='ocrx_word' id='word_1_837' title='bbox 2260 5370 2528 5441; x_wconf 87' lang='lat' dir='ltr'><strong>sapientia</strong></span> <span class='ocrx_word' id='word_1_838' title='bbox 2557 5368 2674 5434; x_wconf 86' lang='lat' dir='ltr'><strong>Dei,</strong></span> <span class='ocrx_word' id='word_1_839' title='bbox 2707 5369 2924 5438; x_wconf 87' lang='lat' dir='ltr'><strong>qualem</strong></span> <span class='ocrx_word' id='word_1_840' title='bbox 2956 5368 3119 5422; x_wconf 89' lang='lat' dir='ltr'><strong>homo</strong></span> <span class='ocrx_word' id='word_1_841' title='bbox 3153 5366 3343 5432; x_wconf 90' lang='lat' dir='ltr'><strong>habet;</strong></span> <span class='ocrx_word' id='word_1_842' title='bbox 3372 5364 3464 5421; x_wconf 91' lang='lat' dir='ltr'><strong>sed</strong></span> <span class='ocrx_word' id='word_1_843' title='bbox 3494 5380 3621 5436; x_wconf 84' lang='lat' dir='ltr'><strong>pcr-</strong></span> 
     </span>
    </p>
   </div>
   <div class='ocr_carea' id='block_1_115' title="bbox 2039 5457 3619 5533">
    <p class='ocr_par' dir='ltr' id='par_1_115' title="bbox 2039 5457 3619 5533">
     <span class='ocr_line' id='line_1_115' title="bbox 2039 5457 3619 5533; baseline -0.004 -14"><span class='ocrx_word' id='word_1_844' title='bbox 2039 5464 2201 5527; x_wconf 72' lang='lat' dir='ltr'><strong>tecta,</strong></span> <span class='ocrx_word' id='word_1_845' title='bbox 2234 5479 2357 5533; x_wconf 64' lang='lat' dir='ltr'><strong>qua:</strong></span> <span class='ocrx_word' id='word_1_846' title='bbox 2389 5477 2456 5517; x_wconf 77' lang='lat' dir='ltr'><strong>ex</strong></span> <span class='ocrx_word' id='word_1_847' title='bbox 2488 5459 2731 5531; x_wconf 82' lang='lat' dir='ltr'><strong>perfecto</strong></span> <span class='ocrx_word' id='word_1_848' title='bbox 2774 5457 2886 5511; x_wconf 89' lang='lat' dir='ltr'><strong>Deo</strong></span> <span class='ocrx_word' id='word_1_849' title='bbox 2927 5459 3114 5524; x_wconf 75' lang='lat' dir='ltr'><strong>exivit,</strong></span> <span class='ocrx_word' id='word_1_850' title='bbox 3156 5465 3212 5511; x_wconf 91' lang='lat' dir='ltr'><strong>et</strong></span> <span class='ocrx_word' id='word_1_851' title='bbox 3257 5472 3473 5527; x_wconf 88' lang='lat' dir='ltr'><strong>semper</strong></span> <span class='ocrx_word' id='word_1_852' title='bbox 3502 5472 3619 5512; x_wconf 83' lang='lat' dir='ltr'><strong>ma-</strong></span> 
     </span>
    </p>
   </div>
   <div class='ocr_carea' id='block_1_116' title="bbox 2037 5548 3594 5623">
    <p class='ocr_par' dir='ltr' id='par_1_116' title="bbox 2037 5548 3594 5623">
     <span class='ocr_line' id='line_1_116' title="bbox 2037 5548 3594 5623; baseline -0.005 -12"><span class='ocrx_word' id='word_1_853' title='bbox 2037 5568 2162 5623; x_wconf 90' lang='lat' dir='ltr'><strong>net;</strong></span> <span class='ocrx_word' id='word_1_854' title='bbox 2193 5571 2305 5610; x_wconf 90' lang='lat' dir='ltr'><strong>non</strong></span> <span class='ocrx_word' id='word_1_855' title='bbox 2348 5562 2410 5609; x_wconf 88' lang='lat' dir='ltr'><strong>ut</strong></span> <span class='ocrx_word' id='word_1_856' title='bbox 2455 5553 2607 5609; x_wconf 89' lang='lat' dir='ltr'><strong>notio</strong></span> <span class='ocrx_word' id='word_1_857' title='bbox 2655 5550 2918 5618; x_wconf 88' lang='lat' dir='ltr'><strong>hominis,</strong></span> <span class='ocrx_word' id='word_1_858' title='bbox 2953 5566 3075 5620; x_wconf 41' lang='lat' dir='ltr'><strong>quas.</strong></span> <span class='ocrx_word' id='word_1_859' title='bbox 3109 5548 3370 5619; x_wconf 65' lang='lat' dir='ltr'><strong>prmtcrit,</strong></span> <span class='ocrx_word' id='word_1_860' title='bbox 3408 5560 3462 5605; x_wconf 91' lang='lat' dir='ltr'><strong>et</strong></span> <span class='ocrx_word' id='word_1_861' title='bbox 3495 5560 3594 5605; x_wconf 80' lang='lat' dir='ltr'><strong>ver</strong></span> 
     </span>
    </p>
   </div>
   <div class='ocr_carea' id='block_1_117' title="bbox 2038 5639 3622 5718">
    <p class='ocr_par' dir='ltr' id='par_1_117' title="bbox 2038 5639 3622 5718">
     <span class='ocr_line' id='line_1_117' title="bbox 2038 5639 3622 5718; baseline -0.004 -16"><span class='ocrx_word' id='word_1_862' title='bbox 2038 5647 2171 5703; x_wconf 86' lang='lat' dir='ltr'><strong>bum</strong></span> <span class='ocrx_word' id='word_1_863' title='bbox 2198 5647 2340 5718; x_wconf 86' lang='lat' dir='ltr'><strong>quod</strong></span> <span class='ocrx_word' id='word_1_864' title='bbox 2369 5646 2670 5715; x_wconf 83' lang='lat' dir='ltr'><strong>tequimur,</strong></span> <span class='ocrx_word' id='word_1_865' title='bbox 2703 5652 2757 5697; x_wconf 92' lang='lat' dir='ltr'><strong>et</strong></span> <span class='ocrx_word' id='word_1_866' title='bbox 2781 5657 2889 5696; x_wconf 92' lang='lat' dir='ltr'><strong>non</strong></span> <span class='ocrx_word' id='word_1_867' title='bbox 2924 5650 3029 5697; x_wconf 89' lang='lat' dir='ltr'><strong>est.</strong></span> <span class='ocrx_word' id='word_1_868' title='bbox 3058 5639 3267 5696; x_wconf 88' lang='lat' dir='ltr'><strong>Idcirco</strong></span> <span class='ocrx_word' id='word_1_869' title='bbox 3295 5656 3405 5695; x_wconf 89' lang='lat' dir='ltr'><strong>non</strong></span> <span class='ocrx_word' id='word_1_870' title='bbox 3436 5640 3622 5696; x_wconf 87' lang='lat' dir='ltr'><strong>solum</strong></span> 
     </span>
    </p>
   </div>
   <div class='ocr_carea' id='block_1_118' title="bbox 2040 5733 3621 5812">
    <p class='ocr_par' dir='ltr' id='par_1_118' title="bbox 2040 5733 3621 5812">
     <span class='ocr_line' id='line_1_118' title="bbox 2040 5733 3621 5812; baseline -0.007 -13"><span class='ocrx_word' id='word_1_871' title='bbox 2040 5752 2126 5799; x_wconf 86' lang='lat' dir='ltr'><strong>est</strong></span> <span class='ocrx_word' id='word_1_872' title='bbox 2149 5742 2437 5812; x_wconf 86' lang='lat' dir='ltr'><strong>sapientia,</strong></span> <span class='ocrx_word' id='word_1_873' title='bbox 2473 5740 2565 5795; x_wconf 90' lang='lat' dir='ltr'><strong>sed</strong></span> <span class='ocrx_word' id='word_1_874' title='bbox 2594 5737 2776 5805; x_wconf 87' lang='lat' dir='ltr'><strong>Deus;</strong></span> <span class='ocrx_word' id='word_1_875' title='bbox 2814 5751 2991 5806; x_wconf 85' lang='lat' dir='ltr'><strong>neque</strong></span> <span class='ocrx_word' id='word_1_876' title='bbox 3035 5736 3215 5791; x_wconf 87' lang='lat' dir='ltr'><strong>solum</strong></span> <span class='ocrx_word' id='word_1_877' title='bbox 3243 5745 3325 5791; x_wconf 87' lang='lat' dir='ltr'><strong>est</strong></span> <span class='ocrx_word' id='word_1_878' title='bbox 3358 5733 3621 5801; x_wconf 72' lang='lat' dir='ltr'><strong>Verbum,</strong></span> 
     </span>
    </p>
   </div>
   <div class='ocr_carea' id='block_1_119' title="bbox 2036 5827 3627 5904">
    <p class='ocr_par' dir='ltr' id='par_1_119' title="bbox 2036 5827 3627 5904">
     <span class='ocr_line' id='line_1_119' title="bbox 2036 5827 3627 5904; baseline -0.006 -13"><span class='ocrx_word' id='word_1_879' title='bbox 2036 5836 2132 5891; x_wconf 86' lang='lat' dir='ltr'><strong>sed</strong></span> <span class='ocrx_word' id='word_1_880' title='bbox 2174 5836 2366 5891; x_wconf 87' lang='lat' dir='ltr'><strong>Filius.</strong></span> <span class='ocrx_word' id='word_1_881' title='bbox 2403 5834 2530 5891; x_wconf 84' lang='lat' dir='ltr'><strong>Sive</strong></span> <span class='ocrx_word' id='word_1_882' title='bbox 2569 5833 2696 5904; x_wconf 89' lang='lat' dir='ltr'><strong>quis</strong></span> <span class='ocrx_word' id='word_1_883' title='bbox 2742 5832 2909 5901; x_wconf 89' lang='lat' dir='ltr'><strong>igitur</strong></span> <span class='ocrx_word' id='word_1_884' title='bbox 2947 5845 3016 5885; x_wconf 78' lang='lat' dir='ltr'><strong>ex</strong></span> <span class='ocrx_word' id='word_1_885' title='bbox 3060 5838 3313 5885; x_wconf 79' lang='lat' dir='ltr'><strong>creatura</strong></span> <span class='ocrx_word' id='word_1_886' title='bbox 3362 5827 3627 5896; x_wconf 71' lang='lat' dir='ltr'><strong>intelligit-</strong></span> 
     </span>
    </p>
   </div>
   <div class='ocr_carea' id='block_1_120' title="bbox 2039 5917 3621 5994">
    <p class='ocr_par' dir='ltr' id='par_1_120' title="bbox 2039 5917 3621 5994">
     <span class='ocr_line' id='line_1_120' title="bbox 2039 5917 3621 5994; baseline -0.007 -15"><span class='ocrx_word' id='word_1_887' title='bbox 2039 5925 2233 5994; x_wconf 86' lang='lat' dir='ltr'><strong>Deum,</strong></span> <span class='ocrx_word' id='word_1_888' title='bbox 2262 5927 2376 5982; x_wconf 80' lang='lat' dir='ltr'><strong>sive</strong></span> <span class='ocrx_word' id='word_1_889' title='bbox 2404 5941 2471 5981; x_wconf 78' lang='lat' dir='ltr'><strong>ex</strong></span> <span class='ocrx_word' id='word_1_890' title='bbox 2511 5923 2813 5994; x_wconf 79' lang='lat' dir='ltr'><strong>Scripturis</strong></span> <span class='ocrx_word' id='word_1_891' title='bbox 2841 5921 3086 5988; x_wconf 82' lang='lat' dir='ltr'><strong>docetur,</strong></span> <span class='ocrx_word' id='word_1_892' title='bbox 3119 5935 3227 5975; x_wconf 88' lang='lat' dir='ltr'><strong>non</strong></span> <span class='ocrx_word' id='word_1_893' title='bbox 3256 5920 3371 5975; x_wconf 82' lang='lat' dir='ltr'><strong>sine</strong></span> <span class='ocrx_word' id='word_1_894' title='bbox 3393 5917 3621 5992; x_wconf 53' lang='lat' dir='ltr'><strong>sapiens.</strong></span> 
     </span>
    </p>
   </div>
  </div>
