4100 6384
522 438 660 494 1107

1179 437 1239 495 S.
1279 437 1611 497 GREGORI]
1650 438 2010 497 TllAUMAT.
2052 437 2205 494 OPP.
2247 435 2428 492 PARS
2467 434 2771 492 ALTERA.
2808 417 2878 474 -ἶ
2914 417 3145 492 ΒΗΒΙΛᾸ

3630 430 3780 487 1108

522 559 598 616 tia
623 558 744 630 ejus
774 574 1102 631 cognoscere
1146 570 1238 615 aut
1268 561 1460 617 audire
1496 562 1565 627 de
1591 577 1657 617 eo
1680 572 1875 632 potest.
1910 561 1974 617 Et
1996 563 2087 633 qui

2192 559 2287 613 τοῦ
2319 556 2521 627 γνῶναι
2544 556 2577 629 ἦ
2606 555 2834 611 ἀκοῦσαι
2866 557 2997 627 περὶ
3016 554 3181 609 αὑτοῦ
3208 553 3460 607 δύναται·
3486 550 3583 605 καὶ
3608 550 3639 603 ὁ
3659 550 3782 602 ὲπι-

523 661 670 706 recte
715 651 933 707 invocat
974 652 1168 715 Deum,
1220 668 1318 722 per
1368 652 1566 710 Filium
1625 654 1964 720 invocat;et
1997 659 2092 725 qui

519 741 739 810 praprie
782 743 1028 806 accedit,
1068 758 1165 812 per
1213 743 1494 806 Christum
1540 744 1770 813 accedit.
1821 742 2096 800 Accedere

518 840 700 887 autem
733 833 800 888 ad
834 832 1031 889 Filium
1071 850 1185 889 non
1217 844 1398 905 potest
1454 836 1575 890 sine
1625 834 1829 906 Spiritu
1881 845 2090 891 sancto.

521 920 758 994 Spiritus
786 926 931 980 enim
972 935 1055 981 est
1096 926 1229 990 vita,
1260 939 1314 981 et
1346 934 1534 982 sancta
1586 926 1843 981 formatio
1871 928 2093 982 univer~

516 1030 727 1072 sorum.
760 1014 919 1072 Hunc
954 1016 1098 1073 Deus
1126 1033 1224 1089 per
1256 1018 1455 1075 Filium
1480 1020 1755 1083 emittens,
1783 1029 2091 1081 creaturam

514 1103 619 1159 sibi
654 1104 945 1161 assimilat.

590 1195 742 1253 Unus
776 1198 941 1269 igitur
981 1198 1144 1267 Pater
1200 1199 1365 1265 Deus,
1416 1217 1561 1270 unus
1622 1203 1794 1260 Filius
1826 1203 2089 1273 Verlntm,

513 1304 660 1345 unus
714 1289 953 1361 Spiritus
1006 1292 1144 1354 vita,
1179 1291 1542 1351 sanctiﬁcatio
1590 1296 1996 1367 universorum.
2024 1294 2092 1349 Et

511 1395 692 1451 neque
748 1382 896 1438 Deus
944 1383 1107 1450 alius,
1151 1392 1215 1457 ut
1261 1383 1455 1451 Pater;
1489 1401 1667 1456 neque
1723 1386 1896 1457 Eilius
1925 1388 2088 1455 alius,

514 1484 576 1527 ut
612 1472 849 1543 Verbum
887 1474 1005 1541 Dei,
1041 1492 1220 1546 neque
1254 1474 1493 1547 Spiritus
1516 1478 1679 1542 alius,
1704 1488 1775 1555 ut
1803 1479 2089 1541 viviﬁcans

512 1567 950 1629 etsanctillcans.
976 1566 1089 1641 lmo
1116 1569 1219 1625 etsi
1255 1571 1429 1635 sancti
1460 1582 1727 1641 vocantur
1756 1573 1853 1637 dii,
1885 1583 1944 1633 et
1967 1575 2085 1641 (iiii,

509 1663 568 1710 et
599 1656 851 1726 spiritus,
907 1674 1020 1715 non
1072 1668 1254 1715 tamen
1296 1661 1592 1730 implentur
1651 1662 2089 1735 Spiritu,‘neque

510 1744 722 1824 similes
753 1755 884 1805 sunt
910 1745 1051 1809 Filio
1103 1758 1159 1802 et
1211 1746 1343 1814 Deo.
1376 1748 1432 1803 Si
1469 1749 1595 1819 quis
1641 1764 1771 1805 vero
1825 1752 1906 1820 sic
1955 1750 2089 1807 dicit

508 1835 712 1893 Filium
756 1853 881 1899 esse
906 1837 1103 1906 Deum,
1142 1848 1403 1912 tanquam
1440 1840 1625 1911 ipsum.
1661 1842 1826 1897 etiam
1860 1844 2084 1913 plenum

2195 650 2531 721 καλούμενος
2576 648 2752 720 ὀρθῶς
2788 648 2879 701 τὸν
2935 648 3088 712 Θεὸν,
3135 645 3473 699 ἐπικαλεῖται
3511 642 3578 696 δι’
3607 640 3740 694 Υίοῦ
3760 656 3775 670 ·

2194 738 2289 791 καὶ
2313 741 2342 793 ό
2380 738 2813 811 προσερχόμενος
2844 737 3088 800 οἰκείως,
3121 735 3212 789 διὰ
3246 732 3481 808 Χριστοῦ
3524 732 3777 805 ἔρχεται·

2194 830 2512 903 προσελθεῖν
2537 830 2594 883 δὲ
2623 828 2877 884 ἀδύνατον
2898 829 2976 898 τῷ
2996 828 3109 898 Tit}:
3130 827 3298 898 χωρὶς
3317 826 3409 885 τοῦ
3427 824 3741 895 Πνεὺματος
3759 838 3776 853 ·

2193 924 2254 978 τὸ
2286 922 2514 995 Πνεῦμα
2545 921 2654 993 γὰρ
2681 921 2776 975 καὶ
2809 923 2843 992 ἡ
2876 920 2989 992 ζωὴ
3016 921 3113 973 καὶ
3141 921 3174 990 ἡ
3205 918 3335 986 ἀγία
3357 918 3638 989 μόρφωσις
3669 914 3780 968 τῶν

2193 1016 2361 1085 ὅλων·
2399 1014 2494 1068 καὶ
2525 1014 2681 1067 τοῦτο
2714 1013 3016 1084 ἐκπέμπων
3035 1014 3065 1065 ό
3094 1010 3227 1074 Θεὸς
3244 1009 3311 1063 δι’
3344 1008 3496 1080 Υἰοῦ,
3527 1007 3625 1080 τὴν
3657 1006 3799 1060 κτί-“

2194 1124 2285 1174 σιν,
2308 1107 2485 1176 ὁμοιοῖ
2510 1105 2648 1181 πρὸς
2670 1104 2878 1159 ἑαυτόν.

2396 1193 2489 1250 οὖν
2533 1197 2564 1248 ό
2594 1196 2780 1270 Πατὴρ
2812 1199 2841 1250 ό
2872 1195 3025 1261 Θεὸς,
3059 1190 3137 1259 εἷς
3170 1195 3199 1248 ὁ
3224 1193 3415 1263 Λόγος,
3459 1193 3516 1247 ἓν
3549 1193 3782 1267 Πνεῦμα

2194 1266 2329 1358 C4,,
2363 1290 2397 1357 ἡ
2436 1286 2713 1357 ἁγιωσύνῃ
2812 1285 2919 1339 τῶν
2952 1285 3089 1339 ὅλων
3106 1302 3125 1338 ·.
3157 1285 3252 1338 καὶ
3283 1284 3405 1338 οὔτε
3436 1282 3568 1347 Θεὸς
3588 1283 3781 1355 ἕτερος

2192 1379 2267 1446 ᾡς
2317 1380 2505 1457 Πατὴρ
2527 1419 2543 1444 ,
2578 1378 2702 1438 οὔτε
2736 1379 2864 1443 Υἱὸς
2912 1379 3098 1450 ἕτερος
3138 1379 3214 1442 ὡς
3245 1378 3417 1446 Λόγος
3459 1376 3618 1443 Θεοῦ,
3652 1376 3781 1431 οὔτε

2191 1472 2419 1543 Πνεῦμα
2446 1473 2631 1545 ἕτερον
2661 1472 2737 1536 ὡς
2769 1471 3029 1537 ζωοποιὸν
3060 1472 3155 1529 καὶ
3194 1470 3513 1539 ἀγιαστικόν
3535 1487 3552 1500 ·
3586 1469 3703 1525 ἀλλ’
3726 1470 3782 1522 εἰ

2193 1567 2289 1637 καὶ
2322 1567 2437 1621 θεοὶ
2468 1567 2564 1621 καὶ¹
2607 1568 2715 1621 υἱοὶ
2753 1567 2849 1621 καὶ
2879 1564 3166 1636 πνεύματα
3193 1564 3480 1619 καλοῦνται
3513 1564 3567 1618 οἱ
3606 1563 3782 1631 ἆγιοι,

2189 1662 2313 1716 οὔτε
2358 1661 2674 1733 Πνεύματος
2722 1661 3073 1734 πληροῦνται,
3123 1658 3247 1725 οῦτε
3297 1657 3609 1730 όμοιοῦνται
3639 1657 3782 1730 πρὸς

2189 1755 2280 1811 τὸν
2315 1756 2441 1809 Υἱὸν
2473 1756 2569 1813 καὶ
2600 1753 2732 1823 Θεόν
2752 1770 2767 1785 ·
2816 1752 2911 1806 ὲάν
2944 1752 3002 1806 δέ
3033 1769 3125 1817 τις,
3158 1749 3327 1815 οὑτως
3359 1750 3507 1819 λέγει
3534 1749 3625 1803 τὸν
3649 1749 3781 1802 Υἰὸν

2189 1844 2329 1901 εἶναι
2362 1848 2494 1901 Θεὸν
2535 1847 2611 1911 ὠς
2645 1845 3001 1919 πληρωθέντα
3034 1844 3287 1916 θεότητος
3319 1842 3415 1903 καὶ
3446 1841 3644 1906 αὑτὸν,
3680 1839 3783 1894 καὶ

513 1927 822 1995 divinitate,
851 1939 906 1984 et
933 1945 1042 1995 non
1093 1939 1355 2002 tanquam
1389 1933 1633 2003 genitum
1668 1949 1734 1989 ex
1765 1934 2083 2002 divinitate;

2188 1941 2287 2011 οὑχ
2318 1939 2394 2004 ὡς
2439 1938 2770 2010 γεννηθέντα
2819 1938 2885 1990 ὲκ
2916 1936 3169 2007 θεότητος
3192 1975 3209 1999 ,
3242 1935 3516 2006 ἠρνήσατο
3546 1932 3639 1985 τὸν
3670 1930 3783 1986 A6-

512 2017 734 2088 negavit
764 2018 1026 2085 Verbum,
1061 2020 1284 2097 negavit
1305 2024 1652 2093 sapientiam,
1688 2025 1875 2083 amisit
1901 2028 2088 2098 cogni-

512 2108 718 2166 tionem
770 2108 891 2177 Dei,
925 2111 1120 2168 cecidit
1165 2113 1220 2175 in
1274 2115 1545 2174 culturam
1578 2126 1861 2185 creaturae,
1896 2136 2090 2192 appre-

512 2200 704 2261 ltendit
736 2202 1066 2272 impietatem
1100 2207 1407 2276 gentilium,
1428 2192 1432 2197 ’
1453 2217 1508 2271 et,
1551 2210 1618 2264 ad
1666 2211 1808 2278 hanc
1834 2227 2087 2269 reversus

508 2301 628 2360 est;
685 2290 998 2371 indagorum
1050 2297 1493 2354 incredulitatem
1556 2301 1802 2375 imitatus
1831 2312 1936 2371 est,
1992 2306 2087 2374 qui

510 2399 637 2439 cum
686 2386 1065 2466 existimarent
1105 2389 1338 2458 Yerbum
1376 2392 1470 2466 Dei
1511 2409 1634 2450 esse
1674 2395 1847 2471 ﬁlium
1901 2398 2089 2473 huma-

509 2492 642 2531 num
674 2478 772 2559 (Ι),
801 2496 909 2535 non
944 2483 1286 2553 crediderunt
1310 2485 1479 2542 Deum
1506 2503 1649 2555 esse,
1684 2504 1861 2559 neque
1886 2489 2084 2558 Filium

508 2566 608 2625 Dei
643 2571 880 2648 confessi
908 2585 1057 2630 sunt.
1092 2575 1188 2632 Est
1215 2587 1398 2637 autem
1431 2580 1661 2651 impium
1685 2585 1927 2653 cogitare
1954 2582 2089 2640 Ver-

508 2663 640 2723 bum
693 2664 793 2738 Dei
836 2675 1091 2743 tanquam
1130 2670 1467 2739 humanum;
1508 2682 1564 2729 et
1604 2688 1768 2742 opera
1816 2691 1912 2745 per
1956 2692 2084 2732 cum

507 2753 662 2827 facta,
692 2773 941 2831 manere,
976 2776 1085 2815 non
1110 2772 1364 2833 manente
1397 2764 1536 2834 ipso.
1569 2763 1756 2837 Siquis
1784 2746 1915 2823 vero
1943 2769 2089 2824 dicat

506 2850 724 2919 operari
753 2850 1028 2925 Christum
1066 2856 1250 2909 omnia
1282 2855 1440 2925 jussu
1474 2858 1671 2924 Verbi,
1714 2858 1948 2914 Verbum
1990 2860 2085 2918 Dei

510 2941 749 3011 otiosum
781 2942 963 3017 faciet,
997 2955 1052 3000 et
1102 2947 1350 3002 ordinem
1399 2948 1612 3005 Domini
1659 2952 1715 3006 in
1768 2954 2085 3009 servitutem

510 3034 763 3089 mutabit.
827 3035 1030 3093 Servus
1094 3039 1240 3093 enim
1298 3050 1401 3105 cst,
1435 3043 1524 3096 cui
1574 3044 1820 3113 jubetur,
1853 3054 1908 3099 ct
1940 3048 2087 3116 quod

509 3134 755 3189 creatum
793 3140 898 3195 est,
952 3131 1020 3203 ad
1073 3132 1373 3188 creandum
1413 3134 1638 3190 minime
1687 3137 1942 3191 idoneum
1981 3150 2085 3192 est.

509 3217 629 3273 Non
659 3222 803 3276 enim
852 3222 965 3276 ullo
1011 3224 1173 3278 modo
1219 3235 1486 3286 creatura:
1527 3228 1802 3297 exaequari
1848 3228 2082 3296 desinet,

508 3322 571 3366 ut
598 3312 741 3369 sicut
766 3314 836 3374 ab
864 3315 957 3389 illo
982 3326 1226 3394 creatum
1260 3327 1363 3386 est,
1392 3318 1473 3374 sic
1502 3319 1682 3391 ipsum
1712 3320 1820 3374 alia
1845 3329 2012 3389 creet.

582 3492 817 3565 Rursus,
856 3512 981 3569 cum
1003 3500 1126 3569 quis
1142 3499 1339 3569 dixerit
1366 3516 1488 3561 esse
1521 3503 1787 3574 Spiritum
1819 3514 2077 3566 sanctum

509 3601 652 3657 Opus
686 3589 1112 3660 sanctificatum,
1154 3609 1260 3647 non
1304 3594 1538 3664 amplius
1566 3596 1765 3665 poterit
1788 3596 2088 3667 intelligere

509 3678 695 3733 omnia
724 3680 778 3733 in
814 3679 1018 3750 Spiritu
1048 3684 1418 3752 sanctiﬁcata;
1447 3688 1540 3756 qui
1574 3687 1718 3741 enim
1754 3704 1923 3746 unum
1955 3703 2087 3743 san~

510 3770 770 3826 ctilicavit
811 3773 1123 3835 ’sanctilicat
1149 3775 1312 3829 etiam
1346 3777 1551 3835 omnia.
1575 3772 1748 3849 Ne'gat
1780 3779 1944 3849 igitur
1967 3778 2087 3834 fon-

510 3871 619 3918 tem
671 3864 1116 3935 sanctificationis
1171 3865 1432 3946 Spiritum
1479 3878 1754 3934 sanctum,
1805 3869 1900 3940 qui
1959 3873 2086 3926 eum

510 3958 691 4029 privat
741 3967 1006 4031 potestate
1072 3961 1481 4037 sanctificandi;
1539 3971 1595 4017 et
1646 3963 1986 4032 prohibetur,
2020 3978 2087 4017 ne

508 4064 635 4103 eum
670 4048 818 4105 Patri
843 4061 897 4106 et
926 4050 1067 4125 Filio
1123 4065 1493 4123 annumeret;
1516 4070 1582 4110 ac
1620 4066 1869 4111 sanctum
1905 4056 2084 4125 baptio

510 4156 631 4197 stna
682 4143 897 4225 rcjicit;
943 4156 997 4218 et
1034 4146 1271 4219 amplius
1319 4156 1564 4202 sanctam
1612 4158 1670 4204 et
1723 4152 2120 4215 venerandam'

509 4232 832 4289 Trinitatem
892 4251 999 4290 non
1053 4238 1422 4308 conﬁtebitur.
1449 4239 1557 4294 Aut
1585 4241 1731 4295 enim
1766 4241 1818 4295 in
1854 4241 2086 4305 naturali

508 4332 567 4379 et
592 4340 719 4380 vera
758 4326 931 4399 gloria
994 4335 1106 4382 tota
1151 4326 1392 4385 Trinitas
1438 4330 1784 4403 intelligenda
1833 4343 1950 4400 est;
1992 4340 2089 4387 aut

506 4415 796 4482 unitatem,
839 4425 894 4473 et
928 4432 1036 4479 non
1088 4419 1325 4491 amplius
1348 4419 1670 4476 Trinitatem
1696 4422 1877 4477 dicere
1926 4439 2087 4493 coge-

506 4521 665 4573 mur;
691 4517 787 4561 aut
810 4523 1068 4579 cogemur
1096 4527 1206 4568 non
1236 4526 1601 4572 annumerare
1634 4512 1880 4567 Creatori
1905 4526 2087 4576 creata

2192 2045 2288 2097 γον
2306 2068 2321 2092 ,
2355 2029 2628 2100 ἠρνήσατο
2658 2026 2755 2097 τὴν
2790 2025 3007 2094 σοφίαν,
3046 2024 3294 2079 ἀπώλεσε
3320 2024 3432 2095 τὴν,
3450 2021 3651 2091 γνῶσιν
3678 2021 3782 2092 τὴν

2190 2120 2319 2192 περὶ
2347 2118 2503 2183 Θεοῦ,
2538 2118 2837 2171 κατέπεσεν
2859 2119 2939 2182 είς
2972 2117 3033 2172 τὸ
3067 2114 3243 2169 σέϐειν
3271 2116 3369 2186 τὴν
3404 2114 3601 2181 κτίσιν,
3633 2130 3777 2166 κατ-

2190 2210 2381 2264 έλαϐεν
2425 2210 2687 2282 Ἐλλήνων
2729 2207 3005 2274 ἀσέϐειαν,
3050 2207 3143 2262 ἐπὶ
3174 2205 3378 2275 ταύτην
3410 2204 3780 2275 ὑπέστρεψεν,

2182 2301 2286 2372 ,τὴν
2332 2300 2603 2354 Ἰουδαίων
2641 2299 2897 2354 ἀπιστίαν
2933 2300 3264 2370 ἐμιμήσατο,
3314 2298 3365 2352 οἳ
3409 2297 3498 2353 τὸν
3544 2299 3611 2350 ὲκ
3641 2294 3780 2349 Θεοῦ

2189 2394 2362 2463 Λόγον
2397 2391 2511 2447 υἱὸν
2546 2389 2882 2463 ἀνθρώπινον
2916 2389 3387 2461 ὑπολαμϐάνοντες
3409 2429 3426 2453 ,
3476 2388 3608 2442 Θεὸν
3637 2383 3780 2441 εἶναι

2188 2486 2375 2539 τοῦτον
2406 2485 2507 2553 οὑκ
2532 2484 2878 2554 ἐπίστευσαν,
2913 2482 3033 2535 οὑδὲ
3061 2481 3199 2535 Θεοῦ
3232 2482 3359 2534 Υἱὸν
3391 2479 3774 2551 ὡμολόγησαν·

2190 2577 2382 2640 ἀσεϐὲς
2415 2576 2473 2640 δὲ
2512 2576 2601 2629 τὸν
2640 2574 2732 2629 τοῦ
2767 2575 2901 2628 Θεοῦ
2935 2575 3107 2644 Λόγον
3138 2574 3212 2637 ὡς
3247 2571 3583 2645 ἀνθρώπινον
3608 2575 3777 2637 νοεῖν,

2189 2669 2284 2722 καὶ
2318 2669 2384 2723 τὰ
2411 2668 2547 2740 ἔργα
2580 2668 2648 2737 τὰ
2687 2663 2755 2720 δι’
2798 2666 2961 2722 αὑτοῦ
2997 2666 3231 2739 μένοντα
3260 2666 3333 2736 μὴ
3380 2665 3631 2735 μένοντος
3678 2663 3781 2716 αὑ-

2188 2762 2311 2817 τοῦ·
2344 2761 2437 2815 ἐὰν
2469 2761 2526 2817 δέ
2557 2780 2638 2826 τις
2672 2760 2804 2834 εἴπῃ
2847 2760 3199 2830 κελευόμενον
3231 2759 3318 2816 διὰ
3346 2757 3439 2812 τοῦ
3473 2758 3649 2837 Λόγου
3685 2757 3778 2810 τὸν

2188 2855 2418 2928 Χριστὸν
2448 2853 2778 2926 ἐργάζεσθαι
2804 2852 2871 2906 τὰ
2900 2853 3101 2910 πάντα,
3138 2852 3230 2905 καὶ
3261 2849 3352 2904 τὸν
3382 2848 3473 2903 τοῦ
3507 2849 3643 2902 Θεοῦ
3666 2849 3775 2917 Λόέ

2187 2965 2282 3017 γον
2316 2948 2485 3018 ἀργὸν
2530 2947 2767 3018 ποιήσει,
2822 2945 2917 2998 καί¹
2954 2945 3052 3015 τὴν
3073 2943 3167 2997 τοῦ
3199 2941 3471 2995 Δεσπότου
3502 2940 3653 3005 τάξιν
3693 2941 3783 3003 εἰς

2188 3043 2430 3097 δουλείαν
2475 3041 2797 3113 μεταθήσει·
2845 3037 3027 3091 δοῦλον
3068 3037 3177 3107 γὰρ
3210 3036 3356 3090 ἅπαν
3392 3033 3454 3086 τὸ
3485 3031 3780 3102 κελευόμε-

2154 3120 2297 3200 Ὶνον,
2350 3135 2445 3191 καὶ
2488 3134 2547 3187 τὸ
2580 3132 2795 3187 κτιστὸν
2845 3131 2942 3201 οὑχ
2994 3129 3176 3183 ἱκανὸν
3208 3128 3288 3191 είς
3334 3126 3393 3179 τὸ
3438 3125 3674 3189 κτίζειν·
3709 3124 3776 3177 οὑ

2187 3229 2295 3300 γὰρ
2343 3227 2766 3298 ὲξισωσθήσεται
2800 3225 2877 3296 τῷ
2923 3224 3182 3294 κτίσματι
3232 3223 3363 3275 αὑτὸ
3416 3221 3535 3275 κατ’
3583 3219 3807 3298 οὐδένα.

2187 3320 2385 3392 τρόπον
2406 3358 2422 3382 ,
2456 3318 2523 3372 ἵν’
2561 3319 2635 3382 ὡς
2671 3319 2762 3371 ὑπ’
2805 3317 3014 3385 ἐκείνου
3056 3316 3318 3380 ἔκτισται,
3353 3312 3496 3368 οὑτω
3517 3313 3614 3367 καὶ
3642 3311 3779 3367 αὑτὸ

2188 3411 2350 3482 κτίσῃ
2375 3410 2443 3463 τὰ
2475 3408 2628 3464 ἄλλα.

2260 3503 2429 3556 Πάλιν
2477 3500 2533 3555 δὲ
2587 3501 2714 3554 ὅταν
2749 3501 2844 3558 καὶ
2882 3499 2945 3553 τὸ
2976 3497 3197 3569 Πνεῦμα
3229 3498 3290 3551 τὸ
3321 3496 3475 3566 ἅγιον
3514 3496 3645 3570 εἴπῃ
3689 3493 3777 3558 τίς

2189 3592 2519 3667 ἡγιασμένον
2543 3574 2680 3646 εἶναι
2702 3591 2933 3665 ποίημα,
2969 3589 3156 3643 οὑκέτι
3181 3589 3249 3645 τὰ
3283 3589 3461 3643 πάντα
3485 3588 3776 3659 δυνήσεται

2187 3690 2328 3741 νοεῖν
2378 3688 2436 3741 ὲν
2486 3685 2764 3763 Πνεύματι
2798 3686 3161 3759 ἁγιαζόμενα·
3197 3687 3227 3739 ό
3275 3683 3391 3757 γὰρ,
3429 3683 3485 3737 ἓν
3518 3682 3776 3752 ἁγιάσας,

2188 3777 2406 3849 ἁγιάζει
2452 3780 2546 3833 καὶ
2678 3777 2855 3841 πάντα
2880 3793 2894 3807 ·
2953 3777 3203 3847 ἀρνεῖται,
3228 3772 3321 3831 οῦν
3354 3775 3453 3847 τὴν
3483 3776 3583 3845 τῆς
3622 3776 3777 3843 ἅγιο-

2189 3854 2354 3944 σὺνης
2379 3871 2581 3943 πηγὴν,
2616 3870 2676 3922 τὸ
2716 3867 2945 3939 Πνεῦμα*
2960 3870 3020 3922 τὸ
3052 3868 3205 3937 ἅγιον
3224 3908 3240 3932 ,
3272 3870 3301 3921 ό
3334 3867 3581 3943 ἀφαιρῷν
3605 3863 3774 3921 αὑτοῦ

2186 3966 2248 4021 τὸ
2295 3962 2561 4033 ἁγιάζειν,
2597 3961 2692 4017 καὶ
2724 3958 3073 4035 συναριθμεῖν
3116 3960 3247 4013 αὐτὸ
3299 3959 3474 4033 Πατρὶ
3512 3959 3607 4037 κα).
3660 3956 3777 4029 Υἱῴ

2188 4056 2562 4127 κωλυθήσεται
2583 4072 2605 4113 ·,
2635 4053 2730 4125 καὶ
2758 4054 2819 4107 τὸ
2852 4054 3006 4123 ἀγιον
3034 4051 3092 4106 δὲ
3125 4051 3408 4122 βάπτισμα
3439 4051 3642 4129 ἀθετεῖ,
3678 4051 3777 4106 καὶ

2188 4150 2371 4208 οὐκέτι
2404 4148 2609 4221 Τριάδα
2644 4147 2970 4217 ὁμολογήσει
3001 4145 3099 4217 τὴν
3124 4145 3413 4214 άγίανοιαὶ
3445 4144 3774 4217 σεϐάσμιον·

2188 4242 2221 4314 ἢ
2254 4242 2362 4313 γὰρ
2396 4243 2466 4307 ἐν,
2488 4242 2687 4311 φυσικῇ
2732 4237 2859 4311 δόξῃ
2892 4238 2994 4294 καὶΔ
3015 4237 3243 4312 ἀληθινῇ
3275 4237 3374 4309 τὴν
3403 4236 3532 4310 ὅλην
3566 4234 3779 4311 Τριάδα

2188 4335 2428 4408 νοητέον,
2461 4333 2494 4405 ἧ
2536 4333 2738 4404 μονάδα
2771 4333 2868 4385 καὶ
2888 4331 3070 4385 οὐκέτι
3098 4330 3506 4402 Τριάδανλέγειν
3533 4332 3779 4400 ἀναγκα-

2191 4427 2537 4499 σθησόμεθα,
2573 4426 2615 4496 ἢ.
2648 4425 2721 4496 μὴ
2758 4423 3110 4494 συναριθμεῖν
3146 4421 3225 4494 τῷ
3259 4423 3450 4494 κτίστῃ
3479 4422 3547 4476 τὰ
3581 4423 3778 4494 κτιστὰ

2192 4520 2493 4590 ποιήματα,
2527 4518 2661 4589 μηδὲ
2693 4516 2770 4587 τῷ
2800 4516 3040 4587 δεσπότῃ
3070 4515 3177 4577 τῶν
3209 4514 3345 4569 ὅλων
3376 4514 3448 4569 τά
3476 4516 3777 4586 κτίσματα,

506 4611 675 4667 Opera
709 4639 725 4665 ,
806 4615 986 4669 neque
1047 4601 1281 4671 Domino
1343 4605 1724 4663 universorum
1781 4616 2083 4672 creaturas,

2193 4612 2331 4682 μηδὲ
2371 4609 2447 4681 τῷ
2496 4610 2772 4678 ἀγιάζοντι
2802 4610 2872 4665 τά
2919 4610 3285 4689 ἀγιαζόμενα·
3333 4609 3523 4680 ὥσπερ
3556 4609 3677 4662 οὑδὲ
3706 4612 3777 4681 τῇ
3868 4630 3871 4633 ·

507 4702 687 4756 neque
729 4689 1089 4746 sanctiﬁcanti
1121 4692 1479 4758 sanctilicata,
1532 4695 1673 4761 sicut
1721 4711 1897 4763 neque
1959 4695 2082 4751 Tri—

507 4778 666 4842 nitati
713 4781 885 4835 ullum
950 4797 1088 4852 Opus
1147 4792 1390 4857 creatum
1424 4797 1848 4865 annumeratur;
1918 4795 1975 4842 at
2026 4787 2082 4867 iu

507 4871 732 4931 nomine
787 4882 992 4927 sanctae
1061 4872 1348 4930 Trinitatis
1394 4862 1685 4947 baptisma
1722 4880 1822 4947 lit,
1883 4892 1938 4935 et
1998 4862 2083 4933 ἰιιέ-

503 4964 721 5019 vocatio
765 4978 820 5020 et
869 4966 1069 5021 cultus.
1130 4965 1187 5021 Si
1228 4967 1372 5037 enim
1403 4978 1512 5025 tres
1546 4979 1673 5029 sunt
1708 4971 1917 5041 gloriae,
1948 4972 2084 5035 fiant

505 5068 617 5121 tres
640 5059 818 5114 cultus
851 5059 992 5129 apud
1025 5074 1120 5115 eos
1152 5060 1247 5130 qui
1275 5061 1441 5131 impie
1465 5071 1745 5120 creaturas
1778 5065 1985 5137 colunt.
2021 5063 2081 5121 Si

503 5161 700 5205 natura
731 5167 852 5219 qua:
878 5152 1137 5205 aduratur
1165 5153 1338 5207 divisa
1378 5162 1495 5221 est;
1536 5155 1606 5210 sit
1638 5156 1799 5215 etiam
1826 5154 1968 5231 apud
1985 5171 2083 5225 eos

504 5243 682 5298 divisa
735 5243 1005 5299 adoratio.
1056 5242 1162 5301 Sed
1217 5262 1394 5315 neque
1428 5261 1554 5301 cum
1586 5256 1790 5303 :eterno
1843 5250 2083 5315 recentia

507 5336 920 5404 ailorabuntnr;
954 5352 1148 5394 recens
1174 5340 1321 5392 enim
1350 5346 1435 5393 est
1462 5353 1627 5395 omne
1675 5339 1727 5393 id
1753 5340 1900 5409 quod
1931 5342 2085 5413 prin-

506 5425 711 5493 cipium
755 5429 951 5497 cmpit;
983 5429 1114 5498 quia
1169 5430 1376 5484 multus
1428 5438 1483 5484 et
1529 5432 1829 5509 immensus
1859 5440 1962 5497 est,
1991 5432 2083 5501 qui

508 5523 592 5571 est
626 5524 750 5571 aute
803 5519 1024 5574 sazcnla.
1094 5518 1199 5587 Qui
1258 5521 1425 5591 igitur
1480 5521 1698 5591 aliquod
1751 5522 2083 5593 principium

507 5612 815 5676 temporum
844 5611 968 5665 vita:
994 5610 1117 5666 Filii
1148 5623 1203 5668 et
1225 5612 1464 5683 Spiritus
1499 5615 1679 5691 sancti
1708 5615 1883 5691 ponit,
1918 5609 2083 5671 simul

2192 4702 2379 4774 Τριάδι
2416 4701 2827 4773 συναριθμεῖταί
2873 4720 2926 4757 τι
2972 4702 3081 4757 τῶν
3138 4702 3477 4774 ποιημάτων,
3533 4701 3647 4768 ἀλλ’
3688 4702 3777 4754 ἐπ’

2188 4794 2412 4864 ὀνόματι
2450 4793 2548 4864 τῆς
2580 4794 2744 4861 ἁγίας
2775 4793 3004 4866 Τριάδος
3035 4795 3096 4848 τὸ
3131 4793 3414 4864 βάπτισμα
3442 4793 3537 4849 καὶ
3572 4795 3606 4864 ἡ
3651 4793 3778 4845 ἐπί-

2190 4885 2383 4955 κλησις
2411 4885 2506 4937 καὶ
2534 4886 2567 4955 ἡ
2606 4883 2862 4956 λατρεία·
2908 4888 2957 4939 εί
2989 4886 3097 4958 γὰρ
3138 4888 3286 4958 τρεῖς
3312 4886 3369 4938 αί
3400 4885 3568 4950 δόξαι,
3625 4886 3778 4955 τρεῖς

2188 4980 2246 5049 αἱ
2279 4977 2523 5049 λατρείαι
2564 4970 2900 5046 γινέσθωσαν
2948 4978 3099 5049 παρά
3131 4981 3241 5042 τοῖς
3286 4977 3494 5041 ἀσεϐῶς
3546 4974 3621 5047 τὰ,
3660 4976 3780 5047 κτί-

2190 5088 2372 5143 σματα
2409 5069 2656 5123 σέϐουσι·
2698 5071 2746 5122 εί
2783 5070 3088 5141 διῃρημένα
3130 5071 3199 5125 τά
3234 5070 3332 5142 τῆς
3366 5068 3779 5141 προσκυνουμέ-

2187 5179 2286 5234 νης
2306 5162 2538 5233 φύσεως,
2553 5160 2853 5233 διῃρημένα
2869 5162 2964 5215 καὶ
2987 5161 3055 5216 τὰ
3074 5163 3172 5234 τῆς
3194 5164 3614 5234 προσκυνήσεως
3636 5160 3782 5229 ἔστω

2189 5254 2318 5324 παρ’
2358 5252 2576 5315 αὑτοῖς·
2630 5249 2745 5302 ἀλλ’
2787 5250 2908 5302 οὑδὲ
2945 5249 3084 5321 μετὰ
3123 5249 3219 5302 τοῦ
3255 5248 3477 5302 αἰωνίου
3507 5247 3577 5301 τὰ
3599 5246 3780 5319 πρόση-

2192 5358 2333 5410 φατα
2365 5342 2900 5416 προσκυνηθήσεται·
2930 5338 3241 5412 πρόσφατον
3273 5338 3387 5410 γὰρ
3408 5339 3554 5392 ἀπαν
3586 5335 3647 5389 τὸ
3675 5338 3781 5407 ἀρ·-

2191 5433 2291 5509 χὴν
2321 5434 2561 5506 εἰληφὸς,
2612 5432 2800 5504 ἐπειδὴ
2848 5431 3013 5496 πολὺς
3060 5433 3157 5485 καὶ
3204 5432 3504 5504 ἄμετροςό
3536 5430 3643 5500 πρὸ
3667 5430 3780 5484 τῶν

2190 5524 2420 5580 αἰώνων.
2489 5526 2546 5577 ’0
2578 5524 2756 5578 τοίνυν
2784 5525 2955 5598 ἀρχήν
2991 5542 3113 5578 τινα
3153 5524 3359 5595 χρόνων
3388 5524 3486 5594 τῆς
3519 5522 3613 5575 τοῦ
3642 5520 3776 5575 Υἱοῦ

2192 5600 2335 5687 ζωῆς
2378 5617 2483 5697 καὶΔ
2511 5617 2613 5687 τῆς
2655 5616 2758 5688 τοῦ,
2792 5618 2949 5697 ἁγίου
2998 5616 3314 5688 Πνεὺματος
3363 5613 3778 5685 ὑποτιθέμενος,

576 5828 656 5928 (τι)
688 5828 885 5911 Filium
924 5832 1223 5889 humanum
1246 5875 1259 5900 ,
1297 5844 1457 5891 vocat
1508 5835 1676 5897 lilium
1726 5850 1878 5891 more
1923 5835 2154 5892 aliorum
2184 5835 2455 5916 genitum,
