4100 6372
292 518 430 575 1109

1540 522 1729 574 ΚΑιΤΛδ
1759 521 1988 573 ΜΕΡΟΣ
2022 520 2265 574 IUSTE.

3402 516 3544 569 ιιιο

284 633 507 708 χωρίζει
549 637 689 690 κατά
741 636 937 689 ταυτὸν
970 636 1069 705 τῆς
1101 635 1209 689 ἀπὸ
1242 636 1334 690 τοῦ
1368 636 1580 705 Πατρός
1627 637 1866 710 συναριθ-

1981 646 2200 707 separat
2224 636 2418 691 Filium
2441 645 2496 690 et
2525 634 2784 705 Spiritum
2813 641 3062 689 sanctum
3109 632 3180 688 ab
3217 647 3546 687 annumera-

288 726 508 798 μήπως
545 726 637 780 τὸν
670 727 798 780 Υίδν
845 727 940 780 καὶ
984 727 1044 779 τὸ
1088 724 1347 797 Πνεῦμα·
1408 728 1489 780 δεῖ
1530 727 1638 797 γάρ
1682 728 1870 800 ὥσπερ

289 815 421 887 μίαν
444 816 544 887 τὴν
565 817 722 883 δόξαν
753 817 1146 887 ὁμολογοῦμεν,
1181 816 1354 880 οῦτως
1379 819 1473 871 καὶ
1504 819 1631 887 μίαν
1659 820 1758 890 τὴν
1788 822 1871 873 οὺ-

287 908 409 961 σίαν
460 908 580 979 ἦτοι
633 908 881 979 θεότητα,
943 909 1036 962 καὶ
1087 909 1217 979 μίαν
1265 910 1363 981 τὴν
1407 909 1712 982 ἁειδιότητα
1772 912 1872 981 τῆς

286 1000 518 1070 Τριάδος
542 999 845 1071 ὁμολογεῖν.

357 1092 663 1163 Κεφάλαιον
696 1094 755 1147 δὲ
801 1095 899 1166 τῆς
949 1095 1226 1166 σωτηρίας
1273 1096 1431 1167 ἡμῶν
1467 1096 1518 1167 ¹ἡ
1570 1084 1661 1150 τοῦ
1694 1096 1869 1163 Λόγου

290 1183 585 1254 σάρκωσιςν
604 1184 928 1256 πιστεύομεν
955 1181 1067 1251 οῦν,
1112 1160 1744 1263 άναλλοιώτουὶμενούσης
1768 1186 1868 1256 τῆς

289 1269 670 1347 θεότητοςῖτὴν
704 1277 979 1348 σάρκωσιν
1011 1278 1105 1331 τοῦ
1150 1280 1327 1347 Λόγου
1369 1268 1696 1350 γεγενῆσθαι
1734 1280 1870 1349 πρὸς

287 1350 651 1422 ἀνακαίνωὲιν
683 1366 783 1436 τῆς
835 1366 1283 1439 ἀνθρωπότητος·
1332 1369 1456 1422 οὔτε
1488 1370 1597 1441 γάρ
1628 1367 1867 1434 άλλαξις,

288 1457 413 1513 οὔτε
450 1458 824 1530 μετακίνησις,
860 1458 982 1512 οὔτε
1015 1458 1402 1530 περικλεισμὸς
1435 1461 1493 1512 ἐν
1529 1459 1756 1530 νεύματι
1777 1460 1871 1528 γέ-

288 1568 445 1619 γονεν
482 1550 612 1622 περὶ
647 1551 746 1622 τὴν
783 1550 946 1620 ἁγίαν
986 1549 1081 1604 τοῦ
1108 1549 1244 1604 Θεοῦ
1277 1550 1525 1621 δύναμιν,
1551 1550 1665 1604 ἀλλ’
1708 1552 1741 1622 ἠ
1773 1552 1872 1604 αὑ-

285 1643 355 1713 τὴ
385 1642 735 1713 διαμένουσα,
790 1643 885 1697 καὶ
915 1643 976 1696 τὸ
1006 1643 1107 1713 τῆς
1138 1643 1465 1715 σαρκώσεως
1498 1644 1655 1716 ἔργον
1698 1643 1869 1715 ἐπλή-

188 1750 198 1758 ·
290 1750 462 1805 ρωσεν
500 1736 580 1797 είς
609 1735 707 1805 τὴν
734 1733 826 1788 τοῦ
852 1735 1058 1805 κόσμου
1087 1736 1380 1805 σωτηρίαν,
1417 1737 1511 1789 καὶ
1530 1735 1671 1808 κατά
1697 1734 1756 1788 τὸ
1782 1736 1872 1788 ἀν-

286 1824 556 1896 θρώπινον
570 1827 662 1879 ἐπὶ
675 1826 779 1895 γῆς
792 1826 1245 1897 πολιτευσάμενος
1257 1828 1285 1879 ὁ
1301 1826 1393 1880 τοῦ
1417 1826 1550 1882 Θεοῦ
1577 1826 1750 1895 Λόγος
1770 1827 1869 1898 τὴν

287 1915 477 1988 θεῖκὴν
514 1917 608 1970 ἐπὶ
627 1918 806 1971 πάντα
825 1918 1126 1989 παρουσίαν
1148 1918 1349 1989 ὁμοίως
1360 1917 1677 1989 διεφύλαξεν
1692 1920 1867 1974 πάντα

1974 731 2122 785 tione
2142 729 2339 784 Patris.
2368 727 2592 797 Oportet
2608 727 2753 781 enim
2786 726 2930 781 sicut
2948 741 3114 781 unam
3141 725 3371 795 gloriam
3405 739 3539 779 con-

1968 800 2215 889 ﬁtemur,
2263 824 2344 877 sic
2393 836 2557 876 unam
2613 820 2994 883 substantiam,
3045 818 3255 874 scilicet
3286 817 3542 871 divinita-

1978 900 2112 981 tem,
2142 926 2197 970 et
2239 928 2403 969 unam
2435 898 2916 983 sempiternitatem
2954 908 3236 963 Trinitatis
3269 908 3537 963 conﬁteri.
3578 936 3579 939 η

2040 1098 2216 1170 Caput
2231 1112 2360 1153 vero
2372 1097 2564 1153 salutis
2574 1104 2794 1160 nostra},
2817 1092 3116 1150 inearnatio
3130 1090 3290 1147 Verbi
3303 1089 3542 1144 est.Cre-

1969 1191 2152 1247 (limus
2190 1190 2376 1260 igitur,
2410 1195 2658 1244 manente
2687 1184 3009 1240 immutabili
3033 1180 3314 1236 divinitate
3341 1177 3540 1232 factam

1969 1298 2090 1338 esse
2113 1282 2269 1337 Verbi
2296 1280 2745 1343 incarnationem,
2764 1278 2830 1331 ad
2849 1274 3253 1331 renovationem
3284 1271 3542 1325 humani-

1968 1374 2116 1429 tatis.
2139 1370 2250 1428 Nec
2269 1372 2415 1426 enim
2434 1370 2679 1434 mutatio,
2699 1383 2876 1438 neque
2898 1364 3243 1430 trausmotio,
3258 1376 3434 1432 neque
3456 1362 3541 1415 in—

1969 1464 2143 1519 clusio
2169 1463 2223 1517 in
2247 1471 2398 1517 motu
2429 1477 2493 1517 ac
2520 1461 2797 1516 voluntate
2826 1457 2968 1512 facta
2994 1464 3080 1511 est
3113 1455 3257 1510 circa
3296 1460 3553 1510 sanctam.

1970 1554 2064 1609 Dei
2085 1556 2377 1619 virtutem;
2408 1554 2499 1609 sed
2530 1552 2717 1608 eadem
2744 1563 3092 1621 permanens,
3127 1562 3267 1617 opus
3291 1546 3543 1601 incarna-

1971 1645 2139 1701 tionis
2162 1647 2227 1700 ad
2248 1647 2477 1700 salutem
2503 1643 2691 1699 mundi
2716 1642 2994 1712 implevit;
3030 1652 3087 1695 et
3108 1639 3341 1695 Verbum
3360 1638 3455 1692 Dei
3485 1638 3559 1690 in-

1969 1748 2116 1794 terra
2166 1738 2466 1794 secundum
2502 1737 2894 1791 humanitatem
2921 1748 3274 1797 conversaris,
3298 1730 3551 1787 divinam.

1969 1830 2313 1900 praesentiam
2350 1828 2602 1884 similiter
2628 1826 2878 1888 retinuit,
2929 1825 3114 1879 omnia
3145 1823 3398 1894 impletis,
3428 1822 3542 1877 sine

1972 1921 2237 1992 gulariter
2279 1921 2432 1976 carni
2479 1919 2733 1986 unitum;
2762 1925 2818 1973 et
2846 1916 3197 1987 passionibus
3249 1915 3395 1970 circa
3419 1930 3540 1968 car—

285 2008 685 2081 πεπληρωκὼς,
708 2011 851 2074 ίδίως
867 2027 925 2064 τε
949 2010 1114 2083 σαρκὶ
1135 2012 1582 2084 συγκεκραμένος
1604 2028 1617 2042 ·
1648 2012 1746 2065 καῖ’
1762 2011 1866 2065 τῶν

1972 2029 2096 2067 nem
2128 2012 2311 2078 factis,
2344 2011 2529 2067 divina
2556 2012 2732 2065 virtus
2761 2024 2920 2065 suam
2964 2008 3197 2064 habebat
3220 2007 3530 2078 impassibi-

286 2100 629 2173 aptatum
656 2100 841 2157 παθῶν
876 2100 1194 2174 γινομένωνῖ
1222 2102 1317 2173 τὴν
1354 2102 1620 2155 ἀπάθειαν
1649 2103 1682 2172 ή
1715 2101 1871 2156 δύνα-

287 2209 381 2263 μις
404 2188 546 2264 εἶχεν
579 2192 676 2265 τὴν
703 2192 900 2263 εαυτῆς
923 2211 937 2224 ·
979 2193 1181 2262 ἀσεϐὴς
1207 2190 1299 2247 οὖν
1318 2197 1346 2248 ό
1367 2194 1427 2247 τὸ
1460 2193 1629 2257 πάθος
1658 2194 1872 2262 ἀνάγων

283 2288 366 2349 είς
397 2285 497 2355 τὴν
530 2285 756 2356 δύναμιν
775 2303 788 2317 ο
825 2288 854 2340 ὁ
885 2285 993 2357 γὰρ
1038 2285 1135 2356 τῆς
1159 2286 1318 2356 δόξης
1346 2285 1550 2358 Κύριος
1579 2286 1636 2338 ἐν
1664 2284 1871 2355 ἀνθρω-

283 2377 427 2448 πίνῳ
465 2378 707 2455 σχήματι
753 2376 963 2449 πέιρηνε
1010 2375 1107 2447 τὴν
1165 2377 1513 2448 ἀνθρωπίνην
1561 2375 1870 2447 οἰκονομίαν

281 2467 680 2543 ἀναδεξάμενος
714 2469 805 2522 ἐπὶ
832 2469 935 2539 γῆς
955 2486 968 2498 ο
1006 2469 1100 2523 καὶ
1132 2472 1251 2532 ταῖς
1282 2468 1378 2539 μὲν
1409 2467 1639 2539 πράξεσι
1665 2467 1753 2535 τὸν
1784 2468 1861 2521 νάο

286 2576 387 2630 μον
433 2558 728 2631 πληρώσας
776 2560 914 2629 ὑπὲρ
960 2559 1281 2633 ἀνθρώπων,
1330 2562 1441 2621 τοῖς
1477 2559 1534 2612 δὲ
1576 2558 1769 2615 πάθεσι
1800 2558 1867 2612 τά

283 2650 585 2722 παθήματα
626 2650 900 2715 διαλύσας,
956 2654 1050 2705 καλ⁹
1107 2652 1183 2723 τῷ
1232 2651 1443 2721 θανάτῳ
1500 2651 1588 2704 τὸν
1642 2650 1865 2704 θάνατον

283 2742 512 2817 ἀνελὼν,
545 2746 611 2814 τῇ
635 2742 693 2795 δὲ
718 2743 1011 2796 ἀναστάσει
1038 2743 1134 2813 τὴν
1165 2744 1307 2814 ζωὴν
1329 2741 1614 2806 ἀνατείλας
1634 2759 1646 2772 ·
1687 2738 1746 2796 οῦ
1773 2742 1866 2796 καὶ

284 2836 385 2905 τὴν
406 2833 708 2904 παρουσίαν
730 2831 937 2899 ἔνδοξον
961 2835 1051 2885 ἀπ’
1070 2832 1305 2905 οὐρανοῦ
1349 2833 1733 2905 προσδοκῶμεν
1769 2833 1867 2886 ἐπὶ

283 2930 353 2999 τῇ
389 2926 493 2979 τῶν
538 2926 674 2980 ὅλων
719 2926 829 2997 ζωῇ
866 2926 959 2979 καὶ
997 2926 1206 2997 κρίσει,
1266 2926 1611 2989 ἀναστάσεως
1660 2925 1868 2996 νεκρῶν

284 3018 570 3092 ἐσομένης,
611 3021 693 3082 είς
743 3018 802 3071 τὸ
847 3019 1010 3072 πᾶσιν
1061 3017 1485 3087 ἀνταποδοθῆναι
1531 3018 1649 3070 κατ’
1684 3016 1860 3083 ἀξίαν.

1972 2106 2200 2171 litatem.
2236 2102 2440 2174 Impius
2460 2119 2592 2175 ergo
2611 2113 2715 2171 est,
2746 2103 2839 2173 qui
2870 2102 3181 2172 passionem
3208 2101 3260 2154 in
3284 2101 3537 2154 virtutem

1972 2198 2210 2253 divinam
2244 2197 2472 2252 reducit.
2502 2195 2774 2252 Dominus
2803 2195 2950 2250 enim
2976 2195 3161 2265 gloriae
3196 2194 3249 2247 in
3296 2193 3539 2247 humano

1973 2291 2161 2347 habitu
2201 2288 2487 2359 apparuit;
2528 2296 2783 2357 suscepta
2813 2285 3119 2342 meonomia
3157 2286 3210 2339 in
3268 2294 3411 2339 terra
3437 2283 3537 2356 (2),

1972 2382 2067 2451 qui
2086 2379 2342 2450 operibus
2369 2377 2586 2448 quidem
2603 2378 2775 2448 legem
2798 2390 2899 2446 pro
2924 2374 3237 2429 hominibus
3273 2373 3538 2443 implevit.

1971 2470 2323 2542 passionibus
2345 2485 2474 2524 vero
2500 2468 2784 2537 passiones
2815 2467 3082 2529 dissolvit,
3110 2474 3164 2520 et
3187 2475 3360 2519 morte
3387 2480 3537 2519 mor-

1973 2574 2082 2619 tem
2119 2562 2367 2626 sustulit;
2404 2560 2799 2615 resurrectione
2838 2574 2966 2613 vero
3006 2558 3171 2613 vitam
3206 2557 3338 2611 oriri
3368 2555 3536 2610 fecit:

1975 2654 2135 2724 cujus
2177 2652 2479 2723 gloriosum
2508 2667 2538 2705 e
2569 2651 2709 2706 eteio
2740 2651 3033 2704 adventum
3065 2659 3443 2717 exspectamus
3472 2648 3540 2701 ad

1977 2747 2140 2800 vitam
2170 2745 2573 2808 universorum,
2602 2741 2967 2811 etjudicium,
3005 2756 3132 2794 cum
3176 2740 3356 2794 futura
3392 2755 3542 2794 utor-

1975 2846 2195 2892 tuorum
2248 2835 2668 2902 resurrectione,
2703 2830 2772 2887 ad
2824 2832 3233 2888 retribucndum
3285 2832 3541 2889 omnibus

1975 2943 2074 2999 pro
2103 2926 2367 2997 cujusque
2394 2924 2624 2992 meritis.

353 3112 534 3165 Δεινδν
554 3112 609 3165 δὲ
640 3111 918 3184 μελέτημα
942 3114 1084 3175 τινὲς
1110 3113 1249 3166 κατά
1278 3114 1374 3184 τῆς
1409 3113 1567 3181 ἁγίας
1599 3112 1865 3182 μελετῶσι

2042 3108 2375 3163 Sceleratum
2407 3122 2535 3161 vero
2566 3122 2704 3176 opus
2731 3105 2896 3174 aliqui
2927 3112 3117 3158 contra
3134 3111 3384 3183 sanctam
3416 3101 3546 3157 Trio.

283 3202 534 3274 Τριάδος,
568 3203 619 3255 οἱ
640 3202 764 3275 τρία
790 3203 1065 3275 Πρόσωπα
1089 3203 1187 3255 οὐκ
1222 3199 1359 3257 εἶναι
1390 3202 1867 3275 διῖσχυριζόμενοι,

285 3294 475 3368 ῶσπερ
523 3294 891 3348 ἀνυπόστατον
946 3294 1257 3362 εἰσάγοντες
1314 3296 1635 3367 πρόσωπον·
1683 3295 1750 3349 δι’
1799 3292 1868 3368 ἧς

186 3424 189 3427 -
285 3352 670 3454 ἀτῶιρεύγομεν
720 3382 811 3436 τδν
857 3352 1141 3438 Σαϐέλλιον
1186 3352 1409 3453 λέγοντα
1438 3386 1526 3438 τὸν
1562 3385 1722 3440 αὐτὸν
1754 3352 1868 3439 Πά-ἰ

200 3510 201 3513 η
282 3476 451 3548 τέρα,
490 3477 580 3530 τὸν
624 3475 786 3530 αὐτὸν
824 3474 983 3529 Υῐόν·
1033 3478 1251 3549 Πατέρα
1283 3478 1380 3548 μὲν
1408 3479 1517 3550 γὰρ
1550 3479 1695 3549 λέγει
1729 3474 1883 3545 εἶναι,

280 3568 375 3622 τὸν
406 3569 687 3630 λαλοῦντα.
710 3558 837 3653 Υίδν
857 3568 912 3622 δὲ
936 3568 1026 3622 τὸν
1060 3570 1233 3639 Λόγον
1259 3573 1319 3624 ὲν
1343 3554 1612 3643 τῷΠατρὶ
1638 3572 1887 3643 μένοντα,

283 3661 380 3714 καλ¹
399 3659 540 3713 κατὰ
565 3657 754 3730 καιρὸν
782 3660 881 3729 τῆς
904 3659 1266 3731 δημιουργίας
1295 3661 1618 3731 φαινόμενον
1637 3678 1650 3691 ’
1679 3660 1866 3714 ἔπειτα

287 3750 426 3822 μετά
456 3750 555 3824 τὴν
597 3752 850 3805 ἁπάντων
889 3750 1171 3822 πλήρωσιν
1219 3751 1327 3805 τῶν
1376 3753 1737 3825 πραγμάτων,
1786 3756 1865 3818 εἰς

282 3840 418 3911 Θεὸν
465 3841 865 3913 ἀνατρέχονταο
905 3840 967 3894 τὸ
999 3842 1129 3895 αὐτὸ
1171 3842 1227 3895 δὲ
1260 3843 1355 3896 καὶ
1401 3843 1651 3914 περὶτοῦ
1697 3844 1877 3901 Πνεύο.

283 3948 455 4004 ματος
490 3931 659 4001 λέγει.
700 3932 1032 4003 Πιστεύομεν
1063 3934 1170 4005 γὰρ
1191 3936 1351 4004 ἡμεῖς
1382 3936 1461 4003 ὅτι
1504 3934 1625 4007 τρία
1652 3935 1867 4007 Πρόσω-

282 4040 361 4076 πα
392 4021 522 4093 μίαν
569 4022 757 4092 ἔχοντα
785 4022 883 4094 τὴν
924 4022 1153 4095 θεότητα
1199 4024 1502 4094 δηλοῦνται,
1548 4026 1734 4098 Πατὴρ
1772 4026 1864 4079 καὶ

283 4113 411 4177 Υἱὸς
441 4111 535 4166 καὶ
568 4110 721 4181 ἅγιον
746 4113 971 4184 Πνεῦμα
993 4131 1008 4145 ο
1040 4118 1073 4187 ἡ
1112 4115 1219 4186 γὰρ
1248 4115 1437 4187 θεότης
1468 4117 1585 4187 μία,
1621 4118 1864 4186 φυσικῶς

279 4208 340 4258 ὲν
369 4202 561 4274 Τριάδι
611 4203 1028 4274 μαρτυρουμένη
1059 4244 1073 4265 ,
1116 4205 1219 4276 τὴν
1257 4206 1481 4276 ἑνότητα
1506 4207 1605 4276 τῆς
1652 4207 1864 4277 φύσεως

283 4295 518 4365 βεϐαιοῖο
556 4295 638 4349 ὅτι
668 4312 777 4367 περ
806 4295 899 4349 καὶ
931 4297 1061 4365 ἴδιον
1097 4280 1203 4368 μὲν
1224 4298 1437 4369 Πατρὸς
1466 4300 1607 4354 κατά
1639 4300 1718 4364 τὸ,
1760 4297 1864 4366 Εἷς

283 4380 427 4453 Θεὸς
452 4390 485 4441 ό
513 4385 714 4456 Πατήρ
734 4403 746 4417 ·
769 4386 1031 4458 Πατρῷον
1059 4387 1116 4441 δὲ
1144 4388 1221 4460 τῷ
1251 4389 1387 4460 Υίῷ,
1423 4389 1565 4444 κατὰ
1594 4390 1680 4454 τὸ,
1716 4378 1880 4456 Θεὸς’

1970 3201 2197 3259 nitatem
2245 3198 2599 3263 meditantur,
2649 3197 2742 3267 qui
2786 3196 3055 3250 allirmaut
3100 3210 3208 3249 non
3261 3210 3381 3250 esse
3428 3202 3551 3253 tres.

1968 3289 2261 3353 Personas,
2289 3299 2346 3349 ut
2376 3289 2467 3357 qui
2494 3300 2783 3357 personam
2817 3302 2924 3339 non
2952 3282 3336 3340 subsistentem
3368 3284 3540 3338 intro-

1969 3383 2195 3438 ducunt.
2225 3380 2493 3448 Quocirca
2512 3380 2807 3434 Sabellium
2841 3377 3100 3448 fugimus,
3125 3377 3217 3447 qui
3241 3376 3370 3437 dicit
3392 3392 3540 3431 eum-

1969 3475 2091 3530 dem
2134 3489 2256 3541 esse
2296 3474 2511 3527 Patrem
2555 3482 2608 3527 et
2637 3471 2873 3526 Filium:
2911 3470 3124 3525 Patrem
3148 3469 3366 3540 quidem
3406 3469 3539 3523 dicit

1966 3584 2092 3624 eum
2142 3567 2236 3637 qui
2271 3566 2534 3636 loquitur,
2569 3563 2767 3618 Filium
2815 3578 2946 3617 vero
2986 3560 3225 3627 Verbum
3279 3561 3332 3614 in
3378 3559 3538 3623 Patre

1968 3640 2217 3726 manens,
2247 3666 2300 3712 et
2323 3667 2565 3726 tempore
2591 3653 2886 3710 creationis
2915 3651 3266 3723 patefactum,
3296 3650 3537 3720 comple-

1966 3752 2038 3807 tis
2068 3767 2196 3805 vero
2224 3750 2388 3805 rebus
2413 3749 2466 3802 in
2501 3748 2667 3802 Deum
2693 3740 2961 3802 remeans.
2992 3742 3134 3798 Idem
3160 3742 3295 3797 dicit
3322 3743 3387 3797 de
3419 3742 3538 3811 Spi-

1960 3843 2073 3898 ritu
2097 3850 2307 3897 sancto.
2336 3838 2447 3893 Nos
2469 3838 2612 3891 cnim
2638 3836 2912 3891 credimus
2934 3845 3044 3891 tres
3071 3834 3339 3889 Personas
3369 3848 3535 3888 unam

1968 3935 2226 3989 habentes
2253 3932 2588 3987 divinitatem
2622 3929 2885 3984 declarari
2915 3926 3229 3981 nominibus
3256 3920 3455 3990 Patris,
3479 3933 3559 3991 et,

1965 4023 2110 4088 Filii,
2144 4032 2198 4078 et
2227 4022 2463 4092 Spiritus
2493 4020 2699 4078 sancti:
2731 4035 2838 4072 una
2869 4017 3135 4086 siquidem
3164 4016 3416 4071 divinitas
3444 4030 3531 4069 ua-

1965 4116 2215 4183 turaliter
2244 4114 2300 4168 in
2323 4111 2588 4167 Trinitate
2618 4118 2835 4173 testata,
2864 4110 3127 4164 unitatem
3160 4117 3369 4162 naturae
3401 4123 3535 4163 con-

1966 4206 2163 4277 ﬁrmat.
2199 4200 2295 4258 Est
2327 4201 2471 4256 enim
2499 4200 2775 4272 proprium
2801 4198 3020 4268 quidem
3052 4196 3251 4258 Patris.
3287 4198 3440 4266 juxta
3468 4197 3533 4251 il-

1965 4297 2055 4351 lud
2086 4314 2099 4350 :
2130 4294 2274 4350 Unus
2312 4292 2450 4347 Deus
2491 4292 2720 4357 Pater‘;
2752 4290 3029 4361 proprium
3070 4305 3199 4344 vero
3236 4288 3379 4353 Filii,
3410 4305 3532 4344 esse

1966 4387 2202 4442 Verbum
2240 4386 2438 4451 Patris,
2482 4385 2637 4456 juxta
2672 4383 2803 4438 illud
2844 4402 2857 4438 :
2896 4381 3037 4436 Deus
3068 4392 3181 4436 erat
3230 4380 3453 4437 Verbum
3475 4384 3528 4446 ’ς

277 4446 418 4547 ἦγέ
441 4446 785 4548 λόγος-*καὶ
816 4446 903 4549 τῷ.
927 4446 1205 4550 Πνεύματί
1232 4479 1287 4533 δὲ
1314 4446 1487 4552 παρὸν
1512 4446 1770 4549 φυσικῶς,
1803 4446 1863 4535 τδ

1968 4490 2018 4532 et
2048 4477 2282 4546 Spiritus
2314 4477 2487 4530 sancti
2517 4458 2797 4544 proprium
2840 4482 2894 4528 et
2933 4474 3181 4528 naturale
3212 4489 3332 4529 esse
3361 4472 3535 4542 Spiri-

204 4575 211 4581 '
278 4564 508 4637 Πνεῦμα
537 4567 672 4621 Θεοῦ
701 4565 988 4639 ὑπάρχειν,
1031 4569 1153 4623 καθ’
1177 4569 1206 4622 ὃ
1243 4570 1388 4638 λέγει
1420 4569 1661 4634 Παῦλος·
1701 4570 1861 4637 Ναὸς

281 4660 432 4714 Θεοῦ
454 4660 613 4725 ἐστε,
643 4659 828 4715 καὶτὸ
854 4661 1098 4730 Πνεῦμα
1129 4661 1235 4715 τοῦ
1264 4661 1411 4715 Θεοῦ
1437 4663 1588 4717 οἰκεῖ
1606 4662 1675 4716 ἐν
1694 4662 1855 4732 ὑμῖν.

351 4751 646 4823 Πρόσωπον
705 4753 801 4823 μὲν
850 4752 961 4825 γὰρ
1013 4753 1265 4817 ἑκάστου,
1309 4753 1370 4806 τὸ
1407 4750 1545 4807 εἶναι
1589 4753 1720 4807 αὐτὸ
1765 4754 1875 4806 καὶ·

278 4841 577 4915 ὑφεστάναι
606 4843 780 4915 δηλοῖ·
818 4844 1006 4913 θεότης
1039 4845 1097 4899 δὲ
1139 4845 1351 4917 Πατρὸς
1381 4839 1538 4899 ἴδιον·
1577 4846 1669 4899 καὶ
1696 4844 1858 4897 όπότε

281 4935 382 5007 μία
406 4935 514 4989 τῶν
533 4935 697 5007 τριῶν
719 4938 752 5006 ὴ
782 4935 972 5008 θεότης
1004 4936 1231 5005 λέγοιτο,
1266 4937 1364 5007 τὴν
1388 4938 1598 5008 Πατρδς
1621 4936 1856 5007 ἰδιότητα

277 5028 564 5098 παροῦσαν
607 5025 722 5096 Υίῷ
751 5044 810 5079 τε
845 5028 939 5081 καὶ
974 5028 1253 5099 Πνεύματι
1285 5031 1582 5100 μαρτυρεῖ·
1632 5028 1769 5081 ὥστε
1808 5032 1859 5084 εί

173 5194 179 5199 ἡ
280 5120 380 5189 μὲν
409 5119 467 5171 ὲν
488 5118 634 5188 τρισὶ
659 5116 978 5190 Προσιῦποις
1004 5120 1102 5190 μία
1144 5119 1437 5192 ῥηθήσεται
1461 5122 1492 5193 ἡ
1534 5119 1739 5191 θεότης,
1763 5123 1856 5176 καὶ

278 5211 315 5280 ἠ
343 5207 513 5281 Τριάς
537 5206 935 5263 διαϐεϐαιοῦται
967 5210 1057 5262 καὶ
1086 5209 1148 5263 τὸ
1180 5210 1236 5263 ἓν
1276 5210 1336 5263 οὐ
1365 5210 1734 5271 διακόπτεται,
1766 5212 1856 5264 καὶ

279 5302 315 5369 ἡ
357 5299 490 5372 πρὸς
522 5300 614 5352 τὸν
643 5298 863 5371 Πατέρα
904 5300 1107 5371 φυσικὴ
1139 5300 1269 5353 Υίοῦ
1301 5318 1362 5353 τε
1406 5302 1498 5355 καὶ
1542 5302 1858 5372 Ηνεύματος

280 5391 470 5462 ἑνότης
494 5389 834 5461 ὁμολογεῖται
859 5407 871 5421 ο
902 5391 948 5443 εἰ
971 5390 1029 5444 δὲ
1056 5391 1150 5443 καὶ
1173 5391 1471 5464 Πρόσωπον
1492 5394 1551 5445 ἒν
1577 5392 1724 5461 λέγει
1752 5410 1854 5456 τις,

357 5589 373 5619 ¹
406 5588 426 5643 1
455 5587 583 5645 Cor.
611 5606 730 5659 vut,
766 5591 818 5645 6.
897 5594 919 5623 ⁹
944 5590 1103 5649 Joan.
1139 5610 1177 5661 ι,
1220 5597 1265 5650 l.
1343 5597 1364 5627 ³
1397 5595 1415 5649 l
1451 5597 1577 5652 Cor.
1615 5615 1697 5663 ut,
1728 5598 1812 5653 16.

307 5837 317 5847 _
354 5766 839 5849 (milieunomiam
885 5768 975 5849 llic
1013 5778 1374 5849 vorattotum
1416 5786 1554 5839 opus
1592 5781 1644 5826 et
1691 5787 1851 5844 nego-

278 5839 417 5909 tium
451 5839 840 5901 incarnationis
867 5848 920 5894 et
938 5840 1321 5911 redemptionis
1349 5856 1443 5910 per
1474 5856 1717 5899 carnem.

1966 4578 2079 4623 tum
2119 4566 2233 4633 Dei,
2282 4570 2423 4621 sicut
2452 4566 2528 4621 ait
2558 4564 2761 4620 Paulus
2792 4583 2805 4617 :
2839 4562 3109 4633 Templum
3151 4563 3250 4618 Dei
3290 4566 3439 4629 estis,
3482 4573 3534 4620 et

1964 4657 2201 4730 Spiritus
2233 4658 2331 4713 Dei
2358 4658 2561 4711 habitat
2585 4660 2641 4710 in
2671 4657 2812 4710 vobis
2836 4657 2872 4711 ³.
2992 4640 2998 4647 ”

2031 4747 2270 4803 Persona
2291 4748 2433 4801 enim
2457 4746 2889 4815 uniuscujusque
2932 4746 3310 4803 declaratesse
3329 4748 3545 4818 ipsum,_

1960 4851 2015 4897 et
2031 4857 2127 4913 per
2140 4856 2199 4896 se
2216 4841 2497 4896 exsistere.
2521 4838 2786 4893 Divinitas
2809 4848 2986 4893 autem
3005 4837 3208 4905 Patris,
3228 4842 3545 4916 proprium,

1963 4943 2017 4989 et
2044 4931 2263 5004 quando
2290 4948 2398 4986 una
2426 4931 2685 4986 divinitas
2708 4931 2872 4985 trium
2903 4931 3122 4995 dicitur,
3155 4933 3528 4988 testimonium

1962 5026 2144 5091 datur,
2186 5038 2305 5080 esse
2340 5024 2726 5094 proprietatem
2774 5021 2953 5077 Putris
2986 5024 3040 5079 in
3073 5024 3213 5077 Filio
3240 5033 3294 5078 et
3323 5023 3528 5093 Spiritu

1962 5116 2266 5187 sancto(3).
2297 5115 2476 5182 Quare
2499 5116 2541 5169 si
2568 5131 2673 5169 una
2707 5114 2962 5170 divinitas
2993 5115 3045 5168 in
3076 5116 3250 5169 tribus
3275 5113 3529 5169 Pet-sonis

1962 5210 2181 5274 dicitur,
2208 5208 2447 5262 Trinitas
2467 5208 2784 5271 allirmatur,
2815 5218 2869 5261 et
2891 5208 3071 5263 unitas
3096 5222 3200 5261 non
3226 5205 3530 5274 scinditur;

1960 5311 2015 5355 et
2046 5302 2230 5355 unitas
2262 5300 2526 5369 naturalis
2560 5300 2679 5353 Filii
2705 5309 2757 5355 et
2786 5298 3024 5369 Spiritus
3059 5298 3234 5353 sancti
3265 5312 3389 5351 cum
3416 5295 3527 5351 Pa-

1962 5403 2041 5449 tre
2074 5394 2421 5464 pratdicatur.
2458 5393 2662 5463 Siquis
2692 5407 2821 5447 vero
2849 5391 2995 5446 dicat
3018 5404 3179 5443 unam
3207 5384 3532 5458 Personam,

2032 5773 2109 5841 (ὃ)
2155 5773 2541 5843 Proprietatcm
2588 5770 2787 5833 Patris.
2835 5777 2992 5843 vocat
3026 5768 3369 5831 divinitatem
3393 5784 3517 5841 pro;

1959 5839 2129 5911 priam
2172 5839 2368 5908 Patris,
2395 5853 2453 5895 ut
2485 5843 2645 5911 paulo
2679 5849 2805 5895 ante
2828 5839 3030 5897 dictum
3056 5848 3156 5903 est.
