4100 6376
536 512 673 572 Hii

1142 494 1229 560 VS.
1270 501 1600 560 GREGORH
1640 498 2002 556 THAUMAT.
2042 495 2193 552 OPP.
2234 494 2416 550 PARS
2446 494 2744 550 ALTERA.
2784 524 2853 535 —
2882 491 3112 551 DUBIA.

3651 488 3805 546 me

534 631 676 683 sicut
708 640 870 680 unam
902 622 1265 685 divinitatem,
1307 636 1417 675 non
1460 628 1589 674 sunt
1617 629 1875 688 tanquam
1910 632 2103 679 unum,

2219 613 2397 685 ὥσπερ
2429 615 2523 667 καὶ
2541 612 2641 684 τὴν
2670 611 2899 682 θεότητα
2934 609 3064 681 μίαν
3083 648 3099 675 ,
3123 609 3224 663 οὐκ
3253 606 3398 662 ἔστιν
3418 605 3496 671 ὡς
3519 605 3578 660 ἓν
3605 604 3674 660 τὰ
3697 607 3805 660 δύο

533 720 646 775 duo
683 718 738 772 in
778 730 908 771 uno.
940 712 1144 769 Paulus
1173 712 1319 768 enim
1352 726 1521 767 unum
1561 710 1781 781 quidem
1821 708 2106 764 divinitate

531 810 750 866 Patrem
791 807 1012 872 clamat,
1050 819 1221 860 unum
1252 818 1382 858 vero
1416 803 1471 857 in
1499 801 1874 857 dominatione
1904 798 2105 875 Filium

531 902 711 957 dicit:
743 897 891 953 Unus
928 897 1069 952 Deus
1119 894 1288 951 Pater
1328 910 1395 950 ea:
1435 910 1538 965 quo
1591 894 1792 957 omnia,
1838 901 1889 947 et
1928 907 2021 945 nos
2049 891 2106 944 in

528 993 737 1055 ipsum;
776 999 826 1045 et
860 992 1003 1043 unus
1045 986 1304 1041 Dominus
1337 985 1494 1040 Iesus
1535 984 1799 1061 Christus,
1842 1000 1934 1059 per
1954 999 2106 1054 quem

425 1135 431 1141 .
531 1084 731 1149 omnia,
782 1092 834 1138 et
871 1096 967 1138 nos
1003 1094 1097 1150 per
1140 1080 1313 1149 ipsum
1332 1077 1375 1132 ἓ.
1420 1077 1587 1149 Igitur
1631 1077 1679 1133 si
1710 1092 1854 1133 unus
1886 1076 2106 1145 quidem

532 1174 697 1238 Deus,
748 1174 1017 1230 Dominus
1072 1187 1204 1228 vero
1252 1185 1432 1235 unus,
1485 1185 1595 1225 una
1636 1178 1818 1225 autem
1844 1166 2106 1235 Persona,

532 1268 677 1322 sicut
703 1265 983 1331 divinitas,
1014 1264 1182 1321 unius
1219 1260 1640 1331 dominationis;
1675 1258 1956 1333 quomodo
1990 1275 2109 1315 cre-

531 1359 680 1413 ditur
709 1356 865 1423 illud,
887 1371 953 1410 ea:
978 1371 1102 1426 quo,
1126 1364 1180 1410 et
1212 1370 1305 1424 per
1336 1369 1512 1427 quem,
1552 1351 1695 1407 sicut
1718 1351 1871 1420 prius
1897 1351 2108 1405 dictum

532 1449 651 1505 est?
683 1449 755 1504 At
781 1465 885 1505 nos
915 1449 1256 1505 divinitatem
1281 1446 1517 1501 dicimus
1547 1459 1658 1499 non
1695 1451 2013 1513 separantes
2040 1442 2109 1496 ab

530 1556 595 1596 ea
621 1540 1073 1604 dominationem,
1107 1552 1211 1592 nec
1232 1536 1466 1591 alterum
1496 1533 1565 1607 ab
1590 1533 1762 1588 altero
1784 1532 2107 1596 alienantes,

530 1631 629 1687 sed
662 1632 744 1688 sic
763 1631 1146 1702 intelligentes,
1173 1636 1236 1683 ut
1264 1642 1355 1684 res
1378 1626 1542 1681 habet
1561 1633 1615 1680 et
1637 1624 1840 1680 veritas
1871 1642 1884 1679 :
1910 1623 2109 1678 Filium

533 1721 757 1791 quidem
790 1736 1052 1777 vocamus
1079 1719 1253 1775 Deum
1294 1718 1627 1789 proprietate
1652 1715 1831 1771 Patris
1858 1716 1961 1785 (4).
1990 1726 2111 1771 tan-

534 1828 699 1883 quam
751 1813 1049 1883 imaginem
1097 1820 1152 1866 et
1202 1826 1460 1881 germen;
1512 1810 1730 1865 Patrem
1763 1824 1894 1869 vero
1925 1808 2112 1863 Domi-

535 1921 692 1969 num,
740 1905 963 1961 nomine
1001 1904 1166 1962 unius
1203 1902 1421 1963 Domini
1452 1901 1810 1973 appellamus,
1846 1910 2109 1972 tanquam

534 1993 707 2064 hujus
738 1992 1066 2071 principium
1099 2001 1154 2047 et
1179 1991 1501 2063 genitorem.
1628 1980 1631 1981 ⁷

608 2127 811 2183 Eadem
839 2138 1019 2187 autem
1045 2127 1191 2183 etde
1220 2125 1426 2199 Spiritu
1455 2137 1648 2183 sancto
1682 2128 1948 2185 unitatem
1986 2142 2112 2185 cum

535 2221 677 2277 Filio
708 2222 963 2299 habente,
988 2237 1150 2291 quam
1173 2221 1346 2276 Filius
1371 2222 1676 2293 habetcum
1697 2221 1878 2276 Patre.
1910 2222 2117 2289 Quam-

535 2318 727 2371 obrem
791 2326 1049 2371 noscatur
1100 2315 1412 2385 hypostasis
1476 2314 1691 2379 Patris,
1754 2316 2116 2384 appellatione

538 2405 666 2464 Dei:
698 2422 771 2461 ne
794 2415 1075 2481 separetur
1103 2406 1173 2460 ab
1198 2405 1302 2459 hac
1334 2406 1694 2476 appellatione
1719 2403 1912 2479 Filius,
1937 2417 1997 2462 ut
2019 2406 2114 2475 qui

534 2514 601 2553 ex
644 2496 753 2568 Deo
782 2508 884 2561 est.
928 2496 1198 2555 Nascatur
1225 2499 1389 2553 etiam
1421 2497 1660 2573 Persona
1692 2497 1847 2563 Filii,
1878 2498 2116 2567 appella-

527 2591 685 2643 ‘tioue
731 2587 979 2655 Domini;
1021 2605 1089 2645 ne
1132 2597 1415 2659 separetur
1447 2590 1516 2644 ab
1556 2590 1657 2644 hac
1690 2588 1854 2654 Deus,
1892 2588 1985 2658 qui
2019 2586 2120 2642 Do-

538 2683 721 2745 minus
743 2691 829 2738 est
858 2692 921 2753 ut
953 2682 1109 2738 Pater
1134 2681 1352 2737 Domini
1388 2700 1401 2737 :
1433 2684 1577 2738 sicut
1605 2680 1729 2757 Filii
1753 2682 1970 2752 quidem
1992 2696 2118 2750 pro-

537 2777 718 2853 prium
758 2783 844 2843 est
882 2775 1189 2841 dominari;
1240 2775 1336 2844 qui
1389 2790 1485 2844 per
1536 2775 1777 2843 seipsum
1808 2773 2032 2840 creavit,
2066 2783 2121 2829 ct

537 2870 737 2925 creatis
781 2869 1128 2935 dominatur;
1181 2867 1326 2923 Patri
1362 2884 1492 2925 vero
1538 2871 1691 2938 prius
1736 2868 1881 2923 inest
1928 2867 2032 2923 hoc
2062 2877 2121 2922 ut

537 2963 690 3031 Patri
723 2963 1060 3020 dominantis
1084 2983 1096 3018 :
1130 2963 1216 3019 sic
1244 2962 1567 3025 Trinitatem
1595 2978 1766 3021 unum
1790 2960 1961 3015 Deum
1985 2960 2122 3015 dici-

540 3074 688 3138 mus,
716 3066 771 3113 et
796 3073 907 3112 non
934 3066 1193 3128 tanquam
1224 3072 1293 3113 ex
1324 3056 1721 3126 compositione
1751 3054 1915 3110 trium
1948 3069 2119 3108 unum

538 3150 734 3203 damus
771 3168 785 3203 :
825 3164 989 3205 omne
1026 3149 1170 3203 enim
1219 3150 1366 3220 quod
1414 3165 1541 3219 pars
1582 3157 1687 3213 est,
1740 3145 2120 3217 imperfectum

538 3239 801 3309 ml,un
832 3256 901 3295 ex
931 3240 1327 3310 compositione
1357 3239 1634 3304 subsistit;
1655 3237 1746 3293 sed
1760 3236 1907 3308 quod
1925 3234 2121 3290 estpa-

2209 707 2268 758 ἐν
2296 704 2375 776 τῷ
2405 706 2517 758 ὲνίο
2554 704 2584 756 6
2619 702 2728 774 γὰρ
2761 702 2971 766 Παῦλος
3010 702 3108 756 ἕνα
3140 700 3237 770 μὲν
3276 698 3368 752 ἐπὶ
3401 697 3503 769 τῆς
3538 695 3805 767 θεότητος

2207 798 2298 853 τὸν
2326 797 2546 868 Πατέρα
2582 795 2716 868 βοᾷ,
2747 778 2842 849 ενα
2864 793 2921 847 δὲ
2950 795 3044 846 ἐπὶ
3066 792 3167 863 τῆς
3191 791 3513 867 κυριότητος
3543 788 3636 842 τὸν
3664 789 3805 842 raw

2206 891 2394 959 λέγει·
2444 887 2552 956 Εἷς
2585 889 2729 955 Θεὸς
2770 892 2804 942 δ
2835 886 3039 954 Πατὴρ
3078 886 3148 951 ἐξ
3181 880 3253 941 οὗ
3298 882 3374 939 τὰ
3423 880 3640 949 πάντα,
3691 881 3803 935 καὶ

2200 982 2379 1053 ¹’ἡμεῖς
2411 985 2498 1048 εὶς
2519 982 2733 1035 αὐτόν’
2769 978 2868 1033 καὶ
2888 972 2975 1044 εἷς
2998 978 3215 1045 Κύριος
3255 974 3494 1043 Ἰησοῦς
3514 972 3803 1049 Χριστὸς,

2207 1075 2283 1129 δι’
2321 1070 2392 1130 οὗ
2426 1070 2499 1128 τὰ
2529 1071 2726 1127 πάντα
2745 1109 2761 1133 ,
2810 1070 2909 1123 καὶ
2941 1068 3112 1139 ἡμεῖς
3154 1068 3228 1121 δι’
3257 1064 3471 1120 αὑτοῦ·
3502 1062 3805 1134 τοιγαροῦν

2213 1161 2307 1237 [εἰ]
2332 1162 2412 1228 εἷς
2441 1165 2539 1236 μὲν
2563 1160 2716 1226 Θεὸς,
2742 1161 2948 1232 Κύριος
2968 1159 3025 1212 δὲ
3045 1154 3147 1223 εἷς,
3177 1158 3236 1211 ἓν
3260 1157 3317 1210 δὲ
3341 1156 3643 1228 Πρόσωπον
3666 1144 3803 1207 καθ’

2207 1257 2237 1311 ὃ
2264 1256 2454 1327 θεότης
2485 1257 2612 1327 μιᾶς
2637 1254 2978 1327 κυριότητος,
3024 1250 3261 1313 καὶπῶς
3284 1248 3597 1303 πιστεύεται
3621 1249 3682 1300 τὸ
3711 1245 3798 1310 ἐξ

2208 1345 2281 1404 οὗ
2315 1350 2409 1404 καὶ⁵
2432 1349 2505 1411 δι’
2541 1343 2613 1403 οὗ
2641 1347 2717 1411 ὼς
2751 1346 3106 1419 προείρηται;
3157 1343 3267 1395 Καὶ
3309 1343 3371 1395 οὐ
3415 1339 3809 1400 διακόπτοντες

2208 1443 2372 1510 ἡμεῖς
2416 1440 2516 1511 τῆς
2566 1439 2818 1509 θεότητος
2864 1438 2961 1509 τὴν
3016 1434 3314 1506 κυριότητα
3360 1431 3588 1502 λέγομεν
3607 1469 3624 1493 ,
3685 1421 3809 1482 οὐδ’

2211 1529 2698 1601 ἀπαλλοτριοῦντες
2732 1527 2961 1600 θατέρου
2994 1526 3241 1597 θάτερον,
3272 1524 3386 1578 ἀλλ’
3416 1522 3590 1585 οὕτως
3619 1520 3810 1575 ἑνοῦν-

2209 1639 2301 1686 τες
2333 1621 2409 1685 ὡς
2430 1621 2542 1692 ἔχει
2577 1620 2638 1673 τὸ
2667 1620 2899 1693 πρᾶγμα
2929 1618 3024 1671 καὶ
3059 1619 3091 1688 ἠ
3118 1616 3345 1687 ἀλήθεια
3363 1632 3377 1646 ⁸
3408 1615 3504 1668 καὶ
3529 1614 3662 1668 Θεὸν
3696 1613 3811 1684 μὲν

2210 1714 2301 1781 τὸν
2337 1714 2464 1767 Υἱὸν
2496 1712 2573 1783 τῷ
2615 1710 2865 1782 ἰδιώματι
2900 1709 2997 1764 τοῦ
3045 1708 3259 1780 Πατρὸς
3293 1705 3588 1769 καλοῦντες
3622 1705 3699 1769 ὡς
3725 1705 3813 1758 εἰ-

2211 1807 2344 1860 κόνα
2375 1806 2470 1859 καὶ
2504 1803 2772 1874 γέννημα,
2821 1800 3024 1871 Κύριον
3060 1800 3118 1853 δὲ
3169 1798 3262 1852 τὸν
3312 1797 3532 1868 Πατέρα
3573 1796 3653 1866 τῷ
3686 1796 3807 1871 Ατοῦ

2215 1895 2332 1958 ἐνὸς
2365 1894 2570 1963 Κυρίου
2596 1891 3093 1971 προσαγορεύοντες
3117 1889 3360 1961 ὀνόματι,
3386 1889 3462 1952 ὡς
3479 1886 3669 1942 τούτου
3700 1888 3809 1959 ἀρ·-

2167 1976 2189 2035 ?
2211 1978 2312 2048 χὴν
2347 1976 2442 2030 καὶ
2471 1977 2787 2049 γεννήτορα.

2282 2132 2366 2186 Τὰ
2392 2130 2532 2184 αὐτὰ
2560 2130 2617 2184 δὲ
2645 2130 2740 2183 καὶ
2771 2130 2899 2201 περὶ
2935 2127 3028 2181 τοῦ
3059 2126 3375 2196 Πνεύματος
3407 2122 3636 2191 ἑνότητα
3662 2120 3808 2192 πρὸς

2212 2222 2302 2278 τὸν
2328 2221 2455 2274 Υἱὸν
2488 2220 2721 2290 ἔχοντος,
2761 2220 2829 2291 ἥν
2861 2222 2890 2273 6
2917 2218 3046 2281 Υἱὸς
3078 2218 3215 2288 πρὸς
3252 2215 3344 2268 τὸν
3373 2214 3629 2285 Πατέρα⁹
3656 2210 3807 2263 ὥστε

2210 2311 2559 2385 γνωριζέσθω
2590 2312 2686 2383 μὲν
2710 2313 2741 2384 ή
2772 2310 3070 2371 ὑπόστασις
3096 2307 3189 2360 τοῦ
3214 2306 3425 2377 Πατρός
3446 2306 3513 2376 τῇ
3534 2303 3629 2356 τοῦ
3662 2303 3807 2357 Θεοῦ

2211 2403 2585 2477 προσηγορίαν
2635 2402 2710 2474 μὴ
2755 2388 3153 2472 διατετμήσθων
3176 2398 3234 2452 δὲ
3264 2396 3467 2468 ταύτης
3502 2397 3530 2450 6
3567 2394 3694 2459 Υἱὸς
3723 2393 3808 2457 ὡς

2211 2496 2289 2547 ὣν
2331 2498 2397 2554 ὲκ
2430 2492 2564 2547 Θεοῦ
2589 2511 2604 2523 ·
2639 2490 2987 2564 γνωριζέσθω
3027 2491 3084 2543 δὲ
3127 2490 3221 2544 καὶ
3252 2488 3311 2541 τὸ
3355 2487 3657 2560 Πρόσωπον
3703 2484 3807 2538 τοῦ

2213 2586 2344 2640 Υίοῦ
2378 2588 2447 2657 τῇ
2503 2583 2600 2641 τοῦ
2649 2584 2856 2655 Κυρίου
2919 2580 3294 2655 προσηγορίᾳο
3345 2580 3420 2650 μὴ
3481 2574 3811 2649 χωριζέσθω

2212 2672 2276 2733 δὲΔ
2311 2677 2516 2747 ταύτης
2567 2679 2596 2731 ὁ
2636 2676 2789 2739 Θεὸς,
2836 2672 3040 2745 Κύριος
3078 2671 3154 2725 ὢν
3197 2671 3273 2735 ὡς
3324 2669 3534 2742 Κυρίου
3573 2668 3807 2739 Πατήρο

2212 2769 2470 2840 καθ’ὂτῷ
2505 2768 2605 2839 μὲν
2638 2767 2752 2839 Υἱῷ
2777 2765 2845 2821 τὸ
2880 2764 3155 2836 κυριεύειν
3186 2762 3314 2814 ἴδιον
3333 2800 3348 2824 ,
3391 2758 3540 2830 αύτῷ
3566 2758 3623 2810 δὲ
3651 2756 3813 2827 δεδηὲ

2217 2859 2572 2937 μιουργηκότι
2614 2858 2680 2911 δι’
2723 2855 2916 2910 ἑαυτοῦ
2959 2855 3054 2908 καὶ
3100 2852 3405 2925 κυριεύοντι
3434 2849 3543 2902 τῶν
3570 2843 3808 2919 πεποιηὲ

2218 2957 2395 3028 μένων
2417 2971 2430 2985 ·
2454 2954 2542 3025 τῷ
2590 2953 2647 3007 δὲ
2682 2951 2861 3022 Πατρ)⁸
2916 2946 3179 3018 ἀνωτέρω
3220 2944 3494 3015 ὑπάρχον,
3527 2940 3603 3005 ὡς
3627 2940 3812 3011 Πατρὶ

2212 3046 2308 3102 τοῦ
2349 3044 2697 3118 κυριεύοντος
2733 3041 2849 3095 ὄντι
2869 3057 2882 3071 ο
2940 3037 3081 3092 οὕτω
3115 3037 3180 3106 δὴ
3219 3036 3312 3088 καὶ
3340 3032 3472 3086 Θεὸν
3497 3030 3599 3084 ἕνα
3624 3029 3812 3099 φαμὲν

2213 3130 2551 3210 τὴντριὰδα
2578 3173 2593 3199 ,
2643 3132 2759 3187 ἀλλ’
2804 3131 2903 3201 οὐχ
2954 3129 3030 3192 ὡς
3074 3130 3139 3180 ὲκ
3178 3124 3478 3187 συνθέσεως
3510 3119 3678 3193 τριῶν
3711 3118 3815 3171 ἕνα.

2215 3231 2399 3294 δόντες
2421 3245 2434 3258 ·
2469 3226 2633 3299 μέρος
2653 3224 2762 3296 γὰρ
2784 3223 2927 3277 ἅπαν
2954 3218 3142 3282 ἀτελὲς
3166 3217 3227 3270 τὸ
3255 3214 3554 3277 συνθέσεως
3581 3210 3818 3280 ὑφιστά-

541 3344 624 3388 ter
648 3336 860 3415 ratione
888 3335 1609 3411 principiietgenerationis,
1626 3333 1731 3389 hoc
1752 3332 1986 3388 dicimus
1998 3345 2120 3385 esse

2221 3317 2413 3393 psvov‘
2459 3318 2573 3371 ἀλλ’
2615 3317 2692 3380 ὡς
2715 3316 2852 3385 ὅπερ
2880 3312 3029 3365 ἐστὶν
3069 3311 3096 3363 ό
3129 3307 3322 3379 Πατὴρ
3353 3303 3595 3377 ἁρχικῶς
3625 3319 3683 3356 τε
3712 3301 3816 3356 καὶ

540 3424 738 3481 Filium
753 3428 1044 3500 imaginem
1057 3436 1342 3499 etgermen
1355 3424 1740 3492 Patris.Quare
1752 3424 1795 3478 si
1812 3424 1937 3493 quis
1951 3422 2117 3478 dicat:

540 3518 832 3593 Quomodo
849 3506 1148 3589 unusDeus
1167 3528 1271 3585 est,
1293 3518 1564 3589 siquidem
1596 3515 1770 3595 Filius
1795 3525 1879 3572 est
1893 3514 2037 3571 Deus
2054 3532 2121 3593 ex_

543 3590 1178 3681 DeoheSpondebimus,
1209 3613 1314 3667 hoc
1351 3610 1579 3678 intelligi
1605 3590 1819 3664 ratione
1842 3590 2121 3678 principii,

542 3708 600 3760 in
618 3690 882 3781 quantum
908 3719 1079 3767 unum
1102 3702 1429 3774 principium
1447 3700 1626 3756 Pater.
1650 3699 1717 3754 Et
1732 3699 1913 3771 siquis
1931 3714 2124 3754 rursus

544 3800 845 3871 interroget
862 3815 875 3851 :
891 3794 1180 3864 Quomodo
1206 3811 1349 3850 unus
1368 3793 1634 3849 Dominus
1657 3789 1817 3847 Jesus
1850 3790 2124 3856 Christus,

544 3891 813 3962 siquidem
832 3870 994 3968 Pater
1014 3898 1099 3945 est
1130 3886 1632 3944 Dominus?rursus
1652 3884 2125 3955 respondebimus,

545 3986 765 4041 Patrem
786 3999 912 4040 esse
935 3982 1223 4039 Dominum
1246 3983 1300 4053 in
1326 3991 1592 4052 quantum
1610 3979 1768 4034 Pater
1790 3986 1873 4033 est
1886 3975 2125 4043 Domini,

546 4088 601 4135 et
624 4076 1014 4151 ntin'occurret
1044 4075 1278 4145 amplius
1306 4074 1467 4130 nobis
1497 4073 1613 4127 luec
1642 4069 1931 4125 dubitatio.
2124 4054 2133 4059 “

622 4172 687 4225 Et
716 4185 910 4231 rurSus
935 4171 1121 4236 dicent
1150 4168 1301 4238 impii
1328 4187 1341 4221 :
1366 4165 1655 4233 Quomodo
1683 4181 1790 4223 non
1830 4171 1992 4219 erunt
2019 4170 2129 4215 tres

552 4263 659 4325 Dii,
692 4270 811 4333 tres,
847 4260 1121 4324 Personae.
1169 4259 1215 4313 si
1270 4273 1435 4313 unam
1488 4258 1723 4312 habeant
1754 4253 2128 4309 divinitatem?

555 4355 828 4423 Dicemus,
855 4353 985 4424 quia
1012 4362 1095 4409 est
1120 4352 1471 4422 principium,
1505 4360 1557 4405 et
1582 4349 1744 4404 Pater
1773 4347 1892 4402 Filii
1917 4364 1931 4413 ;
1963 4355 2016 4400 et
2043 4346 2132 4400 hic

553 4448 734 4515 imago
755 4454 841 4501 est
866 4456 920 4501 et
947 4460 1165 4517 germen
1192 4443 1392 4507 Patris,
1423 4452 1487 4511 et‘
1522 4457 1631 4496 non
1664 4446 1748 4497 e'st
1774 4440 1942 4495 frater
1972 4438 2127 4508 ejus;

554 4549 611 4593 ct
640 4514 877 4607 Spiritus
1004 4538 1261 4593 similiter
1293 4536 1520 4606 spiritus
1550 4535 1644 4589 Dei
1675 4541 1779 4599 est,
1820 4533 1963 4586 sicut
1991 4514 2135 4586 seri;

2217 3392 2575 3481 γεννητικῶς,
2616 3406 2773 3460 τοῦτο
2814 3404 2942 3457 ὅντα
2965 3400 3056 3454 τὸν
3080 3397 3207 3452 Υἱὸν
3236 3395 3421 3450 εἰκόνα
3447 3393 3542 3447 καὶ
3564 3392 3815 3462 γέννημα

2219 3503 2314 3557 τοῦ
2358 3501 2571 3572 Πατρός
2594 3517 2608 3530 ·
2654 3500 2795 3556 ὥστε
2827 3495 2979 3557 εἴτις
3005 3493 3201 3565 ἔροιτο,
3222 3489 3349 3553 Πῶς
3370 3483 3450 3551 εἷς
3474 3485 3630 3551 Θεὸς,
3650 3483 3819 3572 εἴπερ

2223 3598 2288 3650 ὲκ
2311 3593 2447 3649 Θεοῦ
2476 3562 2643 3657 Θεόςς
2677 3590 2908 3662 ἐροῦμεν
2941 3562 3127 3656 ὃτι-τῷ
3158 3583 3258 3654 τῆς
3285 3582 3460 3653 ἀρχῆς
3491 3578 3654 3648 λόγῳ,
3685 3562 3825 3629 καθ’

2222 3686 2282 3739 ὃν
2320 3685 2417 3756 μία
2444 3681 2585 3753 ἀρχὴ
2610 3684 2638 3734 ό
2669 3681 2892 3749 Πατήρ·
2912 3678 3007 3731 καὶ
3041 3674 3095 3728 εἴ
3124 3691 3209 3737 τις
3249 3670 3430 3727 αὐτῶν
3465 3667 3809 3756 πυνθάνοιτο,

2223 3753 2352 3839 Πῶς
2379 3769 2460 3838 εἷς
2484 3770 2688 3843 Κύριος
2722 3769 2878 3839 εἴπερ
2908 3766 3112 3837 Κύριος
3148 3766 3177 3816 6
3206 3762 3423 3830 Πατήρς
3453 3756 3611 3811 τοῦτο
3648 3753 3817 3808 πάλιν

2224 3864 2669 3937 ἀποκρινώμεθα,
2723 3862 2842 3916 καθ’
2873 3859 3012 3913 ὃτοῦ
3044 3856 3254 3927 Κυρίου
3288 3853 3407 3906 ἐστὶ
3438 3849 3662 3921 Πατήρ·
3716 3844 3814 3900 καὶ

2227 3960 2412 4015 οὐκέτι
2434 3960 2566 4029 ἡμῖν
2590 3954 2961 4025 ἀπαντήσεται
2990 3951 3044 4005 τὸ
3068 3951 3271 4020 ἄπορον
3298 3944 3478 3999 τοῦτο.

2306 4172 2418 4228 Καὶ
2467 4170 2629 4223 πάλιν
2681 4165 2776 4221 ὲὰν
2806 4163 3033 4217 εἴπωσιν
3061 4159 3111 4212 οἱ
3154 4153 3402 4217 ἀσεϐεῖςο
3439 4149 3564 4212 Πῶς
3609 4148 3710 4213 οῦκ
3752 4143 3822 4199 ἂν

2236 4263 2344 4321 εἷεν
2374 4266 2523 4338 τρεῖς
2552 4260 2676 4315 Θεοὶ
2702 4298 2716 4322 ,
2744 4257 2871 4329 τρία
2912 4253 3213 4325 Πρόσωπα,
3258 4249 3306 4300 εἰ
3357 4245 3484 4338 μίαν
3519 4241 3693 4338 ἔχοιεν
3722 4238 3823 4338 την

2237 4331 2498 4425 θεότητας
2558 4350 2852 4422 Ἑροῦμεν.,
2890 4342 3075 4413 ἐπειδὴ
3108 4341 3136 4393 ό
3167 4339 3299 4402 Θεὸς
3326 4334 3470 4407 ἁρχὴ
3503 4334 3598 4388 καὶ
3629 4331 3823 4425 Πατήρ

2237 4451 2385 4502 ἐστιν
2409 4442 2504 4499 τοῦ
2534 4441 2686 4505 Υἱοῦ,
2711 4438 2805 4497 καὶ
2834 4431 2987 4499 οὗτος
3012 4431 3172 4487 εἰκών
3197 4432 3311 4483 ἐστι
3337 4428 3430 4481 καὶ
3455 4426 3704 4495 γέννημα
3727 4419 3824 4475 τοῦ

2238 4538 2452 4610 [ἰατρὸς
2473 4536 2567 4589 καὶ
2594 4534 2695 4587 οὐκ
2716 4528 2943 4599 ἁδελφὸς
2980 4523 3167 4588 αὐτοῦ,
3190 4522 3286 4576 καὶ
3311 4517 3540 4589 Πνεῦμα
3562 4514 3827 4578 ὡσαύτως

555 4644 707 4702 ptum
732 4640 817 4686 est
848 4648 863 4685 :
893 4629 1034 4683 Deus
1057 4640 1136 4683 est
1160 4630 1381 4698 spiritus
1398 4629 1440 4681 ⁸.
1472 4626 1539 4682 Et
1566 4626 1737 4680 multo
1757 4633 1882 4678 ante
1904 4640 1936 4677 a
1965 4623 2120 4678 David

2241 4606 2458 4700 μα
2478 4625 2613 4680 Θεοῦ
2639 4627 2806 4687 ἐστιν,
2825 4622 2901 4685 ὡς
2923 4619 3234 4690 γέγραπται
3254 4630 3269 4646 ο
3310 4610 3558 4680 Πνεῦμα
3581 4610 3613 4662 ό
3639 4606 3785 4715 Bede;
3810 4622 3823 4635 ’

556 4721 892 4776 declaratum
913 4729 1018 4785 est,
1047 4719 1203 4773 ccelos
1234 4736 1343 4774 esse
1367 4720 1516 4789 verba
1541 4717 1637 4772 Dei
1658 4717 1918 4786 ﬁrmatos,
1936 4726 1994 4770 et
2025 4715 2137 4785 spis

558 4814 669 4868 ritu
695 4813 803 4867 oris
829 4813 942 4881 ejus
962 4828 1165 4866 omnem
1182 4812 1429 4867 virtutem
1443 4828 1626 4865 eorum
1644 4811 1683 4862 °.
1714 4810 1781 4867 Et
1802 4811 1853 4864 in
1871 4809 2147 4880 principio,

558 4906 789 4961 Genesis
825 4904 905 4961 sic
930 4905 1192 4974 scriptum
1227 4913 1311 4959 est
1340 4922 1353 4958 :
1381 4902 1451 4957 Et
1482 4902 1713 4973 Spiritus
1749 4902 1841 4956 Dei
1870 4901 2137 4971 ferebatur

558 5013 716 5067 super
754 4997 1011 5068 aquam'.
1056 4994 1121 5050 Et
1154 4993 1359 5053 Paulus
1397 4997 1643 5051 scribens
1680 4994 1944 5050 Romanis
1977 5012 1991 5048 :
2036 4992 2136 5047 Vos

557 5099 758 5153 autem,
794 5087 992 5158 inquit,
1032 5102 1137 5141 nou
1172 5089 1298 5142 estis
1340 5086 1396 5139 iu
1435 5102 1614 5150 carne,
1642 5085 1732 5143 sed
1761 5084 1817 5138 in
1838 5085 2060 5154 spiritu;
2092 5083 2138 5136 si

564 5193 737 5235 tamen
767 5179 1002 5249 Spiritus
1022 5179 1113 5236 Dei
1144 5180 1346 5234 habitat
1377 5181 1430 5232 iu
1465 5178 1607 5232 vobis
1634 5178 1676 5232 ⁸.
1705 5176 1771 5231 Ει
1795 5191 1987 5231 rursus
2017 5176 2094 5230 ait
2123 5193 2138 5231 :

560 5271 622 5327 Si
658 5282 835 5327 autem
865 5270 1096 5341 Spiritus
1127 5271 1239 5340 ejus
1266 5271 1356 5341 qui
1386 5269 1661 5325 suscitavit
1687 5267 1873 5322 Iesum
1908 5282 1971 5321 ea:
2000 5283 2143 5321 mor-

2241 4722 2446 4783 ᾶνωθεν
2477 4720 2534 4773 δὲ
2560 4721 2626 4773 ὲκ
2652 4715 2745 4770 τοῦ
2774 4714 3054 4787 προφήτου
3081 4708 3271 4763 Δαδίδ⁶
3321 4704 3406 4771 Τῷ
3424 4702 3585 4774 λόγῳ
3604 4699 3830 4768 Κυρίου

2240 4814 2533 4884 δεδήλωται
2583 4810 2725 4875 τοὺς
2762 4804 3059 4875 οὐρανοὺς
3127 4795 3558 4867 ἐστερεῶσθαι,
3602 4793 3700 4847 καὶ.
3748 4791 3849 4858 τῷ·

2241 4908 2532 4974 πνεύματι
2576 4902 2682 4956 τοῦ
2727 4900 3025 4969 στόματος
3049 4893 3234 4949 αὑτοῦ
3272 4889 3481 4945 πᾶσαν
3505 4887 3621 4955 τὴν
3649 4884 3834 4938 δύνα-

2237 5015 2345 5070 μιν
2390 4994 2609 5051 αὐτῶν.
2651 4993 2761 5046 Καὶ
2793 4991 2852 5045 ὲν
2881 4989 3022 5061 ἀρχῇ
3063 4985 3160 5056 τῆς
3197 4980 3576 5053 Κοσμοποιῖας
3625 4976 3835 5070 γέγρα-

2238 5107 2367 5143 πται
2411 5086 2615 5149 οὕτως’
2657 5083 2767 5140 Καὶ
2817 5082 2883 5135 τὸ
2929 5076 3174 5145 Πνεῦμα
3202 5073 3310 5129 τοῦ
3334 5072 3482 5128 Θεοῦ
3514 5065 3840 5138 ἐπεφέρετο

2238 5180 2439 5235 ἐπάνω
2487 5177 2595 5232 τοῦ
2626 5176 2857 5239 ὕδατος.
2896 5170 3009 5226 Καὶ⁸
3058 5168 3272 5231 Παῦλος
3309 5166 3366 5219 δὲ
3405 5163 3637 5237 γράφων
3699 5158 3841 5211 Ῥωε-

2244 5271 2424 5343 μαίοις
2468 5266 2630 5338 φησίν
2651 5283 2675 5323 ο,
2709 5263 2905 5333 Ὑμεῖς
2949 5258 3019 5313 δὲ
3062 5260 3173 5312 οὐκ
3198 5255 3340 5310 ἐστὲ
3365 5254 3435 5307 ἐν
3461 5247 3666 5319 σαρκὶ,
3696 5247 3838 5301 ἀλλ’

565 5365 693 5430 tuis,
742 5339 947 5419 habitat
993 5365 1048 5419 iu
1086 5339 1251 5428 vobis,
1279 5339 1386 5434 qui
1439 5362 1713 5431 suscitavit
1767 5360 2039 5433 Christum
2078 5376 2120 5414 et

2241 5339 2312 5418 ἐν
2338 5362 2662 5429 πνεύματιδ
2705 5356 2872 5422 εἴπερ
2916 5351 3161 5420 Πνεῦμα
3198 5348 3349 5404 Θεοῦ
3388 5344 3543 5399 οἰκεῖ
3566 5343 3638 5397 ἐν
3671 5339 3839 5411 ὑμῖν.

565 5458 809 5523 mortuis,
858 5457 1142 5527 viviﬁcabit
1181 5466 1232 5510 et
1281 5454 1536 5508 mortalia
1585 5468 1805 5522 corpora
1850 5463 2019 5506 vestra
2053 5469 2120 5522 pe;

2248 5455 2361 5508 Καὶ
2394 5453 2555 5507 πάλιν
2578 5451 2725 5518 λέγει
2744 5465 2757 5478 ·
2792 5449 2860 5499 Et
2891 5446 2956 5498 δὲ
2989 5444 3053 5498 τὸ
3086 5442 3332 5514 Πνεῦμα
3359 5438 3466 5493 τοῦ
3496 5436 3842 5506 ἐγείραντος

566 5526 1247 5619 ἰηΙιαὺίεαιιεεηιδρᾶτειιιηι
1296 5546 1410 5615 ejus
1449 5544 1736 5599 iuvabis".
1784 5544 1851 5598 Et
1898 5545 2093 5598 iterum

2265 5545 2514 5614 Ἰησοῦν
2542 5542 2611 5595 ἐκ
2655 5536 2884 5607 ’νεκρῶν
2912 5534 3065 5607 atas?
3092 5534 3163 5588 ἐν
3189 5531 3348 5603 ὑμῖν,
3383 5533 3417 5585 ὁ
3436 5528 3668 5617 ἐγείρας
3704 5526 3843 5590 Χρι-
3918 5580 3930 5597 ⁸

569 5639 875 5710 Quicunque
901 5612 1107 5710 Spiritu
1136 5640 1227 5694 Dei
1255 5612 1507 5709 aguntur,
1541 5637 1595 5690 hi
1625 5636 1726 5706 ﬁlii
1752 5636 1849 5691 Dei
1875 5644 2019 5700 sunt,
2046 5651 2120 5693 n02

2256 5612 2409 5693 στὸν
2447 5637 2516 5691 ἐκ
2546 5632 2775 5702 νεκρῶν
2816 5626 3164 5696 ζωοποιήσει
3205 5625 3305 5679 καὶ
3336 5623 3411 5678 τὰ
3444 5612 3860 5689 θνητὰῠμῶν,

646 5819 707 5873 ⁸1
740 5823 867 5879 Cor.
894 5838 1016 5888 vui,
1046 5822 1099 5879 6.
1176 5824 1197 5854 '
1234 5821 1393 5880 Joan.
1433 5837 1505 5882 iv.
1542 5820 1631 5877 24.
1708 5821 1730 5852 ⁸
1772 5820 1916 5876 Psal.
1954 5835 2127 5886 xxx",
2165 5818 2218 5873 6.
2244 5820 2263 5850 ⁷
2289 5819 2484 5875 Cenes.
2520 5835 2559 5880 ι,
2586 5801 2646 5869 ἓξ
2715 5815 2736 5846 ⁸
2767 5814 2926 5868 Rom.
2964 5827 3087 5878 vui,
3117 5810 3171 5865 9.
3245 5804 3421 5860 ’lhid.
3456 5804 3543 5888 li.

576 5919 719 6041 Dii)
760 5917 813 5971 Il!
849 5928 953 6045 est.
985 5919 1111 5995 quia
1140 5929 1215 5975 cst
1275 5928 1562 5988 generatus
1603 5933 1630 5972 a
1667 5916 1775 5973 Dco
1822 5915 2004 5983 Patre,
2068 5928 2330 5971 vocamus
2381 5914 2600 5981 Filium,
2654 5912 2746 5982 qui
2794 5915 2877 5965 es:
2922 5909 3101 5978 imago
3163 5904 3304 5975 ejus,
3348 5886 3540 5964 Deum,
3569 5898 3674 5953 hoc
3735 5902 3843 5964 est,

621 6003 744 6045 eum
780 6004 845 6043 ex
926 6004 1013 6042 eo.
3701 6008 3709 6017 .

621 6003 744 6051 ειιιιι
780 6004 845 6043 θΧ
879 6003 1013 6045 υεο.
3701 6008 3709 6017 -
