4100 6430
511 475 650 563 ms

1786 507 1973 558 ΚΑΤΑ
2019 504 2247 560 ΜΕΡΟΣ
2280 503 2522 557 ΠΙΣΤΙΣ.

3619 494 3648 548 1.
3660 496 3711 548 ιιι
3724 495 3762 558 ὦ,

502 623 750 694 σώματα
785 625 874 679 διὰ
900 623 1004 678 τοῦ
1030 624 1410 688 ἐνοικοῦντος
1432 621 1614 675 αὐτοῦ
1650 623 1990 690 Πνεύματος
2019 621 2066 672 ἐν]

2190 620 2328 672 enim
2358 616 2632 686 accepistis
2661 616 2910 685 spiritum
2941 617 3206 669 servitutis
3236 614 3427 669 iterum
3458 613 3515 666 in
3550 611 3757 674 timore,

504 718 665 786 ὑμῖν.
718 717 828 770 Καὶ
870 717 1030 769 πάλιν
1053 733 1066 746 ·
1104 717 1277 769 Ὅσοι
1308 715 1604 783 Πνεύματι
1644 713 1790 765 Θεοῦ
1817 711 2077 782 ἄγονται,

503 802 671 862 οὗτοι
699 807 814 860 υἱοὶ
860 805 1005 859 Θεοῦ
1047 807 1232 858 εἰσιν·
1291 806 1362 858 οὐ
1414 803 1522 872 γὰρ
1560 803 1801 856 ἐλάϐετε
1850 802 2084 870 πνεῦμα

501 895 784 979 δουλείας
827 893 1013 948 πάλιν
1052 897 1139 960 είς
1173 895 1379 962 φόϐον,
1410 895 1546 946 ἀλλ’
1576 893 1820 947 ἐλάϐετε
1851 895 2084 961 πνεῦμα

501 987 807 1052 υἱοθεσίας
860 986 929 1040 ἐν
974 979 1021 1052 ᾧ
1052 985 1355 1054 κράζομεν,
1411 983 1603 1050 Ἀϐϐιῖ,
1641 989 1672 1038 ὀ
1703 983 1922 1053 Πατήρ.
1971 986 2082 1038 Καὶ

502 1079 699 1131 πάλιν
747 1079 1060 1146 Ἃλήθειαν
1093 1078 1248 1148 λέγω
1278 1078 1347 1130 ἐν
1366 1076 1619 1146 Χριστῷ,
1652 1080 1721 1130 οὐ
1764 1076 2078 1144 ψεύδομαι,

501 1154 1043 1234 συμμαρτυρούσης
1096 1185 1202 1235 μοι
1249 1165 1360 1233 τῆς
1415 1165 1812 1234 σύνειδιήσεως
1843 1184 1958 1235 μου
2010 1167 2081 1219 ἐν

501 1259 794 1325 ΙῙνεύματι
833 1259 994 1326 άγιίε).
1030 1259 1137 1311 Καὶ
1172 1259 1331 1311 πάλιν
1351 1277 1362 1288 ·
1412 1260 1474 1311 '0
1504 1258 1571 1311 δὲ
1600 1259 1744 1325 Θεὸς
1776 1257 1883 1326 τῆς
1910 1259 2081 1312 ἐλπί-

499 1349 604 1415 δος
623 1351 934 1418 πληρώσαι
960 1351 1115 1421 ὑμᾶς
1145 1351 1349 1420 πάσης
1381 1353 1569 1422 χαρᾶς
1588 1355 1685 1408 καὶ
1717 1354 1977 1423 εἰρήνης,
2013 1355 2082 1408 ἐν

496 1447 569 1501 ἐν
599 1446 843 1516 δυνάμει
878 1450 1222 1517 Πνεύμιιτος
1257 1450 1448 1518 ἁγίου.

447 1577 454 1632 ξ
568 1542 678 1594 Καὶ
707 1544 867 1596 πάλιν
916 1545 1076 1613 φησιν
1119 1547 1230 1608 τοῖς
1279 1545 1459 1608 αὐτοῖς
1504 1545 1794 1616 Ῥωμαίοις
1819 1547 2065 1616 γράφωνο

505 1634 952 1702 Τολμηροτέρως
981 1635 1048 1688 δὲ
1087 1635 1320 1705 ἔγραψα
1364 1639 1507 1706 ὑμῖν
1548 1639 1666 1693 ἀπὸ
1706 1640 1947 1708 μέρους,
1992 1641 2072 1705 ὡς

496 1723 1043 1794 ἐπαναμιμνήσκω-
1066 1726 1220 1796 ὐμᾶς
1251 1727 1345 1781 διὰ
1383 1729 1497 1798 τὴν
1531 1730 1705 1798 χάριν
1744 1732 1857 1799 τὴν
1884 1732 2072 1785 δοθεῖ-

499 1816 618 1870 σάν
643 1833 744 1885 μοι
765 1819 881 1871 άπὸ
912 1818 1017 1871 τοῦ
1055 1821 1199 1873 Θεοῦ
1231 1824 1317 1887 εὶς
1341 1822 1405 1874 τὸ
1444 1823 1598 1876 εἷναί
1619 1841 1698 1892 με
1729 1825 2078 1894 λειτουργὸν

504 1904 704 1974 Ἰησοῦ
755 1910 1012 1976 Χριστοῦ
1057 1900 1144 1977 εἰς
1191 1913 1262 1965 τὰ
1309 1914 1451 1981 ἔθνη
1503 1916 1963 1985 λειτουργοῦντα
2006 1916 2072 1969 τὸ

496 1995 866 2066 Εὐαγγέλιον
917 1999 1022 2052 τοῦ
1077 2002 1246 2066 Θεοῦ,
1275 2002 1375 2056 ἵνα
1418 2003 1656 2072 γένηται
1689 2007 1726 2071 η
1760 2007 2074 2074 προσφορὰ

493 2085 612 2139 τῶν
638 2087 830 2141 ἐθνῶν
855 2091 1298 2157 εὐπρόσδεκτος
1324 2093 1654 2162 ἡγιασμένη
1680 2094 1750 2146 ἐν
1775 2096 2072 2164 Πνειῖματι

493 2177 672 2246 ἀγίῳο
706 2179 823 2247 ἔχω
855 2177 969 2235 οὖν
1011 2181 1124 2249 τὴν
1161 2185 1461 2252 καύχησιν
1500 2186 1570 2238 ἐν
1607 2184 1836 2253 Χριστῷ
1878 2185 2071 2254 Ἰησοῦ

494 2267 566 2319 τά
607 2267 756 2335 πρὸς
802 2270 910 2323 τὸν
947 2274 1094 2324 Θεόν
1118 2289 1129 2300 ·
1160 2277 1230 2327 οὐ
1277 2275 1385 2344 γὰρ
1419 2277 1613 2346 τολμῶ
1640 2277 1698 2329 τί
1738 2278 1951 2331 λαλεῖν
1985 2273 2072 2331 ὧν

493 2360 566 2412 οὐ
599 2363 1026 2432 κατειργάσατο
1069 2367 1322 2433 Χριστὸς
1361 2367 1434 2419 δι’
1463 2368 1629 2437 ἐμοῦ,
1677 2372 1762 2435 εἰς
1792 2370 2071 2436 ὑπακοὴν

491 2448 682 2504 ἐθνῶν
710 2455 869 2522 λόγῳ
887 2456 982 2508 καὶ
1001 2459 1170 2526 ἔργῳ,
1198 2457 1265 2510 ἐν
1288 2457 1534 2528 δυνάμει
1567 2462 1829 2531 σημείων
1853 2461 1952 2513 καὶ
1980 2479 2069 2515 τε-

484 2541 706 2610 ράτων,
737 2546 806 2599 ἐν
837 2546 1084 2616 δυνάμει
1111 2551 1458 2619 Πνεῦματος
1506 2554 1698 2622 άγίου.
1733 2555 1843 2607 Καὶ
1873 2554 2057 2607 πάλιν·

491 2636 821 2702 Παρακαλῶ
845 2637 913 2691 δὲ
933 2638 1106 2708 ὑμᾶς,
1134 2641 1404 2710 ἀδελφοὶ,
1423 2643 1518 2697 διὰ
1548 2644 1651 2697 τοῦ
1667 2646 1886 2712 Κυρίου
1903 2631 2071 2713 ημςόν

503 2726 696 2793 Ἰησοῦ
718 2707 995 2796 Χριστοῦ,
1025 2733 1123 2785 καὶ
1151 2733 1248 2786 διὰ
1275 2707 1385 2802 τῆς
1410 2736 1646 2804 ἀγάπης
1670 2707 1773 2790 τοῦ
1798 2707 2068 2807 Πνεῦέία-

489 2837 612 2884 τος.
669 2820 778 2873 Καὶ
835 2822 1007 2874 ταῦτα
1067 2825 1164 2893 μὲν
1205 2826 1516 2896 γέγραπται
1560 2831 1716 2902 ἐνττῇ
1753 2831 1889 2901 πρὸς
1933 2833 2066 2884 Ῥω-

493 2910 688 2979 μαίους
731 2912 1036 2985 Ἐπιστολῇ.

572 3004 660 3056 Ἐν
699 3004 756 3057 δὲ
779 3008 862 3076 ,τῇ
916 3007 1050 3078 πρὸς
1097 3008 1415 3080 Κορινθίους
1450 3011 1610 3064 πάλιν
1643 3012 1822 3082 λέγει·
1862 3015 1990 3068 Ὅτι
2034 3017 2069 3068 ὁ

488 3095 670 3169 λόγος
712 3113 832 3164 μου
867 3098 964 3149 καὶ
1007 3097 1074 3150 τὸ
1124 3098 1394 3169 κήρυγμά
1429 3120 1547 3170 μου
1591 3106 1700 3156 οὐκ
1737 3105 1806 3157 ἑν
1847 3106 2068 3171 πειθοῖς

2186 712 2275 766 sed
2320 710 2594 779 accepistis
2637 709 2883 778 spiritum
2930 706 3226 776 adoptionis
3266 704 3503 772 filiorum
3549 700 3662 765 Dei,
3704 716 3761 753 ιη

2186 821 2287 873 quo
2321 803 2613 855 clamamus
2643 816 2661 853 :
2692 799 2841 853 Abba
2874 799 3039 852 Pater
3061 800 3124 853 ¹⁰.
3161 797 3228 851 Et
3267 797 3462 850 iterum
3498 813 3511 848 :
3554 792 3762 848 Verita-

2189 903 2290 948 tem
2317 895 2434 946 dico
2464 894 2519 945 in
2552 891 2787 954 Christo,
2816 906 2920 944 non
2953 890 3197 950 mentior,
3239 886 3590 942 testimonium
3620 901 3760 954 prte—

2189 983 2336 1036 bente
2361 983 2493 1036 mihi
2522 981 2841 1034 conscientia
2879 995 2992 1032 mea
3031 978 3088 1030 in
3139 977 3347 1046 Spiritu
3394 985 3574 1028 sancto
3600 976 3662 1028 ¹¹.
3695 973 3762 1028 Et

2188 1093 2380 1130 rursus
2410 1093 2422 1129 :
2461 1074 2601 1128 Deus
2629 1083 2803 1127 autem
2827 1073 2935 1142 spei
2967 1071 3180 1140 impleat
3208 1085 3294 1122 vos
3326 1068 3468 1121 omni
3491 1067 3683 1137 gaudio
3710 1077 3766 1119 et.

2188 1185 2316 1237 pace
2343 1169 2397 1220 in
2430 1166 2709 1232 credendo,
2744 1176 2802 1218 ut
2831 1163 3105 1218 abundetis
3130 1163 3183 1214 in
3207 1178 3317 1230 spe,
3347 1161 3400 1214 in
3425 1161 3618 1216 uirtute
3641 1156 3762 1228 Spi-

2191 1262 2327 1313 ritus
2363 1261 2535 1313 sancti
2558 1261 2621 1313 ¹².

2112 1354 2193 1422 τῷ
2239 1357 2551 1411 πιστεύειν
2590 1358 2677 1422 εὶς
2716 1353 2783 1409 τὸ
2814 1353 3184 1422 περιοσεύειν
3203 1347 3354 1418 ὑμᾶς
3374 1348 3446 1402 ὲν
3465 1345 3541 1414 τῇ
3562 1345 3763 1399 ἐλπίδι

2249 1544 2313 1598 Et
2368 1544 2563 1598 iterum
2618 1544 2700 1597 ait-
2738 1542 2982 1597 scribens
3037 1540 3104 1594 ad
3156 1537 3375 1594 eosdem
3427 1535 3757 1590 Romanos:

2177 1637 2450 1691 Audacius
2494 1645 2670 1689 autem
2714 1635 2904 1704 scripsi
2965 1633 3109 1687 vobis
3169 1649 3234 1686 ea:
3305 1638 3474 1700 parte,
3531 1639 3591 1682 ut
3638 1639 3760 1682 tan-

2179 1745 2336 1800 quant
2388 1728 2443 1779 in
2487 1728 2794 1780 memoriam
2848 1743 2934 1778 vos
2995 1726 3245 1778 reducens
3279 1733 3490 1790 propter
3527 1719 3757 1789 gratiam

2107 1866 2150 1921 Β
2181 1837 2298 1890 qua:
2352 1814 2482 1872 data
2534 1828 2612 1873 est
2658 1819 2789 1871 mihi
2839 1835 2870 1868 a
2937 1817 3079 1881 Deo,
3133 1825 3189 1869 ut
3229 1815 3331 1867 sim
3369 1812 3610 1865 minister
3630 1808 3758 1863 Jesu

2193 1912 2246 1921 η.
2298 1915 2309 1921 -
2371 1914 2383 1921 .
2421 1915 2432 1921 .
2636 1912 2668 1921 .,
2961 1911 3008 1921 ,η
3179 1906 3219 1921 ,η
3391 1905 3425 1921 ..
3490 1920 3514 1921 η
3558 1903 3646 1921 η.

2182 1912 2383 1968 Christi
2414 1915 2471 1965 in
2505 1912 2766 1983 gentibus,
2799 1911 3138 1979 sanctiﬁcans
3175 1905 3519 1975 Evangelium
3548 1903 3665 1969 Dei,
3700 1911 3758 1955 ut

2179 2009 2274 2076 ﬁat
2311 2006 2506 2060 oblatio
2554 2005 2787 2074 gentium
2815 2011 3050 2071 accepta,
3081 1999 3434 2074 sanctificata
3465 1997 3518 2054 in
3549 1994 3759 2064 Spiritu

2178 2109 2382 2154 sancto.
2426 2097 2608 2151 Habeo
2652 2097 2818 2166 igitur
2863 2095 3091 2165 gloriam
3149 2094 3203 2146 in
3262 2091 3475 2145 Christo
3519 2087 3649 2142 Iesu
3687 2087 3759 2141 ad

2179 2191 2346 2245 Dtum
2377 2207 2396 2244 :
2427 2207 2526 2243 non
2559 2190 2696 2241 enim
2729 2188 2897 2240 audeo
2948 2185 3151 2255 aliquid
3197 2183 3340 2253 loqui
3386 2197 3587 2243 eorum,
3639 2194 3757 2248 qua:

2177 2301 2268 2354 per
2294 2301 2373 2338 me
2403 2300 2507 2337 non
2535 2282 2707 2350 effecit
2740 2280 2984 2334 Christus
3023 2279 3079 2330 in
3112 2277 3460 2330 obedientiam
3503 2273 3755 2343 gentium,

2177 2377 2332 2432 verbo
2359 2385 2406 2430 et
2444 2376 2626 2445 factis,
2654 2375 2709 2426 in
2739 2374 2931 2426 virtute
2973 2373 3241 2440 signorum
3281 2374 3331 2420 et
3367 2367 3754 2436 prodigiorum,

2178 2472 2233 2523 in
2259 2473 2444 2523 virtute
2473 2467 2703 2536 Spiritus
2735 2466 2904 2518 sancti
2933 2464 2996 2517 ¹³.
3023 2463 3088 2517 Ει
3117 2463 3310 2516 iterum
3352 2478 3364 2512 :
3403 2459 3628 2514 Obsecro
3659 2473 3760 2510 au-

2179 2572 2274 2616 tem
2305 2577 2414 2622 vos,
2442 2561 2654 2628 fratres,
2680 2575 2770 2625 per
2799 2557 3082 2609 Dominum
3112 2565 3351 2608 nostrum
3383 2551 3565 2604 Iesum
3597 2549 3757 2603 Chri—

2178 2663 2309 2715 tum,
2338 2660 2384 2704 et
2410 2667 2500 2718 per
2520 2649 2831 2701 charitatem
2857 2646 3087 2715 Spiritus
3105 2647 3168 2696 “‘.
3197 2644 3375 2712 Atque
3399 2643 3513 2696 haec
3533 2641 3756 2711 quidem

2135 2740 2142 2746 ”
2177 2743 2378 2812 scripta
2411 2749 2539 2796 sunt
2570 2738 2903 2809 inEpistola
2934 2738 3001 2792 ad
3035 2736 3333 2791 Romanos.

2246 3023 2302 3077 In
2348 3021 2589 3091 Epistula
2639 3030 2820 3073 autem
2872 3017 2938 3071 ad
2983 3013 3298 3069 Corinthios
3342 3027 3535 3066 rursus
3578 3011 3751 3066 dicit:

2178 3117 2317 3180 Quia
2351 3129 2519 3167 sermo
2548 3129 2689 3164 naeus
2720 3120 2768 3163 et
2796 3109 3106 3177 praedicatio
3132 3123 3244 3161 mea
3271 3122 3375 3158 non
3405 3106 3458 3158 in
3486 3104 3755 3173 persuasio

488 3189 866 3260 ἀνθρωπίνης
917 3190 1136 3256 σοφίας
1192 3193 1416 3260 λόγοις,
1470 3194 1606 3247 ἀλλ’
1656 3195 1726 3247 ἐν
1763 3196 2064 3261 ἀποδείξει

2170 3209 2360 3268 bilibus
2398 3209 2642 3260 humana:
2682 3202 2957 3272 sapientite
2993 3201 3180 3264 verbis,
3216 3198 3304 3252 sed
3353 3197 3406 3250 in
3458 3197 3753 3249 ostensione

488 3280 832 3347 πνεύματος
860 3281 959 3333 καὶ
989 3281 1315 3350 δυνάμεως,
1345 3284 1444 3337 ἵνα
1481 3288 1519 3353 η
1545 3287 1747 3352 πίστις
1781 3289 1951 3356 ἡμῶν
1975 3289 2060 3359 μὴ

485 3363 530 3439 ᾖ
558 3370 627 3422 ἐν
647 3371 833 3438 σοφία
861 3370 1203 3439 ἀνθρώπων,
1221 3374 1358 3427 ἀλλ’
1381 3375 1451 3427 ἐν
1477 3375 1728 3445 δυνάμει
1758 3379 1926 3434 Θεοῦ.
1956 3382 2063 3433 Καὶ

487 3463 650 3516 πάλιν
681 3462 864 3532 λέγει·
917 3465 1046 3517 Ὀτι
1087 3465 1280 3531 καθὼς
1310 3467 1645 3538 γέγραπται,
1678 3469 1715 3522 ά
1759 3472 2066 3540 ὀφθαλμὸς

486 3556 599 3608 οὐκ
626 3552 806 3620 οἶδεν,
839 3558 935 3610 καὶ
964 3553 1073 3624 οὖς
1105 3561 1215 3612 οὐκ
1247 3559 1533 3628 ἤκουσεν,
1563 3562 1659 3615 καὶ
1691 3562 1789 3615 ἐπὶ
1815 3563 2066 3632 καρδίαν

486 3647 800 3716 ἀνθρώπου
819 3651 927 3702 οὐκ
946 3650 1148 3717 ἀνέϐη,
1170 3649 1207 3704 ά
1224 3655 1256 3704 ό
1281 3651 1425 3717 Θεὸς
1441 3655 1769 3722 ἡτοίμασεν
1784 3655 1905 3721 τοῖς
1920 3657 2064 3726 άγα-

486 3737 683 3792 πῶσιν
726 3742 947 3794 αὐτόν’
994 3741 1140 3810 ἡμῖν
1181 3741 1250 3795 δὲ
1291 3746 1323 3796 ό
1355 3744 1498 3810 Θεὸς
1535 3745 1930 3814 ἀπεκάλυψεν
1968 3748 2067 3803 διὰ

484 3830 592 3884 τοῦ
630 3835 1007 3902 Πνεύματος·
1055 3834 1122 3886 τὸ
1167 3835 1276 3904 γὰρ
1325 3839 1566 3907 Πνεῦμα
1615 3839 1811 3891 πάντα
1849 3841 2066 3908 ἐρευνᾷ

486 3923 584 3975 καὶ
619 3921 691 3976 τὰ
727 3923 888 3991 ,βάθη
923 3924 1029 3977 τοῦ
1067 3927 1214 3980 Θεοῦ
1234 3946 1246 3957 ·
1279 3930 1371 3994 τίς
1397 3929 1504 3998 γὰρ
1542 3927 1705 3983 οἶδεν
1735 3931 2066 3999 ἀνθρώπων

485 4014 558 4066 τὰ
586 4013 690 4066 τοῦ
719 4014 1054 4082 ἀνθρώπου,
1085 4021 1136 4070 εί
1157 4019 1242 4085 μὴ
1273 4019 1339 4071 τὸ
1367 4020 1602 4088 πνεῦμα
1621 4022 1726 4074 τοῦ
1751 4023 2064 4090 ἀνθρώπου

486 4103 553 4157 τὸ
570 4104 639 4157 ἐν
659 4105 842 4170 αὐτῷ;
867 4106 1064 4171 Οὕτως
1077 4108 1171 4159 καὶ
1190 4106 1261 4158 τὰ
1275 4108 1380 4161 τοῦ
1400 4109 1546 4162 Θεοῦ
1566 4110 1765 4176 οὐδεὶς
1781 4112 2061 4180 ἔγνωκεν,

483 4197 539 4247 εὶ
560 4194 646 4264 μὴ
677 4195 743 4248 τὸ
770 4195 1013 4264 Πνεῦμα
1057 4197 1162 4249 τοῦ
1196 4197 1362 4251 Θεοῦ.
1394 4198 1505 4251 Καὶ
1537 4199 1699 4251 πάλιν
1725 4199 1902 4268 λέγει·
1941 4205 2064 4255 Ψυ-

485 4286 656 4354 χικὸς
681 4286 750 4338 δὲ
775 4286 1085 4355 ἄνθρωπος
1120 4290 1191 4340 οὐ
1224 4287 1458 4357 δέχεται
1485 4291 1556 4343 τὰ
1584 4290 1689 4342 τοῦ
1719 4292 2064 4361 Πνεύματος

483 4379 593 4433 τοῦ
630 4380 798 4433 Θεοῦ.

567 4471 729 4542 Ὁρᾷς
755 4472 836 4524 ὅτι
866 4471 1138 4542 πανταχοῦ
1181 4473 1282 4542 τῆς
1328 4473 1552 4544 Γραφῆς
1597 4474 1820 4545 Πνεῦμα
1861 4477 2065 4549 κηρύτ-

2171 3305 2392 3376 spiritus
2423 3309 2471 3353 et
2502 3297 2733 3360 virtutis,
2767 3303 2822 3347 ut
2844 3294 2972 3362 ﬁdes
3000 3301 3181 3345 nostra
3209 3307 3311 3343 non
3349 3290 3418 3342 sit
3452 3290 3507 3341 in
3538 3288 3752 3357 sapien-

2174 3400 2251 3451 tia
2294 3393 2583 3451 hominum,
2625 3387 2713 3442 sed
2758 3387 2812 3439 in
2857 3387 3049 3450 virtute
3097 3383 3194 3435 Dei
3221 3384 3284 3436 ⁸⁵.
3337 3380 3402 3433 Ει
3440 3382 3638 3433 iterum
3679 3377 3757 3431 ait

2173 3490 2300 3560 quia
2328 3506 2339 3540 :
2375 3485 2520 3539 Sicut
2559 3482 2815 3549 scriptum
2842 3487 2917 3531 est
2951 3493 2969 3530 :
2998 3477 3129 3540 Qua:
3157 3473 3338 3527 oculus
3358 3474 3474 3540 [non
3513 3469 3666 3535 vidit,
3703 3476 3756 3521 et

2173 3579 2319 3633 auris
2363 3593 2466 3628 non
2507 3573 2729 3636 audivit,
2773 3577 2821 3622 et
2867 3570 2922 3620 in
2968 3583 3058 3620 cor
3106 3566 3330 3619 hominis
3361 3579 3462 3615 non
3493 3560 3752 3625 ascendit,

2173 3687 2290 3742 qua:
2317 3665 2639 3738 praeparavit
2676 3663 2814 3720 Deus
2842 3657 3181 3728 diligentibus
3207 3671 3325 3708 eum
3352 3669 3369 3705 :
3402 3652 3549 3705 nobis
3579 3659 3754 3703 autem

2173 3760 2416 3816 reuelauit
2446 3758 2581 3809 Deus
2615 3770 2705 3822 per
2732 3752 2991 3821 Spiritum
3020 3765 3194 3802 suum.
3233 3746 3464 3815 Spiritus
3486 3743 3625 3796 enim
3647 3758 3755 3795 om-

2172 3856 2263 3907 nia
2303 3859 2588 3910 scrutatur,
2603 3849 2764 3900 etiam
2799 3842 3063 3913 profunda
3094 3840 3210 3895 Dei.
3252 3839 3383 3902 Quis
3415 3836 3553 3889 enim
3581 3835 3753 3886 homi-

2175 3943 2465 3999 numnovit
2492 3954 2608 4007 qua:
2641 3946 2761 3990 sunt
2805 3935 3052 3995 hominis,
3091 3931 3193 3984 nisi
3233 3929 3450 3998 spiritus
3499 3925 3748 3987 hominis,

2170 4037 2259 4105 qui
2290 4044 2364 4086 est
2405 4034 2458 4084 in
2490 4031 2648 4098 ipso?
2685 4029 2760 4080 sic
2800 4041 2915 4095 qum
2949 4034 3092 4087 sunt,
3117 4023 3237 4083 Dei,
3272 4035 3420 4073 nemo
3461 4017 3602 4070 novit
3641 4015 3748 4068 nisi

2175 4126 2407 4193 Spiritus
2441 4122 2530 4173 Dei
2559 4121 2620 4173 ιθ.
2668 4118 2733 4172 Ει
2774 4133 2967 4170 rursus
3010 4116 3121 4168 ait:
3151 4112 3415 4168 Animalis
3461 4111 3612 4163 homo
3645 4125 3748 4161 non

2172 4216 2393 4284 percipit
2415 4228 2530 4284 qua:
2555 4220 2677 4265 sunt
2709 4209 2941 4279 Spiritus
2975 4207 3069 4260 Dei
3089 4207 3153 4260 ²⁷.

2243 4485 2408 4541 Vides
2438 4483 2584 4554 quod
2618 4483 2820 4550 ubique
2852 4481 2906 4533 in
2945 4478 3223 4547 Scriptura
3267 4474 3499 4545 Spiritus
3544 4474 3742 4543 prauli-

483 4579 654 4626 τεται,
702 4563 796 4615 καὶ
842 4561 1078 4632 οὐδαμοῦ
1123 4562 1339 4616 κτιστὺν
1385 4562 1745 4632 ὀνομάζεται;
1791 4565 1856 4616 Τί
1905 4566 1949 4617 δ’
1997 4566 2063 4618 ἂν

2171 4585 2345 4639 catur,
2384 4584 2437 4627 et
2471 4586 2739 4642 nusquam
2771 4569 3084 4622 nominatur
3119 4566 3406 4620 creatura?
3435 4564 3574 4630 Quid
3615 4578 3745 4617 vero

483 4653 710 4707 εἴπωσιν
741 4655 790 4706 οἱ
829 4654 1066 4717 ἀσεϐεῖς,
1093 4653 1186 4706 τοῦ
1231 4653 1435 4724 Κυρίου
1481 4655 1898 4719 ἀποστέλλοντος
1938 4657 2065 4720 τοὺς

487 4743 733 4814 μαθητὰς
779 4743 1059 4814 βαπτίζειν
1101 4746 1158 4797 ὲν
1199 4745 1422 4814 ὀνόματι
1465 4745 1556 4796 τοῦ
1608 4746 1942 4817 Expugnat
1970 4745 2062 4800 τοῦ

483 4835 736 4896 Υἱοῦ,καὶ
763 4835 856 4888 τοῦ
884 4835 1039 4904 ἁγίου
1067 4835 1412 4906 Πνεύματος;
1440 4838 1848 4908 ἀναντιρρήτως
1881 4855 2068 4891 κοινω-

482 4927 600 4980 νίαν
629 4928 721 4979 καὶ
745 4928 971 5009 ὲνρτητα
1004 4927 1215 4998 ἔχοντα*
1245 4927 1445 4999 καθ’ἥν
1470 4928 1593 4980 οὔτε
1619 4929 1868 4999 θεότητες
1891 4933 2060 5001 τρεῖς,

481 5018 602 5087 οὔτε
620 5037 684 5072 xu
695 5020 955 5091 ριότητες,
971 5020 1083 5073 ἀλλ’
1101 5021 1313 5093 ἀληθῶς
1326 5021 1432 5073 τῶν
1446 5021 1612 5092 τριῶν
1634 5022 1678 5072 Π
1689 5021 1947 5092 ροσώπων
1963 5040 2062 5092 με-

483 5111 680 5163 νόντων
699 5110 947 5178 βεϐαίως,
975 5112 1084 5165 τῶν
1122 5113 1288 5185 τριῶν
1315 5113 1412 5184 τὴν
1444 5114 1638 5167 ’ἐνωσιν
1667 5114 2055 5184 ὁμολογητέον·

482 5203 626 5256 οὕτω
647 5203 753 5275 γὰρ
774 5203 858 5275 [τὸ
872 5205 1224 5277 ἀποστέλλων]
1245 5207 1338 5259 καὶ
1372 5207 1431 5259 τὸ
1463 5207 1944 5277 ὰποστελλόμενον,
1978 5210 2057 5260 οἰ-

481 5297 646 5359 κείως
667 5297 732 5350 ἂν
751 5298 1078 5361 πιστεύοιτο,
1097 5299 1454 5372 καθ’ὃΠατὴρ
1471 5301 1561 5354 τὸν
1577 5301 1701 5354 Υἱὸν
1719 5300 2053 5363 ἀπέστειλεν,

484 5390 577 5442 καὶ
606 5389 733 5451 Υἱὸς
762 5390 821 5442 τὸ
836 5390 1060 5460 Πνεῦμα
1078 5393 1426 5445 ἀποστέλλει·
1453 5392 1510 5446 ἓν
1525 5393 1582 5445 δὲ
1612 5393 1925 5464 Πρόσωπων
1955 5394 2054 5445 οὐκ

482 5481 549 5535 ἂν
572 5481 841 5564 πέμψειεν,
870 5484 1000 5537 αὐτὸ
1031 5486 1191 5537 ἑαυτό
1213 5503 1225 5516 ⁸
1245 5485 1420 5540 οὐκᾶν
1440 5488 1548 5559 γάρ
1569 5503 1651 5550 τις
1680 5489 1818 5540 εἴποι
1835 5487 2054 5554 Πατέρα

484 5575 862 5646 σαρκωθὲντα·
926 5578 996 5629 τὰ
1046 5579 1153 5648 γὰρ
1203 5579 1302 5648 τῆς
1351 5580 1588 5642 πίστεως
1645 5579 2048 5648 ὁμολογήματα,

481 5669 602 5729 ταῖς
633 5667 739 5721 τῶν
772 5668 1035 5738 αἱρέσεων
1066 5669 1126 5720 οὐ
1157 5669 1537 5740 συνδραμεῖται
1567 5669 1926 5734 κακοδοξίαις.
1963 5670 2053 5720 Δεῖ

482 5758 539 5810 δὲ
576 5761 691 5822 τοῖς
741 5758 905 5824 Θείοις
953 5761 1043 5814 καὶ
1091 5762 1466 5825 ἀποστολικοῖς
1515 5762 1779 5832 δόγμασιν
1823 5761 2050 5814 ἕπεσθαι

555 5874 598 5904 ¹⁰
655 5873 810 5927 Rom.
840 5889 959 5936 vnn,
988 5877 1073 5940 l4,
1115 5877 1198 5930 l5.
1280 5877 1319 5907 “
1348 5876 1506 5931 Rom.
1536 5893 1611 5937 Ix,
1647 5877 1695 5929 1.

488 5943 533 5974 ιι
558 5943 689 6021 ibid.
720 5946 772 6012 9,
817 5945 900 6008 ιο,
938 5947 1019 6000 ιι.
1103 5947 1298 6002 "Ibid.
1333 5947 1416 6022 ιι.

1774 5876 1818 5906 ¹²
1853 5874 2010 5928 Rom.
2036 5889 2124 5938 xv,
2162 5875 2252 5932 15.

1498 5947 1540 5977 ³⁸
1569 5945 1758 6002 Matth.
1785 5960 1972 6015 xxrm,
2013 5944 2097 6000 19.

2168 4666 2318 4735 impii
2349 4665 2552 4729 dicent,
2598 4661 2865 4730 siquidem
2907 4659 3152 4712 mittente
3189 4656 3418 4711 Domino
3442 4655 3744 4724 discipulos

2167 4756 2233 4810 ad
2271 4754 2654 4824 baptizandum
2683 4753 2736 4805 in
2774 4749 2994 4804 nomine
3024 4747 3222 4812 Patris,
3261 4756 3314 4802 et
3346 4745 3490 4812 Filii,
3526 4755 3580 4800 et
3615 4744 3741 4814 Spi-

2165 4847 2306 4900 ritus
2341 4845 2516 4900 sancti
2542 4843 2616 4909 ¹⁸;
2645 4857 2753 4896 non
2786 4849 2963 4910 potest
2991 4839 3292 4895 contradici
3330 4839 3461 4908 quin
3508 4837 3743 4892 habeant

2167 4935 2608 4990 communionem
2647 4943 2702 4988 et
2721 4933 3007 4994 unitatem,
3039 4932 3337 4985 secundum
3370 4943 3532 4997 quam
3565 4939 3742 4994 neque

2164 5037 2276 5083 tres
2329 5027 2664 5088 divinitates,
2710 5039 2886 5094 neque
2934 5033 3044 5077 tres
3092 5021 3512 5084 dominationes,
3563 5033 3740 5086 neque

2164 5130 2277 5174 tres
2323 5119 2661 5183 sanctitates,
2712 5117 2803 5172 sed
2857 5117 3034 5170 tribus
3063 5113 3321 5170 Personis
3363 5106 3736 5175 manentibus,

2163 5212 2319 5266 ﬁrme
2348 5212 2478 5266 unio
2510 5210 2672 5265 trium
2711 5209 3014 5264 conﬁtenda
3049 5214 3131 5260 est
3166 5225 3179 5260 :
3214 5205 3292 5259 sic
3338 5204 3482 5256 enim
3533 5217 3734 5256 conve-

2164 5305 2374 5357 nienter
2414 5303 2654 5357 creditur
2697 5303 2917 5354 mittens
2971 5308 3025 5353 et
3073 5298 3323 5351 missum.
3377 5293 3530 5348 Sicut
3570 5291 3736 5348 Pater

2164 5395 2358 5449 Filium
2382 5394 2552 5459 misit,
2575 5393 2812 5447 etFilius
2833 5390 3090 5460 Spiritum
3116 5396 3363 5442 sanctum
3388 5386 3554 5454 mittit
3581 5403 3595 5440 τ
3625 5399 3732 5439 una

2163 5501 2290 5539 vero
2319 5501 2548 5554 persona
2580 5498 2859 5552 nunquam
2902 5481 3132 5548 scipsam
3176 5479 3405 5544 miserit,
3439 5493 3548 5533 non
3583 5479 3731 5534 enim

2162 5578 2362 5647 aliquis
2393 5579 2535 5632 dicet
2563 5574 2775 5629 Patrem
2801 5575 3169 5637 incarnatum;
3199 5587 3321 5637 quin
3344 5573 3492 5626 enim
3521 5574 3574 5626 in
3596 5588 3732 5628 con—

2161 5669 2397 5724 fessione
2429 5666 2552 5720 ﬁdei
2586 5664 2950 5728 continentur,
2978 5677 3085 5715 non
3113 5671 3442 5716 concurrent
3473 5678 3597 5716 cum
3626 5663 3736 5724 falq

2147 5759 2233 5813 .sis
2267 5758 2648 5813 haereticorum
2682 5754 3046 5823 opinionibus.
3074 5752 3292 5823 Oportet
3325 5748 3504 5809 autem
3541 5765 3600 5809 ut
3629 5771 3732 5810 no—

2329 5872 2372 5905 ω
2403 5869 2742 5942 "nais-19.
2825 5871 2864 5902 ιι
2889 5869 3024 5926 Ibid.
3061 5867 3148 5924 50.
3230 5870 3274 5903 η
3302 5868 3322 5923 ι
3346 5869 3472 5926 Cor.
3496 5886 3552 5937 ιι,
3585 5872 3638 5936 ι,
3668 5869 3731 5945 5.
