4100 6416
432 461 565 519 ΗΠ

1692 470 1882 525 ΚΑΤΑ
1914 472 2145 528 ΜΕΡΟΣ
2176 473 2418 530 ΠΙΣΤΙΣ.

3537 475 3685 535 lim

433 595 499 651 ρη
509 576 674 648 μένης
711 578 966 642 πίστεως,
1011 577 1362 644 ἐκϐάλλοντες
1398 580 1499 650 τὴν
1529 579 1756 636 ἄπιστον
1798 582 1997 637 ἀντιλο-

2110 584 2408 641 dicentium
2440 584 2742 654 perfidiam.
2781 584 2925 641 Deus
2951 587 3096 641 enim
3125 586 3372 649 humana,
3396 601 3561 644 carne
3584 591 3674 644 in-

430 668 589 735 γίανο
632 666 764 730 Θεὸς
794 668 904 736 γὰρ
935 666 1239 738 σαρκωθεὶς
1267 667 1581 742 ἀνθρωπίνῃ
1622 669 1808 740 σαρκὶ,
1835 668 2006 722 καθα-

435 758 534 831 ράν
573 757 689 829 ἔχει
714 759 823 830 τὴν.
846 759 980 813 ίδίαν
1014 759 1316 830 ἐνέργειαν,
1352 759 1476 823 νοῦς
1508 762 1772 831 ἀήττητος
1797 760 1872 815 ὢν
1897 760 2006 813 τῶν

424 848 672 923 ψυχικῶν
685 851 775 903 καὶ
792 849 1067 922 σαρκικῶν
1081 850 1224 922 παθη
1233 852 1433 921 μάτων
1452 852 1546 905 καὶ
1558 852 1703 920 ἄγων
1717 851 1813 923 τὴν
1828 852 2006 923 σάρκα

428 943 524 997 καὶ
549 941 648 1005 τάς
677 943 1210 1013 σαρκικάς,κινήσεις
1238 941 1434 1006 θεῖκῶς
1474 960 1535 996 τε
1567 944 1659 995 καὶ
1689 944 2006 1015 ἀναμαρτή-

429 1050 564 1096 τως·
592 1034 687 1087 καὶ
719 1034 778 1086 οὐ
808 1032 967 1104 μόνον
996 1033 1303 1105 άκράτητος
1336 1033 1567 1105 Θανάτῳ,
1590 1034 1725 1088 ἀλλά
1748 1036 1840 1096 καὶ
1862 1034 2004 1088 λύων

430 1124 685 1180 θάνατον·
722 1126 816 1179 καὶ
841 1124 956 1178 ἔστι
987 1124 1117 1188 Θεὸς
1146 1125 1397 1197 ἀληθινὸς
1425 1129 1453 1180 ὁ
1478 1126 1718 1197 ἄσαρκος
1750 1128 1809 1181 ὲν
1837 1127 2003 1198 σαρκὶ

432 1216 785 1287 φανερωθεὶς,
806 1216 1011 1281 τέλειος
1039 1221 1106 1288 τῇ
1142 1217 1368 1289 ἀληθινῇ
1405 1217 1499 1272 καλ⁵
1534 1217 1654 1289 θείᾳ
1680 1216 1999 1289 τελειότητι,

429 1309 491 1362 οὐ
521 1308 614 1362 δύο
647 1308 935 1379 πρόσωπα,
965 1308 1082 1362 οὐδὲ
1112 1308 1220 1380 γάρ
1260 1309 1500 1380 τέσσαρα
1543 1311 1865 1381 προσκυνεῖν
1907 1308 2000 1362 λέ-

428 1416 619 1471 γομεν,
666 1399 799 1453 Θεὸν
854 1402 948 1453 καὶ
1006 1400 1132 1473 Υζὸν
1189 1399 1346 1465 Θεοῦ,
1399 1401 1494 1454 καὶ
1550 1401 1855 1472 ἄνθρωπον,
1907 1401 2002 1454 καὶ

427 1492 655 1563 Πνεῦμα
695 1493 869 1562 ἀγιον.
901 1492 995 1557 Διὸ
1035 1492 1129 1558 καὶ
1166 1492 1631 1564 ἀναθεματίζομεν
1656 1494 1784 1556 τοὺς
1830 1491 2003 1556 οὕτως

427 1582 775 1647 ἀσεϐοῦντας,
808 1584 931 1644 τοὺς
957 1581 1242 1654 ἄνθρωπον
1273 1584 1331 1635 ὲν
1359 1585 1424 1654 τῇ
1459 1581 1580 1655 θείᾳ
1608 1582 1884 1653 δοξολογίᾳ
1922 1600 2004 1636 τι-

429 1668 621 1733 θέντας
640 1686 653 1699 ·
685 1671 853 1742 ἡμεῖς
889 1669 1001 1742 γὰρ
1030 1670 1209 1740 φαμὲν
1236 1670 1517 1743 ἄνθρωπον
1550 1671 1878 1742 γεγενῆσθαι
1911 1673 2008 1748 τὸν,

424 1767 520 1822 τοῦ
577 1768 712 1824 Θεοῦ
761 1768 931 1836 Λόγον
990 1768 1127 1839 πρὸς
1182 1768 1457 1841 σωτηρίαν
1502 1768 1659 1841 ήμῶν
1683 1810 1699 1836 ,
1755 1770 1843 1824 ἵνα
1901 1771 2002 1842 τὴν

424 1860 683 1930 ὁμοίωσιν
713 1861 806 1914 τοῦ
849 1860 1175 1934 ἐπουρανίου
1222 1860 1497 1933 λάϐωμεν,
1527 1863 1621 1916 καὶ
1667 1862 1998 1935 θεοποιηθῶ-

429 1968 529 2022 μεν
559 1952 695 2024 πρὸς
720 1932 1013 2025 ὁμοιότητα
1043 1952 1136 2007 τοῦ
1185 1954 1327 2008 κατὰ
1374 1954 1535 2023 φύσιν
1579 1954 1833 2026 ἀληθινοῦ
1866 1932 1996 2010 Υίοῦ
2027 1932 2077 1998 Β

424 2042 717 2115 τοῦηΘεοῦ,
747 2044 889 2103 κατά
930 2045 1111 2118 σάρκα
1159 2045 1216 2100 δὲ
1266 2044 1397 2099 Υίοῦ
1443 2044 1754 2118 ἀνθρώπου,
1792 2048 2009 2120 Κυρίου¹

424 2134 586 2207 ἡμῶν,
618 2136 794 2207 Ἰησοῦ
825 2136 1085 2209 Χριστοῦ.

493 2226 826 2299 Πιστεύομεν
853 2229 1031 2285 τοίνυν
1064 2233 1151 2294 εἰς
1173 2231 1270 2286 ἕνα
1288 2232 1441 2297 Θεὸν,
1464 2232 1745 2287 τουτέστιν
1767 2233 1846 2295 εἰς
1871 2232 2007 2304 μίαν

422 2318 616 2394 ἀρχὴν,
639 2319 731 2373 τὸν
764 2319 896 2380 Θεὸν
937 2320 1030 2375 τοῦ
1053 2321 1237 2394 Νόμου
1279 2323 1374 2377 καὶ
1403 2322 1498 2377 τοῦ
1532 2323 1887 2392 Εύαγγελίου,
1921 2323 2002 2376 δίη·

422 2427 576 2464 καιον
600 2410 695 2464 καὶ
723 2410 957 2479 ἀγαθόν·
998 2413 1091 2467 καὶ
1121 2415 1203 2477 είς
1244 2414 1343 2470 ἕνα
1375 2414 1577 2486 Κύριον
1620 2414 1825 2487 Ἰησοῦν
1862 2416 1999 2487 Χρι-

423 2502 579 2566 στὸν,
592 2501 725 2557 Θεὸν
749 2504 1021 2575 ἀληθινὸν,
1048 2505 1329 2561 τουτέστιν
1353 2508 1540 2561 εἰκόνα
1565 2506 1820 2579 ἀληθινοῦ
1840 2506 1995 2571 Θεοῦ,

418 2592 752 2666 δημιουργὸν
799 2601 1016 2649 πάντων
1063 2594 1275 2666 ὁρατῶν
1319 2613 1380 2649 τε
1427 2597 1523 2650 καὶ
1563 2595 1835 2667 ἀοράτων,
1869 2596 1997 2650 Υίὸν

424 2684 567 2751 Θεοῦ
610 2684 705 2741 xui
753 2684 1007 2758 γέννημα,
1053 2688 1335 2757 μονογενὲς
1359 2728 1375 2752 ,
1433 2688 1531 2741 καὶ⁵
1586 2688 1754 2741 ἀΐδιον
1805 2688 1997 2757 Λόγον,

422 2774 599 2847 ζῶντα
613 2777 704 2830 καὶ
721 2777 1005 2846 ὑφεστῶτα
1016 2778 1111 2831 καὶ¹
1124 2780 1363 2851 ἐνεργὸν,
1376 2780 1463 2834 ἀεὶ
1478 2781 1702 2834 συνόντα
1714 2780 1790 2851 τῷ
1802 2777 1996 2851 Πατρί⁹

420 2869 516 2930 καὶ
549 2870 628 2933 είς
649 2869 708 2921 ἓν
728 2870 883 2937 ἆγιον
907 2869 1161 2940 Πνεῦμα⁶
1212 2872 1307 2925 καὶ
1339 2873 1419 2936 είς
1453 2873 1756 2943 παρουσίαν
1792 2870 2000 2937 ἔνδοξον

418 2957 514 3016 τοῦ
530 2959 661 3013 Υίοῦ
694 2960 789 3013 τοῦ
806 2960 939 3013 Θεοῦ
977 2961 1157 3033 σάρκα
1192 2961 1447 3027 λαϐόντος
1467 2963 1565 3034 τὴν
1600 2966 1662 3016 ὲκ
1698 2963 1996 3034 Παρθένου,

417 3050 513 3110 τοῦ
547 3050 662 3105 ἀνθ’
694 3051 852 3122 ἡμῶν
885 3052 1275 3130 ὑπομείναντος
1318 3052 1466 3124 πάθη
1498 3056 1591 3109 καὶ
1625 3054 1872 3119 θάνατον,
1908 3056 2002 3109 καὶ

418 3140 663 3219 έλθόντος
689 3145 769 3207 είς
797 3144 1091 3198 ἀνάστασιν
1116 3147 1181 3216 τῇ
1213 3145 1373 3219 τρίτῃ
1399 3146 1600 3219 ἡμέρᾳ,
1650 3148 1746 3201 καὶ
1798 3146 1998 3216 ἀναλη..

2106 685 2362 730 carnatus
2394 690 2587 745 puram
2618 676 2781 731 habet
2801 676 3079 745 propriam
3115 677 3508 746 operationem,
3535 693 3663 734 cum

2107 765 2180 821 sit
2221 782 2375 821 mens
2416 766 2768 836 passionibus
2807 768 3004 822 anima:
3039 775 3096 822 et
3137 769 3321 827 carnis
3363 767 3586 836 invicta,
3615 780 3675 825 et

2106 872 2327 912 carnem
2377 874 2441 913 ac
2496 859 2678 913 carnis
2725 868 2911 913 motus
2958 858 3250 914 divine'ac
3296 858 3416 921 sine
3451 869 3691 930 peccato.

2105 949 2416 1004 moderans.
2446 949 2551 1015 Qui
2583 965 2693 1004 non
2738 950 2916 1005 solum
2951 965 2982 1004 a
3023 958 3200 1007 morte
3229 952 3400 1009 teneri
3434 967 3544 1008 non
3576 968 3689 1022 po-v

2105 1039 2230 1106 tuit,
2266 1041 2359 1095 sed
2392 1040 2558 1094 etiam
2588 1048 2816 1095 mortem
2850 1039 3083 1106 delevit;
3113 1050 3168 1095 et
3200 1050 3283 1096 est
3310 1040 3455 1096 Deus
3493 1058 3674 1109 verus,

2105 1132 2199 1200 qui
2232 1131 2414 1186 carnis
2438 1146 2660 1201 expers,
2689 1131 2744 1185 in
2769 1147 2934 1187 carne
2962 1132 3230 1201 apparuit,
3258 1131 3528 1201 perfectus
3548 1116 3687 1187 vera

2104 1234 2159 1276 et
2209 1223 2391 1277 divina
2448 1224 2805 1293 perfectione.
2855 1222 2973 1278 Non
3012 1225 3133 1279 dua:
3185 1240 3453 1293 personae,
3499 1240 3685 1295 neque.

2103 1313 2229 1368 duae
2270 1324 2500 1377 naturae,
2540 1331 2641 1370 nec
2686 1316 2831 1369 enim
2878 1326 3116 1386 quatuor
3148 1317 3368 1371 adorari
3414 1318 3673 1385 dicimus,

2102 1398 2299 1471 Deum,
2351 1416 2406 1462 et
2450 1407 2649 1462 Filium
2703 1407 2821 1476 Dei,
2873 1418 2928 1464 et
2977 1409 3277 1477 hominem,
3305 1418 3361 1464 et
3411 1409 3675 1479 Spiritum

2104 1507 2377 1572 sanctum.
2418 1498 2624 1555 Idcirco
2647 1514 2743 1554 eos
2772 1500 3325 1567 anathematizamus,
3349 1502 3441 1570 qui
3469 1501 3550 1557 sic
3579 1502 3691 1565 im-_

2100 1591 2175 1659 pii
2210 1602 2358 1654 sunt,
2395 1592 2491 1663 qui
2536 1592 2815 1646 hominem
2869 1590 2926 1645 in
2981 1592 3165 1647 divina
3216 1593 3528 1648 laudatione
3577 1608 3694 1662 ρον

2101 1689 2260 1757 nunt.
2283 1680 2395 1755 Nos
2427 1682 2571 1737 enim
2618 1682 2853 1738 dicimus
2885 1681 3126 1737 Verbum
3164 1682 3259 1737 Dei
3295 1683 3497 1738 factum
3552 1699 3697 1750 esse,

2102 1772 2381 1840 hominem
2426 1772 2491 1827 ad
2538 1783 2783 1828 nostram
2845 1773 3099 1839 salutem,
3154 1784 3215 1828 ut
3262 1774 3690 1840 similitudinem

2102 1862 2345 1918 caelestis
2394 1863 2698 1937 capiamus,
2726 1871 2781 1918 et
2813 1863 3137 1920 deiﬁcemur
3158 1864 3227 1919 ad
3258 1865 3691 1933 similitudinem,

2099 1955 2211 2008 veri
2238 1955 2537 2023 secundum
2587 1965 2838 2010 naturam
2879 1953 3001 2008 Filii
3034 1954 3152 2019 Dei,
3206 1956 3506 2009 secundum
3546 1970 3692 2019 vero,

2100 2061 2321 2120 carnem
2362 2046 2487 2125 ilii
2537 2045 2811 2125 hominis,
2839 2045 3057 2118 Domini
3089 2047 3261 2102 nostri
3290 2046 3419 2102 Jesu
3447 2047 3675 2102 Christi.

2168 2227 2458 2294 Credimus
2486 2226 2654 2298 igitur
2684 2227 2739 2301 in
2769 2242 2938 2300 unum
2972 2226 3166 2301 Deum,
3193 2226 3246 2298 id
3282 2235 3385 2295 est,
3421 2227 3475 2282 in
3504 2244 3675 2284 unum

2099 2320 2456 2391 principium,
2504 2318 2675 2373 Deum
2734 2317 2894 2389 Legis
2936 2329 2992 2373 ct
3039 2317 3339 2389 Evangelii,
3382 2319 3590 2390 justum
3622 2328 3679 2375 et

2097 2413 2339 2477 bonum;
2369 2419 2423 2465 et
2454 2394 2537 2464 lin
2588 2425 2756 2463 unum
2798 2407 3090 2480 Dominum
3144 2406 3330 2483 {esum
3391 2409 3675 2465 Christum

2100 2503 2270 2577 Deum
2308 2518 2523 2575 verum,
2563 2501 2616 2555 id
2667 2490 2769 2565 est,
2802 2500 3093 2571 imaginem
3130 2516 3313 2571 veram
3344 2501 3519 2557 solius
3555 2504 3673 2558 veri

2100 2592 2234 2661 Dei;
2268 2600 2567 2647 creatorem
2609 2592 2855 2645 omnium
2887 2586 3180 2645 visibilium
3206 2598 3259 2644 et
3287 2590 3667 2656 invisibilium,

2101 2686 2301 2742 Filium
2337 2685 2454 2751 Dei,
2487 2693 2542 2741 et
2568 2683 2736 2739 fetum
2770 2682 3131 2757 unigenitum,
3169 2690 3223 2736 et
3242 2692 3505 2749 mternum
3543 2681 3677 2739 Ver-

2100 2781 2231 2836 bum
2264 2780 2476 2842 vivens,
2534 2786 2588 2832 et
2625 2792 2719 2847 per
2767 2792 2825 2832 se
2879 2776 3149 2830 cxsistens
3194 2785 3360 2845 atque
3418 2792 3687 2855 operans,

2103 2889 2321 2943 semper
2362 2887 2485 2926 cum
2546 2868 2705 2942 Patre
2746 2879 3088 2949 manens;_et
3122 2870 3177 2924 in
3208 2885 3376 2924 unum
3422 2879 3689 2944 sanctum.

2105 2965 2403 3035 Spiritum;
2433 2973 2488 3018 et
2517 2963 2570 3017 itt
2600 2962 2890 3016 adventum
2943 2962 3244 3034 gloriosum
3276 2962 3398 3015 Filii
3431 2960 3548 3029 Dei,
3578 2962 3687 3037 qui

2103 3073 2325 3113 carnem
2374 3055 2583 3124 accepit
2607 3070 2673 3108 ex
2707 3052 2952 3124 Virgine,
2981 3064 3039 3128 et
3068 3070 3165 3124 pro
3193 3054 3353 3109 nobis
3382 3055 3674 3124 passiones

2101 3160 2154 3205 et
2180 3159 2409 3202 mortem
2435 3146 2718 3212 sustinuit,
2751 3155 2810 3208 et
2835 3147 2993 3200 tertia
3042 3146 3130 3201 die
3156 3147 3474 3218 resurrexit,
3505 3158 3558 3201 et
3581 3162 3674 3202 as-

372 3294 378 3307 .
419 3233 622 3308 φθέμτα
663 3237 743 3299 είς
779 3236 1068 3308 οὐρανούς·
1104 3239 1199 3291 καὶ
1230 3240 1308 3302 εἰς
1338 3238 1436 3309 τὴν
1466 3239 1763 3309 μέλλουσαν
1791 3239 1997 3305 ἔνδοξον

2105 3251 2357 3310 sumptus
2379 3240 2539 3295 estin
2572 3239 2774 3306 eteius;
2795 3250 2849 3292 et
2875 3237 2928 3292 in
2949 3237 3191 3307 futurum
3234 3237 3523 3293 adventurm
3559 3238 3677 3308 glo-

418 3326 581 3387 αὐτοῦ
623 3328 920 3398 παρουσίαν
947 3346 962 3360 ο
1012 3330 1106 3397 καὶ
1145 3332 1226 3394 είς
1272 3331 1399 3400 μίαν
1444 3331 1605 3400 ἁγίαν
1645 3332 1991 3404 Ἐκκλησίαν,

418 3417 611 3487 ἀφεσιν
652 3419 958 3491 ἁμαρτιῶν,
986 3423 1188 3493 σαρκὸς
1225 3423 1542 3489 ἀνάστασιν,
1568 3423 1712 3498 ζωὴν
1753 3424 1990 3487 αἰώνιον.

501 3510 1216 3586 Ὀμολογοῦμενόμοούσιον
1249 3511 1390 3570 εἶναι
1424 3516 1502 3588 τῷ
1528 3519 1705 3589 Πατρὶ
1730 3518 1821 3577 τὸν
1868 3519 1996 3574 Υίὸν

417 3604 512 3657 καὶ
550 3596 612 3657 τὸ
657 3605 915 3677 Πνεῦμαο
950 3607 1045 3660 καὶ⁵
1089 3608 1218 3679 μίαν
1249 3608 1348 3680 τὴν
1387 3611 1574 3664 οὐσίαν
1599 3612 1700 3683 τῆς
1743 3611 1991 3686 Τριάδος,

415 3696 692 3763 τουτέστιν
726 3699 851 3770 μίαν
880 3699 1110 3771 θεότητα
1142 3701 1404 3775 φυσικῶς,
1424 3703 1717 3775 ἀγεννήτου
1745 3703 1995 3774 μένοντος

414 3796 508 3850 τοῦ
543 3797 777 3869 Πατρὸς,
806 3799 1161 3870 γεννηθέντος
1183 3800 1240 3855 δὲ
1259 3799 1352 3854 τοῦ
1377 3800 1509 3854 Υίοῦ
1539 3803 1604 3856 ὲκ
1624 3802 1837 3875 Πατρὸς
1860 3804 1998 3875 ἀλητ

415 3887 535 3960 θινῇ
560 3890 807 3960 γεννήσει
829 3890 890 3943 ού
919 3891 1137 3961 ποιήσει,
1159 3894 1225 3963 τῇ
1248 3893 1315 3947 ὲκ
1349 3892 1654 3964 βουλήσεως
1671 3911 1685 3923 ·
1713 3893 1807 3947 τοῦ
1831 3895 2001 3962 Πνεύπ

417 3995 588 4049 ματος
614 3981 679 4033 ἐκ
703 3981 803 4051 τῆς
833 3981 1023 4055 οὐσίας
1060 3981 1154 4035 τοῦ
1181 3984 1394 4055 Πατρὸς
1421 3984 1488 4037 δι’
1514 3984 1647 4038 Υἰοῦ
1681 3985 1867 4049 ἀϊδίῳς
1898 3988 1993 4039 ὲκ-

413 4077 778 4149 πεμφθέντος,
803 4078 1123 4147 ἁγιαστικοῦ
1164 4080 1264 4153 τῆς
1307 4081 1435 4152 ὅλης
1478 4083 1725 4146 κτίσεως.
1774 4083 1995 4152 Ὁμολο-

362 4200 367 4204 η
408 4179 616 4252 γοῦμεν
638 4179 698 4234 δὲ
722 4181 817 4234 καὶ
841 4181 1193 4252 σαρκωθέντα
1205 4182 1294 4237 τὸν
1310 4182 1480 4251 Λόγον
1501 4185 1595 4237 καὶ
1617 4202 1748 4253 φανε
1757 4185 1993 4255 ρωθέντα

411 4274 469 4328 ὲν
498 4275 733 4346 σαρκικῇ
763 4276 973 4345 κινήσει
1005 4275 1072 4346 τῇ
1099 4275 1163 4327 ἐκ
1190 4273 1487 4346 Παρθένου,
1515 4275 1614 4328 οὑκ
1637 4277 1695 4330 ὲν
1723 4274 1992 4351 ἀνθρώπῳ

239 4363 243 4366 ’
302 4399 310 4405 ξ
410 4367 803 4440 ὲνεργήσαντα.
834 4368 977 4432 Τοὺς
1004 4367 1070 4443 ,δὲ
1101 4366 1491 4432 κοινωνοῦντας
1520 4370 1633 4432 τοῖς
1675 4369 1991 4423 ἐκϐάλλουσι

410 4465 473 4520 τὸ
497 4465 779 4538 ὁμοούσιον
815 4465 892 4530 ὡς
923 4465 1204 4539 ἀλλότριον
1246 4466 1356 4522 τῶν
1395 4466 1649 4539 Γραφῶν,
1692 4468 1786 4521 καὶ
1825 4469 1879 4520 τὶ
1927 4469 1994 4522 ὲκ

415 4566 515 4638 τῆς
541 4566 774 4639 Τριάδος
806 4565 1022 4620 κτιστὸν
1047 4565 1266 4633 λέγουσι
1301 4566 1396 4620 καὶ
1419 4567 1709 4638 χωρίζουσι
1737 4568 1837 4639 τῆς
1864 4570 1992 4639 μιᾶς

324 4669 327 4673 ⁷
410 4667 644 4739 φυσικῆς
681 4667 954 4740 θεότητος,
986 4669 1305 4741 ἀλλοτρίους
1342 4669 1646 4741 ἡγούμεθα,
1686 4672 1781 4724 καὶ
1817 4672 1991 4726 οὐδενὶ

407 4759 517 4816 τῶν
553 4763 807 4817 τοιούτων
836 4762 1201 4835 κοινωνοῦμεν
1218 4748 1237 4793 ἠ
1260 4758 1340 4827 εἷς
1365 4763 1496 4828 Θεὸς
1519 4766 1547 4817 ὁ
1570 4744 1781 4837 Πατὴρ,
1813 4767 1846 4837 ὴ
1874 4764 1992 4819 θεό-

412 4870 515 4927 της
543 4854 578 4925 ἡ
618 4855 755 4925 μόνη
777 4871 791 4885 ·
820 4855 952 4920 Θεὸς
980 4855 1037 4908 δὲ
1063 4856 1156 4933 καὶ
1183 4856 1212 4909 ὁ
1244 4856 1394 4923 Υἱὸς,
1429 4853 1591 4910 εἰκὼν
1613 4857 1712 4927 τῆς
1736 4858 1863 4928 μιᾶς
1895 4857 1990 4911 καὶ

413 4954 583 5026 μόνης
609 4954 862 5026 θεότητος
886 4954 961 5009 ῶν
988 4954 1212 5033 ἀληθὴς,
1245 4954 1387 5035 κατά
1415 4954 1667 5035 γέννησιν
1701 4956 1795 5032 καὶ
1828 4954 1988 5025 φύσιν

413 5050 479 5119 ἢν
502 5048 568 5100 ὲκ
598 5046 693 5099 τοῦ
721 5047 934 5118 Πατρὸς
961 5046 1072 5117 ἔχει
1091 5063 1106 5077 ο
1137 5046 1340 5120 Κύριος
1367 5042 1447 5112 εἷς
1472 5048 1501 5100 ὁ
1529 5047 1660 5121 Υίός
1677 5064 1692 5078 ο
1727 5047 1988 5113 ὡσαύτως

404 5151 465 5205 δὲ
496 5150 591 5204 καὶ
621 5148 679 5202 τὸ
717 5148 944 5219 Πνεῦμα
983 5149 1082 5221 τὴν
1113 5147 1215 5215 τοῦ,
1245 5148 1373 5202 Υἰοῦ
1409 5146 1724 5223 ’κυριότητα
1760 5150 1989 5221 διαπέμ-

407 5260 509 5297 πον
555 5242 635 5306 είς
682 5241 782 5310 τὴν
824 5223 1211 5312 ἁγιαζομένην
1241 5241 1451 5296 κτίσινο
1501 5242 1629 5306 Υἱὸς
1674 5242 1987 5314 ἐπεδήμησε

406 5335 618 5407 κόσμῳ,
659 5332 837 5405 σάρκα
882 5335 947 5388 ἐκ
990 5335 1269 5408 Παρθένου
1310 5334 1510 5413 λαϐὼν,
1555 5337 1621 5406 ήν
1670 5316 1987 5407 ἐκλήρωσεν

406 5433 564 5503 ἁγίου
604 5430 920 5503 Πνεύματος
970 5434 1050 5496 εἰς
1087 5434 1180 5488 τὸν
1206 5432 1430 5487 πάντων
1476 5431 1635 5502 ἡμῶν
1679 5431 1984 5501 ἁγιασμόνο

408 5534 623 5606 θανάτῳ
666 5533 723 5586 δὲ
771 5532 1047 5605 παραδοὺς
1078 5533 1178 5605 τὴν
1224 5535 1422 5606 σάρκα,
1451 5533 1542 5587 τὸν
1575 5533 1800 5587 θάνατον
1833 5532 1990 5587 ἔλυσε

406 5628 496 5681 διὰ
520 5627 622 5698 τῆς
651 5627 1002 5689 ἀναστάσεως
1045 5627 1125 5690 είς
1156 5626 1254 5697 τὴν
1303 5626 1518 5681 πάντων
1561 5625 1716 5697 ἡμῶν
1758 5626 1991 5681 ἀνάστα-

411 5736 495 5773 σιν
514 5737 529 5750 ·
572 5717 803 5790 ἀνῆλθεν
830 5717 888 5771 δὲ
928 5718 1009 5781 είς
1035 5717 1263 5789 οὐρανὸν
1302 5718 1453 5788 ὑψῶν
1487 5721 1581 5773 καὶ
1622 5718 1859 5785 δοξάζων
1896 5723 1989 5776 άν-

409 5809 661 5883 θρώπους
702 5811 761 5864 ὲν
787 5808 996 5881 ἑαυτῷ·
1027 5808 1245 5881 ἔρχεται
1284 5809 1342 5863 δὲ
1373 5810 1434 5864 τὸ
1465 5809 1716 5882 δεύτερον
1743 5813 1985 5868 ἀποκαθ-

409 5905 575 5981 ιστῶν
599 5904 730 5979 ἡμῖν
757 5902 855 5983 τὴν
880 5902 1092 5958 αἰώνιον
1120 5902 1280 5980 ζωήν.

2100 3335 2342 3399 riosum;
2371 3340 2424 3385 et
2440 3331 2492 3385 in
2516 3346 2680 3385 unam
2698 3337 2940 3385 sanctam
2959 3328 3276 3403 Ecclesiam,
3297 3329 3689 3407 remissionem

2101 3434 2475 3495 peccatorum,
2504 3422 2687 3478 carnis
2705 3422 3184 3486 resurrectionem,
3201 3423 3366 3476 vitam
3392 3430 3672 3476 aeternam.

2170 3516 2507 3571 Conlitemur
2548 3498 3074 3569 censubstantialem
3105 3527 3227 3567 esse
3262 3511 3406 3566 Patri
3437 3498 3689 3580 Filium,

2101 3619 2156 3665 et
2190 3607 2455 3678 Spiritum
2491 3614 2763 3670 sanctum,
2798 3613 2853 3658 et
2887 3620 3050 3658 unam
3090 3603 3452 3659 substantiam
3484 3602 3672 3658 Trini-
3760 3652 3765 3657 ,

2099 3702 2250 3767 tatis,
2275 3701 2327 3756 id
2360 3709 2466 3769 est,
2497 3714 2662 3754 uuam
2695 3698 3037 3752 divinitatem
3070 3698 3412 3762 naturaliter,
3446 3712 3688 3764 manen-k

2101 3803 2156 3850 te
2183 3792 2345 3848 Patre
2373 3791 2635 3861 ingenito,
2667 3790 2850 3861 genito
2878 3801 3061 3843 autem
3102 3788 3241 3843 Filio
3267 3804 3339 3861 ex,
3358 3787 3520 3842 Patre
3544 3804 3676 3844 vera

2100 3886 2472 3957 generatione,
2509 3897 2619 3937 non
2662 3880 2901 3936 factione
2935 3897 3002 3935 ex
3029 3881 3309 3934 voluntate
3331 3898 3357 3959 ;⁵
3379 3888 3433 3948 et
3466 3878 3685 3957 Spiritu.

2100 3985 2294 4042 sancto
2342 3991 2411 4031 ex
2465 3972 2768 4030 substantia
2825 3971 3002 4026 Patris
3060 3986 3156 4039 per
3209 3970 3408 4025 Filium
3471 3979 3689 4043 aeterne,

2098 4072 2324 4137 emisso,
2358 4069 2590 4124 habente
2617 4069 2876 4122 virtutem
2902 4064 3276 4121 sanctiﬁcandi
3313 4073 3481 4118 totam
3518 4078 3685 4136 orca;

2102 4171 2300 4216 turam.
2330 4160 2669 4216 Conﬁtemur
2719 4158 2884 4214 etiam
2942 4158 3285 4211 incarnatum
3327 4154 3589 4223 Verbum,
3619 4166 3682 4234 et

2098 4250 2507 4306 manifestatum
2560 4250 2614 4303 in
2668 4246 2983 4317 operatione
3024 4246 3248 4300 ~carnis
3321 4260 3390 4300 ex
3452 4243 3674 4316 Virgine

2098 4350 2415 4412 assumptae,
2450 4355 2559 4393 non
2593 4338 2649 4392 in
2694 4335 2914 4391 homine
2939 4342 3243 4404 operatum.
3276 4333 3384 4390 Eos
3416 4350 3544 4389 vero
3573 4336 3669 4406 qui

2099 4414 2511 4490 communicant
2535 4448 2658 4507 cum
2691 4430 2780 4495 iis,
2816 4428 2911 4498 qui
2936 4427 3191 4498 rejiciunt
3218 4428 3523 4500 όμοούσιον,
3550 4438 3674 4484 tan-
3695 4470 3707 4482 .

2098 4543 2261 4598 quam
2307 4525 2544 4581 alienum
2591 4539 2620 4583 τι
2663 4521 2983 4590 Scripturis,
3016 4530 3071 4573 et
3109 4520 3202 4589 qui
3250 4521 3439 4575 dicunt
3464 4521 3672 4592 aliquid

2101 4635 2169 4674 ex
2197 4617 2465 4673 Trinitate
2496 4623 2742 4689 creatum
2777 4614 2918 4678 esse,
2940 4621 2993 4666 et
3029 4611 3097 4667 ab
3125 4627 3235 4666 una
3262 4613 3499 4668 naturali
3529 4613 3673 4669 divi-

2022 4732 2067 4789 D
2096 4711 2266 4785 nitate
2299 4716 2574 4779 separant,
2603 4708 2812 4761 alienos
2851 4702 3254 4772 existimamus,
3278 4714 3333 4761 et
3361 4722 3487 4761 cum
3518 4707 3673 4763 nullo

2096 4819 2165 4877 ex
2198 4802 2319 4873 istis
2340 4800 2781 4856 communionem
2808 4798 3092 4854 habemus.
3126 4797 3281 4855 Unus
3306 4798 3449 4854 Deus
3491 4797 3670 4865 Pater,

2096 4911 2207 4950 una
2249 4894 2530 4949 divinitas.
2577 4892 2720 4948 Deus
2763 4893 2927 4947 etiam
2959 4891 3130 4948 Filius
3156 4894 3334 4962 imago
3354 4906 3478 4945 vera
3508 4890 3671 4945 unius

2094 4995 2151 5041 et
2175 4986 2349 5057 solius
2385 4985 2685 5039 divinitatis
2716 4986 3014 5057 secundum
3055 4984 3452 5055 generationem
3489 4992 3544 5035 et
3573 4997 3673 5036 na-

2094 5084 2271 5130 turam
2300 5093 2464 5147 quam
2508 5077 2670 5133 habet
2701 5093 2730 5131 a
2760 5076 2954 5144 Patre;
2991 5075 3255 5130 Dominus
3284 5090 3427 5128 unus
3460 5071 3667 5139 Filius;

2096 5170 2347 5224 similiter
2405 5179 2586 5223 autem
2642 5178 2697 5240 et
2753 5167 2991 5238 Spiritus
3023 5176 3262 5231 sanctus,
3303 5165 3397 5235 qui
3427 5164 3677 5229 dominas

2095 5263 2298 5317 tionem
2328 5261 2453 5323 Filii
2477 5262 2530 5315 in
2560 5272 2866 5319 creaturam
2897 5261 3287 5316 sanetilicatam
3322 5256 3662 5311 transmittit.

2100 5353 2277 5409 Filius
2313 5335 2464 5408 venit
2494 5354 2549 5407 in
2590 5354 2855 5411 mundum
2907 5361 3190 5419 assumpta
3237 5362 3401 5403 carne
3445 5363 3512 5400 cx
3546 5346 3669 5400 Vir-

2094 5446 2239 5517 gine,
2262 5461 2428 5514 quam
2454 5445 2693 5515 implevit
2728 5442 2928 5512 Spiritu
2960 5454 3148 5495 sancto
3177 5440 3242 5515 ad
3272 5448 3514 5493 nostram
3542 5453 3667 5492 om-

2096 5541 2250 5593 nium
2290 5537 2809 5594 sanctilicationcm.
2850 5535 2985 5589 Cum
3026 5543 3208 5590 autem
3243 5548 3460 5588 carnem
3503 5530 3676 5602 morti;

2086 5631 2418 5699 tradidisset,
2437 5639 2666 5684 mortem
2684 5627 2878 5682 delevit
2891 5627 3224 5697 resurgendo
3240 5635 3458 5695 propter
3479 5641 3665 5681 resur-

2085 5722 2383 5778 rectionem
2403 5730 2643 5775 nostram
2669 5736 2684 5784 ;
2707 5716 2947 5772 ascendit
2964 5729 3144 5772 autem
3166 5717 3235 5771 ad
3257 5716 3479 5782 caelum,
3509 5715 3662 5771 exal-

2096 5825 2222 5869 tans
2249 5823 2304 5868 et
2337 5812 2648 5885 glorificans
2671 5808 2923 5864 homines
2953 5808 3005 5862 in
3033 5809 3246 5880 seipse;
3275 5810 3452 5864 veniet
3479 5818 3660 5865 autem

2098 5910 2293 5964 iterum
2316 5908 2381 5966 ad
2407 5902 2820 5967 instaurandum
2849 5900 3006 5958 nobis
3028 5901 3192 5959 vitam
3226 5910 3505 5965 eternam.
