4100 6382
430 431 565 493 1119

1057 431 1116 486 s.
1156 429 1484 488 GREGORll
1523 428 1881 490 maestam
1922 429 2070 487 orp.
2108 428 2293 486 psus
2324 428 2629 485 ALTERA.
2664 457 2735 468 -
2770 423 3000 483 DUBIA.
3060 389 3066 395 ’

3542 414 3680 476 1120

496 546 650 607 Unus
677 547 850 607 Filius
894 559 1019 606 ante
1074 552 1530 619 incarnationem,
1565 562 1619 610 et
1659 562 1786 624 post
1808 554 1992 610 incar-

2164 546 2260 616 Εἷς
2299 551 2428 614 Υἱὸς
2454 548 2548 604 καὶ
2600 544 2707 619 πρὸ
2751 546 2849 617 τῆς
2882 542 3212 617 σαρκώσεως
3259 540 3353 596 καὶ
3402 538 3540 612 μετὰ
3570 528 3683 612 ’τὴν

418 641 737 710 nationem;
766 642 906 697 idem
934 643 1099 698 homo
1132 652 1188 699 et
1209 643 1377 707 Deus,
1409 637 1703 714 utrumque
1732 654 1997 716 tanquam

418 749 626 803 unum;
662 744 717 790 et
739 751 848 790 non
879 736 983 790 alia
1016 737 1238 806 quidem
1284 752 1516 807 persona
1548 737 1695 793 Deus
1732 736 1994 807 Verbum,

418 825 529 881 alia
586 841 715 882 vero
747 827 914 881 homo
939 825 1135 893 Jestts;
1180 829 1272 884 sed
1334 829 1476 884 idem
1532 829 1627 900 qui
1672 830 1829 901 prius
1879 841 1999 887 erat

417 917 613 985 Filius,
648 919 835 975 unitus
863 929 946 975 est
989 921 1142 975 carni
1173 937 1239 976 ex
1272 920 1464 988 Maria,
1496 925 1843 979 constituens
1889 925 1998 981 sei-

416 1024 577 1078 psum
605 1008 908 1080 perfectum
937 1021 991 1067 et
1023 1023 1295 1079 sanctum,
1327 1029 1393 1068 ac
1426 1015 1544 1069 sine
1573 1025 1799 1084 peccato
1821 1016 1998 1071 homi-

415 1114 567 1165 nem,
600 1110 655 1157 et
696 1101 1093 1161 administrans
1133 1120 1271 1174 opus
1303 1105 1701 1163 incarnationis
1728 1109 1797 1164 ad
1835 1124 1999 1164 reno-

418 1193 695 1249 vationem
754 1195 1049 1251 salutarem
1108 1197 1468 1269 humanitatis
1498 1207 1552 1254 et
1578 1200 1745 1256 totius
1780 1203 1994 1258 mundi.

414 1280 563 1341 Deus
595 1283 755 1339 Pater
784 1285 1025 1355 perfecta
1056 1301 1292 1356 persona
1322 1288 1624 1358 perfectum
1658 1291 1822 1348 habet
1864 1291 2000 1348 Ver-

414 1375 545 1437 bum
592 1390 661 1432 ex
716 1380 897 1448 seipso
947 1395 1075 1435 vere
1127 1381 1394 1450 genitum.
1424 1381 1541 1437 Non
1573 1394 1832 1454 tanquam
1858 1384 1997 1440 Ver-

410 1466 544 1523 hum
569 1469 761 1525 vocale
810 1472 958 1540 quod
1008 1472 1322 1542 loquimur;
1356 1489 1534 1545 neque
1567 1486 1628 1530 ut
1693 1478 1867 1533 ﬁlium
1912 1495 2000 1535 sev

411 1562 655 1618 cundum
706 1564 1081 1635 adoptionem,
1106 1569 1250 1623 sicut
1280 1570 1455 1639 angeli
1506 1580 1561 1625 et
1618 1571 1873 1629 homines
1901 1589 2000 1629 vo-

410 1662 608 1709 cantur
655 1656 755 1711 lilii
785 1657 1033 1725 Dei;sed
1067 1668 1127 1714 ut
1152 1659 1348 1714 Filium
1401 1670 1599 1718 natura
1644 1661 1837 1719 Deum.
1867 1665 2001 1721 Per-

411 1744 617 1800 fectum
640 1763 772 1804 vero
801 1750 965 1807 etiam
1004 1750 1169 1805 habet
1215 1750 1479 1822 Spiritum
1510 1765 1760 1810 sanctum
1789 1773 1856 1811 ex
1886 1756 1999 1813 Deo

410 1852 510 1906 per
538 1837 738 1894 Filium
768 1841 822 1895 in
853 1842 1146 1912 adoptatos
1180 1844 1320 1900 ﬁlios
1355 1845 1613 1910 effusum,
1642 1847 1916 1903 viventem
1945 1858 1999 1904 et

409 1929 805 2001 viviﬁcantem,
859 1944 1111 1991 sanctum
1167 1945 1222 1991 et
1269 1937 1705 1994 sanctiﬁcantem
1761 1924 1857 1996 eos
1900 1941 1996 2011 qui

410 2036 537 2077 eum
567 2025 926 2095 participant;
962 2042 1072 2082 non
1107 2037 1368 2099 tanquam
1411 2031 1766 2100 spirationem
1793 2033 1863 2088 ab
1895 2033 1995 2089 ho-

410 2114 561 2169 mine
607 2117 868 2173 emissam
929 2134 1039 2174 non
1099 2137 1195 2192 per
1250 2137 1311 2178 se
1358 2124 1774 2192 subsistentem,
1804 2126 1900 2182 sed
1927 2142 1996 2182 ex

411 2204 525 2263 Deo
555 2208 850 2265 viventem.
884 2209 1043 2268 Unde
1078 2212 1321 2269 Trinitas
1358 2224 1444 2270 est
1474 2214 1794 2283 adorabilis,
1828 2217 1996 2288 glori-

412 2301 642 2357 licabilis
670 2310 725 2357 et
756 2303 1047 2372 honorata,
1076 2321 1140 2361 ac
1172 2307 1528 2371 venerabilis,
1564 2306 1727 2363 Patre
1770 2310 1993 2379 quidem

415 2393 694 2449 intellecto
727 2396 782 2448 in
817 2394 977 2461 Filio,
1008 2398 1152 2452 sicut
1199 2397 1374 2454 Filius
1400 2414 1486 2454 ,ει
1533 2399 1654 2469 ipso
1677 2409 1798 2469 est;
1856 2401 1998 2457 Filio

411 2496 543 2539 vero
578 2486 881 2556 glorilicato
912 2489 966 2543 in
1007 2487 1189 2556 Patre,
1234 2490 1377 2545 sicut
1402 2500 1487 2546 est
1520 2507 1587 2546 ex
1616 2490 1798 2560 Patre,
1828 2486 2003 2549 mani-

409 2572 615 2629 iestato
642 2577 697 2631 in
726 2576 932 2647 Spiritu
960 2591 1151 2635 sancto
1178 2582 1555 2642 sanetillcatis.

484 2666 643 2733 Quod
666 2678 848 2725 autem
885 2672 1216 2728 venerabilis
1250 2684 1335 2729 est
1378 2685 1565 2731 sancta
1598 2676 1839 2735 Trinitas
1884 2695 1997 2735 non

414 2769 666 2829 separata
700 2777 801 2816 nec
829 2763 1086 2828 alienata,
1118 2766 1279 2821 docet
1309 2783 1413 2822 nos
1445 2767 1651 2826 Paulus
1675 2773 1727 2825 in
1758 2772 2000 2842 Epistola

411 2848 480 2902 ad
529 2847 846 2905 Corinthios
895 2854 1155 2907 secunda.
1205 2853 1298 2911 Sic
1327 2857 1474 2911 enim
1513 2859 1633 2913 ait:
1670 2858 1855 2916 Gloria
1884 2861 1998 2916 Do-

414 2941 546 2994 mini
580 2943 748 2996 nostri
780 2941 910 2996 Iesu
941 2943 1165 3009 Christi,
1196 2955 1246 2999 et
1275 2947 1511 3003 charitas
1538 2948 1654 3016 Dei,
1682 2961 1732 3005 et
1760 2969 1993 3007 commu-

410 3034 611 3101 nicatio
643 3034 812 3088 sancti
847 3032 1079 3103 Spiritus
1102 3052 1221 3089 cum
1247 3039 1487 3093 omnibus
1519 3040 1661 3095 vobis
1691 3043 1757 3096 “.
1785 3040 1851 3096 Et
1881 3058 2000 3097 rur-

412 3138 512 3179 sus
552 3123 608 3179 in
652 3123 843 3179 eadem
878 3123 1118 3195 Epistola
1149 3144 1161 3181 :
1198 3126 1302 3193 Qui
1352 3140 1529 3183 autem
1581 3132 1861 3202 conﬁrmat
1901 3151 1997 3190 nos

2103 642 2410 714 σάρκωσινο
2444 641 2473 694 6
2495 640 2656 703 αὐτὸς
2681 638 2966 711 ἄνθρωπος
3002 637 3099 689 καὶ
3121 634 3274 698 Θεὸς,
3306 634 3566 703 ἑκάτερον
3604 633 3684 696 ὠς

2101 736 2159 790 ἓν
2177 753 2190 766 ·
2219 735 2311 789 καὶ
2332 736 2431 805 οὐχ
2455 734 2641 805 ἕτερον
2675 733 2773 802 μὲν
2806 732 3097 802 πρόσωπον
3127 730 3156 780 6
3182 726 3315 791 Θεὸς
3332 726 3526 795 Λόγος,
3544 725 3683 794 ᾖτε-

2101 845 2195 901 ρον
2220 828 2278 881 δὲ
2298 828 2581 899 ἄνθρωπος
2625 823 2829 910 Ἰῃσοῦς
2848 864 2862 883 ,
2889 821 3003 876 ἀλλ’
3036 819 3196 882 αὐτὸς
3239 820 3269 871 6
3313 817 3685 910 προυπαρχων

2100 920 2233 983 Υἱὸς
2263 918 2484 982 ἐνωθεὶς
2518 908 2683 987 σαρκῖ⁸
2717 918 2782 969 ὲκ
2808 913 3031 985 Μαρίας
3067 910 3327 980 κατέστη,
3352 908 3557 963 τέλειον
3588 908 3686 963 καὶ

2100 1014 2255 1082 ἆγιον
2302 1012 2397 1065 καὶ
2436 1010 2818 1083 ἀναμάρτητον
2865 1005 3150 1077 ἄνθρωπον
3187 1001 3441 1069 συνιστὰς
3467 1001 3683 1067 ἑαυτὸν,

2100 1105 2197 1160 καὶ
2227 1087 2525 1205 οἰκονομῖᾗν
2562 1104 2643 1167 εἰς
2669 1086 2966 1205 ἀνὶινέιρσιν
3449 1094 3559 1205 καῆΔ
3586 1094 3686 1205 ιιόῖ

2103 1217 2242 1270 σμου
2271 1189 2487 1263 παντὸς’
2506 1198 2772 1269 σωτήριον
2794 1213 2809 1265 _'
2835 1196 2969 1259 Θεὸς
3000 1197 3029 1248 6
3055 1194 3267 1263 Πατὴρ,
3291 1193 3496 1245 τέλειον
3527 1191 3605 1245 ὢν
3621 1189 3688 1248 νδ

2102 1290 2412 1361 πρόσωπον,
2447 1289 2650 1343 τέλειον
2679 1289 2791 1359 ἔχει
2823 1288 2914 1341 τὸν
2938 1286 3109 1356 Λόγον
3130 1283 3190 1350 ἐξ
3221 1282 3386 1369 αυτοῦ
3421 1299 3687 1355 γεγεννη-

2105 1381 2265 1452 μένον
2296 1380 2532 1453 ἀληθῶς,
2563 1382 2662 1453 οὐχ
2692 1382 2768 1445 ὡς
2798 1380 2956 1450 λόγον
3000 1378 3359 1450 λαλούμενον,
3400 1377 3522 1431 οὐδὲ
3560 1376 3685 1431 καθ’

2102 1473 2376 1529 υἱοθεσίαν
2416 1474 2557 1539 υἱὸν,
2606 1474 2682 1537 ὡς
2724 1472 2943 1542 ἄγγελοι
2976 1473 3071 1526 καὶ
3101 1471 3378 1541 ἅνθρωποι
3409 1471 3516 1523 υἱοὶ
3546 1467 3684 1522 Θεοῦ

2102 1564 2410 1629 καλοῦνται,
2443 1564 2577 1618 ἀλλὰ
2606 1564 2735 1617 Υἱὸν
2773 1562 2931 1633 φύσει
2964 1561 3096 1615 Θεόν
3119 1577 3134 1590 ο
3168 1559 3374 1614 τέλειον
3406 1558 3463 1611 δὲ
3488 1555 3684 1630 [ἔχει]

2101 1654 2195 1708 καὶ
2225 1654 2289 1708 τὸ
2316 1653 2542 1725 Πνεῦμα
2559 1654 2621 1707 τὸ
2649 1653 2803 1723 ἅγιον
2838 1654 2903 1706 ὲκ
2942 1651 3078 1706 Θεοῦ
3129 1650 3196 1704 δι’
3245 1641 3378 1733 Υβοῦ
3418 1647 3689 1721 χορηγού-

2105 1763 2266 1817 μενον
2289 1748 2369 1810 είς
2411 1747 2537 1809 τοὺς
2581 1743 3057 1815 υἱοθετουμένους,
3101 1740 3210 1807 ζῶν
3255 1739 3351 1794 καὶ
3399 1737 3685 1804 ζωοποιὸν,

2102 1839 2256 1908 ἆγιον
2286 1837 2601 1907 ἁγιαστικὸν
2647 1836 2758 1891 τῶν
2811 1832 3338 1908 μεταλαμϐανόντων
3364 1829 3552 1894 αὐτοῦ,
3587 1831 3689 1901 οὐχ

2099 1931 2176 1995 ὡς
2203 1932 2293 1985 ὑπ’
2325 1930 2615 2002 ἀνθρώπου
2641 1930 2810 2001 πνοὴν
2833 1928 3268 2000 ὲμπνευσθεῖσαν
3294 1924 3687 1991 ἀνυπόστατον,

2099 2022 2214 2077 ἀλλ’
2240 2025 2305 2078 ἐκ
2333 2023 2467 2077 Θεοῦ
2501 2021 2710 2088 ζῶσαν·
2758 2022 2827 2076 δι’
2855 2023 2990 2094 ὅπερ
3027 2023 3061 2092 ή
3103 2019 3274 2092 Τριὰς
3312 2018 3687 2091 προσκυνητὴ,

2098 2112 2328 2185 δοξαστὴ
2353 2113 2444 2167 καὶ
2477 2114 2634 2184 τιμία
2657 2113 2751 2166 καὶ
2778 2111 3072 2181 σεδάσμιος
3095 2129 3108 2141 ο
3136 2110 3351 2181 Πατρὸς
3371 2110 3468 2181 μὲν
3489 2110 3547 2161 ἐν
3572 2106 3690 2179 Υιῷ

2099 2203 2390 2275 νοουμένου
2424 2203 2612 2257 καθότι
2647 2203 2774 2267 Υἱὸς
2819 2199 2879 2266 ἐξ
2906 2199 3072 2254 αὐτοῦ
3097 2244 3111 2265 ,
3143 2198 3275 2252 Υἰοῦ
3318 2198 3376 2251 δὲ
3420 2199 3479 2250 ὲν
3510 2196 3691 2270 Harp!

2098 2295 2456 2367 δοξαζομένου
2490 2297 2613 2350 καθ’
2642 2295 2672 2348 ὃ
2703 2295 2848 2348 ἐστὶν
2888 2297 2953 2348 ὲκ
2984 2293 3199 2364 Πατρὸς
3223 2332 3239 2358 ,
3278 2290 3689 2364 φανερουμένου

2100 2391 2158 2443 ὲν
2187 2388 2467 2461 Πνεύματι
2500 2388 2641 2459 ἁγίῳ
2666 2391 2778 2452 τοῖς
2801 2384 3197 2459 ἁγιαζομένοις.

2174 2676 2299 2729 Ὅτι
2323 2673 2380 2726 δὲ
2413 2671 2709 2743 σεϐάσμιός
2738 2673 2887 2726 ἐστιν
2911 2672 2946 2743 ἠ
2983 2669 3115 2739 ἁγία
3150 2667 3321 2741 Τριὰς
3363 2667 3438 2740 μὴ
3461 2669 3692 2740 χωριζο-

2105 2769 2261 2841 μένη,
2293 2765 2431 2837 μηδὲ
2454 2762 2899 2835 ἀλλοτριουμένη.
2924 2761 3082 2815 τοῦτο
3099 2761 3346 2815 διδάσκει
3375 2761 3524 2831 ἡμᾶς
3551 2760 3713 2849 Παῦο.

2100 2859 2190 2923 λος
2227 2859 2286 2912 ὲν
2312 2860 2378 2929 τῇ
2405 2856 2543 2928 πρὸς
2577 2854 2899 2928 Κορινθίους
2936 2852 3223 2924 Ἐπιστολῇ
3262 2853 3491 2926 δευτέρᾳ
3517 2852 3691 2922 λέγων

2047 2972 2062 2986 ~
2100 2951 2272 3014 οὕτως
2290 2967 2303 2980 °
2338 2949 2401 3006 Ἡ
2415 2940 2586 3019 χάρις
2615 2947 2721 3002 τοῦ
2750 2947 2975 3015 Κυρίου
2996 2942 3166 3016 ’ἡμῶν
3189 2945 3384 3014 Ἰησοῦ
3408 2944 3688 3013 Χριστοῦ,

2100 3042 2200 3097 καὶ
2229 3043 2268 3111 ἡ
2300 3039 2500 3110 ἀγάπη
2535 3038 2645 3103 τοῦ
2672 3039 2818 3095 Θεοῦ
2838 3079 2853 3104 ,
2880 3038 2982 3121 ,καὶ
3012 3039 3051 3107 ἡ
3078 3037 3360 3095 κοινωνία
3385 3037 3492 3092 τοῦ
3517 3038 3690 3108 ἁγίου

2100 3132 2447 3201 Πνεύματος
2466 3130 2618 3201 μετὰ
2650 3122 2891 3186 πάντῶν
2910 3127 3094 3199 ὑμῶν.
3130 3130 3240 3182 Καὶ
3267 3129 3429 3183 πάλιν
3450 3129 3547 3187 διὰ
3591 3130 3692 3201 τῆς

410 3219 677 3275 vobiscum
709 3220 765 3274 in
795 3220 1030 3289 Christo,
1077 3224 1167 3293 qui
1208 3232 1259 3276 et
1304 3225 1458 3279 unxit
1487 3241 1582 3280 nos
1620 3225 1784 3291 Deus,
1824 3229 1916 3298 qui
1948 3238 1995 3285 et

2115 3224 2437 3295 Ἐπιστολῆς
2475 3224 2626 3295 δηλοῖ
2655 3223 2858 3291 λέγων’
2897 3223 2949 3310 Ὁ
2975 3221 3042 3275 δὲ
3069 3220 3333 3287 ,ϐεϐαιῶν
3367 3220 3526 3299 ’ἡμᾶς
3570 3221 3694 3309 σὺν

410 3312 638 3382 signavit
667 3328 782 3377 nos,
806 3322 857 3366 et
888 3312 1034 3367 dedit
1062 3315 1251 3384 pignus
1278 3314 1512 3385 Spiritus
1537 3317 1590 3369 in
1624 3317 1871 3371 cordibus
1897 3334 1995 3372 no—

412 3404 623 3459 stris".
656 3404 850 3460 Adhuc
875 3413 1057 3459 autem
1093 3406 1297 3461 clarius
1328 3406 1381 3460 in
1413 3407 1604 3461 eadem
1640 3405 1883 3477 Epistola
1917 3410 1998 3466 sic

414 3495 644 3551 scribit:
674 3494 810 3551 Cum
839 3496 1033 3566 legitur
1087 3496 1319 3567 Moyses,
1369 3498 1602 3553 velamen
1648 3502 1880 3569 positum
1918 3510 1998 3555 est

410 3602 570 3654 super
592 3601 683 3638 cor
709 3602 923 3651 eorum;
956 3603 1077 3639 cum
1107 3598 1283 3642 autent
1313 3591 1548 3644 conversi
1572 3590 1772 3659 fuerint
1796 3591 1867 3645 ad
1893 3590 1997 3646 Do-

412 3678 638 3742 minum,
667 3679 939 3747 auferetur
970 3681 1222 3733 uelamen.
1258 3680 1515 3735 Dominus
1534 3692 1711 3735 autem
1743 3682 1982 3752 Spiritus

410 3779 511 3827 est.
557 3769 659 3825 Ubi
702 3783 880 3825 autem
924 3770 1157 3841 Spiritus
1205 3774 1439 3840 Domini,
1484 3774 1557 3828 ibi
1598 3774 1837 3830 libertas.
1886 3775 2000 3830 Nos

414 3876 534 3915 uero
579 3877 755 3915 omnes
812 3862 1042 3916 revelata
1093 3863 1231 3931 facie
1270 3863 1500 3935 gloriam
1554 3865 1770 3919 Domini
1819 3852 1996 3936 ἔρραι-

411 3953 604 4021 lantes,
628 3955 687 4008 in
712 3954 949 4008 eamdem
972 3956 1258 4026 imaginem
1288 3957 1740 4024 transformamur
1769 3977 1802 4014 a
1826 3960 2001 4031 gloria

411 4056 466 4101 in
496 4046 742 4118 gloriam,
769 4058 1017 4119 tanquam
1053 4067 1083 4103 a
1120 4047 1336 4104 Domini
1368 4050 1576 4121 Spiritu
1605 4054 1674 4107 ".

2102 3316 2244 3386 ὑμῖν
2266 3318 2354 3382 εις
2381 3314 2642 3383 Χριστὸν
2671 3313 2771 3366 καὶ
2808 3306 3029 3381 χρίσας
3060 3311 3205 3378 Θεὸς
3233 3312 3334 3366 καὶ
3357 3306 3694 3383 σφραγισάι
3785 3304 3795 3311 ”

2096 3425 2282 3478 μενος
2311 3406 2473 3476 ἡμᾶς
2510 3406 2608 3462 καὶ
2633 3405 2778 3471 δοὺς
2806 3404 2915 3458 τὸν
2935 3406 3250 3474 ἀρραϐῶνα
3278 3405 3385 3461 τοῦ
3423 3407 3695 3476 Πνεῦμα-

2099 3520 2204 3568 τος
2241 3501 2312 3554 ὲν
2338 3500 2469 3566 ταῖς
2496 3499 2769 3567 καρδίαις
2794 3497 2983 3567 ἡμῶν.
3014 3500 3136 3551 Ἔτι
3176 3499 3235 3551 δὲ
3271 3499 3605 3572 σαφέστερον
3634 3500 3695 3553 ἐν
3738 3520 3743 3523 ί

2099 3596 2165 3663 τῇ
2199 3591 2339 3662 αὐτῇ
2387 3589 2675 3659 Ἐπιστολῇ
2704 3588 2906 3661 γράφει
2932 3588 3138 3653 οὕτως·
3183 3590 3408 3655 Ἠνίκα⁸
3433 3589 3511 3644 ἂν
3545 3591 3694 3644 ἀνα-

2100 3683 2449 3755 γινώσκεται
2476 3680 2739 3749 Μωῡσῆς
2769 3723 2781 3747 ,
2820 3680 3105 3750 κάλυμμα
3147 3681 3247 3734 ἐπὶ
3290 3681 3407 3748 τὴν
3442 3682 3695 3748 καρδίαν

2098 3773 2299 3830 αὐτῶν
2320 3774 2504 3828 κεῖται
2523 3790 2536 3803 ·
2557 3775 2742 3842 ήνίκα
2757 3772 2808 3826 δ’
2829 3772 2909 3827 ἂν
2928 3773 3266 3842 ἐπιστρέψῃ
3282 3772 3433 3842 πρὸς
3451 3774 3690 3842 Κύριον,

2082 3867 2478 3940 ,περιαιρεῖται
2508 3867 2575 3920 τὸ
2598 3864 2881 3936 κάλυμμα
2901 3882 2914 3897 ο
2949 3869 2982 3920 ό
3001 3865 3072 3919 δὲ
3096 3866 3313 3933 Κύριος
3329 3865 3395 3919 τὸ
3415 3852 3660 3935 Πνεῦμα
3673 3881 3689 3898 ·

2098 3959 2253 4013 ὅπου
2288 3958 2355 4012 δὲ
2376 3958 2442 4011 τὸ
2473 3958 2730 4027 πνεῦμα,
2752 3957 2881 4011 ἐκεῖ
2894 3957 3204 4025 ἐλευθερία
3222 3973 3235 3987 ·
3257 3957 3429 4027 ἡμεῖς
3458 3956 3527 4010 δὲ
3546 3950 3723 4011 πάν-ι’

2096 4067 2196 4115 τες
2216 4047 2764 4117 ἀνακεκαλυμμένῳ
2791 4046 3087 4115 προσώπῳ
3112 4045 3230 4113 τὴν
3259 4047 3450 4111 δόξαν
3471 4048 3695 4115 Κυρίου

412 4143 953 4213 κατοπτριζόμενοι,
1012 4145 1129 4213 τὴν
1166 4146 1362 4216 αὐτὴν
1401 4150 1605 4202 εἰκόνα
1645 4149 2175 4220 μεταμορφούμεθα
2228 4144 2347 4200 ἀπὸ
2400 4144 2587 4213 δόξης
2616 4147 2704 4209 είς
2742 4143 2962 4212 δόξαν,
3004 4143 3267 4215 καθάπερ
3303 4144 3423 4199 ἀπὸ
3470 4144 3696 4213 Κυρίου

410 4235 775 4304 Πνεύματος.

485 4326 551 4382 Et
584 4345 775 4386 rursus
801 4332 877 4386 ait
906 4331 1152 4390 Paulus:
1192 4333 1263 4389 Ut
1296 4335 1644 4391 absorbeatur
1672 4341 1812 4409 quod
1846 4355 1993 4392 mor-

390 4415 521 4472 'tale
560 4431 659 4487 est,
701 4438 733 4474 a
760 4423 888 4477 vita.
919 4423 1023 4489 Qui
1052 4434 1228 4480 autem
1255 4428 1408 4497 e/ﬁcit
1447 4445 1538 4483 nos
1568 4430 1624 4482 in
1651 4430 1759 4483 'hoe
1796 4431 1990 4499 ipsum,

411 4508 555 4562 Deus
574 4549 589 4572 ,
611 4512 861 4581 quidedit
890 4514 1032 4568 vobis
1063 4517 1251 4585 pignus
1302 4515 1537 4585 Spiritus
1555 4519 1625 4571 ³³.
1653 4517 1719 4572 Et
1749 4520 1943 4574 iterum
1975 4539 1988 4574 :

413 4600 852 4658 Commendantes
902 4609 1245 4677 nosmetipsos
1289 4616 1541 4679 tanquam
1592 4612 1823 4665 ministri
1871 4611 1990 4677 Dei,

411 4694 466 4747 in
506 4693 675 4748 multa
700 4698 979 4765 patientia,
1007 4700 1061 4751 in
1089 4698 1541 4766 tribulationibus,
1574 4703 1628 4757 in
1658 4704 1992 4757 necessitati-

413 4787 530 4857 bus,
552 4787 607 4842 in
624 4790 884 4860 angustiis
899 4791 967 4856 ³⁸,
986 4801 1039 4845 et
1060 4808 1183 4861 qlia:
1201 4805 1524 4863 sequuntur.
1547 4794 1748 4851 Deinde
1765 4796 1996 4867 subjun-

411 4884 508 4949 git,
543 4881 731 4937 dicens
758 4902 773 4938 :
808 4882 874 4937 In
899 4886 1183 4951 suauitate,
1211 4888 1267 4941 in
1305 4887 1511 4959 Spiritu
1542 4900 1748 4955 sancto,
1786 4891 1841 4944 in
1871 4894 1995 4945 cha-

410 4977 573 5030 ritate
598 4992 704 5029 non
736 4976 887 5047 ﬁcta,
918 4978 974 5031 in
1019 4976 1185 5033 Verbo
1212 4982 1470 5047 veritatis,
1508 4983 1564 5036 in
1592 4983 1782 5036 virtute
1807 4982 1901 5036 Dei
1923 4983 1993 5038 ’⁷.

411 5066 550 5133 Ecce
588 5068 678 5123 hic
717 5069 882 5123 etiam
914 5071 1217 5142 designavit
1257 5083 1483 5129 sanctus
1518 5068 1719 5129 Paulus
1755 5072 1994 5129 Trinita-

411 5168 540 5223 tem,
577 5161 870 5221 nominans
902 5162 1097 5230 Deum,
1124 5177 1179 5219 et
1212 5163 1467 5229 Verbum,
1490 5176 1544 5220 et
1570 5165 1832 5235 Spiritum
1866 5182 1994 5220 san-

409 5258 579 5303 ctum.
617 5250 681 5303 Et.
711 5250 907 5305 iterum
944 5253 1020 5305 ait
1047 5267 1057 5299 τ
1094 5256 1175 5306 An
1205 5255 1418 5309 nescitis
1447 5257 1697 5326 quoniam
1742 5255 1994 5324 templum

412 5334 506 5401 Dei
528 5340 675 5403 estis,
702 5351 753 5395 et
776 5339 1010 5411 Spiritus
1035 5343 1131 5398 Dei
1159 5345 1364 5400 habitat
1394 5347 1448 5398 in
1470 5345 1652 5399 vobis?
1674 5344 1735 5400 Si
1756 5348 1871 5416 quis
1895 5363 1993 5400 au-

411 5442 512 5480 tem
544 5431 795 5500 templum
843 5431 943 5487 Dei
980 5435 1274 5503 violaverit,
1320 5438 1583 5505 disperdet
1632 5436 1787 5489 illum
1819 5436 1979 5491 Deus.

2176 4333 2289 4386 Καὶ
2322 4332 2483 4386 πάλιν
2506 4332 2653 4402 λέγει
2678 4332 2922 4396 Παῦλος*
2959 4333 3084 4387 Ἵνα
3112 4330 3422 4401 καταποθῇ
3450 4330 3516 4386 τὸ
3549 4335 3693 4401 θνη-

2100 4427 2208 4482 τὸν
2234 4426 2354 4482 ὑπὸ
2375 4425 2487 4494 τῆς
2513 4424 2662 4493 ζωῆς
2679 4442 2694 4457 ο
2723 4429 2756 4479 ὁ
2778 4424 2849 4479 δὲ
2875 4423 3397 4495 κατεργασάμενος
3422 4424 3573 4495 ἡμεῖς
3605 4428 3695 4492 εις
3782 4459 3809 4495 ο.

2098 4514 2245 4571 αὐτὸ
2272 4517 2447 4570 τοῦτο
2473 4514 2639 4581 Θεὸς,
2666 4518 2699 4569 ό
2729 4514 2873 4581 δοὺς
2895 4515 3038 4585 ὑμῖν
3074 4516 3179 4569 τὸν
3217 4506 3533 4585 ἀρραϐῶνα
3582 4515 3693 4597 τοῦ
3751 4514 3773 4575 .'

2096 4612 2463 4680 Πνεύματος.
2492 4600 2604 4664 Kal.
2642 4609 2803 4663 πάλιν
2824 4609 2989 4680 φησιν
3007 4626 3021 4639 ·
3051 4609 3532 4676 Συνιστάνοντες
3554 4609 3693 4664 ἐαυ-

2095 4704 2237 4771 τοὺς
2265 4704 2345 4772 ὡς
2371 4703 2520 4758 Θεοῦ
2552 4701 2816 4756 διάκονοι
2838 4702 3117 4772 ὑπομονῇ
3136 4702 3363 4770 πολλῇ,
3393 4702 3689 4771 ἐνθλίψε-

2094 4814 2219 4865 σιν,
2249 4798 2321 4851 ἐν
2348 4797 2791 4867 στενοχωρίαις,
2825 4796 2920 4850 καὶ
2948 4796 3021 4868 τὰ,
3057 4795 3202 4866 ἑξῆς.
3263 4792 3400 4850 Εἶτα
3440 4796 3692 4867 ἐπιφέρει
3775 4838 3781 4843 .

2096 4889 2329 4957 λέγων’,
2358 4888 2454 4941 Ἐν
2500 4890 2884 4959 χρηστότητι,
2941 4888 3013 4941 ἐν
3057 4888 3359 4957 Πνεύματι
3390 4889 3572 4957 ἁγίῳ,
3620 4887 3693 4940 ἐν

2095 4978 2297 5049 ἀγάπῃ
2326 4980 2722 5047 ἀνυποκρίτῳ,
2750 4979 2821 5033 ἐν
2839 4979 3007 5049 Λόγῳ
3026 4979 3331 5045 ἀληθείας,
3355 4974 3689 5047 ἐνδυνὰμει
3780 5056 3785 5057 ν
3836 5030 3841 5033 ,
3894 5011 3911 5032 .

2102 5072 2270 5126 Θεοῦ.
2290 5072 2421 5125 Ἰδοὺ
2448 5071 2557 5143 γὰρ
2579 5073 2673 5125 καὶ
2695 5071 2927 5125 ἐνταῦθα
2952 5070 3151 5141 ὥρισεν
3173 5073 3201 5122 ὁ
3227 5070 3380 5139 ἅγιος
3394 5071 3493 5143 τὴν
3526 5070 3688 5139 ἁγίαν

2100 5165 2306 5237 Τριάδα
2338 5163 2610 5234 ὀνομάσας
2640 5161 2773 5217 Θεὸν
2801 5164 2894 5217 καὶ
2925 5163 3095 5231 Λόγον
3133 5163 3224 5215 καὶ
3256 5163 3482 5233 Πνεῦμα
3510 5161 3708 5231 ἃγιον.’

2099 5258 2209 5309 Καὶ
2239 5256 2403 5310 πάλιν
2435 5256 2615 5326 λέγει·
2655 5259 2778 5309 Οὐκ
2815 5254 3014 5325 οἴδατε
3046 5254 3135 5308 ὅτι
3161 5255 3308 5320 ναὸς
3349 5254 3501 5308 Θεοῦ
3523 5255 3688 5319 ἐστε,

2096 5344 2198 5399 καὶ
2230 5346 2293 5399 τὸ
2323 5346 2568 5415 Πνεῦμα
2596 5345 2700 5400 τοῦ
2735 5343 2883 5407 Θεοῦ
2908 5344 3061 5397 οἰκεῖ
3084 5344 3154 5397 ἐν
3187 5343 3363 5412 ῠμῖν;
3385 5344 3460 5398 ΕΖ
3474 5361 3555 5410 τις
3575 5343 3687 5398 τὸν

2095 5438 2247 5492 ναὸν
2264 5438 2369 5491 τοῦ
2410 5438 2559 5491 Θεοῦ
2587 5438 2829 5508 φθείρει,
2853 5436 3059 5506 φθερεῖ
3085 5436 3300 5490 τοῦτον
3325 5440 3357 5491 ὁ
3387 5438 3549 5503 Θεός.
3577 5437 3691 5491 Καὶ

411 5515 706 5589 [Templum
749 5525 885 5576 enim
916 5523 1013 5579 Dei
1044 5536 1287 5580 sanctum
1314 5536 1390 5580 est
1412 5567 1425 5591 ,
1459 5529 1596 5598 quod
1628 5532 1753 5583 estis
1779 5546 1864 5583 vos
1887 5528 1980 5602 ²⁸.]

2097 5530 2269 5583 πάλινο
2290 5531 2464 5586 Ἀλλὰ
2499 5532 2942 5594 ἀπελούσασθε,
2967 5530 3103 5584 ἀλλ’
3119 5527 3426 5598 ἐδικαιώθη
3435 5545 3496 5582 τε
3519 5527 3590 5583 ἐν
3607 5527 3691 5597 τῷ

411 5608 474 5664 Et
500 5610 694 5666 iterum
726 5631 742 5668 :
775 5614 879 5669 Sed
920 5614 1090 5669 abluti
1123 5619 1272 5683 estis,
1324 5619 1413 5672 sed
1468 5622 1791 5689 sanctiﬁcati
1814 5622 1981 5687 ’estis,

2097 5621 2334 5691 ὀνόματι
2366 5624 2587 5692 Κυρίου
2620 5621 2789 5692 ἡμῶν
2820 5622 3014 5691 Ἰησοῦ
3029 5622 3159 5701 ,καὶ
3185 5620 3348 5687 ἐντῷ
3390 5622 3688 5693 Πνεύματι

484 5804 528 5834 ²²
559 5801 599 5856 Il
622 5799 743 5855 Cor.
771 5819 892 5861 XIII.
936 5804 1023 5857 15.
1124 5805 1170 5835 ’³
1218 5804 1258 5857 ll
1309 5805 1434 5859 Cor.
1487 5824 1525 5866 t,
1582 5808 1673 5867 2i,
1720 5801 1808 5860 9.9..

415 5872 595 5946 γυιεη
635 5876 766 5929 sicut
808 5873 901 5929 Dei
936 5875 1222 5931 ministros.
1333 5879 1375 5908 ³⁷
1431 5879 1564 5933 iLiJ.
1616 5883 1669 5948 6,
1708 5872 1757 5925 'l.

1918 5810 1964 5841 ¹¹⁵
2006 5808 2048 5880 ll
2098 5809 2224 5863 Cor.
2265 5827 2345 5871 ιιι,
2376 5810 2565 5865 lii-18.
2645 5812 2687 5844 ²δ
2716 5809 2756 5864 ll
2784 5808 2909 5866 Cor.
2962 5826 3019 5880 ι’,
3050 5811 3102 5878 4,
3134 5811 3184 5867 5.
3286 5809 3329 5841 “
3366 5807 3409 5863 ll
3447 5809 3571 5865 Cor.
3610 5823 3683 5869 τι..

1863 5881 1907 5912 ³η
1940 5883 1959 5933 ι
1988 5879 2115 5935 Cor.
2147 5896 2231 5947 ιιι,
2272 5883 2356 5944 l6,
2398 5880 2479 5935 Π.
3000 5879 3003 5880 ⁷
3057 5927 3067 5933 .
