4100 6436
493 350 641 406 ΗΞῘ

1754 357 1940 410 ΚΑΤΑ
1966 357 2197 411 meo}:
2241 342 2483 414 ΠιΣτιΣ.

3589 358 3746 420 Ἠἓὲ

487 477 596 532 τοῦ
625 478 771 532 Θεοῦ
797 477 984 548 ἡμῶν.
1021 481 1131 533 Καὶ
1163 479 1322 532 πάλιν
1347 497 1358 508 ·
1387 481 1454 534 Ἡ
1484 482 1594 533 οὐκ
1629 479 1826 533 οἴδατε
1873 480 1961 532 ὅτι
1993 478 2048 532 τί

2166 480 2257 534 sed
2293 479 2578 549 justi/icati
2625 481 2750 533 estis
2785 480 2840 533 in
2882 483 3089 535 nomine
3137 481 3352 536 Domini
3404 485 3574 538 nostri
3614 484 3743 539 Jesu

487 569 729 638 σώματα
764 571 928 639 ὑμῶν
948 572 1095 637 ναὸς
1116 573 1221 625 τοῦ
1250 572 1319 624 ἐν
1349 573 1492 640 ὑμῖν
1521 575 1690 641 ἁγίου
1719 576 2064 643 Πνεύματός

486 663 676 726 ἐστιν,
700 659 770 757 qi?
797 663 965 732 ἔχετε
986 663 1102 718 ἀπὸ
1126 665 1305 728 Θεοῦ;
1326 665 1483 718 Δοκῶ
1509 667 1617 735 γὰρ
1643 667 1802 735 κάγὼ
1820 669 2063 738 Πνεῦμα

489 754 637 807 Θεοῦ
666 754 847 824 ἔχειν.
1008 761 1014 769 “

555 936 665 1008 Καὶ
693 937 854 990 πάλιν
888 938 982 991 καὶ
1033 939 1161 1009 περὶ
1193 938 1301 992 τῶν
1336 942 1466 992 υἱῶν
1519 943 1730 1014 Ἰσραὴλ
1771 945 2056 1011 διαλαλῶν,

484 1027 558 1090 ὡς
589 1027 990 1096 βαπτισθέντων
1026 1032 1082 1084 ὲν
1121 1034 1182 1101 τῇ
1217 1032 1415 1106 νεφέλῃ
1446 1035 1539 1087 καὶ
1586 1039 1643 1088 ἐν
1683 1040 1746 1107 τῇ
1792 1037 2054 1110 Θαλάσσῃ,

484 1119 675 1190 φησὶν,
724 1121 837 1173 ὅτιο
876 1121 1102 1188 Πάντες
1156 1123 1218 1176 τὸ
1266 1124 1411 1176 αὐτὸ
1438 1129 1843 1194 πνευματικὸν
1888 1131 2058 1182 ἔπιον

482 1207 642 1276 πόμα
660 1225 672 1239 .
717 1211 929 1263 ἔπινον
957 1210 1064 1278 γὰρ
1085 1212 1151 1262 ἐκ
1169 1212 1576 1281 πνευματικῆς
1604 1214 2056 1282 ἀκολουθούσης

481 1298 700 1366 πέτρας
722 1318 734 1330 ·
767 1303 803 1369 ἡ
827 1300 894 1353 δὲ
909 1301 1095 1369 πέτρα
1124 1299 1201 1372 ἦν
1220 1306 1252 1356 0'
1269 1304 1538 1370 Χριστός.
1565 1306 1672 1358 Καὶ
1702 1306 1862 1358 πάλιν
1884 1305 2049 1374 λέγει·

479 1387 576 1440 Διὸ
624 1389 874 1458 γνωρίζὶυ
906 1391 1050 1460 ὑμῖν
1095 1391 1184 1444 ὅτι
1229 1391 1430 1459 οὐδεὶς
1474 1394 1544 1447 ἐν
1569 1398 1862 1463 Πνεύματι
1908 1397 2054 1451 Θεοῦ

477 1480 683 1533 λαλῶν
705 1481 864 1552 λέγει
889 1483 1150 1552 ἀνάθεμα
1184 1485 1441 1552 Ἰησοῦν·
1469 1486 1565 1539 καὶ
1591 1488 1787 1553 οὐδεὶς
1809 1489 2058 1544 δύναται

477 1573 666 1625 εἰπεῖν
685 1575 904 1642 Κύριον
945 1577 1197 1643 Ἰησοῦν,
1227 1580 1280 1630 εὶ
1311 1578 1397 1647 μὴ
1441 1579 1511 1631 ἐν
1545 1583 1844 1650 Πνεύματι
1885 1583 2048 1654 ἁγίῳ·

476 1663 798 1732 διαιρέσεις
846 1666 913 1718 δέ
963 1667 1344 1736 χαρισμάτων
1400 1670 1594 1733 εἰσὶν,
1657 1672 1724 1725 τὸ
1773 1673 1841 1726 δὲ
1905 1675 2051 1728 αὐτὸ

476 1756 748 1823 Πνεῦμα·
781 1757 880 1809 καὶ
929 1755 1245 1825 διαιρέσεις
1286 1759 1600 1814 διακονιῶν
1643 1765 1837 1828 εἰσιν,
1878 1765 1977 1818 καὶ
2020 1768 2054 1818 ὁ

2172 571 2394 636 Christi,
2438 585 2487 626 et
2528 575 2584 625 in
2629 571 2835 642 Spiritu
2868 574 2963 626 Dei
2998 575 3246 628 nostri”.
3296 574 3362 628 Et
3394 589 3626 628 rursus:
3661 577 3744 629 An

2169 666 2378 718 nescitis
2408 666 2654 734 quoniam
2685 681 2903 733 corpora
2936 675 3106 718 vestra
3137 665 3384 734 templum
3416 676 3534 719 sunt
3568 665 3743 728 Spiri-

2171 766 2254 808 tus
2287 757 2478 821 sancti,
2509 756 2597 825 qui
2640 756 2695 808 in
2735 755 2876 808 vobis
2919 765 3017 821 est,
3061 772 3208 828 quem
3240 756 3440 810 habetis
3465 774 3496 809 a
3523 756 3631 810 Deo
3656 758 3700 788 ³ο
3720 758 3746 809 .°

2168 843 2235 899 Et
2266 847 2394 899 illud
2430 865 2441 898 :
2483 845 2675 899 Videor
2703 847 2839 899 enim
2862 855 2908 898 et
2933 863 3024 914 ego
3051 845 3310 913 Spiritum
3343 846 3438 899 Dei
3470 849 3739 902 habere“;
3832 888 3833 891 η

2240 938 2306 991 Et
2337 938 2530 992 iterum
2571 939 2798 1007 loquens
2820 938 2886 991 de
2920 938 3044 992 [iliis
3076 938 3238 991 Israel
3265 949 3522 1007 tanquam
3562 939 3742 1008 bapli-

2166 1032 2302 1085 zatis
2341 1032 2395 1084 in
2442 1032 2585 1085 nube
2619 1040 2672 1084 et
2716 1033 2767 1084 in
2801 1031 2960 1094 mari,
2992 1032 3067 1083 ait
3108 1048 3118 1082 :
3163 1029 3230 1082 Et
3276 1046 3450 1083 omnes
3503 1031 3741 1084 eumdem

2163 1125 2345 1192 potum
2371 1122 2666 1186 spiritalem
2697 1123 2935 1177 hiberum
2963 1137 2980 1174 :
3013 1121 3252 1174 bibebant
3284 1122 3422 1175 enim
3471 1123 3534 1175 de
3581 1124 3741 1191 spiri-

2167 1215 2282 1276 tali,
2311 1223 2648 1284 consequenle
2677 1229 2762 1266 eos
2811 1224 2997 1282 petra;
3025 1223 3172 1281 petra
3210 1224 3385 1266 autem
3426 1222 3539 1265 erat
3588 1213 3744 1266 Chri-

2167 1316 2278 1358 stus
2303 1305 2369 1358 ³¹.
2427 1304 2494 1358 Ει
2541 1306 2736 1358 iterum
2794 1306 2915 1356 ait:
2952 1303 3170 1372 Propter
3216 1305 3312 1356 hoc
3363 1316 3543 1356 notum
3596 1305 3740 1356 vobis

2163 1398 2329 1465 facio,
2358 1397 2498 1466 quod
2536 1411 2683 1448 nemo
2721 1396 2773 1448 in
2812 1392 3017 1462 Spiritu
3055 1395 3146 1447 Dei
3188 1393 3423 1463 loquens,
3454 1394 3581 1446 dicit
3605 1411 3740 1447 ana-

2163 1489 2337 1541 thema
2361 1487 2490 1540 Jesu
2525 1501 2541 1537 .·
2573 1496 2620 1540 et
2652 1503 2800 1539 nemo
2827 1495 2994 1554 potest
3023 1485 3195 1538 dicere
3219 1485 3505 1537 Dominum
3527 1484 3736 1549 Jesum,

2162 1580 2265 1633 nisi
2306 1581 2362 1632 in
2407 1577 2613 1648 Spiritu
2657 1585 2858 1631 sancto.
2910 1577 3208 1630 Divisiones
3254 1579 3549 1646 gratiarum
3592 1587 3736 1645 sunt,

2161 1687 2298 1724 unus
2327 1682 2503 1723 autem
2528 1669 2793 1739 Spiritus;
2820 1679 2867 1723 et
2898 1670 3180 1724 divisiones
3207 1670 3736 1722 administrationum

2159 1773 2303 1829 sunt,
2352 1780 2488 1816 unus
2530 1773 2704 1816 autem
2734 1763 3033 1827 Dominus;
3068 1763 3346 1814 divisiones
3371 1764 3737 1831 operationum

473 1846 656 1913 αὐτὸς
685 1849 900 1916 Κύριος
919 1865 934 1878 ⁴
966 1851 1063 1902 καὶ
1099 1849 1418 1918 διαιρέσεις
1437 1853 1849 1923 ἐνεργημάτων
1870 1858 2048 1922 εἰσὶν,

2153 1866 2297 1921 sunt,
2333 1865 2381 1906 et
2406 1854 2545 1906 idem
2578 1862 2653 1906 est
2690 1855 2849 1917 Deus,
2884 1854 2975 1923 qui
3003 1862 3252 1922 operatur
3281 1856 3458 1906 omnia
3485 1854 3540 1906 in
3564 1855 3737 1906 omni-

474 1938 571 1990 καὶ
598 1941 632 1992 ό
653 1941 835 2005 αὑτός
856 1940 984 1994 ἐστι
1011 1941 1152 2007 Θεὸς
1176 1945 1208 1996 ὀ
1229 1942 1488 2012 ἐνεργῶν
1513 1947 1584 1999 τὰ
1621 1946 1817 2000 πάντα
1843 1947 1912 2002 ἐν
1939 1947 2052 2004 πᾶ-

474 2044 604 2087 σιν·
641 2030 874 2096 ἑκάστῳ
904 2031 971 2085 δὲ
1002 2033 1226 2087 δίδοται
1267 2037 1302 2102 η
1348 2037 1684 2106 φανέρωσις
1724 2039 1830 2092 τοῦ
1867 2042 2054 2093 Πνεύ-

469 2133 657 2188 ματος
706 2121 855 2189 πρὸς
901 2121 967 2175 τὸ
1021 2123 1361 2198 συμφέρρνο
1498 2126 1614 2196 μὲν
1653 2127 1761 2198 γὰρ
1809 2128 1906 2182 διὰ
1944 2131 2051 2184 τοῦ

472 2215 817 2284 Πνεύματος
843 2215 1068 2270 δίδοται
1089 2219 1271 2288 λόγος
1296 2219 1570 2288 γνώσεως
1612 2223 1761 2276 κατὰ
1801 2223 1866 2277 τὸ
1906 2226 2050 2279 αὐτὸ

469 2307 742 2377 Πνεῦμα,
787 2307 966 2377 ἑτέρῳ
1005 2310 1072 2362 δὲ
1100 2311 1302 2377 πίστις
1338 2313 1407 2365 ἑν
1444 2313 1523 2379 τῷ
1543 2314 1702 2380 αὐτῷ
1729 2319 2049 2386 Πνεύματι,

468 2398 635 2463 ἄλλῳ
667 2399 735 2453 δὲ
761 2399 1127 2471 ἐνεργήματα
1158 2403 1488 2473 δυνάμεων,
1519 2407 1687 2472 ἄλλῳ
1723 2409 1789 2462 δέ
1827 2429 2052 2481 προφη-

469 2493 632 2556 τεία,
669 2493 838 2561 ἄλλῳ
881 2494 949 2547 δὲ
996 2495 1290 2564 διάκρισις
1320 2499 1694 2568 πνευμάτων,
1753 2501 1934 2571 ἑτέρῳ
1983 2505 2052 2558 δὲ

467 2582 610 2651 γένη
643 2587 940 2654 γλωσσῶν
958 2604 970 2616 ·
1007 2586 1202 2641 πάντα
1228 2588 1294 2642 δὲ
1316 2591 1499 2644 ταῦτα
1517 2592 1749 2661 ἐνεργεῖ
1768 2594 1833 2646 τὸ
1863 2595 1934 2648 ἓν
1951 2598 2048 2650 καὶ

467 2672 534 2725 τὸ
564 2675 710 2728 αὐτὸ
734 2676 975 2745 Πνεῦμα
997 2678 1267 2748 διαιροῦν
1292 2681 1411 2734 ἴδια
1437 2680 1672 2745 ἑκάστῳ
1693 2685 1886 2752 καθὼς
1907 2687 2052 2751 ,βούο

467 2770 632 2821 λεται
650 2785 664 2798 ο
712 2769 812 2824 καὶ
857 2770 1120 2838 καθάπερ
1150 2771 1216 2826 τὸ
1259 2773 1430 2843 σῶμα
1459 2775 1528 2828 ἓν
1554 2777 1724 2830 ἐστιν
1754 2778 1854 2831 καὶ
1891 2780 2048 2849 μέλη

467 2859 668 2913 πολλὰ
681 2861 824 2932 ἔχει,
852 2861 1046 2916 πάντα
1072 2861 1139 2915 δὲ
1163 2863 1234 2917 τὰ
1250 2866 1404 2934 μέλη
1426 2867 1531 2920 τοῦ
1555 2866 1827 2937 σώματος
1850 2873 2050 2926 πολλὰ

468 2950 612 3004 ὄντα
629 2951 698 3005 ἓν
724 2951 854 3006 ἐστι
881 2952 1072 3022 σῶμα,
1096 2954 1282 3021 οὕτως
1304 2956 1404 3008 καὶ
1431 2960 1464 3010 ὁ
1490 2959 1743 3025 Χριστός
1762 2976 1776 2991 ο
1811 2961 1910 3014 καὶ
1936 2963 2048 3031 γὰρ

370 3077 377 3087 ι
464 3043 536 3098 ὲν
557 3043 647 3097 ἐνὶ
663 3046 959 3114 Πνεύματι
981 3045 1204 3114 πάντες
1223 3048 1393 3117 ἡμεῖς
1417 3051 1505 3114 εἱς
1525 3049 1596 3103 ἓν
1617 3050 1793 3120 σῶμα,
1812 3053 2049 3109 ἐϐαπτί-

465 3139 714 3238 afﬁrmet.
746 3139 857 3238 Καὶ
891 3139 1051 3205 πάλιν
1077 3139 1261 3218 λέγει·
1297 3145 1360 3196 Εἰ
1402 3145 1500 3213 μὲν
1538 3145 1647 3218 γὰρ
1687 3149 1720 3205 ὁ
1753 3148 2048 3218 ἐρχόμενος
2075 3181 2116 3238 C

434 3255 437 3257 -
465 3227 624 3282 ἄλλον
664 3228 869 3301 Ἰησοῦν
890 3232 1153 3303 κηρύσσει
1178 3233 1236 3287 ὃν
1259 3235 1358 3288 οὐκ
1380 3237 1748 3310 ἐκηρύξαμεν,
1773 3239 1805 3309 ἢ
1831 3239 2048 3310 πνεῦμα

465 3319 648 3391 ἕτερον
681 3321 984 3391 λαμϐάνετε
1004 3323 1044 3378 ·ὃ
1063 3326 1164 3378 οὑκ
1189 3327 1428 3393 ἐλάϐετε,
1459 3320 1494 3400 ἦ
1517 3322 1830 3399 εὐαγγέλιον
1862 3333 2049 3404 ἕτερον

465 3411 494 3464 ὃ
526 3415 624 3467 οὐκ
658 3414 930 3479 ἐδέξασθε,
963 3414 1237 3481 καλῶς’ἂν
1257 3419 1485 3490 εῖχεσθε.

546 3502 708 3577 Ὁρᾷς
741 3507 822 3559 ὅτι
856 3508 1156 3579 ἀχώριστόν
1182 3511 1299 3563 ἐστι
1321 3511 1381 3564 τὸ
1399 3511 1620 3583 Πνεῦμα
1648 3513 1746 3584 τῆς
1761 3513 2044 3585 Θεὸτητος,

465 3595 560 3648 καὶ
593 3597 691 3650 οὐκ
720 3596 785 3650 ἄν
813 3616 896 3662 τις
916 3600 1154 3664 εὐσεϐῶς
1185 3601 1396 3671 φρονῶν
1417 3595 1621 3672 κτίσμα
1665 3603 1798 3656 αὐτὸ
1842 3604 2046 3658 ὑπολά-

465 3686 570 3741 ϐοι.
615 3690 702 3742 Ἐν
729 3690 784 3744 δὲ
809 3694 876 3763 τῇ
907 3685 1044 3765 πρὸς
1084 3694 1366 3766 Ἐϐραίους
1405 3695 1688 3769 Ἐπιστολῇ
1716 3698 1877 3751 πάλιν
1911 3698 2048 3770 γρά-

463 3798 554 3850 φει
601 3781 820 3868 οὕτως(
859 3785 994 3852 Πῶς
1021 3787 1192 3856 ἡμεῖς
1242 3788 1650 3858 ἐκφευξόμεθα
1680 3793 2048 3860 τηλικαύτης

462 3872 879 3941 ἀμελήσαντες
905 3880 1200 3946 σωτηρίας
1210 3896 1229 3944 ;
1262 3881 1391 3947 ἥτις
1423 3883 1622 3952 ἀρχὴν
1650 3884 1925 3937 λαϐοῦσα
1946 3888 2048 3938 λα-

461 3964 695 4018 λεῖσθαι
715 3966 958 4020 ὺπὸλτοῦ
985 3970 1205 4036 Κυρίου
1243 3971 1342 4024 διὰ
1377 3972 1496 4025 τῶν
1530 3973 1922 4027 ἀκουσάντων
1960 3977 2046 4040 εἰς

461 4055 619 4124 ἡμᾶς
659 4058 972 4127 ἐϐεϐαιώθη
995 4100 1009 4124 ,
1040 4065 1700 4131 συνεπιμαρτυροῦντος
1743 4066 1850 4120 τοῦ
1896 4066 2045 4119 Θεοῦ

459 4147 730 4217 σημείοις
766 4149 865 4203 καὶ
904 4152 1108 4219 τέρασι
1143 4154 1240 4206 καὶ
1281 4155 1581 4221 ποικίλαις
1613 4154 1907 4226 δυνάμεσι
1947 4158 2044 4211 καὶ

457 4241 807 4310 Πνεύματος
832 4241 1003 4311 ἁγίου
1017 4245 1347 4313 μερισμοῖς.
1381 4247 1492 4298 Καὶ
1525 4246 1686 4300 πάλιν
1719 4249 1776 4299 ἐν
1810 4249 1874 4318 τῇ
1904 4248 2040 4318 αὐτῇ

473 4331 756 4404 Ἐπιστολῇ
792 4351 956 4404 φησιν
981 4353 994 4365 ·
1026 4336 1120 4388 Διὸ
1149 4336 1341 4403 καθὼς
1385 4335 1546 4408 λέγει
1575 4339 1641 4393 τὸ
1687 4340 1930 4408 Πνεῦμα
1974 4340 2040 4393 τὸ

459 4421 629 4493 ἅγιον
648 4438 664 4453 ⁶
694 4423 963 4493 Σήμερον
985 4425 1094 4479 ἐὰν
1119 4424 1228 4495 τῆς
1252 4427 1457 4496 φωνῆς
1493 4429 1679 4484 αὐτοῦ
1719 4431 2036 4500 ἀκούσητε,

2156 1948 2272 1998 bus.
2308 1945 2599 2015 Unicuique
2626 1953 2800 1997 autem
2824 1946 2986 1998 datur
3008 1949 3370 2016 manifestatio
3395 1949 3630 2018 Spiritus
3664 1949 3734 2002 ad

2154 2039 2460 2093 utilitatem.
2487 2041 2598 2094 Alii
2619 2042 2826 2111 quidem
2854 2057 2944 2109 per
2974 2038 3235 2109 Spiritum
3258 2042 3420 2094 datur
3447 2058 3617 2095 sermo
3645 2059 3736 2094 sa-

2152 2131 2398 2199 pientiaz;
2432 2131 2528 2184 alii
2555 2141 2730 2184 autem
2768 2147 2937 2184 sermo
2969 2132 3230 2194 scientia',
3269 2131 3558 2184 secundum
3587 2147 3734 2183 eum-

2153 2223 2268 2276 dem
2291 2221 2584 2291 Spiritum;
2610 2224 2706 2276 alii
2739 2218 2867 2292 ﬁdes
2898 2223 2953 2276 in
2988 2222 3165 2277 eodem
3209 2221 3452 2293 Spiritu;
3488 2225 3582 2277 alii
3615 2239 3734 2277 vero

2153 2314 2487 2383 operationes
2528 2315 2815 2376 virtutum;
2853 2314 2950 2367 alii
2989 2315 3299 2384 prophetia;
3344 2316 3440 2368 alii
3484 2317 3733 2369 discretio

2151 2406 2471 2474 spirituum;
2495 2403 2590 2456 alii
2623 2421 2814 2472 genera
2842 2406 3181 2474 linguarum;
3209 2409 3305 2460 alii
3332 2425 3448 2461 vero
3482 2409 3734 2478 interpres

2151 2496 2281 2550 latio
2314 2513 2631 2551 sermonum.
2665 2497 2860 2551 Omnia
2891 2508 3066 2551 autem
3094 2498 3205 2553 haec
3241 2510 3489 2566 operatur
3523 2517 3657 2553 unus
3681 2509 3731 2553 et

2152 2585 2290 2638 idem
2329 2583 2589 2654 Spiritus,
2623 2586 2863 2639 dividens
2896 2587 3120 2657 singulis
3147 2599 3302 2657 prout
3339 2589 3467 2642 vult.
3501 2588 3568 2642 Et
3591 2591 3730 2643 sicut

2154 2691 2314 2729 unum
2339 2693 2528 2744 corpus
2551 2687 2648 2742 est,
2680 2677 2850 2730 multa
2880 2688 3054 2731 autent
3084 2679 3234 2732 habet
3251 2672 3526 2741 membra;
3551 2680 3730 2731 omnia

2149 2784 2268 2821 vero
2312 2770 2543 2822 membra
2576 2772 2833 2840 corporis,
2860 2787 2976 2823 cum
3015 2771 3120 2823 sint
3152 2771 3338 2836 multa,
3364 2788 3528 2824 unum
3557 2780 3729 2824 tamen

2149 2877 2338 2930 corpus
2383 2876 2542 2927 sunt;
2585 2863 2664 2916 ita
2702 2873 2751 2916 et
2795 2863 3060 2917 Christus.
3116 2862 3310 2917 Omnes
3358 2864 3496 2917 enim
3537 2880 3630 2916 nos
3672 2864 3729 2915 in

2149 2968 2311 3006 unum
2336 2969 2520 3022 corpus
2546 2955 2800 3022 baptizati
2826 2971 3005 3008 sumus
3025 2955 3088 3007 ³³.
3127 2954 3192 3008 Ει
3219 2971 3414 3010 rursus
3444 2956 3520 3009 ait
3552 2973 3564 3008 :
3591 2953 3728 3008 Nam

2150 3047 2263 3102 siis
2285 3048 2379 3118 qui
2407 3047 2679 3120 venit(6),
2724 3050 2890 3103 alium
2930 3049 3208 3103 Christum
3246 3049 3523 3118 praedicat,
3563 3064 3728 3118 quem

2150 3151 2260 3191 non
2302 3139 2749 3207 praedicavimus;
2799 3148 2894 3193 aut
2941 3141 3108 3196 alium
3159 3141 3410 3209 spiritum
3457 3141 3724 3209 accipitis,

2151 3243 2313 3297 quem
2348 3243 2457 3283 non
2499 3230 2815 3299 accepistis;
2857 3241 2954 3285 aut
2986 3231 3130 3284 aliud
3160 3230 3536 3301 Evangelium,
3577 3231 3725 3301 quod

2150 3339 2256 3378 non
2287 3326 2599 3396 recepistis;
2642 3335 2788 3381 recte
2830 3325 3175 3395 pateremini.

2218 3503 2382 3560 Vides
2434 3507 2578 3574 quod
2637 3507 3018 3575 inseparabilis
3070 3507 3142 3560 sit
3188 3505 3424 3577 Spiritus
3457 3521 3487 3560 a
3518 3503 3726 3560 Divini-

2147 3598 2298 3653 tate?
2321 3611 2374 3653 et
2401 3615 2678 3668 nunquam
2706 3600 2850 3653 ullus
2882 3599 2968 3668 pie
2991 3600 3250 3662 sentiens,
3278 3609 3581 3654 creaturam
3605 3614 3728 3654 esse

2149 3690 2536 3760 suspicabitur.
2571 3692 2629 3744 In
2664 3691 2902 3762 Epistola
2931 3699 3113 3746 autem
3143 3692 3207 3744 ad
3238 3689 3492 3752 Hebraeos
3515 3692 3593 3745 sic
3612 3692 3721 3744 ait:

2150 3780 2422 3846 Quomodo
2449 3798 2542 3835 nos
2573 3782 2901 3852 effugiemus,
2933 3785 2980 3836 si
3010 3791 3211 3835 tantam
3237 3782 3612 3852 neglexerimus
3636 3799 3725 3836 sa-

2147 3873 2348 3929 lutem?
2403 3860 2519 3943 qum
2565 3891 2683 3926 cum
2734 3875 2946 3927 initium
3003 3877 3284 3944 accepisset
3333 3875 3576 3928 enarrari
3631 3890 3726 3943 per

2145 3965 2453 4031 Dominum,
2487 3965 2551 4018 ab
2584 3967 2650 4018 iis
2679 3967 2769 4034 qui
2805 3967 3139 4029 audiverunt,
3187 3968 3238 4020 in
3285 3984 3378 4020 nos
3409 3967 3724 4035 conﬁrmata

2145 4065 2242 4120 est,
2270 4066 2596 4110 contestante
2625 4057 2734 4110 Deo
2763 4059 2928 4127 signis
2957 4068 3006 4111 et
3043 4060 3319 4127 portentis,
3351 4070 3398 4111 et
3424 4061 3584 4112 variis
3615 4060 3724 4112 vir-

2147 4147 2365 4213 tutibus,
2410 4157 2458 4201 et
2498 4147 2729 4215 Spiritus
2753 4149 2925 4200 sancti
2946 4148 3410 4201 distributionibus
3434 4148 3722 4202 secundum

2143 4255 2295 4292 suam
2321 4238 2642 4292 voluntatem
2663 4239 2727 4291 ³⁵.
2785 4238 2851 4292 Et
2905 4255 3098 4294 rursus
3148 4240 3202 4292 in
3251 4241 3439 4294 eadem
3478 4239 3722 4309 Epistula

2143 4329 2275 4384 dicit
2301 4347 2314 4382 :
2347 4328 2703 4398 Quapropter,
2728 4329 2865 4381 sicut
2893 4330 2968 4382 ait
2999 4309 3236 4398 Spiritus
3260 4340 3476 4384 sanctus
3505 4349 3520 4384 :
3547 4330 3721 4385 Hodie

2141 4423 2187 4474 si
2213 4433 2387 4475 vocem
2410 4420 2524 4489 ejus
2547 4421 2846 4487 audieritis,
2867 4421 3028 4474 nolite
3050 4421 3312 4475 obdurare
3341 4424 3502 4476 corda
3523 4435 3742 4491 vestrm,

451 4515 538 4585 μὴ
581 4508 963 4622 σκληρύνηῗε
985 4519 1090 4586 τὰς
1111 4517 1355 4588 καρδίας
1377 4520 1543 4590 ὑμῶν
1571 4561 1585 4586 ,
1614 4522 1694 4588 ὡς
1721 4522 1897 4590 ἐντῷ
1929 4539 2042 4577 πα-

2152 4516 2282 4568 sicut
2312 4515 2368 4566 in
2396 4510 2792 4566 exaeerbatione
2829 4513 3112 4567 secundum
3145 4513 3284 4567 diem
3327 4515 3629 4569 tentationis
3663 4517 3720 4568 in

452 4609 867 4678 ραπικρασμῷ,
898 4609 1049 4663 κατὰ
1084 4609 1200 4678 τὴν
1228 4611 1460 4680 ἡμέραν
1486 4613 1593 4667 τοῦ
1617 4615 1949 4684 πειρασμοῦ
1968 4616 2038 4669 ἐν

455 4697 533 4768 τῇ
565 4699 780 4769 ἐρήμῳ,
804 4696 876 4756 οὗ
904 4700 1234 4768 ἐπείρασαν
1246 4719 1324 4772 με
1347 4706 1402 4757 οἱ
1423 4704 1672 4772 πατέρες
1696 4705 1883 4774 ὑμῶν,
1903 4705 2036 4760 ἐδο-

322 4780 328 4783 ’
369 4862 372 4864 γ
458 4789 722 4858 κίμασάν
751 4807 829 4860 με
853 4793 953 4845 καὶ
977 4786 1140 4846 εἶδον
1160 4794 1232 4847 τὰ
1267 4794 1412 4864 ἔργα
1435 4796 1554 4864 μου
1588 4796 2037 4865 τεσσαράκοντα

417 4891 420 4894 '
458 4877 562 4947 ἐτη
581 4895 596 4909 ο
627 4879 718 4932 διὸ
745 4872 1154 4955 προσώχθῃίσα
1179 4883 1257 4951 τῇ
1287 4882 1463 4954 γενεᾷ
1489 4887 1694 4955 ταύτῃ,
1712 4887 1808 4940 καὶ
1838 4874 2032 4952 εἴπονσ

375 4968 378 4970 ⁷
471 4971 580 5025 Ἀεὶ
614 4973 957 5028 πλανῶνται
974 4953 1048 5044 {fi
1071 4975 1282 5044 καρδία
1301 4977 1518 5042 αὐτῶν,
1541 4977 1691 5031 διότι
1712 4980 2034 5049 οὐκίὲγνω-

2144 4606 2384 4670 deserto,
2409 4604 2501 4657 ubi
2533 4611 2858 4657 tentaverunt
2899 4620 2977 4657 me
3010 4614 3186 4672 patres
3229 4606 3387 4658 vestri
3407 4621 3426 4668 ;
3462 4607 3718 4674 probam-

2142 4707 2266 4750 runt
2296 4706 2346 4751 et
2377 4697 2620 4750 viderunt
2645 4710 2802 4761 opera
2827 4711 2966 4762 mea,
2988 4699 3342 4765 quadraginta
3367 4699 3542 4753 annis.
3580 4697 3719 4753 Pro-

2140 4802 2255 4859 pter
2299 4793 2438 4858 quod
2486 4789 2722 4857 infensus
2779 4789 2858 4857 {ui
2909 4790 3231 4860 generationi
3276 4791 3421 4856 huic,
3467 4799 3518 4844 ct
3559 4792 3673 4844 dixi
3698 4808 3717 4845 :

2144 4878 2362 4948 Semper
2373 4888 2552 4932 errant
2578 4880 2751 4933 corde.
2773 4878 2886 4948 Ipsi
2908 4890 3084 4933 autem
3109 4895 3212 4934 non
3236 4891 3580 4947 cognoverunt
3603 4883 3716 4935 eius

2142 4990 2304 5039 meas,
2343 4972 2550 5042 quibus
2557 4971 2736 5040 juravi
2761 4972 2818 5025 in
2846 4973 2929 5025 ira
2963 4989 3098 5036 mea,
3140 4972 3188 5025 si
3227 4974 3515 5026 introibant
3544 4974 3598 5026 in
3631 4990 3716 5026 re-

388 5100 391 5108 ι
455 5080 578 5118 σαν
605 5067 712 5131 τὰς
739 5065 916 5134 ὁδούς
937 5085 1078 5137 μου.
1105 5069 1186 5135 ὡς
1215 5069 1422 5138 ὤμοσα
1443 5070 1512 5123 ἐν
1547 5068 1621 5138 τῇ
1652 5069 1798 5139 ὀργῇ
1839 5089 1972 5140 μου,
1987 5072 2040 5124 εὶ

2152 5070 2310 5138 yuiem
2347 5083 2515 5121 meam
2537 5065 2602 5118 ³⁵.
2640 5063 2740 5119 llic
2771 5065 2936 5119 etiam
2969 5065 3195 5119 audiant
3223 5063 3450 5118 Paulum
3481 5080 3589 5118 non
3625 5081 3713 5120 se-

454 5159 905 5213 εὶσελεύσονται
935 5162 1022 5226 εὶς
1044 5161 1158 5230 τὴν
1182 5161 1563 5216 κατάπαυσίν
1571 5179 1710 5232 μου.
1739 5164 2035 5218 Κάνταῦθα

436 5251 802 5306 ,ἀκουέτωσαν
831 5252 1044 5306 Παύλου
1073 5254 1339 5326 μηδαμῶς
1365 5254 1688 5326 χωρίζοντας
1716 5257 1777 5310 τὸ
1809 5256 2033 5328 Πνεῦμα

453 5343 513 5397 τὸ
545 5344 699 5413 ἅγιον
727 5346 826 5415 τῆς
853 5344 1101 5415 θεότητος
1130 5346 1223 5399 τοῦ
1242 5347 1454 5417 Πατρὸς
1482 5348 1574 5401 καὶ
1597 5347 1692 5400 τοῦ
1723 5348 1876 5414 Υἱοῦ,
1899 5348 2034 5402 ἀλλὰ

457 5436 641 5504 σαφῶς
654 5435 938 5506 δηλοῦντος
951 5437 1048 5507 τὴν
1066 5435 1160 5489 τοῦ
1177 5437 1331 5506 ἁγίου
1346 5437 1488 5491 Πνεύ
1495 5455 1661 5510 ματος
1676 5438 1953 5493 διαλαλιὰν
1971 5441 2036 5493 ἐκ

529 5577 616 5630 ’⁸1
645 5578 772 5635 Cor.
797 5595 872 5644 vr,
901 5579 988 5631 Η.

1069 5578 1114 5610 ³⁸
1146 5578 1276 5648 ibid.
1309 5577 2034 5648 19ζ¹ντυ1κηγηιεηιὺναῐῡοω
2056 5596 2296 5648 corpora.

2138 5172 2424 5233 parantem
2461 5164 2724 5233 Spiritum
2764 5170 3014 5219 sanctum
3057 5174 3090 5212 a
3127 5158 3408 5212 divinitate
3447 5156 3626 5211 Patris
3655 5168 3711 5211 et

2138 5257 2300 5312 Filii:
2331 5259 2462 5328 quin
2493 5258 2675 5326 potius
2719 5257 2868 5312 clare
2915 5253 3330 5324 signiﬁcantem,
3379 5248 3706 5302 locutionem

2140 5348 2376 5419 Spiritus
2415 5350 2589 5404 sancti
2619 5365 2686 5403 ex
2729 5361 2962 5417 persona
3002 5343 3096 5398 Dei
3138 5357 3276 5404 esse,
3311 5348 3367 5394 et
3389 5348 3646 5408 tanquam
3677 5355 3708 5394 a

2144 5437 2255 5493 Deo
2287 5439 2554 5509 prolatam
2570 5438 2639 5503 ³⁸,
2669 5437 2813 5493 sicut
2840 5434 3112 5489 redditum
3137 5439 3220 5486 est
3248 5431 3302 5484 in
3329 5428 3395 5484 iis
3419 5442 3543 5498 quae
3563 5426 3707 5484 dicta

2375 5579 2413 5611 "
2451 5578 2621 5633 lCor.
2649 5593 2746 5636 vn.
2785 5575 2875 5629 40.
2953 5573 2996 5604 ³²
3029 5570 3050 5626 l
3079 5571 3204 5628 Cor.
3234 5587 3288 5639 x,
3323 5569 3376 5626 4.
3452 5569 3499 5603 ³³
3525 5571 3546 5624 I
3574 5569 3704 5626 Cor.

453 5663 552 5713 xu.
598 5651 777 5706 5-15.
872 5650 918 5682 ³⁸
946 5648 1110 5704 Hebr.
1160 5647 1227 5716 ll,
1280 5650 1334 5714 5,
1389 5649 1445 5703 4.
1521 5644 1565 5681 ³⁸
1614 5647 1778 5703 Hebr.
1816 5665 1895 5714 In,
1937 5649 2048 5704 7-11

2152 5644 2294 5706 Psal.
2325 5667 2468 5714 χειν,
2500 5650 2642 5704 8-H.
2721 5647 2766 5678 ³⁸
2798 5644 2944 5700 ὼίιιυ

531 5794 606 5864 (6)
644 5795 854 5852 A'llusio
887 5796 1098 5852 videtur
1121 5794 1239 5852 ﬁeri
1273 5795 1339 5850 ad
1365 5795 1528 5852 verba
1563 5795 1736 5852 Galat.
1764 5811 1801 5849 ι.
