4100 6368
406 298 542 352 1ίὲξό

1329 290 1807 360 FRAGMENTUM
1846 286 2192 360 SERMONiS
2228 288 2314 356 DE
2353 285 2747 358 TRINITATE.

3515 299 3655 360 “26

403 418 547 472 mina
592 432 720 472 vero
771 428 900 474 sunt
943 421 1112 473 Adam
1139 460 1152 482 ,
1203 420 1478 474 Abraham
1505 460 1521 485 ,
1550 419 1701 475 Isaac
1725 461 1740 485 ,
1768 417 1973 486 Jacob;
2002 423 2051 480 Α
2081 427 2187 471 tem
2213 428 2457 488 superat,
2483 417 2887 488 intelligamus?
2916 416 3073 472 Certe
3102 419 3148 472 si
3176 417 3378 472 homini
3410 421 3655 488 pervium

403 510 517 563 hac
543 551 558 574 ,
589 511 808 580 inquam
837 553 851 577 ,
883 514 1103 566 nomina
1147 521 1292 567 sunt.
1356 511 1459 567 Sed
1494 512 1690 567 divina
1724 511 1977 566 Persona

402 609 531 653 sunt
560 601 775 668 quidem
800 602 1051 667 nomina;
1089 601 1306 654 nomina
1333 611 1510 656 tamen
1539 613 1666 656 sunt
1693 601 1973 668 Persona;

404 690 655 745 Persona
688 691 905 746 demum
939 690 1245 758 signiﬁcant
1296 690 1348 744 id
1397 691 1541 760 quod
1585 698 1669 744 est
1709 698 1763 744 et
1797 690 1997 744 subsi-'

403 783 525 848 stit,
562 797 682 850 qua
705 791 788 836 est
811 783 1046 835 essentia
1088 780 1202 835 Dei.
1269 779 1474 834 Nomen
1513 796 1730 849 quoque
1764 791 1976 834 natura

403 875 675 942 significat
718 873 1125 928 subsistentiam
1155 912 1170 936 ,
1222 873 1385 927 veluti
1437 872 1480 926 si
1513 873 1760 927 dicamus
1792 873 1972 925 homi-

402 981 547 1018 nem.
605 964 826 1019 Cuncta
855 963 1145 1033 (Persona)
1181 980 1286 1017 una
1334 975 1528 1019 natura
1565 973 1712 1029 sunt,
1749 980 1854 1017 una
1888 979 1974 1018 es—

402 1055 594 1122 sentia,
650 1071 756 1109 una
785 1055 1056 1115 voluntas,
1099 1055 1548 1125 appellanturque
1580 1053 1822 1108 Trinitas
1850 1070 1974 1108 san-

401 1155 508 1209 cta,
555 1161 675 1214 qua
707 1154 834 1200 sunt
867 1146 1086 1198 nomina
1133 1133 1502 1210 subsistentia,
1553 1161 1659 1198 una
1690 1152 1884 1198 natura
1917 1144 1974 1198 in

401 1237 576 1290 tribus
605 1233 884 1299 Pcrsonis,
914 1252 977 1289 ac
1006 1236 1174 1304 genus
1205 1252 1393 1289 unum.
1420 1231 1543 1288 Filii
1571 1251 1699 1290 vero
1727 1235 1968 1290 Persona

403 1330 551 1383 unita
579 1338 683 1395 est,
720 1345 913 1398 nempe
939 1343 1106 1382 unum
1140 1344 1205 1382 ex
1236 1328 1471 1391 duobus,
1508 1328 1558 1382 id
1587 1337 1669 1382 est
1691 1327 1973 1382 divinitate

401 1421 563 1476 simul
597 1429 650 1475 et
675 1420 1032 1483 humanitate,
1083 1435 1203 1488 qua
1237 1419 1358 1472 dua
1393 1433 1561 1471 unum
1611 1417 1969 1471 constituunt.

398 1509 586 1582 Neque
611 1521 791 1566 tamen
824 1512 950 1565 hinc
973 1510 1228 1565 divinitas
1257 1509 1425 1564 ullum
1449 1509 1646 1579 accipit
1669 1509 1974 1564 incremen-

399 1613 550 1669 tum,
588 1604 684 1658 sed
713 1601 952 1656 Trinitas
1000 1612 1184 1656 manet
1227 1611 1390 1670 prout
1413 1612 1551 1654 erat.
1601 1598 1677 1655 Ne
1719 1600 1974 1655 Personis

401 1696 642 1766 quidem,
678 1712 774 1750 seu
803 1695 1136 1759 nominibus,
1172 1710 1371 1747 novum
1405 1693 1610 1762 aliquid
1637 1693 1853 1757 accidit,
1878 1693 1971 1747 sed

399 1805 477 1843 ea
499 1797 716 1842 aterna
744 1797 891 1853 sunt,
913 1796 968 1840 et
994 1788 1111 1841 sine
1136 1795 1396 1855 tempore.
1432 1783 1602 1839 Nemo
1625 1795 1803 1839 tamen
1831 1786 1974 1854 ipsas

399 1891 524 1934 ante
557 1895 886 1948 cognoscere
921 1879 1090 1933 valuit
1131 1895 1295 1948 quam
1330 1876 1498 1930 Filius
1529 1892 1660 1941 caro
1684 1875 1859 1930 factus
1880 1891 1974 1930 eas

401 1971 772 2026 manifestavit
799 1971 986 2025 dicens
1011 1988 1025 2024 :
1061 1969 1241 2031 Pater,
1262 1969 1595 2038 manifestavi
1616 1985 1802 2021 nomen
1827 1977 1974 2021 tuum

400 2063 732 2127 hominibus;
771 2063 1010 2132 clnriﬁca
1035 2072 1193 2115 metu
1223 2079 1443 2131 quoque,
1471 2071 1526 2114 ut
1558 2070 1871 2130 cognoscant
1896 2077 1975 2113 me

403 2155 609 2208 Filium
661 2165 806 2208 tuum
839 2156 904 2208 ³⁷.
969 2153 1024 2206 lu
1072 2163 1256 2208 monte
1299 2162 1480 2207 autem
1517 2152 1678 2206 Pater
1724 2153 1977 2207 clamavit

401 2249 588 2304 dicens
622 2267 637 2304 :
672 2249 775 2302 Hic
815 2258 891 2302 est
928 2247 1102 2302 Filius
1149 2264 1292 2302 meus
1344 2248 1568 2300 dilectus
1601 2247 1665 2300 ³⁸.
1721 2246 1976 2314 Idemque

403 2357 566 2410 super
610 2339 901 2395 Jordanem
955 2339 1214 2410 Spiritum
1279 2348 1523 2393 sanctum
1587 2354 1746 2391 suum
1805 2338 1972 2390 misit.

403 2435 580 2504 Atque
613 2434 686 2487 ita
715 2435 876 2489 nobis
919 2434 1351 2488 demonstratum
1389 2432 1489 2485 fuit
1513 2471 1528 2495 ,
1566 2430 1886 2484 Trinitatem
1921 2431 1976 2483 in

403 2528 520 2596 pari
553 2527 763 2581 honore
787 2542 908 2581 esse
937 2526 1344 2594 sempiternam.
1369 2525 1539 2579 Porro
1570 2523 1690 2578 Filii
1727 2540 1792 2577 ex
1817 2523 1976 2578 Patre

404 2619 679 2689 generatio
725 2617 1292 2686 incomprehensibilis
1331 2625 1414 2671 est
1449 2626 1612 2686 atque
1646 2615 1974 2681 ineﬂ'abilis;

401 2719 454 2763 et
502 2711 630 2779 quia
679 2710 938 2778 spiritalis
971 2718 1088 2773 est,
1124 2709 1388 2763 scrutinio
1435 2708 1493 2761 ﬁt
1544 2707 1839 2777 impervia;
1889 2721 1976 2760 res

403 2801 547 2854 enim
583 2801 846 2870 spiritalis
892 2817 1066 2870 neque
1097 2801 1319 2869 intelligi
1352 2809 1531 2870 potest
1555 2816 1587 2853 a
1622 2815 1680 2854 re
1706 2798 1975 2868 corporali

405 2905 581 2956 neque
637 2890 894 2959 vestigari
931 2909 942 2943 :
975 2890 1132 2959 longe
1176 2891 1324 2944 enim
1372 2891 1421 2944 id
1464 2891 1616 2944 abest
1643 2889 1711 2942 ab
1738 2889 1978 2943 humana

402 2991 618 3036 natura.
648 2980 760 3035 Nos
783 2982 1000 3051 quidem
1034 2982 1280 3038 homines
1302 2982 1704 3053 generationem
1734 2990 1976 3036 nostram

2079 519 2226 564 esset
2257 511 2572 580 mysterium
2608 509 2732 574 hoc,
2769 525 3116 579 nequaquam
3148 511 3308 564 divus
3331 511 3656 565 allirmasset

2078 598 2316 653 Joannes
2346 619 2358 654 :
2394 599 2564 652 Deum
2595 617 2745 654 nemo
2791 601 2924 655 vidit
2959 617 3190 669 unquam
3216 601 3282 653 ‘9'.
3342 597 3514 666 Quem
3546 616 3651 672 igt-

2079 699 2170 743 tur
2198 705 2358 744 nemo
2393 703 2635 760 unquam
2676 691 2844 756 vidit,
2896 692 2943 746 is
2986 692 3205 745 cuinam
3251 691 3446 746 similis
3490 707 3651 762 repu-

2080 782 2278 835 tandus
2305 787 2410 845 est,
2433 792 2493 836 ut
2515 785 2637 838 inde
2662 783 3063 854 generationem
3087 783 3206 850 ejus
3224 786 3656 854 cognoscamus?

2078 871 2145 925 Et
2176 888 2276 926 nos
2305 874 2524 942 quidem
2573 875 2692 929 sine
2737 874 3088 944 ambiguitate
3113 875 3496 944 cognoscimus
3531 877 3656 930 ani-

2077 980 2223 1018 mam
2270 974 2514 1020 nostram
2565 967 2618 1020 in
2655 967 2812 1020 nobis
2858 966 3110 1020 habitare
3145 967 3361 1035 corpori
3409 969 3656 1036 unitam;

2077 1056 2171 1110 sed
2208 1065 2387 1111 tamen
2415 1058 2538 1126 quis
2568 1060 2807 1111 animam
2841 1072 2998 1111 suam
3033 1074 3272 1127 unquam
3306 1051 3478 1113 vidit?
3532 1062 3658 1130 quis

2077 1147 2197 1215 ejus
2221 1163 2347 1202 cum
2378 1162 2608 1218 corpore
2638 1150 3082 1218 conjunction‘em
3121 1150 3396 1219 dispicere
3441 1146 3658 1220 potuit?

2076 1236 2130 1292 Id
2170 1254 2336 1292 unum
2372 1255 2567 1308 nempe
2599 1242 3021 1310 cognoscimus,
3071 1242 3309 1295 animam
3360 1242 3502 1298 intra
3555 1249 3658 1300 nos

2075 1345 2195 1384 esse
2227 1331 2441 1398 corpori
2469 1331 2801 1400 cepulatam.
2868 1330 2960 1387 Sic
2983 1347 3112 1401 ergo
3136 1333 3421 1402 arguimus
3449 1343 3504 1388 et
3535 1351 3659 1390 cre-

2075 1421 2256 1477 dimus
2277 1419 2517 1475 Verbum
2549 1437 2580 1476 a
2602 1421 2763 1477 Patre.
2794 1439 2916 1479 esse
2943 1433 3286 1494 generatum,
3313 1426 3443 1495 quin
3474 1427 3550 1481 rei
3577 1437 3660 1482 ta-

2081 1528 2204 1566 men
2251 1513 2521 1567 rationem
2554 1515 2888 1583 exploratam
2937 1516 3235 1570 habeamus
3267 1517 3350 1569 vel
3394 1518 3654 1573 sciamus.

2077 1603 2260 1674 Ipsum
2292 1615 2374 1660 est
2398 1615 2522 1660 ante
2552 1621 2769 1662 omnem
2797 1615 3130 1673 creaturam,
3166 1609 3558 1677 sempiternum
3590 1613 3659 1665 de

2079 1698 2434 1768 sempiterno,
2483 1713 2581 1753 ceu
2613 1699 2816 1753 fontem
2841 1715 2870 1753 a
2902 1692 3077 1767 fonte,
3112 1709 3166 1754 et
3194 1701 3376 1754 lumen
3402 1701 3469 1755 de
3491 1702 3669 1770 lumi-p

2079 1805 2164 1842 ne.
2222 1788 2485 1858 Equidem
2518 1790 2845 1844 vocabulum
2893 1789 3103 1843 verbum
3142 1791 3208 1845 ad
3251 1791 3341 1845 illa
3369 1786 3472 1846 tria
3497 1795 3660 1861 perti-a

2077 1887 2169 1934 net
2207 1880 2498 1955 verborum
2532 1896 2729 1949 genua
2772 1896 2892 1949 qua
2934 1880 2989 1934 in
3034 1881 3334 1950 Seripturis
3370 1883 3659 1938 nominan-

2080 1979 2191 2040 tur,
2248 1986 2424 2040 neque
2465 1973 2848 2026 substantialia
2883 1982 3032 2036 sunt,
3074 1988 3266 2041 nempe
3295 1974 3376 2037 (τὸ
3401 1976 3521 2027 κατ’
3573 1976 3659 2028 ἐν·

2075 2060 2268 2130 νοιαν),
2306 2067 2661 2134 προφορικδν,
2683 2072 2846 2133 atque
2863 2063 3142 2135 ἀρθρικὸν.
3165 2065 3259 2133 (Τὸ
3288 2066 3408 2118 κατ’
3427 2067 3655 2136 ἔννοιαν)

2076 2161 2222 2204 certe
2267 2166 2376 2204 non
2424 2162 2514 2206 est.
2551 2153 2930 2208 substantiale.
2973 2155 3312 2226 Προφορικὸν
3346 2169 3524 2212 autem
3573 2170 3658 2214 est
3726 2165 3730 2170 ’

2078 2241 2168 2296 illa
2200 2257 2302 2296 vox
2335 2258 2498 2312 quam
2526 2260 2553 2297 a
2586 2245 2692 2299 Deo
2718 2245 2949 2299 audiunt
2976 2249 3270 2316 propheta,
3295 2264 3388 2302 seu
3422 2251 3656 2319 proiihe-

2076 2335 2227 2390 ticus
2253 2336 2367 2406 ipse
2391 2351 2611 2402 sermo;
2653 2353 2717 2392 ae.
2747 2355 2814 2393 ne
2847 2341 3181 2410 hic'quidem
3213 2351 3296 2396 est
3321 2343 3657 2397 substantia

2077 2426 2163 2480 lis.
2223 2425 2465 2496 Denique
2495 2429 2785 2501 ὰρῦρικὸν,
2824 2440 2910 2486 εει
2937 2448 3118 2486 sermo
3150 2433 3424 2488 humanus
3450 2435 3503 2488 in
3533 2438 3656 2489 aere

2077 2516 2421 2581 eﬂ‘ormatus,‘
2466 2520 2648 2574 verbis
2697 2530 2978 2588 constans,
3023 2523 3116 2592 qui
3163 2523 3364 2592 pariter
3395 2523 3538 2578 haud
3573 2535 3658 2579 est

2078 2607 2454 2663 substantialis
2480 2609 2580 2679 (8).
2605 2609 2992 2667 Verumtamen
3020 2611 3116 2666 Dei
3140 2611 3376 2668 Verbum
3404 2615 3658 2670 substan-

2078 2697 2207 2751 tiale
2250 2707 2373 2765 est,
2418 2701 2631 2754 excelsa
2665 2701 2953 2770 validaque
3003 2713 3196 2757 natura
3228 2705 3549 2773 praditum,
3605 2718 3658 2760 et

2079 2804 2204 2843 cum
2243 2791 2360 2861 ipso
2385 2801 2644 2847 aternnm
2677 2803 2760 2847 est
2784 2833 2798 2857 ,
2846 2803 3008 2862 atque
3049 2795 3118 2849 ab
3158 2796 3348 2850 eodem
3380 2796 3658 2866 insepara-

2082 2879 2210 2945 bile,
2237 2897 2411 2952 neque
2437 2884 2762 2952 periturum,
2792 2885 2886 2938 sed
2911 2886 3241 2954 sempiterna
3268 2887 3659 2955 conjunctione

2083 2987 2427 3028 mansurum.
2491 2973 2726 3028 Verbum
2765 2975 2870 3029 hoc
2899 2976 3096 3030 calum
3123 2977 3329 3031 creavit
3353 2987 3407 3032 et
3434 2988 3656 3041 terram,

403 3073 806 3143 cognoscimus,
843 3074 984 3128 sicut
1014 3074 1244 3127 aliarum
1276 3089 1494 3143 quoque
1525 3089 1744 3138 rerum;
1778 3088 1864 3127 res
1895 3082 1974 3127 ta-
2001 3089 2042 3146 ο
2081 3075 2134 3120 ει
2162 3067 2214 3119 in
2246 3066 2363 3134 ipso
2391 3065 2529 3120 facta
2560 3075 2687 3120 sunt
2715 3067 2922 3122 omnia.
2979 3057 3070 3121 Est
3097 3068 3199 3122 hoc
3231 3070 3518 3124 brachium
3556 3074 3660 3124 vir-

402 3178 526 3216 men
563 3163 822 3232 spiritalis
854 3179 1018 3233 supra
1050 3167 1344 3218 humanam
1367 3164 1726 3218 conditionem
1753 3173 1855 3231 est,
1880 3179 1974 3218 ne-

402 3270 510 3323 que
541 3255 651 3310 ullo
679 3256 840 3311 modo
869 3256 937 3309 ah
968 3256 1251 3310 hominum
1301 3257 1575 3310 mentibus
1605 3264 1783 3326 potest
1817 3256 1975 3310 intel-

401 3344 519 3411 ligi.
585 3345 857 3416 Spiritalis
905 3348 1208 3401 subslantia
1240 3349 1416 3416 perire
1445 3349 1631 3417 nequit
1659 3363 1834 3418 neque
1862 3349 1976 3404 dis-

404 3436 576 3503 solvi;
608 3446 796 3492 nostra
822 3445 1025 3503 autem,
1059 3447 1244 3508 utpote
1277 3438 1452 3494 facilis
1484 3440 1784 3506 intellectu,
1832 3441 1975 3510 perit

401 3537 566 3596 atque
613 3529 947 3584 dissolvitur.
996 3528 1103 3594 Qui
1135 3531 1279 3584 enim
1328 3531 1442 3586 ﬁeri
1484 3539 1689 3601 potest,
1722 3541 1782 3586 ut
1812 3533 1975 3586 homo

403 3615 496 3682 qui
527 3629 620 3668 sex
647 3615 908 3670 lateribus
957 3615 1422 3685 circumcluditur,
1459 3619 1687 3686 oriente,
1722 3609 1976 3675 occiden-

403 3717 490 3771 te,
521 3708 684 3763 borea
704 3749 720 3771 ,
754 3718 973 3773 austro,
1009 3711 1205 3779 abysso
1225 3754 1239 3776 ,
1287 3719 1340 3765 et
1368 3711 1539 3773 calo,
1568 3728 1680 3766 rem
1710 3713 1976 3783 intelligat

402 3810 521 3866 qua
548 3813 710 3867 supra
743 3799 912 3854 caios
943 3807 1059 3864 est,
1096 3799 1236 3853 infra
1287 3801 1547 3871 abyssos,
1579 3801 1720 3856 ultra
1749 3801 1973 3855 boream

400 3896 457 3942 et
485 3897 738 3943 austrum
777 3888 1153 3958 protenditur,
1187 3905 1416 3958 quaque
1450 3891 1600 3944 omni
1648 3892 1766 3946 loco
1798 3893 1971 3956 adest,

399 3989 457 4035 et
487 3994 704 4033 omnem
751 3979 985 4047 complet
1015 3978 1380 4033 vacuitatem?
1424 3977 1579 4044 Quod
1605 3996 1650 4035 SI
1682 3996 1781 4036 nos
1815 3981 1975 4050 spiri—
2013 3979 2016 3982 ’

405 4075 566 4129 talem
600 4072 958 4128 substantiam
987 4074 1222 4128 serutari
1252 4069 1556 4126 valeremus
1576 4114 1591 4138 ,
1625 4072 1744 4141 ejus
1787 4073 1976 4141 utique

400 4165 718 4223 excellentia
753 4163 1043 4234 deperiret.
1072 4162 1496 4219 Consideremus
1519 4180 1642 4234 qua
1667 4169 1719 4219 in
1747 4181 1976 4236 corpore

401 4268 592 4316 nostro
617 4259 769 4320 (inut.
795 4274 858 4314 ac
885 4274 1048 4328 porro
1076 4257 1358 4312 videamus
1383 4269 1566 4313 utrum
1592 4259 1750 4314 nobis
1771 4275 1976 4330 cogno-

402 4368 554 4408 scere
589 4352 746 4406 liceat
779 4352 1058 4422 quomodo
1091 4367 1157 4405 ex
1185 4351 1350 4405 corde
1375 4351 1670 4421 gignantur
1695 4351 1978 4420 cegitatio-

2081 3165 2276 3225 tusque
2307 3155 2437 3220 Dei,
2485 3172 2512 3210 a
2546 3154 2705 3210 Patre
2741 3165 2960 3226 propter
2986 3155 3372 3219 indivisibilem
3404 3166 3654 3212 naturam

2077 3264 2355 3318 nunquam
2405 3247 2791 3316 separandum,
2843 3257 2898 3301 et
2942 3263 3067 3302 cum
3099 3248 3219 3318 ipso
3263 3233 3423 3304 Patre
3462 3265 3656 3305 carens

2077 3339 2368 3410 principio.
2422 3337 2536 3392 lloc
2580 3350 2828 3394 nostram
2879 3339 2946 3394 de
2969 3338 3140 3394 Maria
3167 3322 3390 3410 Virgine
3423 3345 3659 3410 sumpsit

2079 3433 2471 3497 substantiam;
2506 3440 2559 3485 et
2589 3441 2862 3502 quatenus
2887 3432 3104 3502 quidem
3139 3432 3383 3502 spiiitale
3413 3442 3516 3499 est,
3549 3430 3653 3485 Pa-

2079 3525 2148 3577 tri
2191 3531 2272 3577 est
2295 3522 2698 3577 indivisibiliter
2735 3523 2978 3592 aquale;
3009 3533 3278 3592 quatenus
3303 3538 3434 3578 vero
3460 3539 3656 3594 corpo-

2081 3630 2275 3678 reum,
2332 3615 2490 3669 nobis
2551 3615 2752 3684 pariter
2807 3613 3016 3683 aquale
3067 3621 3152 3668 est
3197 3615 3653 3684 inseparabiliter.

2078 3702 2400 3775 Rursusque
2447 3716 2715 3776 quatenus
2749 3704 2992 3776 spiritale
3016 3700 3133 3770 est,
3185 3707 3486 3778 aquiparat
3534 3722 3662 3762 san-

2061 3804 2228 3853 ‘etum
2260 3799 2524 3869 Spiritum
2563 3799 3002 3868 inseparabiliter
3028 3805 3082 3853 et
3120 3797 3240 3853 sine
3267 3800 3520 3854 termino.
3553 3797 3663 3852 Ne-

2078 3903 2186 3957 que
2211 3887 2333 3942 dua
2357 3896 2512 3940 erant
2529 3928 2545 3952 ,
2596 3887 2690 3940 sed
2729 3871 2888 3941 unica
2915 3883 3203 3942 Trinitatis
3227 3899 3431 3944 sancta
3457 3899 3657 3945 natura

2079 3989 2206 4035 ante
2243 3975 2364 4034 Filii
2400 3979 2562 4033 Verbi
2596 3979 3060 4046 incarnationem;
3115 3987 3283 4048 atque
3312 3980 3472 4035 unica
3497 3995 3658 4036 man-

2080 4071 2154 4126 sit
2178 4079 2372 4124 natura
2404 4067 2688 4125 Trinitatis
2713 4071 2876 4125 etiam
2908 4077 3034 4140 post
3054 4067 3177 4124 Filii
3200 4070 3655 4128 inearnationem.

2081 4160 2278 4233 Siquis
2297 4177 2425 4217 vero
2454 4163 2753 4218 accessisse
2784 4162 3178 4217 incrementum
3207 4153 3458 4217 Trinitati
3486 4165 3660 4219 credit

2079 4264 2301 4326 prepter
2327 4263 2671 4324 assumptam
2700 4270 2731 4308 a
2768 4253 2948 4308 Verbo
2975 4254 3396 4320 humanitatem,
3430 4255 3475 4310 is
3503 4272 3533 4310 a
3559 4272 3660 4311 no-

2083 4347 2168 4403 bis
2197 4347 2409 4402 alienus
2449 4355 2552 4410 est,
2582 4355 2635 4401 et
2661 4347 2729 4400 ah
2773 4345 3030 4400 Ecclesia
3059 4345 3338 4400 catholica
3358 4355 3410 4400 et
3433 4355 3656 4416 aposto-
3728 4405 3736 4424 τ

402 4465 522 4514 nes,
555 4448 720 4502 verba
754 4447 820 4501 de
852 4446 1034 4515 lingua
1054 4486 1069 4511 ,
1094 4454 1148 4499 et
1173 4444 1390 4500 similia.
1449 4441 1568 4496 Jam
1599 4444 1641 4496 si
1669 4443 1784 4497 haec
1807 4485 1821 4508 ,
1855 4459 1977 4512 qua
2010 4420 2054 4475 θ
2082 4441 2199 4495 lica
2220 4438 2545 4494 ministerio.
2612 4437 2738 4492 llac
2759 4447 2844 4493 est
2867 4438 3000 4493 ﬁdes
3028 4437 3258 4508 integra,
3290 4446 3500 4503 sancta,
3532 4454 3662 4508 anna

403 4541 456 4596 in
489 4540 646 4596 nobis
681 4539 838 4602 ﬁunt,
872 4538 1096 4592 minime
1127 4535 1498 4606 agnoscimus,
1528 4539 1622 4604 qui
1649 4535 1764 4589 lieri
1801 4544 1978 4604 potest

401 4641 464 4688 ut
490 4633 719 4689 increati
735 4631 1017 4688 Creatoris
1043 4629 1390 4702 mysterium,
1413 4627 1558 4697 quod
1583 4641 1802 4681 onmem
1829 4641 1978 4680 meu-

473 4810 516 4842 ³⁷
549 4809 708 4866 Joan.
756 4825 888 4864 xvu.
1000 4807 1045 4839 ⁸⁸
1085 4797 1274 4861 Matth.
1316 4821 1406 4869 Ill,
1441 4804 1540 4872 l7;
1578 4793 1711 4859 Luc.
1749 4820 1798 4858 ix
1824 4843 1838 4867 ,
1883 4803 1974 4857 55.

2082 4533 2272 4591 stoliea
2295 4531 2388 4587 Dei
2413 4533 2607 4588 sancti.
2633 4531 2780 4586 Laus
2804 4530 3058 4586 Triuitati
3086 4541 3288 4588 sancta
3309 4531 3364 4586 in
3388 4541 3657 4587 aternum

2081 4643 2177 4699 per
2205 4625 2530 4681 saculorum
2560 4615 2790 4680 sacula!
2832 4623 3025 4679 Amen.

2087 4790 2129 4836 "
2169 4800 2328 4858 Joan.
2367 4817 2406 4868 ι,
2444 4799 2532 4857 18.

471 4964 549 5036 (8)
591 4964 663 5019 De
690 4965 775 5020 his
802 4965 995 5035 legesis
1029 4964 1246 5021 Gracos
1273 4962 1461 5018 Patres
1489 4961 1629 5032 apud
1659 4959 1960 5024 Petavium,
2004 4957 2082 5013 De
2117 4957 2288 5024 Trin.,
2316 4957 2410 5014 llb.
2443 4973 2521 5013 vi.
