4100 6378
451 278 586 338 “27

1164 279 1222 335 S.
1262 277 1589 335 CRECORII
1625 253 1980 334 THAUMAT.
2029 275 2179 332 OPP.
2218 272 2403 329 PARS
2435 273 2735 331 ALTERA.
2778 303 2847 313 —
2884 272 3114 331 DUBIA.

3564 271 3709 330 “28

448 513 3686 544 MM

1022 677 1369 811 ΤΟΥ

1514 673 2034 809 ΑΓΙΟΥ
2183 668 3151 805 ΓΡΗΓΟΡΙΟΥ

1082 1058 1099 1069 ,
1295 920 1595 1036 ΤΟΥ
1654 916 2866 1035 ΘΑΥΜΑΤΟΥΡΓΟΥ
2936 978 2940 981 -

1082 1140 1649 1233 ΚΕΦΑΛΑΙΑ
1744 1145 2003 1231 ΠΕΡΙ
2099 1142 2574 1230 ΠΙΣΤΕΩΣ
2633 1132 3080 1228 ΔΩΔΕΚΑ
3153 1212 3159 1217 .

933 1326 1030 1383 Ἑν
1077 1323 1169 1395 οἷς
1208 1327 1310 1382 καὶ
1353 1323 1831 1396 ἀναθεματισμὸς
1877 1328 2064 1379 κεῖται
2104 1324 2205 1377 καὶ
2238 1322 2524 1393 ἑρμηνεία
2554 1320 2792 1387 ἑκάστῳ
2834 1319 3249 1376 ὑποτέτακται.

711 1668 868 1826 S.
1020 1664 1949 1823 GREGORII
2082 1655 3469 1819 THAUMATURGI

1741 1959 1940 2083 DE
2053 1921 2446 2082 FIDE.

1325 2218 2039 2367 CAPITULA
2113 2213 2856 2330 DUODECIM

966 2443 1047 2503 1η
1078 2440 1304 2523 quibus
1336 2449 1390 2501 et
1420 2438 1969 2501 anathematismus
1989 2437 2262 2517 ponitur
2292 2443 2347 2497 ct
2394 2435 2735 2518 explicatio
2764 2434 3192 2516 subjungitur.

1100 2608 1287 2673 (Opera
1312 2604 1562 2665 Gretserl,
1586 2617 1627 2657 t.
1646 2605 1752 2665 XV,
1776 2619 1824 2668 p.
1853 2604 1960 2654 ιδι.
1986 2603 2271 2655 Ratisbonae
2294 2603 2432 2665 1741,
2455 2604 2642 2685 in-fol.,
2669 2619 2733 2655 ex
2755 2603 2925 2655 codice
2946 2602 3061 2665 ms.)

1131 2910 1287 2967 CAP.
1324 2912 1363 2965 Ι.

529 3002 737 3079 Siquis
761 3006 957 3063 dixerit
985 3021 1186 3076 corpus
1209 3004 1413 3059 Christi
1453 3016 1575 3058 esse
1619 3002 1942 3067 increatum,
1977 3011 2033 3057 et

456 3114 567 3158 non
600 3102 888 3158 confessus
919 3098 1085 3156 fuerit
1117 3099 1295 3168 ipsum
1332 3098 1634 3151 increatum
1668 3094 1762 3149 Dei
1792 3093 2032 3149 Verbum

455 3208 524 3247 ex
572 3201 756 3247 creata
806 3189 1177 3259 humanitate
1209 3188 1551 3241 incarnatum
1580 3227 1594 3252 ,
1647 3186 2034 3254 hominemque

457 3288 659 3342 factum
680 3300 832 3350 esse,
864 3284 1008 3340 sicut
1033 3283 1300 3353 scriptum
1330 3291 1444 3344 est,
1476 3280 1764 3335 anathema
1785 3288 1924 3336 esto.

1081 3464 1406 3534 Explicatio.

526 3559 642 3627 Qua
679 3559 897 3614 ratione
930 3556 1037 3613 dici
1080 3565 1261 3627 potest
1290 3570 1491 3625 corpus
1522 3554 1864 3610 increatnm?
1895 3553 2033 3608 Nam

455 3651 602 3720 quod
629 3649 932 3703 increatum
956 3657 1071 3713 est,
1107 3647 1160 3702 id
1189 3647 1353 3701 etiam
1390 3646 1666 3716 passionis
1687 3661 1884 3716 expers
1911 3653 2033 3712 est,

457 3756 632 3813 neque
668 3739 940 3796 vulnerari
967 3778 982 3805 ,
1020 3754 1197 3809 neque
1221 3740 1367 3811 tangi
1416 3747 1617 3810 potest.
1674 3738 1746 3794 At
1780 3739 2034 3794 Christus

458 3837 749 3903 resurgens
793 3845 861 3885 ex
900 3832 1169 3896 mortuis,
1220 3833 1548 3888 monstravit
1586 3831 1873 3902 discipulis
1920 3831 2035 3886 suis

454 3923 683 3995 vestigia
719 3923 996 3978 clavorum
1016 3964 1030 3989 ,
1054 3923 1257 3978 vulnus
1285 3937 1316 3976 a
1342 3923 1534 3978 lancea
1572 3922 1874 3988 inﬂictum,
1907 3937 2033 3977 cor-

411 4062 422 4073 .
457 4029 666 4084 pusque
695 4028 855 4069 suum
890 4013 1219 4084 palpandum
1253 4015 1516 4084 praebuit,
1540 4029 1855 4085 quanquam
1881 4012 2034 4067 clau-

455 4106 533 4161 sis
557 4105 741 4175 ianuis
788 4105 1109 4176 ingressus,
1156 4112 1219 4161 ut
1263 4107 1577 4167 ostenderet
1623 4118 1678 4162 et
1727 4106 2031 4162 divinitatis

454 4199 828 4269 operationem
856 4207 909 4253 et
941 4198 1190 4269 corporis
1215 4199 1519 4255 veritatem.
1580 4190 1859 4261 (Tametsi
1889 4197 2034 4253 Deus

2063 2918 2109 2973 Α

2787 2908 2943 2962 ΚΕΦ.
2984 2910 3063 2962 A'.

2205 3002 2274 3055 Εἴ
2311 3017 2395 3065 τις
2438 3000 2586 3069 λέγει
2619 3002 2870 3055 ἄκτιστον
2903 3001 2964 3053 τὸ
3008 3000 3165 3072 σῶμα
3196 2999 3289 3054 τοῦ
3324 3003 3582 3075 Χριστοῦ,
3618 3005 3713 3061 καὶ

2137 3093 2211 3164 μὴ
2243 3093 2498 3162 ὁμολογεῖ
2524 3092 2686 3146 αὐτὸν
2718 3093 2808 3145 τὸν
2833 3092 3085 3146 ἄκτιστον
3125 3093 3216 3145 τοῦ
3243 3094 3377 3146 Θεοῦ
3404 3095 3585 3169 [Θεὸν]
3612 3097 3714 3150 A6-

2133 3200 2230 3253 γον
2255 3187 2319 3238 ἐκ
2343 3184 2442 3253 τῆς
2481 3185 2705 3255 κτιστῆς
2741 3184 3157 3257 ἁνθρωπότητος
3179 3186 3291 3256 τὴνι
3310 3184 3593 3258 ,σάρκωσιν
3618 3190 3716 3243 καὶ
3742 3200 3748 3205 ‘

2133 3281 2233 3350 τὴν
2269 3262 2678 3349 ἐνανθρὼπησιν
2716 3278 3146 3349 ἐπιδειξάμενον,
3178 3278 3358 3345 καθὼς
3386 3280 3713 3352 γέγραπται,

2135 3370 2384 3442 ἀνάθεμα
2417 3369 2558 3423 ἔστω
2582 3369 3128 3447 [ἀναθεματιζέσθω].

2564 3456 2569 3461 ’
2770 3452 3099 3533 Ἑρμηιέιίι.

2208 3555 2335 3619 Πῶς
2376 3554 2422 3608 δ’
2458 3554 2524 3608 ἂν
2554 3551 2711 3627 [γὰρ]
2759 3553 2969 3623 λέγοιτο
3010 3556 3262 3610 ἄκτιστον
3301 3557 3362 3610 τὸ
3406 3555 3601 3628 σῶμα;
3643 3557 3717 3612 Τὸ

2136 3646 2246 3720 γὰρ
2284 3648 2558 3709 ἄκτιστον,
2602 3646 2830 3712 ἀπαθὲς,
2865 3647 3126 3719 ἄτρωτον,
3173 3647 3543 3722 ἀψηλάφητον.
3583 3650 3718 3722 Χρι-
3836 3648 3839 3652 ’

2138 3739 2263 3802 στὸς
2292 3739 2349 3792 δὲ
2384 3741 2449 3792 ἐκ
2489 3738 2701 3809 νεκρῶν
2738 3739 2997 3805 ἀναστὰς,
3032 3739 3202 3795 τύπον
3243 3742 3409 3813 ἥλων,
3446 3743 3541 3797 καὶ
3568 3742 3717 3809 νύξιν

2136 3830 2337 3904 λόγχης
2390 3831 2485 3884 καὶ
2529 3821 2849 3903 ψηλάφησιν
2896 3829 3146 3904 σώματος
3194 3832 3456 3908 [σώματι]
3512 3835 3718 3891 ἐπεδεί-

2137 3940 2299 3976 κνυτο
2339 3925 2451 3987 τοῖς
2484 3925 2775 3994 μαθηταῖς,
2818 3926 3141 4009 καίτοιιτῶν
3185 3925 3364 3997 θυρῶν
3396 3929 3718 4000 κεκλεισμέ-

2137 4030 2242 4066 νων
2276 4012 2552 4080 εἰσελθὼν,
2584 4014 2697 4068 ἀλλ’
2740 4015 2827 4068 ἵνα
2864 4014 3016 4089 δείξῃ
3058 4017 3153 4071 καὶ
3182 4017 3281 4090 τῆς
3325 4017 3578 4089 θεότητος
3618 4020 3717 4090 τὴν

2137 4102 2439 4173 ἐνέργειαν,
2485 4105 2579 4156 καὶ
2622 4102 2717 4157 τοῦ
2777 4103 3028 4176 σώματος
3071 4106 3170 4179 τὴν
3225 4108 3505 4181 ἀλήθειαν.
3557 4109 3717 4180 (Καί-

2138 4209 2219 4246 τοι
2254 4194 2329 4265 (9)
2358 4194 2491 4258 Θεὸς
2518 4193 2615 4259 ὢν,
2647 4195 2939 4268 ἄνθρωπος
2966 4198 3291 4271 ἐγνωρίξετο
3324 4201 3591 4270 φυσικῶς,
3623 4202 3717 4254 καὶ

454 4299 573 4344 erat
599 4329 618 4354 ,
649 4305 777 4346 vere
806 4299 990 4346 tamen
1011 4292 1414 4363 agnoscebatur
1443 4293 1610 4348 homo
1636 4311 1651 4360 ;
1694 4300 1751 4348 et
1775 4307 1899 4347 cum
1928 4292 2031 4347 ho-
2059 4312 2107 4373 Β

2136 4282 2422 4356 ἄνθρωπος
2453 4286 2712 4358 ὑπάρχων
2744 4288 2979 4361 ἀληθῶς,
3020 4290 3154 4354 Θεὸς
3180 4294 3292 4357 τοῖς
3333 4292 3519 4364 ἔργοις
3559 4293 3717 4365 ἐφαί-

456 4394 549 4436 mo
578 4396 704 4437 vere
734 4390 880 4438 esset
905 4422 923 4452 ,
956 4382 1101 4440 Deus
1122 4398 1190 4439 ex
1213 4383 1350 4456 ipsis
1379 4387 1494 4441 suis
1515 4384 1821 4439 actionibus
1862 4397 2033 4454 appa-

458 4472 655 4543 rebat.)

1104 4563 1256 4622 CAP.
1293 4566 1361 4622 ΙΙ.

531 4653 589 4710 Si
613 4654 739 4726 quis
766 4653 967 4711 dixerit
1000 4672 1220 4713 carnem
1266 4657 1468 4713 Christi
1507 4673 1630 4714 esse
1668 4657 2035 4713 consubstam

457 4747 643 4804 lialem
677 4747 969 4815 divinitati,
1002 4759 1056 4803 et
1082 4764 1191 4803 non
1234 4748 1522 4805 confessus
1547 4749 1715 4807 fuerit
1747 4749 2032 4807 Christum

459 4840 514 4893 in
574 4837 751 4894 forma
802 4836 898 4893 Dei
945 4837 1115 4894 Deum
1159 4849 1421 4894 aeternum
1460 4855 1602 4906 esse,
1641 4850 2033 4912 assumptaque

459 4930 603 4986 servi
637 4927 814 4984 forma
839 4942 898 4983 se
923 4927 1290 4994 exinaniisse,
1324 4929 1614 4985 anathema
1644 4941 1785 4987 esto.

1091 5020 1414 5092 Explicatio.

529 5111 812 5180 Quomodo
836 5126 967 5168 caro
1000 5112 1054 5167 in
1089 5121 1332 5184 tempore
1362 5113 1577 5169 condita
1606 5114 1852 5186 ejusdem
1899 5115 2032 5170 sub-

461 5204 797 5260 sumtiaedici
825 5213 1003 5274 potest
1033 5220 1157 5259 cum
1186 5204 1514 5275 sempiterna
1536 5207 1857 5262 divinitate?
1880 5205 2029 5260 Con-

461 5296 822 5351 sulistantiale
855 5297 1000 5351 enim
1034 5298 1357 5368 appellatur,
1394 5299 1539 5369 quod
1577 5300 1697 5355 sine
1722 5299 2032 5354 variatione

460 5396 514 5441 et
541 5389 918 5446 vicissitudine
946 5388 1089 5445 idem
1118 5399 1203 5445 est
1245 5400 1437 5446 natura
1465 5400 1519 5446 et
1550 5392 1873 5447 aeternitate.

1086 5481 1239 5541 CAP.
1275 5481 1364 5539 Ill.

534 5563 591 5620 Si
632 5567 757 5637 quis
802 5568 1000 5625 dixerit
1026 5568 1348 5642 .Christum,
1404 5573 1579 5628 instar
1622 5572 1897 5645 propheta:
1931 5590 2027 5629 eu-

2140 4394 2279 4431 νετο.

2794 4565 2950 4619 ΚΕΦ.
2987 4565 3062 4621 B'.

2210 4651 2280 4707 Εἴ
2298 4669 2381 4717 τις
2405 4652 2555 4722 λέγει
2580 4654 2758 4725 σάρκα
2789 4653 2881 4708 τοῦ
2908 4655 3143 4727 Χριστοῦ
3167 4655 3452 4727 ὁμοούσιον
3483 4654 3583 4727 τῆς
3606 4654 3718 4709 θεό-

2138 4763 2319 4818 τητος,
2350 4747 2442 4800 καὶ
2485 4746 2558 4819 μὴ
2591 4746 2843 4818 ὁμολογεῖ
2871 4749 3036 4804 αὑτὸν
3061 4750 3119 4803 ὲν
3154 4752 3333 4821 μορφῇ
3366 4749 3502 4804 Θεοῦ
3539 4740 3717 4820 ὑπάρ-

2139 4855 2303 4910 χοντα
2334 4837 2464 4893 Θεὸν
2505 4838 2847 4910 προαιώνιον,
2892 4844 2987 4896 καὶ
3036 4840 3223 4896 ἑαυτὸν
3264 4842 3578 4898 κενώσαντα
3624 4844 3716 4896 καὶ

2138 4930 2371 4984 λαϐόντα
2400 4929 2585 4985 δούλου
2617 4930 2853 5003 μορφὴν,
2877 4931 3058 4997 καθὼς
3103 4931 3433 5005 γέγραπται,
3467 4933 3718 5005 ἀνάθεμα

2140 5020 2280 5074 ἔστω
2318 5020 2865 5095 [ἁναθεματιζέσθω).

2767 5115 3093 5184 Ἐρμηνείαι

2209 5206 2332 5270 Πῶς
2358 5206 2415 5260 δὲ
2445 5207 2479 5279 ἡ
2523 5207 2661 5278 μετὰ
2694 5207 2885 5280 χρόνον
2921 5208 3058 5281 σὰρξ
3101 5207 3383 5281 ὁμοοῦσιος
3411 5211 3479 5265 ἂν
3505 5209 3716 5279 λέγοιτο

2137 5299 2235 5369 τῆς
2274 5301 2504 5370 ὰχρόνου
2546 5300 2832 5372 θεότητος;
2888 5301 3200 5373 ’(ὶμοοὺσιον
3240 5303 3349 5375 γὰρ
3394 5304 3611 5373 λέγεται
3652 5303 3717 5359 τὸ

2132 5392 2330 5448 ταυτὸν
2360 5396 2425 5465 τῇ
2458 5392 2617 5463 φύσει
2646 5393 2740 5447 καὶ
2771 5397 2837 5465 τῇ
2870 5394 3133 5466 ὰῖδιὸτητι
3154 5397 3604 5468 ἀπαραλλάκτως.

2795 5486 2951 5539 ΚΕΦ.
2988 5487 3063 5540 Γ’.

2207 5566 2275 5630 Εἴ
2299 5595 2381 5643 τις
2406 5577 2554 5648 λέγει
2577 5577 2860 5649 ἄνθρωπον
2879 5579 3078 5634 τέλειον
3100 5579 3443 5655 ἀνειληφέναι
3467 5581 3557 5637 τὸν
3582 5583 3714 5654 Χρι-

532 5703 611 5778 (9)
645 5705 761 5763 Νοη
806 5691 1125 5770 ειιηιῚιτεε
1167 5715 1220 5771 in
1282 5715 1574 5786 exemplari
1623 5726 1937 5787 perretusto
1970 5729 2022 5775 et
2071 5723 2382 5777 emendato.
