4100 6372
370 485 504 553 1129

1551 479 1638 534 DE
1677 478 1829 534 FIDE
1861 478 2060 535 CAPIT
2066 478 2203 534 ULA
2240 477 2352 531 ΧΠ.

3447 470 3580 525 1150

369 607 510 671 στὸν,
537 607 611 668 ὡς
638 605 734 658 ἕνα
760 602 868 657 τῶν
896 596 1205 673 τεροφητῶν,
1242 601 1334 652 καὶ
1373 598 1446 670 μὴ
1480 598 1729 670 ὁμολογεῖ
1769 598 1922 653 αὐτὸν

2024 597 2260 667 juspiam
2280 637 2295 663 ,
2326 592 2620 665 perfectum
2649 590 2922 648 hominem
2952 589 3312 659 assumpsisse
3334 627 3350 652 ,
3389 597 3444 644 et
3469 605 3581 644 non

365 704 432 772 τῇ
469 698 739 772 σαρκώσει
769 700 835 768 τῇ
864 698 928 750 ὲκ
970 694 1232 756 παθόντος
1260 692 1368 764 [Ian
1399 694 1464 745 ὲκ
1504 690 1805 763 Παρθένου]
1828 707 1921 758 γε-

365 789 658 861 γενημένον
691 782 1019 859 [γενόμενον]
1044 782 1322 854 ἄνθρωπον
1350 782 1439 834 τὸν
1472 783 1527 835 ὲν
1568 780 1812 852 Βηθλεὲμ
1837 797 1923 834 τε·

366 882 581 956 χθέντα,
606 882 699 935 καὶ
735 883 791 934 ὲν
814 877 1063 949 Ναζαρὲτ
1092 874 1484 946 ἀνατραφέντα,
1518 872 1614 927 καὶ
1645 870 1922 943 προκοπὴν

368 972 579 1045 ἡλικίας
606 969 1026 1038 ἐπιδειξάμενον,
1058 967 1152 1020 καὶ
1193 964 1399 1037 χρόνων
1439 962 1731 1033 ἀρίθμησιν
1762 977 1923 1031 ποιη-

356 1064 599 1138 ¹ςποίμενον
644 1058 1110 1134 [ἐπιδειξάμενον],
1156 1060 1213 1111 ὲν
1255 1054 1491 1138 Ἰορδάνῃ
1542 1053 1920 1124 βαπτισθέντα,

369 1130 462 1213 Sed
488 1155 593 1210 ὑπὸ
620 1130 712 1209 τοῦ
750 1130 962 1225 Πατρδς
996 1130 1439 1223 μαρτυρηθέντα·
1475 1142 1662 1213 Οὖῖᾶς
1689 1144 1860 1198 ἐστιν
1889 1145 1923 1196 ὁ

367 1250 510 1317 ,Υἱός
528 1265 648 1318 μου
685 1250 717 1301 ό
754 1244 1079 1315 ἀγαπητὸς,
1108 1240 1289 1307 καθὼς
1317 1240 1645 1311 γέγραπται,
1677 1235 1925 1306 ἀνάθεμα

368 1338 507 1394 ἔστω
533 1331 1074 1410 [ἀναθεματιζέσθω].

992 1424 1317 1493 Ἑρμηνεια.

436 1521 561 1583 Πῶς
594 1519 639 1572 δ’
668 1518 732 1573 ἂν
769 1517 977 1586 λέγοιτο
1014 1514 1295 1586 ἄνθρωπον
1339 1512 1542 1566 τέλειον
1583 1509 1924 1581 ἀνειληφέναι

366 1622 457 1671 τὸν
492 1612 722 1686 Χριστὸν
748 1607 996 1683 [Κύριον]
1027 1608 1103 1670 ὡς
1133 1605 1229 1660 ἕνα
1267 1604 1375 1658 τῶν
1420 1601 1730 1674 προφητῶν,
1760 1597 1921 1654 αὐτοῦ

367 1708 460 1762 τοῦ
510 1705 711 1776 Κυρίου
762 1698 1047 1771 ἀνθρώπου
1095 1696 1385 1767 γενομένου
1431 1697 1495 1766 τῇ
1539 1695 1602 1747 ἐκ
1648 1691 1921 1762 Παρθένου

368 1798 667 1872 σαρκώσει;
694 1794 784 1849 Διὸ
817 1792 1143 1864 γέγραπται,
1168 1790 1248 1842 ὅτι
1276 1791 1309 1842 ό
1350 1786 1578 1856 πρῶτος
1615 1784 1922 1854 ἅνθρωπος

366 1890 568 1962 ἐλῖτῆς
595 1889 814 1960 χοϊκός.
854 1883 1067 1954 Ἐπειδὴ
1092 1883 1148 1936 δὲ
1168 1885 1197 1937 ό
1222 1883 1287 1934 ὲκ
1310 1881 1411 1951 γῆς
1436 1878 1690 1941 πλασθεὶς
1713 1879 1791 1941 εἰς
1816 1875 1919 1946 γῆν

2022 686 2303 741 confessus
2326 683 2488 737 fuerit
2512 697 2635 736 eum
2661 722 2676 747 ,
2722 690 2996 749 assumpta
3022 695 3186 734 carne
3216 695 3279 733 ex
3314 677 3532 747 Virgine
3557 718 3575 744 ,

2022 774 2297 829 hominem
2324 772 2526 828 factum
2551 812 2567 837 ,
2608 771 2662 824 in
2688 770 2999 825 Bethlehem
3026 777 3214 825 natum
3242 811 3258 836 ,
3314 768 3367 823 in
3404 767 3579 824 Naza-

2021 865 2137 919 reth
2159 864 2445 920 educatum
2467 904 2483 929 ,
2512 856 2666 916 aetate
2690 861 3016 931 profecisse,
3042 862 3405 932 temporisque
3431 878 3578 916 com-

2022 956 2163 1026 pleto
2189 972 2352 1011 cursu
2380 957 2435 1010 in
2456 953 2687 1010 Jordane
2710 954 3039 1023 baptizatum
3069 967 3190 1009 esse
3217 995 3233 1017 ,
3280 964 3333 1007 et
3361 970 3388 1007 a
3414 953 3575 1008 Patre

2022 1048 2389 1103 testimonium
2416 1046 2519 1101 hoc
2549 1046 2861 1114 accepisse:
2895 1045 2996 1098 Hic
3015 1054 3092 1098 est
3125 1043 3299 1098 Filius
3329 1062 3468 1099 meus
3487 1048 3576 1099 σί-

2021 1138 2182 1193 lectus
2202 1177 2218 1203 ,
2249 1139 2421 1207 ipsum
2448 1137 2624 1191 audite
2655 1136 2701 1168 ⁸ο
2723 1178 2737 1202 ,
2770 1137 3056 1191 anathema
3079 1135 3169 1189 sit.

2644 1410 2962 1479 Explicatio.

2091 1504 2207 1573 Qua
2257 1504 2462 1558 ratione
2516 1502 2687 1557 asseri
2731 1509 2907 1570 potest
2948 1499 3227 1555 Christum
3276 1497 3576 1568 perfectum

2022 1593 2295 1648 hominem
2347 1592 2751 1661 assumpsisse,
2804 1587 2964 1659 quasi
3016 1590 3330 1659 prophetam
3385 1605 3578 1660 quem-

2021 1687 2206 1755 piam,
2241 1700 2364 1739 cum
2411 1683 2525 1753 ipse
2568 1682 2828 1738 Dominus
2858 1682 3021 1735 homo
3066 1680 3243 1735 factus
3275 1680 3381 1747 sit,
3406 1697 3580 1754 carne

2020 1793 2088 1833 ex
2126 1778 2341 1847 Virgine
2373 1777 2473 1831 sibi
2505 1766 2786 1845 assumpta
2815 1774 2838 1826 ?
2880 1772 3170 1843 Propterea
3204 1774 3463 1844 scriptum
3495 1785 3580 1829 est

2021 1865 2164 1936 quod
2212 1865 2415 1934 primus
2461 1863 2612 1917 homo
2657 1864 2729 1918 sit
2774 1861 2837 1916 de
2870 1871 3009 1917 terra
3054 1874 3285 1916 terrenus
3329 1865 3395 1918 “.
3424 1862 3583 1920 Post-

286 2000 295 2007 ‘
327 1970 330 1974 λ
366 1949 720 2054 ἀπέληλυθεν,
749 1949 786 2033 όν
816 1949 1066 2048 δεύτεροξ
1092 1949 1379 2045 ἀνθρωπος-
1409 1971 1694 2041 γενόμενος
1729 1971 1809 2032 εἰς
1835 1969 1922 2022 οὐ-

2024 1970 2184 2026 quam
2213 1970 2338 2010 vero
2367 1955 2414 2010 is
2437 1994 2452 2019 ,
2482 1954 2573 2025 qui
2599 1970 2667 2009 ex
2692 1964 2834 2009 terra
2867 1952 3134 2009 formatus
3161 1962 3279 2009 erat
3304 1994 3319 2020 ,
3370 1955 3426 2010 in
3471 1966 3581 2011 ter-

372 2076 566 2151 pavo‘u;
591 2071 899 2145 ἀνελήλυθε.
929 2071 1037 2124 Καὶ
1064 2069 1277 2137 λέγεται
1311 2068 1341 2120 ό
1367 2054 1596 2133 πρῶτος
1634 2061 1805 2130 Ἀδὰμ
1829 2061 1923 2114 καὶ

310 2152 311 2155 Ἴ
367 2174 402 2226 ὁ
433 2169 704 2243 ᾔσχατος
755 2160 943 2232 Ἀδάμ.
986 2160 1095 2215 Καὶ
1136 2160 1322 2228 ὥσπερ
1361 2153 1722 2226 ὡμολόγηται,
1769 2151 1860 2243 ὅτιῄ
1894 2152 1923 2204 ὁ

363 2241 613 2331 δεύτερος
654 2259 719 2310 ὲκ
748 2255 842 2309 τοῦ
869 2253 1080 2327 πρώτου
1110 2252 1170 2306 τὺ
1196 2250 1338 2306 κατά
1374 2249 1570 2319 σάρκα,
1597 2244 1677 2298 διὸ
1700 2244 1792 2297 καί
1832 2241 1925 2296 ἄν-

367 2354 602 2424 θρωπος,
631 2349 724 2404 καὶ
755 2346 879 2410 Υἱὸς
910 2343 1190 2416 ἀνθρώπου
1214 2339 1445 2411 Χριστός
1467 2355 1479 2368 ο
1512 2337 1680 2400 οὕτως
1715 2350 1924 2407 μεμαρ-

365 2445 597 2515 τύρηται
637 2442 719 2495 ὅτι
751 2442 781 2492 ὁ
822 2437 1071 2509 δεύτερος
1117 2430 1211 2488 τοῦ
1258 2431 1473 2503 πρώτου
1520 2427 1727 2499 Σωτὴρ,
1760 2426 1824 2479 δι’
1865 2425 1923 2479 ὃν

367 2536 724 2610 κατελήλυθεν
756 2532 815 2599 ἐξ
842 2527 1090 2602 οὐρανοῦ.
1134 2524 1349 2596 Ἐπειδὴ
1387 2521 1443 2575 δὲ
1470 2520 1529 2588 ἐξ
1567 2516 1793 2610 οὐρανοῦ
1822 2533 1921 2610 κα-

368 2630 536 2692 ταϐὰς
554 2606 596 2680 τό
625 2627 798 2693 Λόγος
824 2622 916 2677 καὶ
950 2619 1232 2689 ἄνθρωπος
1255 2612 1542 2683 γενόμενος
1568 2612 1647 2672 εἰς
1679 2606 1804 2670 τοὺς
1831 2606 1923 2657 οὐ-

368 2721 563 2795 ρανοὺς
600 2713 909 2788 ἀνελήλυθε,
944 2709 1031 2765 διὰ
1059 2706 1214 2763 τοῦτο
1243 2702 1454 2774 λέγεται
1481 2702 1573 2773 διαὶ
1607 2698 1665 2766 ἐξ
1696 2696 1921 2769 οὐρανοῦ

366 2815 396 2867 ό
423 2813 671 2883 δεύτερος
713 2805 900 2875 ’Δδάμ.

1011 2965 1169 3019 ΚΕΦ.
1203 2964 1275 3016 Δ’.

437 3061 513 3124 Εἴ
536 3061 619 3130 τις
655 3063 802 3133 λέγει
826 3064 891 3116 ὲκ
922 3058 1231 3131 σπέρματος
1260 3051 1449 3122 ἀνδρὸς
1484 3045 1806 3118 γεγενῆσθαι
1833 3043 1924 3097 τὸν

367 3158 597 3234 Χριστὸν
637 3158 699 3209 ἐκ
734 3150 1031 3224 Παρθένου,
1062 3148 1137 3210 ὡς
1179 3144 1377 3205 πάντες
1413 3142 1469 3234 οἱΔ
1500 3134 1923 3234 immortua—atat

259 3235 263 3240 ’
369 3227 446 3325 μὴ
474 3249 723 3322 ὁμολογεῖ
750 3245 911 3301 αὑτὸν
949 3244 1014 3296 ὲκ
1039 3238 1352 3309 Πνεῦματος
1380 3232 1556 3302 ἁγίου,
1708 3231 1771 3281 ἐκ
1787 3227 1924 3325 ΔΜα-

330 3391 335 3395 .
369 3307 616 3417 ’τῆς
648 3307 807 3409 ἀγιας
842 3333 1116 3406 Παρθένου
1152 3307 1500 3417 σαρκωθέντα
1532 3307 1921 3417 καῖᾳὲνανθρω-

367 3410 614 3507 πήσαντα
659 3433 723 3484 ὲκ
770 3427 1082 3499 σπέρματος
1130 3419 1323 3482 Δαὸὶδ,
1368 3415 1549 3478 καθὼς
1595 3410 1929 3483 γέγραπται,

368 3527 612 3598 ἀνάθεμα
632 3523 771 3577 ἔστω
802 3509 1343 3592 [ἀναθεματιζέσθωῖ.

982 3601 1315 3676 Ἐρμηνεια.
1377 3611 1385 3617 ”

435 3709 557 3774 Πῶς
598 3707 705 3779 γὰρ
732 3704 800 3778 [δ’
826 3701 917 3775 ἂν]
957 3701 1104 3768 λέγοι
1143 3714 1249 3760 τις,
1292 3696 1357 3747 sx
1388 3691 1699 3762 σπέρματος
1735 3684 1924 3779 ἀνδρός

367 3777 689 3874 γεγενῆσθαι
716 3777 808 3851 τὸν
834 3793 1065 3867 Χριστὸν
1091 3793 1156 3844 ἐκ
1188 3785 1483 3859 Παρθένου,
1523 3780 1614 3841 τοῦ
1642 3777 1924 3874 ἁγίου-ἰξὺ-

367 3871 619 3964 αγγελίου
646 3888 739 3942 καὶ
767 3884 861 3940 τοῦ
889 3883 1116 3952 ἀγγέλου
1143 3875 1630 3949 εὐαγγελισαμένου
1664 3871 1759 3942 τὴν
1800 3871 1923 3924 Μα-

371 3988 524 4062 ριὰμ,
574 3983 673 4054 τῆς
732 3978 1004 4052 Παρθένου
1054 3973 1365 4047 εἰρηκυίας·
1420 3968 1551 4035 Πῶς
1604 3968 1774 4062 ἔσται
1815 3981 1924 4062 Σμοι

365 4056 562 4141 τοῦτο,
584 4074 712 4131 ἐπεὶ
737 4071 927 4140 ἄνδρα
946 4071 1017 4123 οὐ
1040 4066 1307 4138 γινώσκω
1329 4080 1347 4127 ;
1368 4062 1458 4121 Διὸ
1478 4061 1627 4129 λέγει
1644 4075 1659 4091 ο
1684 4056 1926 4125 Πνεῦμα

282 4220 285 4223 .
369 4173 542 4243 ἄτιον
580 4165 967 4221 ἐπελεύσεται
992 4158 1092 4213 ἐπὶ
1117 4156 1212 4241 σὲ,
1243 4156 1341 4209 καὶ
1371 4154 1620 4221 δύναμις
1645 4149 1924 4243 Ὑψίστου

367 4239 703 4318 ἐπισκιάσει
740 4271 839 4310 σοι
856 4271 870 4284 ·
914 4251 1004 4305 διὸ
1052 4250 1150 4304 καὶ
1195 4246 1261 4301 τὸ
1293 4243 1661 4317 γεννώμενον
1703 4241 1771 4294 ἐκ
1810 4239 1924 4294 σοῦ

369 4357 554 4426 ἄτιον,
587 4348 951 4419 κληθήσεται
991 4344 1270 4413 Ὑψίστου
1305 4339 1450 4404 Υἱός.
1474 4336 1585 4390 Καὶ
1615 4332 1691 4405 τῷ
1716 4331 1924 4426 Ἰωσὴφ

366 4425 514 4517 λέγει
535 4463 549 4477 ·
585 4442 683 4512 Μὴ
715 4436 979 4513 φοϐηθῇς
1006 4432 1368 4504 παραλαϐεῖν
1402 4431 1639 4499 Μαριὰμ
1668 4425 1782 4494 τὴν
1819 4442 1924 4495 γυ-

369 4538 546 4596 ναῖκά
581 4554 729 4593 σου·
765 4533 837 4593 τὸ,
872 4532 983 4602 γὰρ
1019 4532 1089 4585 ἐν
1131 4523 1281 4596 αὐτῇ
1311 4522 1599 4596 γεννηθὲν
1628 4522 1698 4575 ἐκ
1740 4518 1925 4574 Hreu-

2022 2063 2139 2103 ram
2192 2047 2447 2114 revertit;
2501 2046 2773 2102 secundus
2815 2046 2980 2100 homo
3022 2044 3235 2112 factus,
3296 2047 3350 2101 in
3408 2048 3582 2102 coelos

2024 2137 2287 2195 ascendit.
2336 2134 2404 2191 Et
2445 2136 2643 2209 dicitur
2668 2137 2870 2207 primus
2905 2135 3111 2202 Adam,
3170 2144 3225 2192 et
3268 2136 3581 2192 novissimus

2021 2230 2192 2282 Adam
2216 2227 2281 2282 ι’.
2343 2227 2410 2280 Ει
2453 2227 2912 2299 quemadmodum
2958 2226 3013 2280 in
3046 2224 3296 2282 confesso
3340 2235 3424 2282 est
3451 2270 3465 2292 ,
3513 2242 3581 2281 ex

2022 2320 2198 2391 primo
2218 2335 2338 2374 esse
2362 2321 2656 2375 secundum
2682 2359 2696 2384 ,
2743 2321 2886 2389 quod
2909 2321 2975 2374 ad
3005 2334 3225 2375 carnem
3259 2319 3487 2384 attinet,
3517 2335 3580 2373 ea

2023 2412 2166 2465 enim
2196 2410 2262 2464 de
2288 2426 2453 2466 causa
2489 2410 2805 2465 nominatur
2828 2409 3083 2466 Christus
3123 2412 3286 2465 homo
3326 2420 3381 2466 et
3409 2409 3582 2466 Filius

2024 2500 2293 2567 hominis;
2342 2501 2421 2555 sic
2460 2501 2679 2571 planum
2715 2510 3083 2570 testatumque
3112 2512 3195 2555 est
3218 2540 3234 2565 ,
3281 2499 3580 2556 secundum

2024 2606 2145 2647 esse
2196 2590 2527 2647 Salvatorem
2572 2593 2771 2662 primi,
2818 2601 3038 2664 propter
3099 2609 3259 2663 quem
3305 2593 3467 2647 etiam
3513 2593 3583 2648 de

2025 2685 2163 2739 cmlo
2194 2686 2489 2741 descendit.
2516 2684 2653 2752 Quia
2678 2701 2806 2741 vero
2829 2685 3066 2740 Verbum
3089 2688 3156 2741 de
3184 2687 3324 2741 caelo
3352 2687 3582 2742 descen-

2023 2775 2156 2829 dens
2181 2783 2235 2829 et
2260 2776 2551 2830 humanam
2578 2785 2828 2831 naturam
2860 2777 3090 2831 induens
3112 2779 3163 2830 in
3188 2777 3355 2832 coelos
3380 2791 3578 2832 ascen-

2024 2866 2135 2931 dit,
2171 2866 2293 2921 ideo
2328 2868 2594 2924 secundus
2625 2868 2798 2923 Adam
2823 2884 2888 2923 ex
2923 2870 3061 2923 caelo
3086 2885 3207 2925 esse
3235 2869 3455 2924 dicitur.

2649 2957 2801 3014 CAP.
2859 2958 2947 3013 IV.
3108 2968 3110 2971 '

2096 3050 2152 3105 Si
2179 3051 2303 3121 quis
2333 3049 2531 3106 dixerit
2566 3066 2632 3105 ex
2660 3051 2764 3103 viri
2798 3053 3007 3106 semine
3049 3060 3233 3106 uatum
3270 3065 3391 3107 esse
3417 3049 3582 3107 Chri-

2024 3154 2167 3199 stum
2193 3146 2260 3199 de
2292 3143 2511 3214 Virgine
2532 3181 2547 3208 ,
2582 3143 2647 3197 ad
2675 3159 2800 3198 eum
2831 3144 3050 3205 modum
3082 3160 3192 3213 quo
3219 3144 3400 3199 caeteri
3428 3159 3579 3199 mor-

2026 3235 2212 3290 talium
2243 3243 2540 3291 nascuntur
2562 3274 2578 3299 ,
2617 3243 2671 3289 et
2699 3249 2805 3289 non
2832 3235 3114 3291 confessus
3144 3234 3308 3291 fuerit
3337 3237 3486 3291 illum
3515 3251 3582 3294 ex

2024 3338 2211 3383 sancto
2244 3324 2448 3397 Spiritu
2492 3339 2546 3383 et
2571 3342 2639 3383 ex
2669 3325 2836 3381 Maria
2880 3329 3225 3384 sanctissima
3252 3327 3473 3400 Virgine
3494 3332 3584 3384 in-

2024 3426 2304 3474 carnatum
2330 3459 2346 3485 ,
2389 3418 2770 3489 hominemque
2791 3414 2994 3473 factum
3024 3433 3091 3474 ex
3126 3418 3331 3474 semine
3371 3417 3539 3475 David
3561 3461 3582 3491 ,

2025 3514 2165 3567 sicut
2200 3511 2461 3580 scriptum
2492 3520 2575 3566 est
2593 3552 2608 3576 ,
2636 3511 2924 3565 anathema
2947 3520 3084 3566 esto.

2640 3601 2962 3671 Explicatio.

2095 3693 2380 3763 Quomodo
2418 3695 2541 3765 quis
2568 3703 2776 3750 asserat
2804 3694 3080 3750 Christum
3122 3711 3186 3751 ex
3232 3696 3439 3775 semine
3481 3696 3586 3752 viri

2029 3796 2211 3841 natum
2248 3801 2366 3843 esse
2391 3788 2458 3842 de
2490 3786 2743 3858 Virgine,
2777 3802 2902 3841 cum
2935 3797 3342 3843 sacrosanctum
3409 3788 3586 3844 Evan-

2026 3880 2224 3949 gelium
2252 3888 2308 3935 et
2358 3880 2473 3948 ipse
2510 3869 2733 3949 angelus
2763 3887 3024 3935 testentur
3061 3878 3285 3934 Mariam
3311 3881 3517 3937 dixisse
3556 3897 3573 3934 :

2027 3970 2301 4037 Quomodo
2331 3972 2422 4040 ﬁet
2448 3970 2590 4024 istud
2615 4010 2631 4035 ,
2665 3970 2913 4040 quoniam
2948 3972 3118 4022 virum
3145 3986 3251 4024 non
3294 3971 3587 4040 cognosco?

2026 4064 2315 4134 Propterea
2337 4063 2468 4118 dicit
2494 4081 2507 4116 :
2542 4060 2776 4133 Spiritus
2802 4073 3016 4115 sanctus
3039 4064 3359 4128 superveniet
3397 4063 3453 4115 in
3492 4073 3541 4117 te
3567 4102 3583 4127 ,

2026 4166 2075 4211 et
2103 4158 2269 4210 virtus
2300 4154 2566 4208 Altissimi
2594 4153 2923 4207 obumbrabit
2958 4153 3071 4208 tibi.
3116 4152 3343 4224 Ideoque
3375 4164 3423 4209 et
3446 4157 3584 4223 quod

2026 4255 2271 4302 nascetur
2319 4261 2383 4299 ea:
2435 4255 2482 4299 te
2533 4254 2811 4312 sanctum,
2853 4243 3123 4299 vocabitur
3166 4243 3343 4299 Filius
3391 4244 3487 4301 Dei
3514 4245 3584 4301 ”.

2029 4338 2231 4411 [Prius
2263 4338 2411 4393 enim
2440 4338 2650 4392 dixerat
2692 4346 2879 4391 sancta
2930 4336 3127 4406 Virgo:
3173 4337 3448 4403 Quomodo
3493 4338 3583 4407 ﬁet
3652 4358 3679 4377 κ

2026 4430 2169 4484 istud
2200 4469 2214 4493 ,
2258 4430 2509 4498 quoniam
2534 4428 2705 4481 virum
2730 4444 2829 4479 non
2854 4444 3105 4497 cognosco
3150 4426 3303 4499 (10)?
3332 4427 3354 4500 ]
3404 4428 3471 4483 Et
3493 4427 3588 4486 ,ιο-

2027 4522 2195 4593 sepho
2217 4521 2383 4577 dicit:
2415 4518 2545 4574 Noli
2567 4520 2746 4573 timere
2779 4519 3019 4588 accipere
3034 4521 3287 4587 Mariam,
3316 4521 3588 4592 conjugem

367 4632 552 4703 ματός
582 4629 749 4684 ἐστιν
777 4625 982 4695 ἁγίου.
1035 4623 1267 4686 Τέξεται
1308 4617 1377 4670 δὲ
1414 4615 1569 4679 υἱὸν,
1609 4612 1710 4667 καὶ
1753 4609 1922 4703 καλέ-

2029 4627 2173 4669 tuam
2198 4629 2216 4667 ε
2258 4614 2399 4685 quod
2420 4612 2559 4666 enim
2584 4612 2640 4665 in
2672 4628 2731 4666 ea
2754 4622 2940 4665 natum
2968 4620 3047 4665 est
3075 4650 3090 4675 ,
3140 4611 3204 4665 de
3228 4610 3434 4681 Spiritu
3463 4629 3588 4667 san-

371 4701 553 4781 σουσι
581 4722 650 4776 τὸ
667 4780 675 4789 ,
691 4721 877 4789 mm
918 4714 1104 4771 αὐτοῦ
1148 4709 1406 4781 Ἰησοῦν·
1429 4707 1608 4773 αὐτὸς
1653 4704 1763 4775 γὰρ
1805 4701 1921 4756 σώο

373 4819 451 4883 ζει
476 4816 583 4873 τὸν
613 4815 765 4871 λαὸν·
791 4808 975 4867 αὐτοῦ
996 4806 1111 4864 ἀπὸ
1141 4803 1258 4859 τῶν
1284 4797 1575 4872 ἁμαρτιῶν
1612 4795 1813 4852 αὐτοῦ.

1015 4988 1171 5043 ΚΕΦ.
1202 4988 1278 5041 E’.

322 5054 327 5055 γ
440 5096 611 5156 ΕΓτις
634 5091 780 5160 λέγει
800 5103 815 5116 ·
845 5084 1035 5148 Ἀλλος
1063 5085 1093 5136 ό
1117 5082 1221 5154 πρὸ
1247 5079 1457 5135 αἰώνων
1489 5075 1614 5141 Υἱὸς
1643 5075 1737 5128 τοῦ
1765 5074 1921 5137 Θεοῦ,

374 5186 468 5243 καὶ
515 5183 670 5244 ἀλλος
694 5180 743 5257 ιὁ
782 5175 868 5231 ἐπ’
906 5173 1168 5245 ἐσχάτων,
1216 5172 1309 5224 καὶ
1351 5169 1427 5242 μὴ
1468 5168 1716 5240 ὁμολογεί
1761 5166 1923 5220 αὑτὸν

375 5281 461 5334 τὸν
493 5276 598 5347 πρὸ
633 5272 841 5328 αἰώνων
870 5269 960 5322 τὸν
1002 5266 1161 5320 αὑτὸν
1196 5264 1282 5319 ἐπ’
1312 5262 1571 5352 ἐσχάτω-ν,
1589 5257 1794 5352 -καθὼς
1810 5257 1921 5352 ,γέ-

252 5351 260 5360 ’
376 5383 630 5442 γραπται,
657 5362 900 5432 ἀνάθεμα
927 5357 1066 5412 έστω
1089 5349 1629 5428 [ἀναθεματιζέσθω].

850 5518 859 5525 ’
930 5538 933 5545 λ
991 5538 1310 5609 Ἐρμηνεία.

442 5640 565 5705 Πῶς
590 5639 634 5693 δ’
666 5628 731 5693 ἂν
770 5635 979 5704 λέγοιτο
1017 5631 1175 5694 ἄλλος
1214 5630 1243 5682 ὀ
1275 5628 1380 5700 πρὸ
1420 5626 1644 5683 αἰώνων.
1663 5622 1758 5678 τοῦ
1788 5622 1922 5679 Θεοῦ

443 5780 491 5811 ⁸⁸
529 5776 713 5833 Matth.
742 5790 826 5842 ιιι,
847 5772 935 5827 17.
1010 5770 1055 5802 ⁸¹
1083 5768 1254 5824 ICor.
1287 5784 1375 5837 xv,
1406 5767 1494 5822 47.
1569 5764 1613 5797 ⁵⁸
1638 5763 1772 5820 Ibid.
1804 5762 1919 5818 45.‘

449 5933 559 6004 (10)
590 5931 713 5987 Haec
741 5929 1006 5998 interpres
1034 5924 1259 5980 addidit.

646 6029 918 6090 ΡΑτιιοι..
951 6025 1068 6087 Gtt.
1100 6022 1184 6083 Χ.

2003 5760 2048 5793 ⁵³
2069 5758 2198 5816 Luc.
2237 5775 2277 5826 ι,
2306 5758 2395 5827 54,
2440 5757 2530 5814 '55.

2028 4722 2110 4766 cto
2136 4718 2232 4765 est.
2263 4707 2447 4763 Pariet
2471 4716 2645 4761 autem
2665 4705 2836 4775 ﬁlium
2853 4744 2868 4770 ,
2899 4713 2949 4757 et
2976 4704 3232 4758 vocabunt
3258 4720 3443 4759 nomen
3472 4705 3587 4773 ejus

2028 4801 2212 4857 Iesum
2244 4816 2264 4864 ;
2323 4800 2432 4868 ipse
2471 4798 2608 4852 enim
2648 4796 2847 4850 salvum
2886 4794 3044 4864 faciet
3083 4793 3334 4864 populum
3363 4812 3519 4850 suum
3555 4812 3587 4849 α

2028 4891 2252 4963 peccatis
2271 4891 2383 4960 ejus
2417 4890 2481 4943 δ’.

2676 4978 2829 5035 CAP.
2870 4978 2932 5032 V.

2104 5077 2162 5131 Si
2187 5075 2309 5146 quis
2338 5074 2534 5128 dixerit
2562 5090 2574 5124 :
2608 5073 2761 5129 Alius
2799 5082 2883 5128 est
2929 5070 3101 5127 Filius
3146 5070 3243 5126 Dei
3276 5081 3505 5127 aeternus
3533 5079 3588 5125 et

2029 5180 2156 5226 ante
2184 5168 2416 5234 secula;
2467 5175 2522 5222 et
2563 5165 2703 5221 alius
2724 5207 2740 5231 ,
2780 5166 2875 5237 qui
2905 5164 3220 5221 novissimis
3252 5162 3585 5233 temporibus

2029 5263 2322 5334 apparuit;
2374 5268 2428 5316 et
2472 5274 2581 5313 non
2616 5256 2899 5315 confessus
2930 5257 3097 5312 fuerit
3148 5270 3317 5310 unum
3345 5262 3398 5308 et
3430 5269 3585 5309 eum-

2032 5355 2153 5409 dem
2178 5366 2300 5409 esse
2328 5351 2480 5405 illum
2511 5358 2774 5405 aeternum
2799 5390 2815 5416 ,
2860 5349 2955 5418 qui
2988 5347 3300 5403 novissimis
3337 5347 3587 5415 tempori-

2030 5443 2134 5500 bus
2155 5443 2435 5514 apparuit,
2486 5442 2629 5496 sicut
2675 5441 2935 5509 scriptum
2960 5447 3043 5495 est
3068 5477 3083 5503 ,
3132 5438 3580 5499 auathemagsto.

2651 5528 2973 5598 Explicatio.

2100 5624 2385 5693 Quomodo
2428 5622 2771 5679 aﬁirmaverit
2819 5620 2942 5692 quis
2967 5661 2983 5689 ,
3033 5634 3143 5676 non
3182 5618 3305 5676 esse
3335 5610 3585 5676 eumdem

2633 5757 2677 5789 “
2705 5753 2898 5811 Matth.
2942 5770 2995 5821 ι,
3042 5753 3134 5821 20,
3158 5751 3251 5809 2|.

3196 6002 3273 6062 36
