4100 6386
560 494 694 551 1151

1208 493 1267 549 s.
1307 490 1632 549 cannon"
1672 490 2029 548 THAUMAT.
2070 490 2218 546 OPP.
2255 490 2436 548 PARS
2472 487 2769 549 ALTERA.
2804 519 2877 531 --
2910 450 3138 547 unum.

3697 396 3743 451 I

3641 490 3786 550 "'52

561 609 660 667 Dei
691 609 887 665 Filium
909 651 924 677 ,
951 607 1043 680 qui
1076 608 1143 663 ab
1166 620 1368 663 aeterno
1397 607 1499 663 fuit
1522 648 1537 671 ,
1575 617 1629 662 et
1648 609 1959 664 novissimis
1980 618 2099 663 tem-

2217 608 2364 671 Υἱὸς,
2403 608 2495 661 καὶ
2535 607 2692 671 ἄλλος
2729 609 2759 661 6
2797 608 2885 660 ἐπ’
2923 606 3181 676 ἐσχάτων,
3225 605 3390 660 αὑτοῦ
3436 604 3530 660 τοῦ
3570 607 3785 680 Κυρίου

559 704 787 775 poribus
818 701 1104 771 apparuit,
1134 717 1258 756 cum
1288 702 1403 771 ipse
1434 700 1695 755 Dominus
1720 701 1866 755 dicat
1894 719 1907 755 :
1952 702 2114 754 Ante-

559 811 717 865 quam
742 793 1007 847 Abraham
1037 792 1183 863 ﬁeret
1203 835 1218 859 ,
1246 809 1338 863 ego
1365 807 1481 847 sum
1514 792 1592 858 u;
1622 801 1693 857 et,
1729 793 1858 862 quia
1897 808 1927 847 a
1957 792 2115 847 Patre

517 961 533 974 α
558 886 721 953 exivi,
758 895 812 940 et
842 886 1021 949 venio,
1041 894 1094 940 et
1113 887 1304 940 iterum
1332 884 1473 939 vado
1496 885 1563 940 ad
1579 884 1791 940 Patrem
1821 899 2001 940 meum
2023 886 2069 918 ⁸⁵
2093 885 2115 939 ?

1195 974 1346 1030 CAP.
1382 975 1469 1029 Vl.

630 1066 688 1122 Si
712 1067 836 1138 quis
866 1066 1095 1122 dixerit:
1120 1066 1273 1122 Alius
1297 1076 1382 1122 est
1404 1068 1499 1137 qui
1529 1040 1723 1137 passus
1748 1075 1861 1136 est‘,
1889 1075 1945 1123 et
1971 1068 2112 1124 alius

557 1159 651 1229 qui
680 1173 876 1228 passus
915 1173 1024 1212 non
1053 1166 1185 1233 est;
1218 1167 1272 1214 et
1302 1173 1411 1213 non
1456 1158 1742 1215 confessus
1779 1158 1943 1216 fuerit
1970 1161 2110 1217 idem

556 1249 893 1320 impassibile
915 1258 972 1305 et
998 1249 1334 1306 immutabile
1361 1250 1456 1306 Dei
1488 1248 1723 1307 Verbum
1757 1253 1969 1323 propria
1987 1294 1992 1301 .
2011 1270 2109 1309 sua

556 1356 718 1396 carne
746 1357 980 1412 'passum
1006 1357 1127 1399 esse
1149 1384 1164 1411 ,
1199 1344 1342 1398 sicut
1372 1344 1634 1413 scriptum
1663 1353 1783 1410 est,
1818 1344 2110 1404 anathema

552 1442 691 1488 εειο.

1168 1525 1486 1596 Explicatio.

622 1617 739 1683 Qua
769 1617 976 1672 ratione
992 1617 1137 1673 dicat
1160 1618 1285 1688 quis
1302 1658 1317 1684 ,
1344 1618 1509 1673 alium
1530 1634 1652 1675 esse
1676 1621 1768 1691 qui
1784 1636 1977 1691 passus
2003 1630 2107 1689 est,

551 1718 606 1764 et
626 1710 788 1764 alium
814 1708 907 1778 qui
931 1724 1124 1778 passus
1143 1724 1247 1764 non
1267 1717 1377 1776 est,
1403 1710 1519 1780 ipso
1533 1709 1759 1768 Domino
1778 1712 2106 1769 afﬁrmante:

555 1802 771 1871 Oportet
794 1799 996 1855 Filium
1028 1802 1252 1856 hominis
1276 1803 1443 1856 multa
1468 1804 1599 1873 pati,
1622 1813 1671 1858 et
1699 1806 1866 1859 occidi
1891 1844 1908 1870 ,
1947 1817 1995 1860 et
2024 1808 2109 1861 die

2214 697 2464 767 λέγοντος
2482 717 2495 730 ’
2536 699 2687 768 Πρὶν
2725 697 2968 769 Ἀϐραὰμ
3005 698 3299 769 γενέσθαι,
3327 697 3441 769 ἐγώ
3475 701 3591 769 ειμι
3615 716 3630 730 ·
3658 700 3781 768 καὶ,

2213 790 2293 843 ὅτι
2325 791 2389 843 ὲκ
2415 790 2509 844 τοῦ
2542 791 2751 864 Πατρὸς
2783 790 3026 861 ἐξῆλθον,
3060 790 3154 843 καὶ
3194 790 3335 861 ἥκω,
3367 790 3460 844 καὶ
3494 790 3656 847 πάλιν
3679 810 3785 847 που

2216 881 2443 953 ρεύομαι
2482 883 2617 953 πρὸς
2646 884 2737 937 τὸν
2767 882 2983 954 Πατέρα
3016 898 3152 952 μους

2851 973 3005 1026 xm.
3036 974 3125 1039 ς’.
3487 967 3518 995 κ

2282 1065 2353 1120 Et’
2386 1083 2469 1130 τις
2519 1066 2698 1137 λέγει’
2734 1066 2925 1133 Ἀλλος
2970 1067 2999 1119 6
3037 1064 3248 1131 παθὼν,
3286 1068 3379 1121 καὶ
3420 1067 3577 1133 ἄλλος
3623 1070 3653 1122 6
3700 1061 3802 1141 μὴ’
3876 1134 3899 1147 η

2213 1157 2421 1223 παθὼν,
2459 1159 2553 1212 καὶ
2590 1157 2665 1229 μὴ
2699 1158 2947 1229 ὁμολογεῖ
2973 1159 3130 1214 αὑτὸν
3166 1160 3255 1215 τὸν
3285 1160 3466 1232 ἀπαθῆ
3502 1160 3636 1213 Θεὸν
3671 1161 3781 1215 Λό-

2210 1268 2305 1321 γον
2332 1250 2424 1305 καὶ
2444 1250 2709 1323 ἄτρεπτον
2732 1252 2895 1323 σαρκὶ
2921 1252 3025 1323 ἰδίᾳ
3058 1251 3296 1305 παθόντα
3323 1251 3628 1322 ἀτρέπτως,
3651 1251 3760 1305 καθ
3782 1270 3787 1275 θ

2209 1340 2284 1406 ὼς
2308 1341 2633 1414 γέγραπται,
2663 1342 2912 1414 ἀνάθεμα
2943 1341 3083 1396 ἔστω
3118 1341 3661 1416 [ἀναθεματιζὲσθω].

2828 1526 3155 1596 Ἑρμηνεια.
3839 1588 3847 1599 _

2278 1617 2403 1682 Πῶς
2423 1617 2480 1672 δὲ
2508 1617 2575 1672 ἂν
2600 1616 2818 1689 ’λέγοιτο
2841 1618 2998 1683 ἄλλος
3023 1622 3052 1672 ό
3088 1617 3297 1683 παθὼν,
3331 1619 3424 1673 καὶ
3450 1618 3607 1682 ἄλλος
3634 1620 3663 1671 6
3697 1616 3779 1690 μὴ

2208 1710 2413 1776 παθὼν,
2444 1708 2608 1764 αὐτοῦ
2647 1710 2741 1763 τοῦ
2779 1696 2985 1781 κυρίου
3033 1709 3281 1778 λέγοντος
3303 1725 3318 1739 ⁸
3366 1707 3465 1763 Δεῖ
3496 1710 3603 1763 τὸν
3634 1708 3782 1763 Υἱὸν

2206 1803 2313 1858 τοῦ
2343 1804 2656 1871 ἀνθρώπου
2684 1802 2882 1857 πολλὰ
2916 1802 3143 1867 παθεῖν,
3173 1802 3271 1856 καὶ
3300 1800 3778 1870 ἀποκτανθῆναι,

550 1895 709 1948 tertia
760 1911 794 1948 a
837 1893 1058 1948 mortuis
1090 1910 1356 1965 resurgere
1383 1894 1461 1962 ";
1488 1905 1581 1950 et:
1614 1896 1838 1963 Quando
1861 1897 2099 1952 videbitis

2209 1895 2310 1950 καὶ
2347 1893 2422 1963 τῇ
2454 1894 2618 1963 τρίτῃ
2657 1894 2846 1964 ἡμέρᾳ
2877 1893 3211 1964 ἀναστῆναι
3251 1894 3320 1949 ἐκ
3348 1897 3577 1963 νεκρῶν
3595 1911 3609 1925 ·
3639 1892 3774 1948 καί·

548 1986 755 2042 Filium
779 1987 1004 2041 hominis
1039 1959 1295 2041 sedentem
1339 1989 1391 2041 in
1428 1959 1615 2043 dextra
1666 1987 1843 2043 Patris
1868 1989 1957 2056 δας
2001 1999 2057 2045 et
2088 2009 2099 2047 :

2213 1959 2729 2054 ’Ὀτανητόῆνιτετὸν⁸
2936 1986 3048 2041 τοῦ
3077 1959 3389 2055 ἀνθρώπου

551 2077 777 2144 Quando
803 2079 968 2133 ueniet
988 2076 1161 2132 Filius
1179 2079 1403 2133 hominis
1428 2080 1484 2133 in
1522 2080 1693 2151 gloria
1722 2080 1902 2137 Patris
1917 2084 2000 2138 sui
2022 2074 2102 2128 ‘9?

1175 2261 1326 2317 CAP.
1368 2258 1480 2316 VI].

621 2350 680 2407 Si
713 2351 837 2423 quis
865 2352 1061 2408 dixerit
1094 2352 1369 2409 Christum
1404 2363 1675 2409 servatum
1704 2370 1824 2412 esse
1848 2398 1864 2423 ,
1909 2365 1963 2412 et
1993 2373 2101 2413 non

548 2443 833 2513 confessus
869 2442 1029 2499 fuerit
1075 2443 1248 2515 ipsum
1277 2460 1397 2501 csse
1424 2444 1764 2502 Servatorem
1808 2448 2015 2514 mundi,
2050 2457 2107 2504 et

548 2535 727 2591 lucem
754 2534 962 2601 mundi,
989 2534 1131 2591 sicut
1155 2536 1412 2605 scriptum
1447 2546 1530 2592 est
1550 2535 1619 2604 "’,
1647 2538 1936 2594 anathema
1956 2548 2095 2595 esto.

1169 2625 1490 2695 Explicatio.

618 2717 901 2785 Quomodo
932 2726 1138 2773 asserat
1157 2718 1281 2787 quis
1307 2717 1582 2774 Christum
1623 2733 1747 2774 esse
1780 2727 2053 2775 servatum
2084 2762 2099 2787 ,

546 2810 667 2879 ipso
704 2806 937 2865 Domino
997 2806 1208 2865 dicente
1240 2828 1253 2863 :
1300 2807 1412 2881 Ego
1445 2826 1561 2863 sum
1602 2811 1714 2864 vita
1736 2810 1816 2877 ³¹;
1851 2819 1946 2866 et:
1985 2811 2098 2884 Ego

545 2901 660 2956 aeni
683 2943 698 2968 ,
743 2910 803 2955 ut
837 2901 1000 2955 vitam
1038 2900 1261 2956 habeant
1293 2900 1377 2969 ";
1422 2910 1475 2957 et
1504 2920 1517 2956 :
1559 2900 1664 2966 Qui
1704 2902 1761 2956 in
1788 2918 1869 2957 me
1891 2904 2054 2959 credit
2084 2943 2101 2966 ,

544 3000 765 3046 mortem
792 3007 895 3045 non
921 2990 1113 3045 uidebit
1147 3004 1165 3042 :
1211 2990 1300 3045 sed
1336 2990 1526 3045 videbit
1554 2992 1717 3046 vitam
1748 3001 2001 3048 wternam
2030 2988 2108 3042 "1’

1157 3168 1304 3223 CAP.
1348 3162 1478 3223 VIII).

2206 2079 2278 2134 ἐν
2313 2078 2482 2145 δεξιᾷ
2528 2078 2633 2132 τοῦ
2679 2080 2939 2146 Πατρός*
2989 2077 3081 2131 καὶ
3102 2097 3113 2108 ·
3151 2079 3326 2134 Ὅταν
3366 2077 3513 2147 ἔλθῃ
3557 2081 3591 2132 ὁ
3636 2077 3779 2141 Υιὸς
3866 2142 3893 2157 ν

2204 2170 2313 2225 τοῦ
2337 2168 2650 2238 ἀνθρώπου
2674 2168 2745 2222 ἐν
2774 2167 2849 2237 τῇ
2878 2168 3025 2235 δόξῃ
3055 2167 3160 2223 τοῦ
3196 2168 3424 2238 Πατρός
3441 2169 3672 2235 αὐτοῦς

2854 2260 3013 2313 ΚΕΦ.
3043 2261 3118 2315 Z'.

2274 2353 2344 2407 Εῐ
2367 2370 2451 2417 τις
2491 2352 2639 2421 λέγει
2676 2350 2979 2423 σωζόμενον
3007 2352 3097 2407 τὸν
3135 2352 3386 2425 Χριστὸν,
3414 2354 3508 2407 καὶ
3538 2354 3611 2426 μὴ
3644 2357 3778 2426 ὁμο-

2205 2445 2353 2515 λογεί
2389 2444 2549 2513 αὑτὸν
2598 2444 2821 2516 Σωτῆρα
2857 2442 2951 2497 τοῦ
2990 2427 3202 2515 ’κόσμου
3249 2446 3341 2500 καὶ
3383 2445 3499 2516 φῶς
3541 2446 3635 2500 τοῦ
3681 2446 3779 2501 κό-

2205 2557 2362 2611 σμου,
2390 2536 2567 2600 καθὼς
2608 2536 2931 2607 γέγραπται,
2962 2536 3451 2607 ἀναθεμιτιζέσθω.

2318 2686 2321 2689 .
2823 2627 3157 2697 Ἑρμηνεία.

2272 2718 2398 2785 Πῶς
2421 2719 2466 2773 δ’
2486 2718 2553 2774 ἄν
2579 2719 2727 2789 λέγοι
2756 2736 2840 2784 τις
2874 2719 3175 2791 σωζόμενον
3212 2719 3301 2775 τὸν
3327 2720 3579 2791 Χριστὸν.
3605 2721 3774 2777 αὐτοῦ

2202 2811 2294 2865 τοῦ
2325 2812 2529 2882 Κυρίου
2564 2810 2813 2879 λέγοντος
2832 2826 2848 2841 ο
2889 2809 3028 2879 Ἐγὼ
3050 2812 3166 2880 ειμι
3191 2811 3229 2879 ἠ
3256 2809 3368 2878 ζωή
3392 2828 3405 2841 ·
3440 2812 3567 2865 καί·
3607 2813 3776 2881 Ἐλή-

2200 2904 2357 2956 λυθα
2386 2902 2486 2955 ἵνα
2512 2900 2665 2969 ζωὴν
2687 2900 2870 2970 ἔχωσι
2892 2916 2905 2931 ·
2940 2901 3063 2954 καί·
3107 2902 3161 2954 '0
3196 2902 3492 2957 πιστεύων
3530 2905 3616 2970 εις
3643 2903 3772 2974 ἐμὲ,

2202 2992 2459 3047 θάνατον
2590 2991 2677 3062 μὴ
2721 2991 3027 3061 θεωρήσει,
3055 2991 3193 3047 ἀλλ’
3221 2992 3429 3062 ὄψεται
3464 2993 3580 3064 τὴν
3617 2993 3776 3065 ζωὴν

2201 3082 2318 3173 τὴν
2337 3082 2606 3145 αἱώνιον;
3087 3162 3096 3171 ‘

2837 3173 2993 3227 ΚΕΦ.
3035 3174 3119 3228 Η’.

610 3265 669 3321 Si
703 3265 827 3336 quis
884 3262 1083 3318 dixerit
1136 3262 1415 3317 Christum
1466 3224 1775 3332 perfectum.
1816 3265 2095 3321 hominem

2270 3234 2449 3331 ΕΓτις
2469 3267 2618 3336 λέγει
2653 3224 3162 3340 τέλειοηῑ
3188 3267 3277 3323 τὸν
3306 3269 3540 3341 Χριστὸν
3567 3270 3775 3343 διαιρε-

538 3374 662 3415 esse
685 3356 899 3411 divisim
930 3363 985 3410 et
1011 3353 1178 3409 Deum
1206 3353 1440 3409 Verbum
1465 3354 1707 3421 divisim,
1735 3366 1789 3412 et
1818 3371 1924 3411 non
1951 3371 2089 3412 con-

538 3449 720 3507 fessus
750 3447 915 3502 fuerit
971 3460 1138 3511 unum
1179 3453 1233 3500 et
1275 3447 1525 3501 eumdem
1569 3444 1862 3503 Dominum
1908 3447 2093 3505 Jesum

538 3541 840 3605 Christum,
866 3537 1009 3592 sicut
1029 3536 1291 3607 scriptum
1330 3546 1434 3601 est,
1466 3537 1764 3594 anathema
1786 3541 1879 3596 sit.

644 3668 647 3671 .
715 3626 721 3632 ’
1168 3623 1486 3693 Emplicatio.

609 3715 894 3784 Quomodo
926 3715 1050 3785 quis
1078 3715 1223 3771 dicat
1260 3715 1538 3787 Christum
1569 3719 1785 3775 divisim
1823 3737 1945 3779 esse
1972 3739 2096 3795 per-

540 3808 742 3864 fectum
775 3806 1075 3871 hominem,
1100 3816 1153 3861 et
1176 3807 1388 3862 divisim
1420 3806 1655 3865 Verbum
1686 3812 1950 3881 divinum,
1968 3831 2093 3873 cum

538 3902 655 3971 ipse
698 3900 961 3955 Dominus
1006 3899 1148 3954 dicat
1191 3916 1206 3951 :
1244 3898 1384 3965 Quid
1430 3918 1510 3957 me
1551 3905 1794 3974 queritis
1835 3908 2091 3976 occidere,

536 3992 816 4058 hominem,
847 3992 937 4061 qui
976 3991 1245 4046 veritatem
1284 3992 1426 4048 vobis
1474 3994 1610 4063 dixi,
1651 4011 1809 4066 quam
1847 3999 2027 4054 audivi
2062 4017 2096 4055 a

537 4082 700 4138 Patre
728 4098 839 4137 meo
861 4082 946 4136 “'3
972 4080 1087 4137 Non
1111 4083 1258 4138 enim
1287 4083 1560 4139 hominem
1600 4100 1699 4155 pro
1729 4078 2094 4157 nobisdedit:

536 4175 633 4230 sed
668 4173 906 4244 seipsum
941 4190 1039 4244 pro
1084 4174 1242 4230 nobis
1278 4175 1446 4237 dedit,
1484 4175 1630 4233 Deus
1656 4176 1892 4235 Verbum
1928 4181 2094 4238 homo

535 4265 735 4322 factus.
768 4263 906 4321 Hinc
940 4274 994 4321 et
1029 4265 1161 4320 dicit
1191 4285 1204 4320 :
1237 4263 1434 4320 Solvite
1484 4268 1727 4338 templum
1773 4270 1889 4336 hoc,
1936 4281 1987 4326 et
2034 4274 2093 4327 in

537 4356 707 4411 tribus
736 4355 918 4410 diebus
949 4356 1187 4410 excitabo
1233 4355 1388 4412 illud.
1417 4355 1537 4427 Ipse
1577 4368 1752 4414 autem
1794 4361 1999 4417 dicebat
2028 4365 2095 4419 de

537 4447 727 4518 templo
758 4449 991 4517 corporis
1022 4448 1107 4501 sui
1128 4450 1195 4502 ⁸⁸.

1171 4626 1323 4682 CAP.
1362 4628 1451 4685 IX.

609 4715 665 4772 Si
698 4717 825 4789 quis
857 4717 1056 4773 dixerit
1082 4717 1361 4775 Christum
1388 4722 1675 4777 mutationi
1703 4732 1756 4778 et
1783 4724 2093 4781 alterationi

536 4809 833 4865 obnoxium
869 4824 1011 4874 esse,
1045 4820 1103 4865 et
1124 4826 1231 4865 non
1266 4811 1548 4869 confessus
1587 4814 1745 4870 fuerit
1782 4817 1959 4886 ipsum
1985 4817 2097 4887 spi—

533 4902 640 4955 ritu
663 4900 880 4971 quidem
909 4901 1226 4957 mutationis
1247 4912 1543 4973 expertem.
1578 4922 1637 4961 ca
1648 4922 1742 4961 rne
1769 4917 1948 4962 autem
1970 4923 2095 4963 cor-

532 4992 843 5063 ruptibilem
874 4991 1385 5066 [incorruptibilem]
1435 5012 1580 5062 esse,
1625 5000 1909 5054 anathema
1955 5010 2094 5055 esto.

1155 5086 1476 5157 Explicatio.

600 5178 718 5247 Qua
769 5177 985 5233 ratione
1018 5189 1229 5234 asserat
1256 5181 1380 5250 quis
1411 5181 1467 5235 in
1506 5180 1785 5237 Christum
1832 5184 2090 5239 mutatio-

532 5286 655 5347 nem
684 5279 778 5326 aut
796 5270 1152 5326 variationem
1183 5271 1396 5338 cadere,
1425 5273 1546 5343 ipso
1573 5273 1805 5329 Domino
1836 5274 2086 5332 dicente:

530 5359 643 5430 Ego
664 5376 802 5428 sum,
829 5369 878 5414 et
913 5375 1016 5413 non
1044 5371 1222 5415 mutor
1238 5361 1326 5415 “1'
1365 5361 1433 5416 Et
1458 5378 1647 5417 rursus
1672 5379 1685 5414 :
1710 5361 1890 5430 Neque
1906 5366 2090 5419 anima

529 5448 644 5515 ejus
671 5447 857 5502 relicta
887 5458 964 5503 est
990 5449 1048 5503 in
1085 5451 1312 5516 inferno,
1342 5467 1506 5521 neque
1527 5468 1651 5507 caro
1670 5453 1783 5523 ejus
1815 5456 1948 5509 vidit
1972 5472 2088 5510 cor-

531 5540 823 5607 ruptionem
838 5542 919 5596 '7?

2201 3360 2328 3426 τῶς,
2365 3360 2458 3414 καὶ
2487 3359 2619 3413 Θεὸν
2645 3360 2739 3412 τὸν
2770 3359 2940 3429 Λόγον
2972 3358 3272 3432 διαιρετῶς,
3295 3360 3391 3416 καὶ
3421 3362 3497 3435 μὴ
3520 3364 3775 3435 ὁμολογεῖ

2201 3452 2296 3507 ἕνα
2323 3450 2524 3522 Κύριον
2565 3450 2769 3521 Ἰησοῦν
2801 3453 3054 3523 Χριστὸν,
3086 3453 3266 3518 καθὼς
3288 3453 3612 3526 γέγραπται,
3639 3456 3775 3511 ἀνά-

2200 3544 2344 3617 θεμα
2364 3542 2504 3597 ἔστω
2535 3542 3080 3616 [ἁναθεματιζέσθω].

2835 3631 3161 3704 Ἑρμηνεὶα.

2268 3726 2394 3793 Πῶς
2417 3726 2461 3781 δ’
2487 3726 2554 3781 ἂν
2586 3726 2731 3796 λέγοι
2758 3746 2842 3793 τις
2869 3729 3152 3802 ἄνθρωπον
3175 3729 3379 3785 τέλειον
3403 3730 3494 3785 τὸν
3530 3731 3771 3803 Χριστὸν

2198 3818 2500 3891 διαιρετῶς,
2527 3818 2621 3871 καὶ
2646 3818 2776 3872 Θεὸν
2816 3818 2905 3872 τὸν
2938 3819 3108 3889 Λόγον
3133 3818 3433 3890 διαιρετᾶκς,
3474 3819 3635 3874 αὐτοῦ
3669 3820 3769 3875 τοῦ

2197 3911 2402 3982 Κυρίου
2431 3910 2695 3980 λέγοντος
2729 3911 2789 3964 Τί
2806 3927 2884 3980 με
2909 3909 3123 3979 ζητεῖτε
3145 3912 3506 3978 ἀποκτεῖναι,
3540 3912 3768 3983 ἅνθρω-

2198 4019 2335 4068 πον,
2366 4002 2433 4069 ὃς
2453 4000 2568 4071 τὴν
2599 4001 2885 4072 ἀλήθειαν
2909 4003 3051 4074 ὑμῖν
3073 4002 3398 4073 λελάληκα,
3428 4004 3509 4073 ἣν
3530 4004 3773 4075 ἤκουσα

2198 4092 2358 4164 παρὰ
2384 4094 2489 4149 τοῦ
2512 4093 2777 4162 Πατρός;
2804 4094 2877 4148 Οὐ
2917 4095 3024 4166 γὰρ
3052 4092 3338 4168 ᾕνθρωπον
3380 4094 3607 4149 δέδωκεν
3627 4095 3770 4168 ὑπὲρ

2198 4187 2374 4259 ἡμῶν,
2402 4187 2514 4241 ἀλλ’
2539 4186 2726 4241 ἑαυτὸν
2762 4186 3075 4259 παρέδωκεν
3100 4187 3240 4259 ὑπὲρ
3269 4188 3301 4257 ἡ
3310 4186 3422 4257 μῶν
3448 4189 3475 4240 ό
3494 4186 3624 4251 Θεὸς
3658 4189 3766 4242 Λό-

2198 4295 2293 4348 γος
2319 4278 2600 4349 ἄνθρωπος
2617 4277 2902 4351 γενόμενος
2931 4279 2998 4332 δι’
3024 4279 3187 4350 ἡμᾶς.
3218 4278 3308 4331 Διὸ
3332 4278 3497 4348 λέγει’
3528 4268 3770 4334 Λύσατε

2198 4367 2305 4423 τὸν
2334 4368 2486 4422 ναὸν
2535 4368 2766 4433 τοῦτον,
2812 4369 2911 4422 καὶ
2953 4369 3023 4422 ἐν
3061 4368 3260 4438 τρισὶν
3301 4367 3548 4438 ἡμέραις
3581 4369 3768 4439 ἐγερῶ

2197 4460 2405 4513 αὐτόν.
2436 4459 2629 4524 Αὐτὸς
2652 4458 2721 4512 δὲ
2752 4457 2921 4529 ἔλεγε
2945 4459 3079 4529 περὶ
3115 4458 3220 4513 τοῦ
3250 4459 3400 4515 ναοῦ
3430 4460 3536 4515 τοῦ
3568 4460 3769 4530 σώμα-

2198 4565 2301 4615 τος
2327 4548 2535 4604 αὑτοῦ.

2840 4642 2995 4695 ΚΕΦ.
3039 4641 3115 4695 Θί.

2264 4729 2333 4783 Et
2355 4746 2437 4795 τις
2464 4731 2612 4801 λέγει
2640 4732 2869 4803 τρεπτὸν
2897 4732 2930 4803 ἢ
2955 4732 3240 4788 ἀλλοιωτὸν
3266 4733 3357 4787 τὸν
3381 4734 3633 4807 Χριστὸν,
3669 4737 3765 4790 καὶ

2196 4823 2270 4895 μὴ
2296 4824 2547 4895 ὁμολογεῖ
2582 4825 2744 4880 αὑτὸν
2779 4827 3045 4899 ἄτρεπτον
3074 4826 3152 4898 τῷ
3197 4827 3484 4899 πνεύματι,
3526 4829 3764 4903 φθαρτὸν

2196 4913 2512 4989 [ἄφθαρτον]
2538 4920 2604 4989 τῇ
2630 4919 2812 4989 σαρκὶ,
2839 4918 3334 4990 ἀναθεματιζέσθω.

2820 5100 3148 5170 Ἐρμηνεία.

2264 5190 2387 5255 Πῶς
2414 5190 2458 5245 δ’
2485 5190 2551 5246 ἂν
2576 5192 2721 5261 λέγοι
2755 5209 2839 5257 τις
2872 5192 3102 5263 τρεπτὸν
3136 5193 3168 5264 ἦ
3201 5192 3486 5247 ἀλλοιωτὸν
3513 5193 3602 5246 τὸν
3628 5193 3765 5268 Χρι-

2195 5281 2339 5346 στὸν,
2383 5282 2547 5337 αὑτοῦ
2584 5282 2677 5337 τοῦ
2720 5282 2922 5354 Κυρίου
2968 5281 3231 5351 λέγοντος·
3287 5282 3425 5353 Ἐγώ
3460 5285 3610 5353 ειμι,
3662 5284 3764 5337 καὶ

2193 5376 2304 5431 οὐκ
2330 5376 2654 5445 ἠλλοιωμαι
2674 5391 2695 5439 ;
2736 5375 2847 5429 Καὶ
2888 5375 3065 5429 πάλιν
3098 5375 3248 5429 Οὐδὲ
3283 5377 3320 5446 ἠ
3358 5376 3529 5446 ψυχὴ
3573 5375 3759 5430 αὑτοῦ

2194 5468 2615 5539 ἐγκατελείφθη
2664 5472 2751 5536 εὶς
2792 5468 2940 5536 ᾅδου
2971 5468 3080 5541 [ἀλ.
3113 5467 3310 5541 ᾆδην],
3342 5468 3483 5523 οὐδὲ
3522 5472 3561 5539 ὴ
3600 5468 3758 5537 σὰρξ

2195 5559 2380 5614 αὐτοῦ
2410 5556 2530 5615 εἶδε
2554 5559 2899 5630 διαφθαρείη

598 5704 644 5736 ⁵⁵
669 5703 969 5790 goanAltt,
1009 5707 1098 5764 58.
1173 5707 1410 5790 “__Joa_n.
1467 5726 1611 5790 xm,_
1633 5728 1741 5767 xvr.
1816 5715 1861 5749 "
1906 5713 2095 5773 Matth.
2130 5735 2239 5785 xvi,
2263 5721 2354 5777 21.
2429 5722 2472 5755 ⁸⁸
2499 5722 2684 5778 Matth.
2714 5739 2862 5786 xxvr.
2888 5724 2977 5790 εις
3004 5723 3169 5780 Marc.
3198 5740 3310 5790 xlv,
3333 5725 3422 5780 62.
3498 5726 3544 5759 ”
3559 5724 3749 5785 Matth.

526 5788 640 5863 ivi,
669 5773 760 5828 27.
844 5776 890 5807 ⁵ο
923 5773 1027 5863 ξιξ.
1074 5794 1158 5863 uti
1194 5778 1396 5863 'Matth.
1452 5796 1536 5849 Iv;
1565 5780 1741 5863 Euan.
1763 5800 1963 5863 __t,_ttt,
2007 5802 2099 5863 vin

2204 5773 2238 5863 ξξ
2268 5773 2364 5863 in.
2439 5773 3169 5861 ἰ’ῑόεἰῆῗἱιῖὲὲῖἰιὶἶνῖὄξ
3200 5773 3498 5852 ”εἰ’ἷιῦξιη.
3555 5773 3749 5863 {fit}:

526 5843 574 5876 "
596 5842 751 5900 Joan.
775 5861 893 5911 vni,
931 5847 1020 5903 5|.

1115 5848 1161 5881 “
1186 5847 1343 5906 Joan.
1390 5847 1530 5920 νιιι,
1551 5852 1639 5909 40.

526 5914 645 5970 Act.
710 5929 772 5983 ιι,
810 5915 899 5970 3i.

1761 5856 1805 5888 "
1850 5855 2009 5913 Joan.
2055 5860 2117 5930 it,
2152 5855 2239 5929 i9,
2284 5861 2374 5917 Si.

2474 5863 2523 5896 ⁸⁸
2564 5863 2789 5944 Maiach.
2848 5881 2927 5932 tu,
2964 5867 3018 5921 6.
3158 5867 3202 5900 ⁸⁷
3273 5865 3475 5923 Psalm.
3521 5884 3587 5924 xv
3617 5910 3635 5938 ,
3683 5868 3752 5936 8;
