4100 6376
286 1666 301 1676 _
381 1607 641 1679 ,αἰώνιον
662 1623 682 1672 ;

406 394 542 452 1155

1048 478 1204 567 ιέΕΦ.
1248 515 1301 566 r.

468 606 538 661 Εἴ
571 623 656 671 τις
700 604 882 676 λέγει,
937 607 1101 678 μέρος
1146 602 1432 675 ἀνθρώπου
1490 602 1835 675 ἀνειληφέναι
1877 602 1967 655 τὸν

397 700 650 772 Χριστὸν,
683 699 777 753 καὶ
810 699 882 770 μὴ
907 697 1155 769 ὁμολογεί
1175 698 1335 751 αὑτὸν
1355 696 1473 751 καθ’
1500 696 1788 767 ὁμοιότητα
1816 694 1970 766 ἡμῶν

399 791 541 846 κατά
570 792 765 856 πάντα,
794 790 961 861 χωρὶς
990 790 1285 861 ἁμαρτίας,
1312 785 1811 858 ἀναθεματιζέσθω.

1024 972 1349 1041 Ἑρμηνεία.

470 1058 595 1126 Πῶς
622 1060 667 1114 δ’
696 1059 761 1115 ἂν
780 1059 927 1130 λέγοι
955 1078 1057 1125 τις,
1095 1061 1258 1134 μέρος
1288 1059 1576 1134 ἀνθρώπου
1622 1061 1970 1150 ἀνειληφέναι

400 1152 492 1207 τὸν
512 1152 763 1226 Χριστὸν,
794 1152 957 1206 αὑτοῦ
992 1151 1087 1207 τοῦ
1129 1153 1335 1225 Κυρίου
1390 1152 1657 1221 λέγοντος·
1710 1152 1828 1222 Τὴν
1852 1155 1971 1220 ψυ-

401 1244 522 1314 χδὶν
542 1262 661 1313 μου
685 1246 903 1315 τίθημι,
929 1246 1029 1299 ἵνα
1057 1244 1243 1300 πάλιν
1267 1244 1430 1301 λάϐω
1442 1246 1656 1315 αὐτὴν,
1683 1247 1823 1320 ὑπὲρ
1865 1246 1972 1300 τῶν

405 1334 695 1407 προϐάτων
719 1349 736 1366 ο
758 1338 868 1390 καί’
910 1338 981 1391 Ἠ
992 1336 1149 1405 σάρξ
1164 1355 1286 1407 μου
1311 1338 1546 1407 ἀληθής
1571 1340 1701 1393 ἐστι
1716 1336 1971 1417 ﬁmum,

401 1422 593 1476 καὶτὸ
619 1418 763 1492 αἷμα
802 1421 1033 1491 ἀληθής
1063 1423 1195 1477 ἐστι
1238 1424 1418 1490 πόσις
1448 1435 1462 1449 ’
1497 1426 1608 1478 καί’
1644 1425 1706 1479 '0
1740 1425 1975 1495 τρώγων

396 1533 515 1585 μου
546 1513 659 1583 τὴν
683 1513 900 1583 σάρκα,
918 1516 1017 1569 καί
1034 1516 1224 1570 πίνων
1244 1534 1362 1587 μου
1388 1516 1453 1571 τὸ
1480 1515 1643 1589 αἷμα,
1665 1521 1791 1588 ἔχει
1820 1517 1974 1586 ζωὴν

1046 1679 1200 1733 ΚΕΦ.
1243 1646 1342 1751 μή

573 1787 657 1835 τις
705 1770 851 1841 λέγει
882 1769 1087 1839 ἄψυχον
1124 1771 1158 1842 ἦ
1206 1771 1429 1842 ἀνόητον
1455 1773 1518 1825 τὸ
1552 1772 1710 1844 σῶμα
1742 1772 1836 1827 τοῦ
1864 1774 1975 1826 Κυ-

1606 391 1699 449 DE
1733 388 1888 446 FIDE
1924 386 2270 444 CAPITULA
2310 388 2426 447 XII.

1993 515 2045 571 Δ

3506 395 3649 455 1154

2724 508 2880 566 CAP.
2920 508 2992 567 X.

2146 597 2202 652 Si
2226 599 2351 669 quis
2380 598 2881 655 dixeritChristum
2915 602 3523 670 partemtantummodo
3555 603 3647 658 ho-

2072 691 2238 747 minis
2268 692 2653 762 assumpsisse,
2674 701 2730 748 et
2753 707 2864 748 non
2894 691 3179 748 confessus
3209 692 3375 749 fuerit
3410 694 3563 750 illum
3588 697 3643 750 in

2072 783 2325 839 omnibus
2366 784 2730 840 assimilatum
2759 785 2919 841 nobis
2949 799 3111 857 ,esse,
3142 796 3370 858 excepto
3398 799 3643 859 peccato,

2073 876 2360 931 anathema
2390 886 2530 932 esto.

2689 965 3020 1036 Explicatio.

2141 1055 2430 1124 Quomodo
2456 1057 2603 1111 dicat
2647 1057 2772 1125 quis
2799 1056 3077 1113 Christum
3116 1066 3326 1128 partem
3381 1057 3649 1114 duntaxat

2075 1150 2315 1206 hominis
2357 1149 2746 1221 assumpsisse,
2780 1149 2900 1218 ipso
2928 1148 3162 1205 Domino
3202 1151 3419 1207 dicente
3449 1168 3464 1205 :
3497 1150 3646 1206 Porto

2073 1240 2310 1293 animam
2344 1255 2515 1293 meam
2548 1240 2669 1310 (pro
2697 1241 2891 1295 ovibus
2931 1241 3091 1309 meis)
3124 1250 3179 1294 ut
3224 1242 3410 1294 iterant
3439 1257 3649 1295 sumant

2072 1323 2190 1386 eam
2213 1332 2296 1399 '3;
2337 1342 2391 1386 et
2415 1349 2428 1386 :
2464 1331 2602 1387 Caro
2623 1349 2738 1386 mea
2761 1349 2877 1387 uere
2898 1343 2974 1388 est
3002 1333 3166 1398 cibus,
3193 1343 3242 1388 et
3266 1334 3482 1404 sanguis
3502 1351 3649 1390 meus

2075 1440 2190 1478 uere
2211 1434 2287 1478 est
2314 1431 2468 1494 potus
2485 1423 2552 1490 5’;
2584 1433 2638 1478 et
2664 1440 2677 1475 :
2711 1423 2815 1489 Qui
2846 1425 3134 1479 mandarat
3163 1424 3373 1479 cainem
3400 1443 3572 1481 meam
3599 1437 3649 1481 et

2074 1514 2204 1568 bibit
2241 1514 2547 1586 sanguinem
2575 1532 2767 1581 meum,
2800 1515 2954 1570 habet
2978 1517 3143 1570 vitam
3176 1527 3431 1571 azternam
3452 1518 3542 1572 αἱ

2715 1675 2870 1732 CAP.
2900 1676 2994 1731 XI.

2148 1767 2205 1823 Si
2246 1768 2372 1838 quis
2412 1767 2613 1823 dixerit
2650 1783 2851 1839 corpus
2889 1766 3093 1824 Christi
3134 1783 3259 1823 esse
3311 1768 3572 1834 inanime,
3594 1777 3651 1824 et

404 1864 540 1936 ρίου,
562 1864 653 1918 καὶ
681 1863 754 1936 μὴ
784 1864 1035 1935 ὁμολογεῖ
1054 1863 1211 1917 αὐτὸν
1237 1864 1439 1918 τέλειον
1462 1864 1604 1918 κατά
1632 1863 1857 1938 [πάντα]
1879 1865 1973 1920 tiv-

2077 1860 2196 1915 sine
2226 1868 2426 1927 mente,
2459 1868 2514 1915 et
2539 1874 2647 1915 non
2685 1858 2972 1915 confessus
3004 1857 3171 1913 fuerit
3192 1859 3355 1914 illum
3392 1874 3564 1914 unum
3588 1869 3646 1916 et

402 1955 617 2028 θρωπον
644 1954 739 2010 ἕνα
767 1954 860 2013 καὶ
887 1956 978 2009 τὸν
1000 1955 1180 2021 αὐτὸν,
1203 1954 1699 2027 ἀναθεματιζέσθω.

1027 2124 1353 2204 Ἑρμηνεῒα.

472 2227 597 2293 Πῶς
621 2228 678 2283 δὲ
711 2227 777 2283 ἂν
801 2226 948 2296 λέγοι
985 2243 1069 2291 τις
1095 2212 1298 2298 ἄψυχον
1327 2228 1419 2281 καὶ
1453 2227 1676 2297 ἀνόητον
1712 2226 1773 2280 τὸ
1818 2227 1974 2298 σῶμα

400 2321 495 2377 τοῦ
520 2322 723 2392 Κυρίου
745 2314 1069 2394 [Χριστοῦ];
1110 2320 1337 2392 Ταραχὴ
1371 2320 1498 2392 γὰρ,
1539 2321 1633 2375 καὶ
1671 2319 1836 2392 λύπη,
1882 2323 1976 2374 καὶ

400 2417 686 2489 ἀδημονία,
712 2414 833 2468 οὔτε
870 2414 1071 2486 σαρκὸς
1099 2413 1327 2484 ἀψύχου,
1357 2411 1480 2466 οὔτε
1511 2413 1687 2485 ψυχῆς
1725 2414 1973 2491 ἀνοήτου,

400 2506 523 2562 οὔτε
557 2507 801 2578 θεότητος
825 2504 1117 2576 ἀτρέπτου,
1141 2504 1261 2558 οὐδὲ
1292 2504 1562 2576 δοκησεως
1588 2504 1825 2572 ἔνδειξίς,
1853 2505 1975 2559 οὔτε

403 2600 746 2672 ἀνθρωπίνης
771 2596 1054 2659 ἀσθενείας
1085 2597 1320 2667 ἥττημαε
1354 2596 1490 2651 ἀλλά
1526 2596 1633 2649 τῶν
1669 2595 1789 2650 καθ’
1828 2598 1975 2669 ἡμᾶς

402 2694 588 2748 παθῶν
610 2693 703 2766 τὴν
733 2690 984 2757 ἐπίδειξιν
1005 2693 1061 2744 ὲν
1079 2690 1253 2762 ἑαυτῷ
1281 2691 1514 2745 ἐποιεῖτο
1531 2693 1560 2745 ὁ
1585 2691 1773 2759 Λόγος,
1807 2709 1975 2746 κατα-

399 2786 687 2858 δεξάμενος
707 2786 769 2839 τὸ
800 2782 1117 2855 παθητικὸν,
1155 2781 1338 2847 καθὼς
1381 2784 1707 2863 γέγραπται,
1746 2785 1827 2837 ὅτι
1870 2786 1976 2840 αὐ-

401 2878 504 2946 τὸς
530 2878 638 2945 τὰς
661 2877 977 2942 ἀσθενείας
1003 2874 1170 2946 ἡμῶν
1193 2875 1465 2942 ἀνέλαϐε,
1494 2876 1591 2929 καὶ
1618 2875 1725 2943 τὰς
1748 2878 1974 2944 νόσους

400 2963 719 3020 ἐϐάστασε.
753 2963 977 3035 Ταραχὴ
1001 2962 1132 3035 γὰρ,
1161 2965 1255 3018 καὶ
1275 2962 1441 3035 λύπη,
1472 2965 1566 3018 καὶ
1584 2965 1848 3036 ἀδημονία
1872 2965 1975 3035 ψυ-

402 3055 504 3127 χῆς
533 3058 836 3127 νοσήματα·
877 3057 1044 3120 κόπος
1074 3056 1154 3121 δὲ,
1194 3057 1288 3111 καὶ
1330 3056 1494 3121 ὕπνος
1520 3058 1610 3112 καὶ
1636 3059 1832 3129 τρῶσις
1866 3058 1972 3112 σώ-

404 3167 592 3222 ματος,
628 3151 827 3224 σαρκὸς
847 3150 1213 3224 ἀσθενήματα.

1041 3427 1198 3484 ΚΕΦ.
1243 3427 1343 3483 IB'.

473 3515 639 3581 Είτις
670 3514 839 3585 λέγει,
887 3515 1106 3587 δοκήσει
1147 3516 1562 3593 πεφανερῶσθαι
1602 3517 1692 3572 τὸν
1742 3517 1975 3590 Χριστὸν

397 3606 477 3678 τῷ
502 3608 709 3679 κόσμῳ,
732 3609 824 3662 καὶ
854 3608 927 3681 μὴ
949 3609 1199 3681 ὁμολογεῖ
1232 3611 1393 3665 αὐτὸν
1430 3613 1487 3665 ὲν
1516 3615 1681 3683 σαρκὶ
1726 3611 1976 3684 ἐληλυθέ-

397 3713 507 3763 ναι,
540 3697 1039 3770 ἀναθεματιζέσθω.

1034 3793 1361 3863 Ἐρμηνεία.

367 3873 380 3886 ’
473 3882 597 3947 Πῶς
632 3882 690 3936 δὲ
729 3882 795 3937 ἂν
835 3882 983 3951 λέγοι
1014 3900 1118 3948 τις,
1150 3883 1369 3955 δοκήσει
1403 3882 1819 3957 πεφανερῶσθαι
1844 3887 1977 3960 Χρι-

402 3976 527 4029 στὸν
556 3974 634 4046 τῷ
681 3974 869 4046 κόσμῳ
900 3975 991 4028 τὸν
1016 3974 1345 4047 ὲνΒηθλεὲμ
1370 3970 1659 4048 τεχθέντα)
1679 3979 1774 4033 καὶ
1813 3996 1974 4049 περι-

400 4071 539 4140 τομῇ
570 4066 769 4139 σαρκὸς
798 4067 1222 4138 προσαγόμενον,
1263 4069 1357 4121 καὶ
1386 4069 1491 4122 ὑπὸ
1519 4069 1745 4141 Συμεὼν
1785 4071 1976 4142 βασταο

399 4160 618 4235 χθέντα,
643 4159 739 4213 καὶ
758 4158 1065 4239 δωδεκαεςη
1092 4160 1491 4230 ἀνατραφέντα,
1530 4163 1624 4215 καὶ
1655 4165 1765 4227 τοῖς
1793 4163 1977 4231 γονεῦ-

403 4268 487 4305 σιν
514 4249 872 4321 ὑποταγέντα,
896 4250 989 4303 καὶ
1017 4251 1075 4303 ὲν
1107 4250 1351 4325 Ἰορδάνῃ,
1374 4251 1754 4323 βαπτισθέντα,
1788 4255 1882 4307 καὶ
1919 4257 1975 4308 έν

286 4346 292 4351 ’
384 4338 621 4415 ’σταυρῷ
640 4341 1072 4414 προσηλωθέντα,
1095 4341 1188 4395 καὶ
1211 4343 1276 4395 ἐκ
1296 4342 1502 4415 νεκρῶν
1531 4345 1869 4411 ἀναστάντα;

470 4433 561 4486 Διὸ
586 4431 688 4487 κᾶν
704 4432 927 4504 λέγηται
955 4429 1074 4502 [καὶ
1095 4430 1356 4503 λέγεται]·
1372 4434 1690 4505 Ἑταράχθη
1703 4434 1782 4501 τῷ
1799 4436 1977 4490 πνεύ-

396 4542 557 4596 ματι,
581 4523 852 4593 ἐλυπήθη
882 4521 957 4592 τῇ
986 4521 1179 4592 ψυχῇ,
1218 4523 1438 4594 ἐτρώθη
1470 4523 1551 4589 τῷ
1590 4524 1836 4595 σώματι,
1876 4528 1973 4594 τάς
2004 4553 2049 4609 ι)

403 4617 543 4674 κατά
578 4617 678 4691 τὴν
723 4615 996 4688 ἡμετέραν
1029 4615 1285 4669 σύστασιν
1330 4616 1437 4669 τῶν
1474 4615 1659 4670 παθῶν
1704 4633 1975 4690 προσηγο-

407 4710 526 4781 ρίας
551 4709 751 4780 ἵστησι,
773 4707 866 4760 καὶ
894 4707 980 4760 ἵνα
1006 4706 1175 4779 δείξῃ,
1210 4707 1291 4760 ὅτι
1312 4707 1594 4779 ἄνθρωπος
1633 4708 1892 4780 ἐγεννήθη
1915 4709 1972 4760 ὲν

404 4800 482 4871 τῷ
503 4800 709 4871 κόσμῳ,
734 4798 828 4852 καὶ
859 4781 980 4864 τοῖς
1008 4796 1336 4865 ἀνθρώποις
1364 4797 1826 4869 συνανεστράφη
1850 4798 1971 4852 καθ’

403 4891 902 4964 ὁμοιότητα,χωρὶς
946 4890 1235 4962 ἁμαρτίας.
1282 4890 1571 4963 Ἐγεννήθη
1617 4892 1725 4962 γάρ
1772 4894 1830 4945 ὲν
1867 4891 1974 4961 Βη-

405 4983 589 5055 θλεὲμ,
619 4983 954 5055 θεοπρεπῶς,
987 4984 1128 5037 κατά
1149 4983 1346 5053 σάρκα,
1371 4983 1615 5052 ἀγγέλων
1637 4985 1974 5056 ἐπουρανίων

402 5074 788 5143 ιπεγνωκότων
806 5073 898 5127 τὸν
926 5074 1089 5127 αὐτὸν
1128 5073 1421 5144 Δεσπότην,
1463 5073 1556 5127 καὶ
1596 5073 1975 5152 ἀνυμνούντων

399 5164 492 5220 τὸν
533 5167 592 5218 ὲν
631 5165 805 5237 φάτνῃ
857 5165 1315 5238 σπαργανωθέντα
1366 5165 1519 5229 Θεὸν,
1563 5167 1655 5219 καὶ
1690 5165 1970 5235 λεγόντων-

403 5256 645 5323 Δόξαέν
672 5257 953 5325 ὑψίστοις
983 5256 1228 5323 Θεῷ,καί
1253 5257 1351 5311 ἐπὶ
1380 5254 1492 5326 γῆς
1511 5256 1744 5326 είρήνη,
1769 5257 1840 5312 ἐν
1869 5258 1974 5312 ἀν-

402 5346 653 5417 θρώποις
678 5346 938 5401 εὐδοκία.
988 5347 1074 5401 Ἐν
1097 5346 1348 5419 Ναζαρὲτ
1373 5349 1647 5421 ἀνετράφη
1662 5365 1676 5378 ·
1704 5347 1977 5418 θεοφανῶς

402 5439 462 5491 ὲν
517 5439 666 5510 μέσῳ
709 5436 1041 5493 διδασκάλων
1094 5439 1476 5509 καθεζόμενος,
1522 5440 1614 5494 καὶ
1656 5439 1976 5512 ἐκπλήττων

372 5524 592 5595 ἀὐτοὺς
644 5532 709 5602 τῇ
751 5529 911 5602 σοφίᾳ
952 5530 1103 5602 παρά
1132 5531 1322 5603 καιρὸν
1351 5531 1564 5603 ἡλικίας
1604 5532 1703 5603 τῆς
1743 5534 1884 5587 κατά
1912 5532 1972 5587 τὸ

403 5620 579 5692 σῶμα,
628 5621 704 5686 ὡς
749 5620 1137 5693 ἀπαριθμεῖται
1176 5625 1205 5676 ὁ
1251 5623 1620 5692 εὐαγγελικὺς.
1646 5624 1820 5694 λόγος.
1882 5626 1970 5680 Ἐν

473 5776 702 5836 “Joan.
757 5796 813 5843 κ,
856 5780 946 5836 17.
1022 5780 1068 5814 ⁵⁸
1125 5780 1284 5837 Joan.
1332 5782 1526 5848 vr,56.
1632 5784 1676 5816 °°
1708 5785 1863 5847 lbid.,
1901 5784 1988 5842 55.

2074 1950 2326 2007 eumdem
2344 1957 2647 2007 secundum
2666 1951 2851 2007 omnia
2878 1949 3176 2022 perfectum
3197 1952 3477 2007 hominem
3501 1966 3646 2020 esse,

2074 2043 2363 2099 anathema
2389 2050 2527 2099 esto.

2694 2134 3030 2207 Explicatio.

2146 2225 2431 2293 Quomodo
2458 2236 2670 2283 asserat
2707 2228 2833 2297 quis
2860 2244 3058 2300 corpus
3086 2228 3292 2285 Christi
3324 2229 3521 2285 animae
3554 2236 3650 2284 aut

2075 2319 2379 2375 intellectus
2407 2335 2604 2389 expers
2626 2321 2782 2376 esse?
2815 2319 3077 2375 Turbalio
3116 2322 3283 2388 enim,
3318 2330 3371 2376 et
3401 2321 3648 2387 tristitia,

2075 2424 2128 2469 et
2160 2430 2383 2479 mceror,
2414 2429 2590 2484 neque
2619 2414 2944 2469 suntcarnis
2962 2415 3145 2470 anima
3178 2415 3439 2481 carentis,
3471 2431 3648 2487 neque

2076 2508 2271 2563 animae
2304 2507 2576 2563 intellectu
2612 2507 2904 2572 destitutae,
2938 2522 3114 2577 neque
3159 2507 3517 2563 immutabilis
3562 2508 3647 2564 di-

2078 2596 2341 2661 vinitatis,
2370 2611 2547 2667 neque
2571 2595 2712 2666 ejus,
2741 2597 2887 2666 quod
2932 2604 3143 2651 tantum
3186 2597 3395 2652 videtur
3422 2612 3567 2666 esse,
3595 2606 3651 2653 et

2076 2704 2184 2742 non
2225 2695 2344 2757 est,
2396 2687 2680 2751 indicium,
2734 2700 2911 2758 neque
2960 2686 3214 2742 humana:
3266 2687 3651 2744 imbecillitatis

2075 2779 2347 2847 defectus;
2377 2779 2470 2834 sed
2501 2778 2820 2854 passionum
2841 2788 2895 2833 et
2921 2777 3299 2849 aegritudinum
3336 2790 3648 2837 nostrarum

2076 2872 2347 2941 specimen
2380 2872 2435 2925 in
2458 2870 2518 2926 se
2552 2871 2673 2941 ipso
2702 2868 2940 2926 Verbum
2975 2871 3137 2927 edere
3166 2872 3376 2938 voluit;
3401 2873 3648 2944 passibili

2075 2974 2267 3018 natura
2300 2963 2354 3018 in
2381 2979 2439 3019 se
2475 2973 2749 3033 suscepta,
2779 2964 2920 3020 sicut
2943 2964 3205 3034 scriptum
3239 2973 3324 3020 est
3354 2984 3368 3019 :
3400 2963 3648 3036 Languo-

2075 3071 2157 3109 res
2176 3067 2381 3109 nostros
2402 3056 2512 3125 ipse
2528 3054 2672 3121 tulit,
2688 3068 2736 3109 et
2755 3055 2960 3111 dolores
2981 3064 3189 3111 nostros
3211 3056 3319 3127 ipse
3333 3057 3563 3127 portavit
3580 3058 3648 3113 “.

2078 3145 2340 3203 Turbatio
2376 3148 2543 3215 enim,
2592 3159 2646 3204 et
2692 3149 2935 3216 tristitia,
2977 3158 3033 3205 et
3067 3163 3260 3221 angor,
3305 3157 3436 3206 sunt
3480 3150 3649 3206 animi

2076 3239 2455 3309 aegritudines;
2488 3239 2643 3294 labor
2671 3249 2876 3309 autem,
2911 3251 2965 3296 et
2991 3257 3240 3306 somnus,
3268 3249 3323 3297 et
3347 3241 3651 3297 vulneratio

2077 3330 2319 3401 corporis
2348 3339 2475 3386 sunt
2507 3330 2850 3389 inﬁrmitates
2879 3333 3081 3388 carnis.

2705 3422 2859 3478 CAP.
2900 3422 3015 3481 XII.

2150 3511 2208 3568 Si
2227 3515 2350 3585 quis
2376 3515 2574 3571 dixerit
2594 3515 2709 3570 sola
2732 3516 2991 3585 opinione
3019 3524 3073 3571 et
3102 3517 3351 3587 putatitie
3367 3516 3648 3574 Christum

2076 3603 2132 3659 in
2175 3605 2381 3660 mundo
2426 3607 2765 3677 apparuisse,
2797 3613 2853 3661 et
2897 3622 3005 3660 non
3059 3607 3346 3664 confessus
3388 3604 3554 3664 fuerit
3595 3607 3653 3663 in

2078 3712 2245 3756 carne
2268 3700 2507 3768 venisse,
2534 3700 2825 3756 anathema
2853 3709 2991 3756 esto.

2699 3791 3029 3862 Emplicatio.

2148 3883 2436 3951 Quomodo
2469 3883 2761 3940 amrmabit
2787 3886 2933 3955 quis,
2967 3886 3217 3956 putatitie
3269 3887 3652 3944 tantummodo

2075 3975 2353 4032 Christum
2378 3977 2433 4030 in
2452 3979 2655 4033 mundo
2671 3979 3011 4048 apparuisse,
3029 3988 3215 4033 natum
3234 3978 3287 4033 in
3311 3979 3649 4045 Bethlehem,

2077 4067 2460 4124 circumcisum
2499 4078 2555 4122 et
2586 4083 2617 4122 a
2650 4068 2907 4133 Simeone
2966 4069 3112 4124 ulnis
3154 4078 3442 4141 gestatum,
3478 4086 3653 4141 usque

2077 4156 2146 4214 ad
2200 4157 2583 4213 duodecimum
2639 4174 2845 4213 annum
2889 4175 2919 4214 a
2964 4161 3282 4229 parentibus
3334 4161 3649 4229 educatum,

2079 4249 2383 4320 iisdemque
2451 4252 2826 4323 morigerum,
2888 4253 2941 4306 in
2998 4251 3235 4310 Iordane
3289 4255 3651 4327 baptizatum,

2079 4341 2228 4396 cruci
2255 4341 2506 4410 anisum,
2540 4358 2605 4398 ex
2637 4343 2872 4398 mortuis
2901 4344 3240 4400 excitatum?

2147 4431 2441 4505 PrOpterea
2468 4434 2688 4505 quando
2713 4434 2912 4489 dicitur
2934 4455 2948 4488 :
2973 4433 3238 4490 Turbatus
3253 4445 3330 4491 est
3354 4439 3547 4501 spiritu
3564 4439 3610 4472 "
3632 4458 3647 4495 :

2081 4521 2345 4577 Tristatus
2395 4532 2473 4577 est
2525 4526 2706 4579 anima
2730 4525 2813 4592 ⁶³;
2854 4542 3068 4591 corpore
3107 4526 3413 4582 vulneratus
3457 4537 3534 4583 est
3568 4528 3652 4596 “,

2081 4624 2283 4671 nostrae
2330 4615 2739 4674 constitutionis
2784 4616 3098 4673 aﬂ‘ectiones
3143 4620 3304 4676 nobis
3351 4620 3422 4676 ob
3460 4620 3651 4677 oculos

2080 4707 2315 4776 ponit,ut
2336 4709 2586 4765 ostendat
2634 4710 2782 4781 quod
2819 4712 2986 4765 homo
3020 4712 3074 4767 in
3120 4712 3327 4768 mundo
3359 4722 3521 4771 natus
3557 4715 3650 4782 sit,

2077 4807 2125 4851 et
2154 4812 2273 4850 cum
2307 4797 2603 4853 hominibus
2633 4811 2970 4856 conversatus
2991 4801 3035 4835 ⁸⁸
3061 4802 3375 4875 sit,ahsque
3402 4818 3648 4875 peccato.

2078 4886 2246 4945 Natus
2273 4890 2418 4945 enim
2444 4891 2598 4945 estin
2627 4889 2939 4949 Bethlehem
2963 4879 3262 4969 secundum
3290 4910 3508 4952 carnem
3538 4896 3652 4952 Deo

2079 4981 2485 5049 convenienter,
2529 4983 2845 5040 caelestibus
2898 4983 3107 5055 angelis
3155 4984 3446 5042 Dominum
3488 5003 3651 5043 suum

2080 5074 2523 5144 agnoscentibus,
2554 5074 2995 5149 hymnorumque
3022 5086 3189 5151 cantu
3222 5085 3277 5132 et
3302 5077 3531 5133 melodia
3558 5093 3649 5135 cc-

2076 5165 2416 5222 lebrantihus
2442 5166 2611 5221 Deum
2656 5165 2845 5226 fasciis
2868 5168 2943 5223 inv
2965 5167 3194 5239 prtesepi
3229 5168 3556 5235 involutum,
3595 5179 3648 5228 et

2077 5255 2423 5312 dicentibus:
2453 5256 2641 5312 Gloria
2680 5259 2737 5314 in
2763 5258 2982 5314 excelsis
3020 5259 3154 5326 Deo,
3182 5268 3231 5314 et
3269 5261 3325 5313 in
3369 5269 3508 5315 terra
3540 5278 3647 5333 pax

2077 5346 2374 5407 hominibus
2404 5348 2553 5404 bona:
2580 5349 2865 5404 voluntatis
2889 5351 2953 5405 “.
2989 5349 3048 5405 In
3071 5348 3343 5407 Nazareth
3374 5355 3646 5423 enutritus

2078 5451 2182 5499 est.
2204 5443 2263 5499 In
2288 5444 2468 5500 medio
2500 5447 2789 5502 doctorum
2822 5446 2918 5502 Dei
2946 5447 3120 5504 instar
3146 5449 3305 5518 sedit,
3330 5464 3538 5521 eosque
3560 5466 3635 5508 sa-

2077 5536 2280 5605 pientia
2306 5551 2402 5593 sua
2432 5535 2809 5608 obstupefecit,
2831 5548 3024 5610 praeter
3051 5541 3294 5618 ordinem
3322 5545 3648 5615 modumque

2075 5628 2270 5695 aetatis,
2301 5628 2575 5699 sicorpus
2603 5636 2833 5699 spectes,
2867 5640 2923 5686 ut
2951 5647 3014 5690 ex
3045 5630 3337 5705 Evangelia
3362 5626 3558 5705 liquet.
3587 5634 3645 5690 In

2104 5782 2419 5860 “‘_ls_a.i.m,
2442 5786 2538 5860 4.”
2598 5782 2643 5818 “
2678 5783 2838 5844 Joan.
2869 5800 2951 5858 xl,
2976 5787 3080 5857 35;
3110 5802 3211 5858 ιιι,
3246 5786 3355 5857 27;
3394 5804 3518 5860 xm,
3547 5789 3643 5845 1|-

394 5847 454 5923 F'
476 5849 661 5905 Matth.
696 5866 843 5920 mn,
873 5849 964 5907 ‘58.
1042 5851 1088 5884 “
1119 5854 1225 5909 lsa.
1261 5868 1383 5921 ιιιι,
1408 5854 1463 5909 5.
1504 5853 1549 5888 ⁸⁵
1572 5852 1808 5912 Baruch.
1835 5858 1973 5926 tit,.:

2140 5855 2186 5888 “
2213 5853 2348 5911 Luc.
2375 5847 2440 5923 II,
2478 5852 2570 5911 14.
