4100 6376
1294 323 1328 350 δ

532 400 669 457 “35

1110 436 1116 441 -
1166 397 1224 453 S.
1263 392 1588 452 GREGORII
1625 392 1985 449 THAUMAT.
2027 390 2177 446 OPP.
2214 389 2402 447 PARS
2454 390 2755 486 ADTERA.
2798 425 2865 435 —
2903 394 3133 471 υυβιΑ.

3630 396 3772 455 1156

529 519 766 575 Jordane
791 518 1093 587 baptizatus
1120 525 1202 571 est
1217 517 1287 579 ",
1319 530 1427 569 non
1459 524 1517 567 ut
1545 513 1748 582 aliquid
1781 511 2088 566 sanctiﬁca«

2202 511 2435 583 Ἰορδάνῃ
2476 511 2794 584 ἐϐαπτίσθη,
2822 513 2923 565 οὐκ
2960 510 3233 583 ἁγιασμοῦ
3265 511 3563 583 προσλήψει
3599 528 3772 584 προσ-

530 610 695 665 tionis
724 607 1053 679 perciperet;
1087 607 1176 662 sed
1221 616 1281 658 ut
1317 604 1800 659 sanctiﬁcationem
1829 603 1949 657 aliis
1989 602 2083 656 im-

529 703 772 774 pertiret.
814 703 873 754 ιιι
900 699 1189 759 solitudine
1216 706 1456 752 tentatus
1493 695 1666 757 est",
1702 709 1810 748 non
1843 708 2097 750 snccum~

514 792 664 857 .bens
692 790 997 854 tentationi,
1035 789 1127 844 sed
1182 795 1400 843 nostras
1436 785 1763 841 tentationes
1813 785 2096 840 tentatoris

527 884 913 956 provocatione
946 897 1056 952 pra:
1085 896 1142 936 se
1176 879 1381 944 ferens,
1432 887 1493 932 ut
1523 876 1778 933 omnibus
1804 877 2095 933 vanitatem

527 987 583 1032 ct
606 976 1029 1032 imbecillitatem
1060 972 1357 1028 adversarii
1397 969 1744 1041 patefaceret.

544 1106 574 1144 τ
600 1068 891 1138 Propterea
920 1075 1105 1122 monet
1130 1082 1144 1119 :
1185 1064 1466 1135 Conﬁdite,
1497 1080 1590 1135 ego
1622 1064 1722 1119 vici
1749 1062 2007 1117 mundum
2024 1063 2091 1114 ⁸⁸.

529 1159 716 1229 Neque
756 1158 1000 1213 divinum
1049 1154 1517 1227 propugnaculum
1568 1154 1787 1224 obiecit,
1836 1153 1932 1209 sed
1971 1168 2096 1209 car-

530 1265 652 1305 nem
720 1249 1002 1318 propriam
1072 1246 1351 1316 passioni,
1420 1245 1583 1300 morti
1639 1253 1694 1299 et
1760 1243 2096 1321 corruptioni

414 1348 417 1349 ⁷
526 1342 873 1397 devincenda:
916 1341 1205 1410 opposuit,
1250 1347 1309 1393 ut
1349 1354 1445 1409 per
1480 1353 1644 1407 quam
1695 1351 1915 1391 carnem
1967 1350 2095 1405 pec-

528 1443 712 1491 catum
760 1435 1060 1489 intraverat
1114 1433 1169 1486 in
1224 1430 1512 1495 mundum,
1570 1438 1623 1499 et
1676 1432 1770 1498 per
1811 1434 2093 1509 peccatum

498 1528 759 1599 .}nors"°,
786 1526 1072 1597 imperium
1102 1524 1156 1578 in
1183 1538 1374 1578 omnes
1406 1536 1700 1587 exercens;
1725 1535 1819 1590 per
1846 1518 2093 1575 eamdem

527 1634 746 1674 carnem
793 1615 1091 1674 secundum
1157 1613 1571 1669 similitudinem
1641 1613 2097 1669 condemnaretur

524 1716 809 1779 peccatum
878 1707 932 1761 in
988 1721 1172 1771 carne;
1234 1705 1549 1775 peccatique
1589 1704 1815 1759 antistes
1860 1709 2095 1756 tentator

528 1803 621 1857 ille
670 1808 1041 1871 superaretur,
1088 1812 1237 1852 mors
1285 1797 1671 1852 dissolveretur
1708 1794 1946 1865 ,imperio
1993 1807 2095 1849 suo

527 1893 768 1964 deiecta,
818 1899 872 1944 et
918 1898 1278 1944 evacuaretur
1321 1888 1598 1957 corruptio
1638 1887 1692 1940 in
1742 1885 1987 1955 corporis
2012 1897 2096 1938 se-

526 1983 806 2056 pultura“
828 2022 843 2049 ,
871 1981 1232 2051 primitiaeque
1256 1978 1675 2034 resurrectionis
1707 1977 1882 2047 palam
1910 1985 2096 2031 osten-
2124 1994 2128 2003 ’

528 2074 809 2135 derentur,
864 2082 916 2125 et
956 2071 1169 2125 initium
1213 2069 1442 2141 iustitiae
1487 2083 1583 2138 per
1620 2067 1779 2141 ﬁdem
1814 2066 1868 2119 in
1895 2064 2098 2120 mundo

531 2164 891 2220 clllorescere't
913 2205 928 2229 ,
965 2176 1309 2233 regnumque
1346 2160 1609 2216 ccelorum
1656 2157 1970 2213 hominibus
2001 2170 2098 2212 an-

530 2255 896 2322 nuntiaretur,
955 2262 1009 2308 et
1074 2252 1169 2308 Dei
1227 2268 1351 2308 cum
1412 2251 1729 2307 hominibus
1786 2248 2098 2305 communio

531 2347 780 2401 iniretur.

601 2438 683 2495 Ob
706 2439 847 2493 hanc
879 2437 1106 2508 gratiam
1139 2436 1503 2508 gloriﬁcemus
1558 2435 1804 2503 Patrem,
1827 2438 1919 2507 qui
1953 2439 2100 2494 dedit

529 2532 728 2587 Filium
787 2546 946 2587 suum
1019 2529 1354 2600 unigenitum
1419 2544 1518 2599 pro
1567 2528 1753 2584 mundi
1798 2530 1925 2583 vita.
1973 2529 2100 2584 Glo—

530 2627 808 2682 riﬁcemus
849 2624 1111 2695 Spiritum
1135 2631 1421 2694 sanctum,
1459 2613 1772 2691 dperantem
1823 2623 1876 2676 in
1920 2623 2098 2686 nobis,

530 2733 739 2788 nosque
784 2706 1180 2780 viviﬁcantem;
1224 2714 1318 2782 qui
1363 2712 1521 2766 nobis
1570 2713 1708 2767 dona
1744 2711 1813 2766 ad
1856 2726 2101 2767 commu-

529 2808 745 2863 nionem
778 2821 902 2861 cum
930 2804 1040 2859 Deo
1070 2802 1495 2859 contrahendam
1528 2803 1834 2857 necessaria
1887 2802 2098 2857 submi-

530 2900 763 2964 nistrat;
831 2911 1007 2966 neque
1056 2893 1380 2963 Evangelica
1436 2892 1658 2947 oracula
1706 2892 1938 2948 curiosis
1987 2892 2099 2947 dis-

528 2987 906 3061 putationibus
935 2984 1340 3050 examinemus,
1375 2983 1734 3037 interminatis
1782 2980 2099 3052 quaestioni-

530 3083 635 3138 bus
653 3072 1049 3148 verborumque
1075 3076 1270 3147 pugnis
1308 3074 1361 3128 in
1392 3074 1632 3129 medium
1677 3073 1854 3128 allatis
1882 3074 2097 3142 planam

530 3184 584 3230 et
639 3172 943 3244 expeditam
981 3166 1523 3224 tideiinstitutionem
1548 3175 1972 3235 exasperantes;
2006 3166 2098 3220 sed

2199 3171 2569 3244 τραχοῦντες],
2602 3171 2739 3226 ἀλλά
2778 3171 2973 3242 μᾶλλον
3009 3169 3365 3243 ἐργαζώμεθα.
3391 3169 3450 3223 τὸ
3481 3170 3641 3242 ἔργον
3674 3171 3771 3242 τῆς
3802 3157 3809 3162 ’
3868 3218 3873 3223 .

531 3266 705 3336 magis
759 3265 815 3319 in
864 3263 918 3318 id
967 3261 1378 3323 incumbamus,
1421 3266 1480 3313 ut
1538 3255 1919 3312 lideioﬁicium
1966 3272 2101 3326 prae-

531 3367 767 3423 stemus,
806 3370 995 3427 pacem
1029 3367 1276 3409 amemus
1296 3394 1310 3418 ,
1344 3350 1691 3405 concordiam
1722 3348 2099 3418 praeferamus,

531 3448 796 3503 unitatem
846 3443 1253 3509 custodiamus,
1299 3431 1636 3497 charitatem‘
1691 3441 1969 3504 colamus,
2007 3456 2102 3510 per

536 3554 701 3609 quam
730 3539 976 3608 placatur
1002 3533 1166 3588 Deus.

604 3629 671 3683 Et
698 3626 1155 3698 queniadmodum
1183 3631 1428 3687 nostrum
1462 3638 1570 3677 non
1586 3632 1672 3676 est
1692 3621 1829 3677 scire
1868 3630 2100 3690 tempora

535 3732 628 3777 aut
659 3728 948 3784 momenta,
987 3733 1104 3787 qua
1131 3715 1294 3770 Pater
1319 3716 1494 3784 posuit
1526 3715 1585 3767 in
1617 3730 1715 3767 sua
1741 3721 1998 3781 potestate
2018 3714 2096 3779 τίς

533 3811 755 3867 credere
775 3815 953 3862 autem
991 3814 1236 3875 oportet,
1271 3803 1433 3858 ﬁnem
1461 3802 1579 3858 fore
1607 3802 1771 3905 hu'ws
1807 3803 2093 3871 temporis,

532 3911 587 3958 et
616 3901 787 3956 futuri
837 3899 1016 3954 saeculi
1060 3895 1490 3960 inchoationem,
1515 3903 1569 3949 et
1585 3893 1775 3965 judicii
1808 3893 2095 3948 revelatio-

530 4006 680 4059 nem,
716 4000 769 4046 et
796 3987 920 4044 Filii
962 3987 1054 4043 Dei
1098 3987 1410 4049 adventum,
1451 3994 1506 4039 ct
1529 3999 1753 4055 operum
1784 3985 2097 4040 retributio-

2199 3991 2288 4044 καὶ
2309 3992 2403 4045 τοῦ
2429 3991 2560 4046 Υίοῦ
2585 3991 2719 4046 Θεοῦ
2748 3980 3037 4064 παρουσία,
3079 3993 3172 4046 καὶ
3199 3993 3374 4065 ἔργων
3397 3995 3771 4061 ἀνταπόδοσις,
3887 3976 3893 3983 ’

532 4098 681 4149 nem,
713 4091 767 4138 et
798 4080 949 4149 regni
980 4080 1243 4134 caelorum
1289 4076 1692 4143 haereditatem;
1736 4078 1816 4132 sic
1847 4089 2093 4133 nostrum

2199 4084 2289 4137 καὶ
2322 4083 2566 4154 οὐρανῶν
2599 4074 2873 4154 βασιλείας
2900 4084 3248 4156 κληρονομία·
3281 4084 3453 4149 οὕτως
3475 4087 3574 4157 οὐχ
3610 4086 3770 4157 ἡμῶν
3803 4125 3812 4135 .
3868 4134 3895 4157 κ

530 4188 641 4229 non
672 4180 758 4228 est
778 4172 954 4236 scire,
983 4168 1259 4239 quomodo
1290 4166 1461 4221 Filius
1489 4165 1583 4221 Dei
1613 4164 1789 4222 factus
1811 4169 1882 4223 sit
1906 4169 2089 4225 homo.

529 4264 669 4321 Nam
690 4262 1007 4337 mysterium
1037 4261 1141 4315 hoc
1167 4274 1424 4328 magnum
1456 4267 1558 4321 est,
1588 4266 1645 4311 ut
1696 4256 1978 4329 Scriptura
2016 4267 2094 4314 te—

532 4365 707 4413 statur
731 4358 777 4388 ⁷³
814 4374 828 4411 :
862 4354 1257 4409 Generationem
1277 4352 1388 4421 ejus
1414 4351 1530 4422 quis
1559 4350 1827 4405 enarrabit
1844 4353 1935 4407 ".9
1963 4370 2091 4423 quo-

2197 606 2483 676 αγόμενος,
2523 604 2635 659 ἀλλ’
2668 603 2940 675 ἁγιασμοῦ
2975 605 3207 677 μετοχὴν
3264 604 3638 676 χαριζόμενος.
3682 606 3773 659 Ἐν

2195 700 2261 768 τῇ
2313 699 2502 770 ἐρήμῳ
2553 698 2884 769 ἐπειράσθη,
2931 698 2991 750 οὐ
3040 696 3330 768 πειρασμῷ
3373 696 3771 768 ὑποκείμενος,

2197 789 2331 843 ἀλλὰ
2357 791 2484 854 τοὺς
2516 792 2813 861 ἡμετέρους
2847 790 3184 862 πειρασμοὺς
3231 791 3307 863 τῇ,
3340 787 3635 860 προκλήσει
3675 788 3772 843 τοῦ

2197 882 2543 953 πειράζοντος
2590 882 3048 954 προϐαλλόμενος,
3090 882 3176 935 ἵνα
3217 880 3367 954 δείξῃ
3421 881 3645 952 μάταιον
3681 881 3774 934 τὸν

2196 971 2544 1042 πειράζοντα.
3404 996 3411 1001 ι

2269 1063 2359 1115 Διὸ
2390 1063 2557 1131 λέγει·
2595 1061 2896 1130 Θαρσεῖτε,
2923 1059 3038 1130 ἐγὼ
3065 1060 3349 1128 νενίκηκα
3385 1059 3491 1114 τὸν
3517 1061 3772 1130 κόσμον,
3800 1088 3805 1092 ι

2194 1155 2255 1207 οὐ
2291 1154 2476 1226 θεῖκὴν
2498 1154 2673 1223 πάλην
2692 1153 3146 1226 προϐαλλόμενος,
3162 1151 3407 1223 suam
3429 1151 3567 1206 ἰδίαν
3594 1152 3774 1222 σάρκα

2197 1249 2507 1320 νικητήριον
2550 1247 2755 1310 πάθους
2798 1246 2893 1300 καὶ
2921 1245 3154 1299 θανάτου
3196 1245 3290 1298 καὶ
3326 1229 3534 1315 φθορᾶς
3566 1243 3773 1297 ἐπιδει-

2197 1339 2478 1409 κνύμενος,
2508 1338 2595 1391 ἵνα
2632 1338 2699 1391 δι’
2738 1332 2808 1410 ἧς
2843 1337 3042 1408 σαρκὸς
3070 1340 3104 1409 ή
3143 1336 3385 1407 ἁμαρτία
3418 1333 3666 1406 εἰσῆλθεν
3693 1337 3774 1400 είς

2196 1433 2286 1486 τὸν
2321 1432 2545 1502 κόσμον,
2583 1432 2678 1485 καὶ
2711 1431 2799 1485 διὰ
2839 1432 2938 1502 τῆς
2963 1430 3232 1502 ἁμαρτίας
3258 1431 3287 1482 6
3324 1428 3774 1494 Odvarog‘é6act-

2196 1522 2351 1574 λευσε
2388 1522 2604 1575 πάντων
2629 1521 2953 1593 ἀνθρώπων,
2986 1520 3076 1595 διὰ
3103 1520 3203 1590 τῆς
3226 1520 3395 1590 αὐτῆς
3422 1518 3623 1591 σαρκὸς
3650 1518 3772 1573 καθ’

2195 1614 2485 1684 ὁμοιότητα
2526 1613 2831 1687 κατακριθῇ
2868 1617 2900 1685 ή
2941 1613 3186 1686 ἁμαρτία
3229 1615 3288 1666 ἐν
3328 1615 3394 1683 τῇ
3437 1611 3623 1682 σαρκὶ,
3677 1610 3772 1664 καλ⁵

2195 1706 2389 1778 νικηθῇ
2416 1709 2445 1759 6
2470 1709 2569 1778 τῆς
2598 1707 2871 1779 ἁμαρτίας
2899 1707 3091 1779 ἔφορος
3128 1709 3158 1758 6
3190 1706 3490 1777 πειράζωνξ
3535 1705 3631 1758 καὶ
3674 1723 3775 1758 κα-

2194 1797 2394 1870 ταλυθῇ
2422 1800 2450 1852 6
2484 1797 2709 1862 θάνατος
2741 1797 2835 1851 τοῦ
2875 1798 2947 1870 μὴ
2979 1797 3279 1870 βασιλεύειν
3315 1796 3409 1850 καὶ
3446 1797 3771 1868 καταργηθῇ

2200 1886 2381 1959 φθορὰ»
2396 1891 2453 1942 ἐν
2482 1892 2547 1961 τῇ
2586 1890 2680 1942 τοῦ
2718 1888 2966 1959 σώματος
3020 1891 3162 1960 ταφῇ
3207 1886 3331 1959 [ἄλ.
3384 1890 3443 1941 ἐν
3481 1890 3626 1958 ταφῇ
3677 1886 3774 1940 τοῦ

2201 1977 2493 2049 σώματος],
2544 1980 2639 2033 καὶ
2682 1979 2903 2051 ἀπαρχὴ
2940 1964 3294 2051 ἀναστάσεως
3335 1978 3641 2049 ἀναδειχθῇ,
3682 1980 3772 2032 καὶ

2199 2071 2339 2141 ἀρχὴ
2364 2070 2703 2142 δικαιοσύνης
2731 2073 2788 2123 ἐν
2806 2050 2893 2140 τῷ
2925 2050 3114 2142 κόσμῳ
3140 2070 3517 2140 πολιτεύσηται
3552 2070 3640 2123 διὰ
3674 2071 3771 2142 τῆς

2200 2162 2454 2228 πίστεως,
2478 2164 2594 2217 ικαὶ
2646 2162 2890 2233 βασιλεία
2928 2162 3167 2233 οὐρανῶν
3204 2160 3509 2234 ἀνθρώποις
3545 2163 3797 2237 εὐαγγετ

2199 2253 2376 2326 λισθῇ,
2412 2254 2505 2309 καὶ
2527 2254 2661 2307 Θεοῦ
2684 2253 2817 2325 πρὸς
2838 2252 3153 2323 ἀνθρώπους
3173 2254 3396 2325 γένηται
3426 2253 3700 2307 κοινωνία.

2283 2438 2409 2492 Ἐπὶ
2440 2404 2608 2509 ταύτῇ
2645 2441 2709 2509 τῇ
2748 2418 2929 2508 χάριτι
2970 2437 3279 2509 δοξάζωμεν
3307 2437 3399 2490 τδν
3430 2436 3651 2506 Πατέρα
3682 2434 3774 2489 τὸν

2200 2532 2466 2585 δεδωκότα
2491 2532 2582 2585 τὸν
2618 2531 2741 2605 Υίον
2775 2530 2940 2584 αὐτοῦ
2972 2530 3065 2583 τὸν
3101 2530 3364 2602 μονογενῆ
3388 2529 3526 2600 ὑπὲρ
3550 2528 3652 2605 τῇς
3679 2528 3771 2582 τοῦ

2201 2625 2403 2692 κόσμου
2423 2621 2586 2693 ζωῆς.
2614 2602 2931 2693 Δοξάσωμεν
2949 2622 3007 2675 τὸ
3025 2622 3247 2693 Πνεῦμα
3261 2620 3323 2674 τὸ
3350 2622 3521 2689 ἅγιον,
3545 2602 3606 2673 τῦ
3631 2622 3777 2691 ἐνερ-

2200 2714 2350 2784 γοῦν,
2386 2716 2447 2769 τὺ
2483 2717 2776 2780 ζωοποιοῦν
2810 2717 2978 2787 ήμᾶς,
3011 2715 3072 2768 τὸ
3099 2714 3335 2791 παρέχον
3362 2713 3430 2768 τά
3460 2715 3777 2787 χαρίσματα

2203 2808 2339 2879 πρὸς
2377 2807 2509 2862 Θεοῦ
2558 2809 2860 2871 κοινωνίαν,
2900 2808 2995 2861 καὶ
3037 2806 3111 2878 μή
3152 2806 3646 2878 περιεργαζώμεθα
3683 2807 3774 2861 τὸν

2202 2897 2553 2967 εὐαγγελικδν
2579 2898 2732 2969 λόγον
2760 2896 2934 2963 λέξεσι
2969 2895 3301 2975 περςξήροις,
3326 2896 3667 2968 ἀπεράντους
3688 2896 3776 2968 ζη-

2201 2992 2383 3062 τήσεις
2406 2993 2500 3044 καὶ¹
2534 2987 2864 3062 λογομαχίας
2888 2991 3351 3064 περισπείροντες,
3392 2989 3487 3062 καὶ
3517 2989 3610 3043 τὸν
3633 2988 3774 3047 λεέδν

2201 3081 2293 3135 κα)⁸
2321 3081 2606 3135 εὐθύτατον
2647 3080 2800 3150 λόγον
2844 3081 2943 3151 τῆς
2987 3081 3218 3145 πίστεως
3267 3080 3621 3151 τραχύνοντες
3649 3079 3775 3152 [ἄλ.

2202 3265 2455 3329 πίστεως,
2477 3264 2575 3335 τὴν
2593 3264 2813 3335 εἰρήνην
2833 3263 3226 3335 ἀγαπήσωμεν,
3252 3263 3352 3333 τὴν
3376 3263 3626 3334 ὁμόνοιαν
3657 3265 3771 3318 ἐπι-

2199 3353 2528 3425 δειξάῳεθα,
2587 3353 2684 3424 τὴν
2742 3354 2965 3426 ἑνότητα
3024 3351 3366 3424 φυλάξωμεν,
3416 3354 3514 3426 τὴν
3553 3355 3775 3426 ἀγάπην

2199 3446 2623 3516 γεωργήσωμεν,
2655 3444 2722 3497 δι’
2754 3439 2828 3524 ἧς
2859 3445 3236 3516 εὐαρεστεῖται
3261 3444 3415 3509 Θεός.

2271 3625 2480 3695 Ὥσπερ
2516 3626 2613 3695 οὐχ
2647 3625 2801 3697 ἡμῶν
2834 3628 2949 3679 ἐστι
2979 3627 3041 3681 τὸ
3072 3596 3271 3696 γνῶναι
3294 3630 3551 3698 χρόνους
3581 3629 3621 3699 ἢ
3647 3645 3775 3685 και-

2189 3715 2360 3791 ροὺς,
2399 3716 2504 3781 οὓς
2535 3720 2567 3769 ό
2591 3706 2793 3786 Πατὴρ
2831 3717 2996 3771 ἔθετο
3027 3718 3098 3772 ἐν
3122 3719 3189 3790 τῇ
3235 3719 3355 3787 ὶδιᾳ
3394 3719 3656 3788 ἐξουσίᾳ·
3691 3739 3777 3775 πι-
3844 3774 3847 3779 ,

2198 3808 2418 3862 στεῦσαι
2439 3808 2494 3862 δέ
2524 3809 2623 3873 δεῖ,
2657 3810 2738 3863 ὅτι
2767 3811 2958 3882 χρόνου
2993 3809 3143 3864 ἔσται
3171 3811 3341 3877 τέλος,
3368 3813 3461 3866 καὶ
3492 3813 3775 3884 μέλλοντος

2196 3899 2388 3963 αἰῶνος
2430 3899 2579 3954 ἔσται
2642 3902 2966 3973 φανέρωσις,
3007 3902 3101 3955 καὶ⁵
3146 3902 3377 3973 κρίσεως
3411 3904 3770 3976 ἀποκάλυψις,

2192 4172 2393 4240 γνῶναι
2422 4172 2481 4225 τὸ
2502 4172 2634 4238 ’πῶς
2670 4177 2698 4227 6
2731 4174 2858 4238 Υἱὸς
2900 4175 2992 4227 τοῦ
3025 4174 3158 4228 Θεοῦ
3198 4175 3419 4243 γέγονεν
3462 4174 3769 4246 ἄνθρωπος·

2191 4266 2253 4318 τὸ
2278 4265 2386 4338 γὰρ
2416 4267 2710 4341 μυστήριον
2731 4266 2888 4321 τοῦτο
2909 4267 3052 4338 μέγα
3080 4267 3215 4330 ἐστὶ,
3241 4265 3425 4331 καθὼς
3443 4266 3771 4341 γέγραπται,

2194 4360 2429 4433 5τι,Τὴν
2449 4360 2661 4427 γενεὰν
2687 4359 2872 4414 αὐτοῦ
2905 4360 2996 4425 τίς
3025 4358 3403 4434 διηγήσεταω
3434 4358 3524 4412 ὅτι
3545 4359 3772 4427 alpes-at

532 4448 679 4501 niam
716 4446 981 4502 tottetura
1019 4454 1159 4498 terra
1202 4444 1315 4524 vita
1355 4442 1467 4511 ejus
1489 4443 1555 4497 ⁷⁸.
1611 4442 1716 4498 Sed
1764 4444 2090 4499 credendum

2199 4450 2312 4507 ἀπὸ
2339 4449 2450 4517 τῆς
2473 4448 2586 4519 γῆς
2614 4451 2652 4516 ἠ
2686 4448 2796 4518 ζωὴ
2819 4448 3020 4504 αὑτοῦ.
3060 4449 3218 4503 Ἀλλά
3246 4449 3531 4503 πιστεῦσαι
3559 4450 3656 4515 δεῖ,
3691 4451 3774 4504 ὅτι

533 4547 618 4594 est
662 4536 862 4591 Filium
906 4535 999 4591 Dei
1035 4535 1238 4591 factum
1293 4550 1417 4590 esse
1461 4534 1736 4591 hominem
1787 4536 2092 4590 secundum

2199 4545 2225 4596 6
2255 4542 2381 4605 Υἱὸς
2409 4539 2501 4592 τοῦ
2530 4539 2663 4593 Θεοῦ
2689 4539 2903 4609 ἐγένετο
2930 4539 3209 4612 ἄνθρωπος
3239 4544 3378 4594 κατά
3395 4541 3495 4605 τὰς
3525 4541 3769 4612 Γραφάς,
3826 4527 3843 4544 ³

538 4629 886 4700 Scripturas;
919 4635 975 4682 et
1007 4628 1060 4681 in
1096 4636 1240 4683 terra
1285 4616 1499 4692 visum,
1547 4637 1604 4681 et
1626 4641 1752 4681 cum
1781 4624 2097 4683 hominibus

535 4731 917 4777 conversatnm
940 4734 1060 4775 esse
1082 4759 1096 4783 ,
1122 4727 1183 4773 ut
1220 4731 1391 4773 sacra:
1412 4717 1630 4777 Littera:
1652 4717 1880 4787 docent;
1906 4734 2101 4775 secun-
2129 4771 2136 4781 ,

534 4815 667 4870 dum
699 4811 1108 4867 similitudinem
1126 4851 1140 4876 ,
1169 4809 1375 4878 absque
1402 4819 1626 4879 peccato
1645 4850 1661 4877 ,
1704 4825 1912 4882 proque
1939 4810 2098 4866 nobis

535 4913 814 4963 mortuum
863 4918 1021 4969 esse,
1058 4913 1114 4958 et
1149 4902 1511 4957 resurrexisse
1539 4916 1606 4955 ex
1652 4903 1917 4970 mortuis,
1960 4903 2105 4960 sicut

536 4998 802 5069 scriptum
816 4997 959 5052 est"
980 5013 995 5061 ;
1013 5005 1067 5050 et
1085 4996 1142 5049 in
1166 4995 1333 5051 caelos
1362 5004 1701 5065 assumptum
1719 5011 1858 5063 esse,
1885 4996 2099 5052 sedere-

537 5104 644 5159 que
681 5089 736 5143 in
759 5088 985 5143 dextera
1009 5084 1269 5149 Patris",
1294 5084 1419 5159 inde
1440 5093 1728 5140 venturum
1754 5086 2003 5155 judicare
2017 5085 2099 5138 vi-

535 5196 637 5237 vos
663 5189 719 5236 et
739 5189 1003 5246 mortuos,
1036 5187 1097 5233 ut
1118 5178 1399 5248 Scriptura
1426 5177 1686 5244 tradit";
1718 5193 1786 5231 ne
1805 5217 1821 5241 ,
1856 5177 1987 5232 dum
2015 5176 2100 5229 in-

536 5281 620 5327 ter
675 5287 775 5327 nos
804 5271 987 5327 verbis
1018 5269 1397 5339 digladiamur,
1444 5268 1822 5338 hlasphement
1878 5267 2098 5337 quidam

539 5361 841 5418 doctrinam
889 5362 1108 5428 ﬁdei";
1155 5361 1474 5431 eveniatque
1524 5359 1659 5414 illud
1693 5377 1707 5412 :
1742 5357 1970 5429 Propter
2003 5375 2100 5415 vos

541 5449 934 5521 blasphematur
954 5469 1142 5508 nomen
1167 5468 1339 5505 meum
1369 5467 1569 5520 semper
1598 5451 1652 5504 in
1688 5449 1929 5519 gentibus
1958 5451 2027 5503 ⁸⁸.

616 5697 658 5728 ⁸⁷
693 5694 856 5751 Marc.
890 5714 930 5762 ι,
974 5698 1027 5752 9.
1101 5698 1148 5730 ⁸⁸
1187 5698 1377 5754 Matth.
1423 5715 1495 5764 ιιι,
1523 5699 1575 5751 1.
1652 5698 1874 5756 "Joan.
1915 5717 2026 5765 xvr,
2058 5701 2146 5755 55.

772 5765 1018 5849 ξξαλιιιι,
1047 5768 1100 5824 8.
1147 5770 1219 5849 _"
1248 5773 1380 5849 A_ct._
1405 5784 1575 5849 mnu,
1602 5768 1691 5849 '55.
1767 5770 2073 5849 7E_Baruch.

2206 5812 2222 5839 ,
2253 5772 2360 5841 38;
2420 5771 2582 5828 Hebr.
2618 5773 2893 5841 Iv,’15;ll
2943 5775 3083 5830 Tim.
3114 5789 3179 5837 tt,
3210 5773 3263 5828 8.
3301 5765 3307 5768 ’
3341 5774 3387 5805 ⁷⁷
3430 5770 3598 5828 Marc.
3650 5786 3760 5837 ut,

547 5836 633 5891 19.
710 5836 757 5867 ⁷⁸
780 5832 822 5887 ιι
857 5832 1103 5906 Τὶωπν,
1140 5838 1190 5892 l.
1242 5840 1311 5913 j’
1360 5832 1720 5909 lTim.'V'I,l.
1766 5841 1843 5919 ,⁸ο
1877 5842 1983 5899 15a.
2013 5856 2098 5908 ut,

2207 5832 2218 5839 ν
2347 5832 2357 5841 1
2678 5832 2691 5841 1
2815 5832 2826 5841 1

544 5779 629 5819 ιιι.

2199 4633 2293 4685 καὶ
2320 4633 2401 4685 ὅτι
2445 4632 2538 4683 ἐπὶ
2580 4630 2679 4700 τῆς
2722 4630 2826 4701 γῆς
2857 4630 3030 4701 ὤφθη,
3058 4630 3150 4685 καὶ
3169 4634 3280 4694 τοῖς
3319 4631 3623 4704 ἀνθρώποις
3653 4648 3774 4685 συν-

2202 4723 2514 4795 ανεστράφη
2556 4723 2694 4777 κατὰ
2721 4723 2820 4787 τὰς
2847 4722 3094 4795 Γραφάς,
3117 4721 3239 4776 καθ’
3277 4723 3583 4794 ὁμοιότητα,
3600 4724 3770 4797 χωρὶς

2203 4815 2492 4887 ἁμαρτίας,
2528 4815 2626 4868 καὶ
2645 4815 2726 4868 δτι
2749 4815 3015 4870 ἀπέθανεν
3047 4814 3186 4885 ὑπὲρ
3222 4814 3400 4885 ἡμῶν,
3446 4814 3540 4868 καὶ
3573 4814 3771 4885 ἀνέστη

2202 4910 2268 4961 ἐκ
2296 4907 2524 4978 νεκρῶν,
2564 4906 2744 4972 καθὼς
2791 4908 3115 4982 γέγραπται,
3158 4907 3252 4960 καὶ
3281 4908 3364 4961 ὅτι
3396 4908 3476 4971 είς
3508 4907 3771 4977 οὐρανοὺς

2202 4997 2475 5069 ἀνελήφθη
2498 4998 2854 5073 [ἀνελήλυθε],
2880 4999 2974 5054 καὶ
2999 4998 3247 5053 ἐκάθισεν
3271 5000 3328 5051 ἐν
3363 4999 3512 5069 δεξιᾷ
3537 4998 3629 5052 τοῦ
3663 4998 3773 5050 Πα-

2204 5090 2351 5162 τρὺς,
2384 5088 2504 5143 ὅθεν
2548 5090 2665 5161 ἥξει
2712 5094 2888 5163 κρῖναι
2920 5088 3137 5154 ⁴ζῶντας
3179 5090 3272 5143 καὶ
3309 5093 3553 5161 νεκροὺς,
3589 5086 3770 5151 καθὼς

2204 5182 2528 5253 γέγραπται,
2555 5184 2627 5253 μή
2652 5199 2780 5235 ποτε
2802 5183 2834 5251 ἡ
2842 5180 2958 5252 μῶν
2979 5180 3424 5252 λογομαχούντων
3456 5180 3592 5251 πρὸς
3615 5177 3773 5249 ἀλλή-

2204 5271 2327 5337 λους
2357 5272 2564 5344 βλασφη
2574 5273 2783 5345 μήσωσί
2806 5288 2949 5336 τινες
2971 5272 3060 5324 τὸν
3087 5272 3185 5343 τῆς
3214 5271 3448 5335 πίστεως
3470 5266 3644 5358 λόγον,
3676 5269 3770 5323 καὶ

2201 5366 2398 5439 ἐπέλθῃ
2444 5367 2504 5420 τὸ
2532 5366 2834 5437 εἰρημένον·
2866 5365 2941 5417 Δι’
2970 5364 3114 5436 ὑμᾶς
3150 5363 3218 5417 τὸ
3254 5360 3439 5433 ὄνομά
3492 5381 3611 5433 μου
3655 5361 3764 5433 [ἄλ.

2201 5459 2309 5512 τοῦ
2327 5458 2499 5530 Θεοῦ]
2513 5457 2837 5522 διαπαντὸς
2851 5456 3295 5525 βλασφημεῖται
3317 5455 3527 5523 ὲκτοῖς
3547 5455 3766 5513 ἔθνεσι.

2219 5703 2265 5733 ⁷⁸
2316 5701 2472 5756 Rom.
2499 5720 2550 5757 ν.
2651 5700 2882 5757 "lCor.
2914 5720 3004 5760 xv.
3080 5703 3247 5757 "Act.
3274 5718 3313 5768 ι,
3351 5702 3402 5755 7.
3497 5702 3544 5735 ⁷⁸
3579 5700 3762 5757 lTim.
