4100 6376
371 388 504 446 1157

1551 382 1751 443 DlSPU
1760 386 1966 442 ΤΑἸΊΟ
2005 387 2092 442 DE
2134 386 2370 442 ANIMA.

3458 396 3597 453 “33

397 547 3577 583 Μ

1113 708 1340 796 ΤΟΥ
1409 710 1555 849 ΕΝ
1607 708 1968 795 ΑΓΙΟΙΣ
2031 704 2462 795 ΠΑΤΡΟΣ¹
2523 706 2848 796 ΗΜΩΝ

884 962 901 996 ι
1506 898 2472 1049 ΓΡΗΓΟΡΙΟΥ

671 1129 1068 1187 ΕΠῙΣΚΟΠΟΥ
1097 1129 1233 1184 ΤΗΣ
1255 1129 1800 1184 ΝΕΟΚΑΙΣΔΡΕΙΔΣ
1827 1129 2123 1197 ΠΟΝΤΟΥ,
2151 1124 2525 1201 ΕΠΩΝΥΜΙᾼ
2544 1132 2680 1187 ἸἸΟΥ
2704 1133 3281 1203 ΘΑΥΜΑΤΟΥΡΓΟΥ,

1369 1295 1778 1412 ΠΡΟΣ
1833 1298 2612 1415 ΤΑΤΙΑΝΟΝ

987 1520 1242 1607 ΠΕΡΙ
1289 1518 1683 1607 ΨΥΧΗΣ
1737 1515 2096 1653 ΛΟΓΟΣ
2148 1516 2933 1607 ΚΕΦΑΛΑΙΩΔΗΣ

1254 1876 1668 1967 SANCTI
1747 1874 2171 1965 PATRIS
2240 1818 2701 1966 NOSTRII

1450 2008 2346 2229 iiGREGOBH

855 2324 1162 2382 EPISGOPI
1209 2322 1718 2381 NEOCABSAREAE
1765 2324 2006 2401 PQNTI,
2058 2282 2525 2381 cocNouEMo
2580 2322 3111 2394 THAUMATURGI,
3162 2368 3167 2375 .

1543 2497 1692 2584 AD
1767 2495 2402 2587 TATIANUM

528 2718 827 2889 qm:
913 2673 1366 2831 ANIMA
1441 2712 1709 2823 PER
1794 2706 2322 2823 CAPITA
2406 2706 3331 2823 DISPUTATIO.

1023 2936 1096 3000 (Β.
1130 2935 1278 2999 Greg.
1297 2933 1458 3011 Neoc.
1480 2932 1662 2995 Opera,
1692 2932 1773 2981 ed.
1805 2930 1918 3015 Ger.
1941 2931 2125 2991 Vossil,
2153 2928 2496 2990 Paris.,1622,
2520 2931 2570 2980 in
2595 2929 2703 2990 fol,
2736 2943 2788 2991 p.
2812 2927 2917 2992 42.)

406 3242 524 3310 ,Τὸν
549 3241 679 3313 περὶ
703 3240 879 3311 ψυχῆς
905 3254 987 3293 σοι
1024 3237 1183 3305 λόγον
1212 3237 1503 3298 ἐκέλευσας
1534 3237 1687 3306 ἡμῖν,
1715 3228 1760 3288 ὧ
1782 3234 1914 3287 θαυ-
1945 3287 1946 3291 η

2087 3203 2328 3289 Jussisti,
2362 3223 2813 3297 prmstantissime
2840 3222 3087 3289 Taliane,
3114 3232 3177 3278 ut
3199 3240 3324 3280 cum
3359 3225 3599 3284 ellicaci-

352 3335 514 3405 μάσιε
535 3331 787 3397 Τατιανὲ,
841 3330 955 3402 μετ’
1004 3331 1336 3405 ὲνεργουσῷν
1378 3325 1705 3393 ἀποδείξεων
1729 3325 1916 3395 διαχα-

350 3402 576 3497 ράξασιν
623 3422 956 3479 ἀποστεῖλαι⁸
1012 3422 1110 3477 καὶ
1150 3402 1326 3476 ταῦτᾶ
1368 3420 1551 3490 ήξίους
1599 3421 1791 3483 ποιεῖν,
1840 3415 1915 3488 μή

345 3512 469 3578 ταῖς
512 3513 628 3579 ,τῶν
674 3512 906 3584 Γραφῶν
956 3510 1284 3585 μαρτυρίαις
1326 3509 1741 3583 χρησαμένους·
1780 3510 1918 3580 ὅπερ

347 3604 465 3657 ἐστι
486 3620 546 3658 τε
571 3603 666 3658 καὶ
707 3606 819 3667 τοῖς
864 3602 1103 3667 εὐσεϐῶς
1148 3603 1363 3673 φρονεῖν
1410 3598 1680 3653 ἐθέλουσιν
1715 3596 1918 3668 ἀληθής

264 3744 270 3749 .
346 3694 604 3765 τυγχάνει
662 3695 979 3749 διδασκαλία
1024 3684 1233 3759 παντὸς
1267 3693 1609 3766 ἀνθρωπίνου
1640 3688 1915 3763 ’λογισμοῦ

283 3818 289 3823 -
347 3783 867 3860 ἀποδεικτικωτέρω
907 3787 1043 3859 ἔφης
1089 3788 1198 3859 γὰρ
1247 3786 1323 3859 μὴ
1387 3787 1525 3859 πρὸς
1564 3786 1664 3858 τὴν
1723 3784 1916 3841 ἑαυτοῦ

350 3876 723 3948 πληροφορίαν
771 3875 943 3932 τοῦτα
994 3878 1292 3948 ἐπιζητεῖν,
1350 3871 1788 3948 πεπαιδευμένος,
1816 3876 1916 3947 ἠδη

344 3970 470 4031 ταῖς
492 3967 664 4030 θείαις
692 3968 1043 4038 προσανέχειν
1065 3947 1309 4039 Γραφαῖς
1329 3968 1426 4023 καὶ
1449 3947 1796 4039 παραδόσεσι,
1823 3969 1918 4021 καὶ

350 4061 428 4133 μὴ
452 4063 713 4131 στροφαῖς
757 4059 866 4114 τῶν
905 4060 1257 4132 ἀνθρωπίνων
1298 4061 1470 4130 λόγων
1517 4060 1782 4115 δονεῖσθαι
1819 4061 1918 4132 τήν

347 4153 607 4221 διάνοιαν
674 4151 812 4206 ἀλλὰ
848 4151 985 4223 πρὸς
1022 4153 1334 4224 ἀνατροπὴν
1391 4154 1488 4224 τῆς
1529 4153 1638 4205 τῶν
1680 4153 1918 4226 ιὲτεροδὸ⁴

351 4245 458 4311 ξων
478 4243 721 4319 γνώμης,
765 4244 814 4298 οἳ
839 4243 1119 4298 πείθεσθαι
1141 4246 1259 4308 ταῖς
1295 4245 1538 4315 Γραφαῖς
1582 4244 1683 4296 οὐκ
1708 4244 1921 4313 ἀνέχον-

348 4355 460 4392 ται’
487 4336 751 4408 δεινότητι
793 4335 850 4390 δέ
888 4336 998 4391 τινι
1044 4330 1393 4406 περιτρέπειν
1432 4336 1558 4398 τοὺς
1602 4335 1790 4407 ἀήθεις
1811 4334 1919 4387 τῶν

348 4428 606 4484 τοιούτων
632 4428 803 4497 λόγων
851 4429 1163 4500 πειρῶνται.
1208 4427 1300 4481 Διὸ
1345 4429 1576 4499 ἑτοίμως
1616 4427 1918 4489 ὑπακοῦσαι
1986 4474 1991 4480 .

344 4523 484 4595 τῷδε
537 4521 615 4593 σῷ
635 4522 965 4593 ὲπιτάγματι
990 4520 1359 4593 προήχθημεν,
1389 4520 1554 4592 μηδὲν
1602 4519 1921 4573 ὑποστειλά-

354 4580 502 4685 μενοι
550 4580 626 4677 ως
663 4580 879 4684 ἄπειροι
918 4580 1277 4682 τῆς-τοιασδε
1313 4580 1659 4682 κατα-σκευῆς
1699 4610 1806 4664 τῶν
1828 4609 1918 4664 λό-
1953 4580 1992 4634 Β

349 4706 484 4776 των,
524 4703 659 4759 ἀλλά
681 4706 746 4776 τῇ
773 4705 840 4776 σῇ
866 4704 995 4776 περὶ
1019 4704 1163 4775 ἡμᾶς
1185 4703 1367 4775 εὐνόίᾳ
1391 4702 1761 4777 θαρρήσαντες
1785 4722 1795 4734 ·
1828 4706 1920 4758 καὶ

352 4796 461 4868 γὰρ
489 4792 637 4867 οἶδας
659 4796 695 4851 ἃ
743 4797 844 4868 μὲν
878 4795 1056 4860 καλῶς
1095 4794 1238 4866 ἔχειν
1272 4794 1603 4866 δοκιμάζεις,
1626 4795 1798 4849 ταῦτα
1840 4797 1921 4859 είς

353 4889 413 4941 τὸ
446 4874 635 4942 ’κοινὸν
685 4888 1014 4960 προτιθέναι·
1074 4887 1147 4942 τὰ
1188 4887 1247 4941 δὲ
1303 4886 1520 4942 ἔλαττον
1568 4887 1663 4941 τοῦ
1708 4888 1919 4953 δέοντος

353 4978 610 5034 δοκοῦντα
633 4978 904 5051 εἰρῆσθαι,
947 4978 1120 5035 ταῦτα
1160 4980 1501 5053 παρέπεσθαι
1528 4979 1622 5034 καὶ
1669 4980 1917 5052 ἀποκρύ-

355 5073 601 5128 πτεσθαι.
653 5071 887 5144 ἑκάτερα
929 5072 1110 5145 χάριτι
1154 5075 1218 5145 τῇ
1265 5073 1402 5144 πρὸς
1441 5075 1588 5144 ἡμᾶς
1631 5074 1724 5128 καὶ
1771 5073 1922 5147 φιλίᾳ

355 5163 544 5218 ποιῶν.
574 5163 759 5218 Ταῦτα
781 5160 874 5217 οὖν
901 5163 1074 5229 εἰδὼς,
1122 5163 1260 5236 μετά
1319 5165 1498 5236 πάσης
1545 5166 1920 5236 πεποιθήσεως

352 5257 619 5331 ὡρμήθην
644 5255 741 5312 ἐπὶ
777 5256 874 5328 τὴν
918 5255 1153 5311 ἔκθεσιν.
1200 5244 1503 5329 Ποιήσομαι
1536 5256 1592 5310 δὲ
1612 5258 1703 5311 τὸν
1765 5256 1920 5325 λόγον

353 5351 503 5418 τάξει
530 5351 638 5404 τινὶ
659 5349 752 5405 καὶ
776 5348 1065 5420 ἀκολουθίᾳ
1098 5349 1460 5421 χρησάμενος,
1504 5349 1683 5420 ἥνπερ
1730 5350 1821 5403 καὶ
1868 5351 1918 5401 οἱ

238 5474 257 5523 ί
355 5444 485 5517 περὶ
506 5443 677 5497 ταῦτα
698 5441 859 5495 δεινοὶ
880 5442 1283 5512 κατεχρήσαντο
1308 5442 1444 5512 πρὸς
1473 5441 1597 5504 τοὺς
1630 5442 1920 5512 ἐπιστημό-

260 5564 268 5571 ·
354 5551 461 5599 νως
497 5533 677 5605 ζητεῖν
701 5549 754 5586 τι
778 5531 1081 5594 ἐθέλοντας.

428 5803 647 5871 Πρῶτον
671 5805 770 5878 μὲν
811 5799 902 5860 οὖν
944 5803 1197 5859 ἁπάντων
1222 5803 1581 5878 ὑποθήσομαι,
1609 5808 1713 5861 τίνι
1738 5823 1921 5884 κριτη-

2016 3322 2119 3376 bus
2161 3320 2502 3391 argumentis
2536 3320 2652 3373 sive
2683 3316 3248 3373 demonstrationibus
3281 3333 3589 3375 sermonem

2020 3424 2183 3483 atque
2206 3410 2628 3482 disputationem
2658 3409 2724 3462 de
2748 3409 2928 3462 anima
2958 3409 3056 3463 tibi
3078 3409 3445 3480 conscriptam
3469 3412 3596 3467 mit-

2017 3513 2208 3566 terem,
2267 3515 2441 3571 eaque
2485 3500 2539 3553 in
2574 3513 2633 3553 re
2660 3498 2826 3553 nullis
2861 3497 3266 3569 Scripturarum
3311 3509 3493 3556 uterer
3515 3510 3597 3557 te—

2018 3594 2321 3658 stimoniis;
2375 3608 2498 3663 quae
2524 3592 2741 3662 quidem
2771 3591 2998 3646 docendi
3025 3592 3188 3659 ratio,
3218 3592 3323 3648 etsi
3351 3609 3475 3647 vera
3501 3595 3597 3660 sit,

2017 3696 2073 3744 et
2101 3688 2208 3745 illis
2239 3687 2333 3757 qui
2358 3687 2447 3757 pie
2476 3685 2678 3741 sentire
2705 3685 2892 3750 velint,
2929 3686 3122 3756 quavis
3155 3684 3395 3741 humana
3423 3687 3597 3757 ratio-

2019 3779 2293 3835 cinatione
2318 3778 2515 3833 certior
2535 3784 2590 3832 et
2612 3776 2680 3832 ad
2703 3777 3044 3847 probandum
3069 3776 3279 3846 aptior;
3320 3778 3415 3833 sed
3445 3778 3593 3832 enim

2020 3870 2071 3926 id
2117 3886 2147 3924 a
2188 3885 2279 3925 me
2319 3870 2398 3924 sic
2438 3868 2555 3923 ﬁeri
2599 3867 2791 3936 cupis,
2834 3883 2942 3922 non
2984 3879 3043 3923 ut
3088 3868 3183 3922 tibi
3218 3868 3334 3937 ipse
3385 3868 3596 3924 satisfa-

2021 3964 2135 4017 cias
2155 4002 2170 4026 ,
2225 3961 2425 4032 quippe
2472 3959 2565 4030 qui
2590 3959 2705 4030 jam
2736 3960 2808 4013 ita
2840 3959 2917 4013 sis
2941 3960 3241 4014 instructus
3261 4003 3275 4027 ,
3310 3970 3369 4015 ut
3394 3961 3594 4015 divinis

2019 4062 2074 4108 et
2097 4050 2314 4122 Scripta
2326 4051 2402 4106 ris
2426 4058 2480 4106 et
2506 4050 2895 4104 traditionibus
2922 4056 3084 4119 atque
3107 4050 3593 4106 constitutionibus

2021 4141 2328 4205 adhaereas,
2384 4152 2561 4208 neque
2593 4136 2719 4191 ullis
2750 4136 3006 4190 humanis
3035 4135 3338 4190 rationibus
3368 4135 3434 4190 de
3462 4151 3590 4192 sen-

2022 4233 2186 4288 tentia
2216 4231 2479 4285 dimoveri
2512 4239 2565 4284 te
2591 4230 2774 4295 sinas;
2827 4229 2921 4284 sed
2961 4228 3027 4283 ad
3068 4243 3164 4284 eos
3188 4230 3592 4285 convincendos

2021 4327 2113 4396 qui
2148 4325 2303 4379 aliter
2351 4324 2614 4388 sentiunt,
2662 4331 2717 4376 et
2745 4322 3039 4391 Scripturis
3068 4321 3267 4377 divinis
3294 4322 3453 4378 ﬁdem
3488 4324 3589 4378 lia-

2020 4418 2148 4472 bere
2193 4417 2419 4480 nolunt,
2474 4414 2707 4486 quadam
2755 4421 2934 4469 autem
2982 4414 3284 4469 disserendi
3330 4414 3590 4471 facultate

2020 4505 2269 4561 homines
2317 4503 2780 4576 disputationibus
2837 4502 3109 4573 ejusmodi
3159 4503 3303 4558 haud
3328 4513 3591 4583 assuetos

2022 4597 2423 4652 circumvenire
2454 4611 2518 4651 ac
2550 4594 2741 4650 fallere
2774 4594 3045 4650 nituntur.
3084 4594 3296 4661 Quibus
3323 4597 3591 4652 adductus

2024 4706 2145 4744 sum
2179 4689 2508 4755 rationibus,
2531 4697 2592 4743 ut
2621 4702 2727 4741 non
2749 4726 2763 4751 ,
2798 4687 2947 4753 velut
2971 4688 3150 4756 aliqua
3174 4686 3592 4744 deterritus‘im—

2021 4780 2214 4851 peritia
2235 4821 2250 4847 ,
2285 4780 2427 4834 hanc
2457 4777 2836 4834 tractationem
2880 4779 3335 4850 subterfugerim;
3371 4780 3466 4836 sed
3498 4789 3591 4835 tua

2022 4873 2078 4926 in
2106 4886 2195 4926 me
2221 4870 2465 4927 conlisus
2487 4868 2891 4935 benevolentia,
2917 4879 3025 4925 tua:
3047 4870 3353 4940 promptius
3380 4885 3587 4925 morem

2020 4963 2279 5034 gesserim
2301 4961 2539 5032 jussioni
2569 4977 2634 5017 ac
2656 4961 2921 5016 voluntati
2945 4977 2958 5013 :
2984 4963 3126 5017 nosti
3147 4963 3344 5017 etenim
3372 4976 3472 5031 pro
3498 4969 3588 5015 tua

2021 5055 2078 5110 in
2110 5070 2198 5110 me
2228 5054 2560 5125 benignitate
2582 5063 2744 5124 atque
2769 5054 3028 5117 amicitia,
3049 5069 3169 5123 quae
3190 5053 3442 5124 praeclara
3468 5066 3590 5105 esse

2022 5161 2243 5211 censes,
2272 5160 2338 5200 ea
2363 5145 2417 5199 in
2447 5156 2800 5215 conSpectum
2834 5145 3115 5198 hominum
3153 5144 3439 5211 lucemque
3462 5156 3589 5212 pro-

2021 5236 2198 5303 ferre;
2228 5251 2350 5306 quae
2377 5245 2557 5291 autem
2585 5235 2768 5291 minus
2792 5245 2938 5291 recte
2964 5236 3106 5290 dicta
3133 5250 3254 5289 esse
3278 5233 3584 5298 videantur,

2021 5342 2084 5382 ea
2106 5327 2454 5383 dissimulare
2486 5337 2649 5398 atque
2676 5336 2980 5397 contegere.
3032 5325 3209 5392 Quare
3240 5326 3352 5379 lucc
3385 5325 3587 5392 sciens,

2023 5420 2280 5476 audacter
2305 5436 2392 5476 me
2423 5421 2491 5475 ad
2519 5421 2863 5477 scribendum
2893 5419 3118 5473 contuli.
3157 5418 3232 5473 Ea
3259 5433 3386 5472 vero
3413 5418 3590 5474 dissc~

2022 5512 2177 5567 rendi
2205 5512 2415 5566 ratione
2445 5521 2500 5567 et
2527 5511 2717 5567 ordine
2742 5517 2882 5572 utar,
2909 5525 3015 5579 qua
3041 5517 3097 5564 et
3125 5509 3225 5576 illi,
3247 5509 3338 5579 qui
3368 5524 3458 5564 res
3486 5508 3590 5563 hu-

2018 5602 2259 5673 iusmodi
2280 5604 2623 5674 proﬁtentur,
2653 5600 2886 5657 scienter
2911 5615 2974 5655 ac
2992 5599 3163 5671 perite
3189 5599 3585 5671 investigando,

2022 5695 2100 5750 uti
2134 5695 2328 5750 solent.

2096 5809 2172 5865 Ac
2198 5808 2436 5882 primum
2465 5807 2682 5880 quidem
2713 5822 3011 5879 proponam
3032 5847 3046 5875 ,
3093 5824 3204 5880 quo
3229 5806 3435 5879 judicro
3470 5808 3587 5862 ani-
