4100 6372
549 375 688 433 1159

1182 377 1260 440 lS.
1302 375 1629 437 GREGORll
1669 375 2026 434 TllAUMAT.
2064 375 2214 431 OPP.
2254 376 2433 432 PARS
2472 379 2766 438 ALTERA.
2807 414 2876 424 —
2915 384 3143 441 DUBlA.

3648 390 3802 446 Ηῒο

550 508 639 545 ma
667 490 987 547 naturaliter
1012 493 1400 561 comprehendi
1431 502 1630 562 queat;
1663 491 1856 546 deinde
1875 533 1889 556 ,
1927 491 2112 561 quibus

2231 491 2328 562 ρίῳ
2355 492 2596 562 πέφυκεν
2633 496 2666 564 ή
2704 494 2847 566 ψυχὴ
2888 496 3412 568 καταλαμϐάνεσθαν
3468 501 3678 566 ἔπειτα,
3726 505 3798 558 δι’

550 583 860 638 rationibus
889 599 1010 640 esse
1045 584 1394 648 ostendatur;
1421 594 1534 638 tum
1562 583 1836 653 deinceps,
1867 582 2123 638 substan-

550 676 699 730 tiane
750 677 822 730 sit
863 691 930 728 an
964 676 1250 742 accidens;
1303 676 1497 731 deinde
1525 684 1920 745 consequenter
1943 717 1959 742 ,
1991 691 2121 732 cor-

549 779 723 834 pusne
748 764 818 818 sit
854 779 921 817 an
956 764 1310 834 incorporea;
1358 773 1616 835 praeterea
1644 805 1659 829 ,
1721 765 2022 835 simplexne
2051 780 2122 821 an

547 855 886 924 composita;
922 863 1034 908 tum
1062 871 1275 919 rursus,
1322 855 1642 910 mortalisne
1669 871 1738 909 an
1763 856 2119 922 immortalis;

547 955 823 1016 postremo
856 956 1068 1012 autem,
1100 946 1328 1001 rationis
1361 949 1704 1016 particepsne
1758 948 1831 1002 sit
1867 963 1935 1002 an
1974 948 2122 1004 illius

544 1054 762 1108 expers.
1591 1035 1595 1042 ’

618 1125 745 1182 Haec
770 1127 915 1182 enim
942 1128 996 1182 in
1034 1129 1400 1198 disputatione
1429 1129 1495 1184 de
1519 1129 1699 1183 anima
1723 1172 1736 1193 ,
1790 1141 1850 1184 ut
1885 1131 2122 1186 maxime

545 1218 766 1288 propria
787 1258 802 1281 ,
839 1227 892 1272 et
923 1219 1031 1272 vim
1063 1229 1226 1288 atque
1271 1227 1520 1274 naturam
1569 1220 1688 1290 ejus
1720 1221 1912 1276 melius
1939 1223 2121 1292 expri-

545 1309 770 1375 mentia,
803 1308 1006 1378 inquiri
1032 1311 1230 1365 solent.
1281 1311 1361 1364 Ad
1389 1325 1450 1364 ea
1482 1325 1664 1380 porro,
1706 1311 1774 1366 de
1799 1312 1998 1382 quibus
2032 1313 2122 1368 hic

543 1401 926 1456 disserendum
981 1401 1124 1466 erit,
1175 1401 1453 1470 probanda
1497 1418 1560 1456 ac
1590 1403 1993 1469 conﬁrmanda,
2021 1417 2120 1472 pro

550 1492 1150 1562 demonstrationibus,
1203 1492 1517 1547 notionibus
1565 1493 1670 1546 illis
1705 1500 1919 1547 utemur
1966 1508 2118 1548 com-

544 1585 806 1640 munibus
834 1626 848 1651 ,
884 1600 980 1654 per
1009 1601 1147 1654 quas
1177 1584 1342 1639 rebus
1379 1599 1504 1654 quae
1543 1584 1796 1638 manibus
1821 1592 2120 1638 tractantur

544 1691 808 1731 assensus
839 1676 1149 1745 comparari
1175 1675 1329 1730 solet.
1372 1674 1656 1730 Brevitatis
1689 1691 1816 1730 vero
1842 1675 2121 1731 utilitatis-

543 1784 652 1838 que
679 1784 870 1834 causa,
908 1769 975 1823 iis
1008 1769 1273 1823 duntaxat
1296 1783 1443 1822 nunc
1470 1767 1978 1823 ratiocinationibus
2002 1777 2119 1824 ute-

2223 575 2296 637 ὧν
2327 583 2598 638 δείκνυται
2625 586 2963 658 ὑπάρχουσα·
2995 585 3094 643 εἷθ’
3116 590 3259 661 ἑξῆς,
3287 595 3336 646 εί
3359 593 3514 665 οὐσία
3533 597 3798 666 τυγχάνει

2222 670 2354 728 οὖσα
2370 714 2388 758 ,1
2432 677 2465 745 ἦ
2523 677 2898 749 συμϐεϐηκός·
2960 677 3078 736 εἶτα
3120 682 3329 746 τούτοις
3369 685 3697 751 ἀκολούθως,
3746 690 3797 740 εἰ

2223 765 2381 837 σῶμά
2404 769 2570 833 ἐστιν,
2599 769 2631 839 ἢ
2657 771 2967 840 ἀσώματος
3019 773 3208 828 ἔπειτα
3227 815 3242 839 ,
3293 779 3343 829 εί
3395 777 3560 850 ἁπλῆ,
3588 779 3619 850 ἢ
3663 779 3798 832 σύν-

2221 855 2393 920 θετος*
2424 855 2523 911 εἶτ’
2557 856 2730 924 αὖθις,
2781 862 2827 913 εί
2883 861 3070 936 θνητὴ,
3109 865 3141 936 ἢ
3171 866 3454 932 ἀθάνατος·
3483 869 3794 922 τελευταῖον

2219 947 2294 1014 δὲ,
2320 951 2368 1002 εί
2391 949 2604 1021 λογικὴ,
2638 951 2671 1022 ἦ
2699 951 2909 1020 ἄλογος.

2290 1133 2470 1188 Ταῦτα
2494 1135 2603 1207 γάρ
2649 1134 2878 1205 μάλιστα
2913 1137 2970 1188 ἐν
3012 1136 3089 1206 τῷ
3135 1139 3261 1208 περὶ
3305 1137 3483 1209 ψυχῆς
3509 1132 3805 1210 ζητεῖσθαι

2218 1226 2374 1280 είωθε
2406 1227 2570 1296 λόγῳ,
2601 1226 2676 1289 ὡς
2704 1225 3014 1297 κυριώτατα
3051 1228 3144 1280 καὶ
3189 1229 3456 1300 δυνάμενα
3481 1230 3654 1301 αὐτῆς
3686 1232 3794 1302 τὴν

2223 1314 2456 1385 ἰδιότητα
2500 1317 2940 1386 χαρακτηρίζειν.
3005 1317 3333 1382 Ἀποδείξεσι
3403 1319 3458 1372 δὲ
3503 1321 3640 1392 πρὸς
3685 1322 3792 1394 τὴν

2217 1409 2326 1461 τῶν
2362 1407 2868 1480 ἐξετασθησομένων
2916 1409 3223 1478 βεϐαίωσιν,
3270 1415 3388 1477 ταῖς
3410 1417 3614 1478 κοιναῖς
3639 1432 3790 1487 χρη-

2220 1500 2423 1572 σόμεθα
2447 1499 2693 1563 ἐννοίαις,
2721 1495 2809 1564 αἷς
2829 1501 2889 1554 τὸ
2903 1501 3209 1568 ἀξιόπιστον
3237 1501 3304 1555 τά
3333 1504 3388 1556 ἐν
3416 1505 3571 1576 χερσὶ
3598 1505 3791 1576 πράγ-

2221 1611 2366 1665 ματα
2395 1595 2686 1664 μαρτυρεῖν
2718 1592 2946 1661 πέφυκε.
2976 1595 3272 1666 Συντομίας
3310 1595 3367 1650 δὲ
3389 1597 3546 1668 χάριν
3573 1599 3663 1651 καὶ
3692 1598 3792 1652 τοῦ

2217 1674 2510 1756 χρησίμου,
2542 1685 2721 1755 μόνοις
2745 1685 2857 1746 τοῖς
2880 1684 3015 1756 πρὸς
3037 1685 3098 1739 τὸ
3135 1687 3429 1754 ἀναγκαῖον
3478 1688 3571 1740 τοῦ
3599 1689 3791 1759 ζητου-

2223 1775 2382 1846 μένου
2409 1774 2588 1845 ἐχουσι
2609 1777 2708 1846 τὴν
2740 1775 3030 1843 ἀπόδειξιν,
3055 1777 3123 1830 τά
3167 1775 3263 1830 νῦν
3304 1779 3619 1850 χρησόμεθα
3667 1779 3796 1836 συλ-

542 1834 690 1927 mur,
741 1877 864 1932 quae
890 1863 958 1915 ad
986 1862 1408 1916 demonstranda
1443 1862 1552 1928 illa,
1609 1877 1842 1932 quorum
1876 1861 1936 1916 iit
1965 1862 2112 1918 inve-

2217 1834 2510 1938 λογισμοῖς·
2528 1834 2675 1932 ὅπως
2697 1868 2840 1939 σαφῆ
2859 1886 2917 1921 τε
2940 1834 3038 1922 καί
3060 1834 3436 1942 εὐπαράδέκτα
3452 1834 3519 1924 τά
3533 1871 3626 1942 νοή
3636 1834 3791 1940 ματα

543 1953 795 2023 stigatio,
857 1954 1201 2022 potissimum
1247 1955 1453 2019 valent;
1505 1964 1567 2009 ut
1601 1953 1902 2008 manifestis
1927 1968 2113 2024 perce-

542 2055 750 2114 ptuque
789 2043 1129 2102 facilioribus
1174 2061 1357 2100 earum
1387 2046 1701 2102 notionibus
1729 2055 1891 2115 atque
1919 2046 2117 2115 proba-

543 2136 783 2192 tionibus
828 2137 1096 2203 instructi,
1150 2138 1511 2207 promptiores
1553 2134 1909 2192 ocCurramus
1955 2152 2117 2206 repu-

541 2227 854 2298 gnantibus.
883 2226 1021 2283 llinc
1047 2229 1218 2299 igitur
1250 2229 1522 2283 sermonis
1545 2229 1717 2284 nostri
1742 2238 1903 2298 atque
1925 2227 2115 2298 dispu-

539 2322 766 2378 tationis
791 2322 1023 2378 ducatur
1048 2321 1397 2392 principium.

787 2413 904 2480 Quo
928 2415 1138 2485 judicio
1170 2410 1865 2484 comprehendatur-anima.

613 2504 654 2559 1.
698 2503 805 2561 Res
833 2519 1194 2575 quaecunque,
1231 2516 1325 2560 aut
1349 2520 1514 2560 sensu
1565 2512 1986 2574 cognoscuntur,
2021 2512 2116 2559 aut

538 2597 893 2667 intelligentia
915 2599 1472 2670 comprehenduntur.
1539 2595 1619 2650 Ex
1647 2595 1846 2664 quibus
1868 2594 2111 2665 quidem,

537 2707 662 2760 qua:
691 2691 794 2746 sub
821 2706 1042 2747 sensum
1077 2691 1315 2757 cadunt,
1348 2691 1466 2760 ipso
1512 2704 1676 2745 sensu
1721 2687 1855 2742 satis
1886 2688 2114 2743 demon-

539 2792 820 2850 strantur;
854 2799 981 2838 nam
1014 2783 1465 2854 simulatqueille
1487 2783 1739 2838 admotus
1765 2782 1950 2849 fuerit,
1979 2783 2112 2838 sub-

531 2875 693 2947 jecta:
725 2875 802 2931 rei
837 2876 1128 2946 imaginem
1161 2892 1226 2930 ac
1249 2876 1486 2947 speciem
1531 2876 1692 2932 nobis
1739 2886 2108 2948 repraesentat.

536 2968 671 3035 Quae
696 2983 823 3023 vero
848 2968 1205 3039 intelligentia
1237 2967 1773 3038 comprehenduntur
1793 3011 1809 3036 ,
1861 2985 1967 3024 non
1994 2969 2111 3039 ipsa

534 3075 603 3114 ex
635 3075 714 3126 se,
746 3059 837 3115 sed
868 3075 933 3114 ex
961 3059 1202 3129 ipsarum
1230 3058 1540 3114 actionibus
1569 3067 1731 3128 atque
1757 3058 1965 3114 eﬂ'ectis
1994 3073 2112 3128 per-

537 3152 834 3221 cipiuntur.
871 3150 1210 3222 Quapropter
1242 3165 1367 3206 cum
1398 3150 1582 3206 anima
1611 3167 1676 3207 ex
1707 3151 1886 3220 seipsa
1913 3164 2109 3220 cogno-
2132 3189 2175 3249 ο

535 3245 614 3298 sci
647 3252 906 3314 nequeat,
941 3257 1009 3297 ex
1036 3243 1208 3313 ipsius
1236 3242 1442 3299 eﬂ‘ectis
1480 3243 1677 3298 merito
1711 3243 1968 3314 cognosci
2004 3256 2105 3311 po-

538 3339 683 3392 terit.

1112 3430 1194 3481 An
1235 3429 1303 3480 sit
1327 3427 1528 3482 (mima.

607 3518 676 3572 ll.
716 3519 931 3588 Corpus
965 3527 1211 3572 nostrum
1240 3533 1364 3572 cum
1399 3527 1680 3583 movetur,
1720 3526 1814 3571 aut
1841 3515 2109 3571 extrinse-

532 3627 672 3676 cus,
723 3619 818 3664 aut
848 3609 1177 3662 intrinsecus
1213 3616 1482 3661 movetur.
1546 3603 1666 3660 Non
1710 3606 1918 3660 moveri
1977 3605 2108 3659 illud

533 3701 877 3758 extrinsecus
901 3740 915 3764 ,
949 3715 1015 3752 ex
1041 3715 1108 3754 eo
1137 3707 1320 3768 patet,
1357 3699 1500 3769 quod
1549 3713 1726 3769 neque
1756 3697 2105 3766 impulsione,

535 3809 714 3864 neque
744 3793 1013 3848 tractione
1043 3800 1311 3857 movetur,
1344 3791 1486 3846 sicut
1513 3805 1576 3844 ea
1607 3803 1728 3859 qum
1759 3796 1886 3842 sunt
1931 3786 2116 3840 inani-‘

533 3897 703 3942 mata.
734 3886 871 3940 Cum
900 3895 1079 3940 autem
1107 3890 1390 3938 moveatur
1418 3881 1769 3941 intrinsecus,
1794 3894 1902 3934 non
1927 3888 2108 3934 tamen

535 3978 857 4034 naturaliter
889 3988 1140 4032 movetur
1183 3985 1242 4030 ut
1283 3975 1445 4045 ignis.
1500 3971 1636 4028 Nam
1676 3972 1816 4043 ignis
1864 3970 2107 4041 quandiu

534 4079 656 4137 est,
714 4085 994 4140 nunquam
1027 4078 1236 4122 motum
1283 4066 1630 4131 intermittit;
1687 4075 1742 4118 at
1771 4079 1969 4133 corpus
2015 4065 2107 4144 ubi

534 4171 812 4217 mortuum
866 4156 1048 4225 fuerit,
1105 4160 1312 4214 moveri
1360 4157 1580 4222 desinit,
1639 4157 1765 4211 licet
1809 4165 1989 4210 tamen
2037 4155 2109 4210 sit

535 4269 752 4323 corpus.
789 4252 970 4319 Quare
1005 4252 1052 4306 si
1087 4267 1264 4322 neque
1293 4251 1636 4305 extrinsecus
1671 4257 1938 4314 movetur,
1967 4249 2108 4303 sicut

532 4347 866 4412 inanimata;
901 4359 1080 4412 neque
1107 4343 1454 4407 naturaliter,
1488 4341 1635 4396 velut
1658 4340 1834 4411 ignis;
1873 4338 2105 4394 manile-

533 4447 677 4492 stum
721 4443 806 4489 est
843 4434 1050 4488 moveri
1091 4433 1160 4487 ab
1189 4433 1401 4498 anima,
1451 4448 1576 4502 qua:
1604 4433 1766 4486 etiam
1808 4431 1970 4484 vitam
2003 4430 2106 4500 ipsi

2214 1959 2496 2029 γενόμενα,
2524 1961 2846 2032 ἐτοιμάτητά
2879 1979 3003 2016 τινα
3035 1962 3164 2038 ήμῖν
3211 1962 3487 2035 ἐμποιήσῃ
3521 1963 3657 2034 πρὸς
3683 1963 3791 2032 τὴν

2215 2047 2322 2100 τῶν
2367 2047 2772 2118 ἀνθισταμένων
2829 2049 3150 2119 ἀπάντησιν.
3218 2047 3515 2122 Ἀρξόμεθα
3560 2045 3652 2105 οὖν
3687 2050 3788 2104 τοῦ

2214 2138 2369 2208 λόγου
2391 2139 2657 2194 ἐντεῦθεν.

2289 2421 2409 2474 Τίνι
2454 2419 2521 2472 τὸ
2553 2417 2998 2486 καταληπτικὸν
3028 2417 3328 2486 κριτήριον
3350 2415 3459 2485 τῆς
3479 2413 3712 2484 ψυχῆς.

2283 2510 2360 2563 Α’.
2405 2508 2594 2562 Πάντα
2636 2506 2704 2560 τὰ
2750 2507 2914 2573 ὄντα,
2960 2506 3285 2578 ἢιαίσθήσει
3344 2503 3688 2576 γνωρίζεται,
3747 2505 3783 2575 ἢ

2212 2603 2394 2673 νοήσει
2422 2599 2911 2671 καταλαμϐάνεται.
2937 2598 3044 2652 Καὶ
3068 2597 3129 2651 τὸ
3157 2599 3256 2669 μὲν
3302 2598 3548 2667 αἰσθήσει
3577 2590 3784 2680 ὑποπί-

2212 2713 2364 2757 πτον,
2392 2693 2581 2765 ἱκανὴν
2626 2693 2898 2758 ἀπόδειξιν
2937 2693 3050 2766 ἔχει
3092 2693 3191 2762 τὴν
3232 2690 3501 2761 αἴσθησιν·
3533 2690 3650 2761 ἅμα
3670 2691 3784 2762 γὰρ

2209 2789 2276 2858 τῇ
2301 2786 2592 2858 προσϐολῇ,
2644 2787 2739 2840 καὶ
2778 2786 2876 2858 τὴν
2906 2785 3204 2856 φαντασίαν
3252 2784 3381 2856 ἡμῖν
3419 2785 3636 2854 ἐμποιεῖ
3683 2783 3780 2837 τοῦ
3825 2779 3844 2793 ⁴

2211 2876 2588 2947 ὑποκειμένου.
2617 2876 2690 2930 Τὸ
2736 2876 2792 2930 δὲ
2831 2877 3015 2948 νοήσει
3059 2874 3627 2946 καταλαμϐανόμενον,
3678 2875 3784 2934 οὐκ

2209 2967 2268 3034 ἐξ
2309 2968 2525 3032 ἑαυτοῦ,
2575 2968 2686 3022 ἀλλ’
2718 2970 2783 3021 ἐκ
2830 2968 2938 3022 τῶν
2983 2953 3272 3038 ἐνεργειῶν
3328 2967 3668 3040 γνωρίζεται.
3713 2966 3782 3021 Ἡ

2207 3053 2384 3108 τοίνυν
2406 3055 2552 3128 ψυχὴ
2599 3057 2879 3124 ἄγνωστος
2907 3051 3044 3111 οὖσα
3066 3056 3126 3120 ἐξ
3155 3056 3372 3128 ἑαυτῆς,
3404 3058 3470 3112 ἐκ
3511 3057 3618 3112 τῶν
3643 3057 3782 3112 ἀπο-

2209 3147 2551 3220 τελεσμάτων
2585 3148 2809 3214 εἰκότως
2837 3147 3231 3218 γνωσθήσεται.

2698 3429 2768 3481 El
2813 3427 2985 3481 ἔστιν
3023 3427 3062 3493 ἡ
3095 3425 3286 3494 ψυχή.
3599 3455 3603 3460 -

2281 3519 2351 3572 B'.
2384 3518 2456 3571 Τὸ
2503 3517 2662 3589 σῶμα
2713 3519 2871 3589 ἡμῶν
2905 3516 3239 3590 κινούμενον,
3265 3517 3298 3588 ἢ
3327 3515 3606 3590 ἐξωθεν,ή
3640 3517 3786 3573 ἔνδο-

2209 3611 2300 3665 θεν
2325 3612 2574 3664 κινεῖται.
2602 3609 2719 3662 ΚαὶΔ
2738 3612 2820 3663 ὅτι
2875 3609 2974 3680 μὲν
3009 3608 3204 3675 ἔξωθεν
3231 3609 3293 3687 οὐ
3343 3612 3590 3674 κινεῖται,
3620 3609 3782 3680 δῆλον

2209 3707 2274 3757 ἐκ
2306 3703 2398 3757 τοῦ
2432 3705 2566 3774 μήτε
2601 3702 2931 3773 ὠθούμενον,
2981 3702 3115 3774 μήτε
3159 3701 3447 3772 ἑλκόμενον
3486 3701 3777 3766 κινεῖσθαι,

2209 3797 2286 3859 ὼς
2307 3794 2376 3847 τὰ
2403 3794 2604 3865 ἄψυχα.
2653 3794 2763 3847 Καὶ
2815 3792 3025 3846 ἔνδοθεν
3047 3793 3104 3846 δέ
3135 3792 3295 3846 πάλιν
3327 3777 3662 3863 κινούμενον,
3716 3792 3780 3847 οὐ

2209 3883 2453 3953 φυσικῶς
2481 3885 2732 3946 κινεῖται,
2777 3882 2853 3945 ὡς
2872 3881 2932 3934 τὸ
2953 3880 3084 3954 πῦρ.
3139 3881 3342 3934 Ἐκεῖνο
3395 3880 3500 3955 γὰρ
3546 3881 3606 3934 οὐ
3640 3881 3779 3949 παύτ

2208 3992 2327 4029 εται
2371 3973 2465 4029 τοῦ
2511 3972 2797 4036 κινεῖσθαι,
2840 3973 2920 4036 είς
2969 3971 3090 4025 ὅσον
3143 3971 3262 4026 ἐστὶ
3314 3970 3446 4043 πύρ’
3491 3971 3680 4043 ῶσπερ
3714 3971 3778 4025 τὸ

2211 4069 2370 4140 σῶμα
2396 4068 2587 4140 νεκρὸν
2618 4066 3001 4137 γεγενημένον,
3035 4065 3281 4134 ἀκινητεῖ
3327 4063 3484 4134 σῶμα
3516 4064 3594 4117 ὅν.
3629 4063 3776 4116 Οὐκ-

2207 4161 2302 4214 οῦν
2337 4162 2385 4212 εί
2440 4160 2577 4231 μήτε
2619 4157 2816 4225 ἔξωθεν
2856 4159 3105 4219 κινεῖται,
3162 4155 3237 4218 ὡς
3277 4156 3372 4208 καὶ
3397 4154 3598 4224 ἄψυχα,
3635 4153 3777 4224 μήτε
3869 4163 3873 4170 ·

2209 4252 2451 4323 φυσικῶς
2479 4253 2554 4316 ὡς
2580 4252 2638 4304 τὸ
2669 4251 2799 4321 πῦρ,
2843 4248 2999 4319 δῆλον
3052 4249 3132 4301 ὅτι
3171 4247 3276 4300 ὑπὸ
3320 4246 3497 4317 ψυχῆς
3544 4247 3778 4298 κινεῖται

2205 4346 2305 4416 τῆς
2330 4345 2423 4398 καὶ
2448 4344 2509 4396 τὸ
2549 4341 2647 4413 ζῇν
2674 4340 2822 4412 αὐτῷ
2851 4341 3214 4411 παρεχούσης.
3248 4339 3310 4391 Et
3363 4339 3539 4391 τοίνυν
3568 4336 3646 4406 τῷ
3680 4335 3782 4389 σώ-

2211 4454 2338 4507 ματι
2367 4433 2525 4506 ἡμῶν
2577 4435 2610 4504 ἡ
2663 4432 2810 4502 ψυχὴ
2861 4430 3133 4484 δείκνυται
3183 4428 3244 4481 τὸ
3286 4427 3384 4499 ζῇν
3441 4427 3776 4498 παρέχουσα,

534 4526 934 4582 subministrat.
996 4524 1054 4578 Si
1104 4525 1269 4594 igitur
1317 4524 1532 4594 corpori
1589 4532 1778 4578 nostro
1823 4524 1990 4578 vitam
2038 4524 2106 4578 ab

2212 4527 2363 4581 ἔσται
2401 4527 2497 4580 καὶ
2547 4524 2668 4578 καθ’
2702 4524 2961 4595 ἐαυτὴνή
3011 4521 3157 4593 ψυχὴ
3210 4523 3273 4574 ἐκ
3326 4520 3436 4574 τῶν
3488 4522 3779 4594 ἐνεργειῶν

533 4618 714 4673 anima
737 4617 964 4687 praaberi
992 4625 1234 4682 constet,
1262 4616 1444 4670 anima
1471 4615 1634 4671 etiam
1658 4631 1724 4671 ex
1753 4617 1868 4671 suis
1899 4616 2106 4672 eﬂ‘ectis

535 4709 908 4781 cognoscitur.
1253 4717 1258 4722 ‘

954 4801 1035 4854 An
1069 4801 1245 4854 anima
1270 4802 1340 4854 sit
1363 4799 1678 4854 substantia.

607 4895 692 4949 Ill.
733 4893 891 4962 Quod
917 4907 1085 4964 porro
1120 4892 1301 4947 anima
1337 4894 1410 4948 sit
1439 4893 1743 4948 substantia
1765 4934 1778 4958 ,
1815 4892 1893 4946 sic
1919 4902 2103 4947 osten-

531 4990 676 5044 ditur
709 5007 722 5042 :
750 4987 933 5041 Primo
957 4985 1199 5056 quidem,
1222 4986 1478 5055 quoniam
1511 4985 1587 5038 illi
1617 5000 1834 5054 quoque
1863 4983 2102 5037 deﬁnitio

534 5075 857 5130 substantia:
886 5075 1012 5145 jure
1044 5075 1316 5138 convenit,
1349 5090 1471 5144 qua:
1499 5075 1714 5144 quidem
1747 5085 1830 5128 est
1863 5074 2102 5142 ejusmo-

533 5169 586 5225 di
613 5187 628 5224 :
669 5167 988 5223 Substantia
1017 5175 1101 5222 est
1133 5165 1219 5231 id,
1255 5167 1399 5238 quod
1430 5181 1555 5221 cum
1583 5182 1750 5221 unum
1780 5176 1832 5220 et
1859 5167 2000 5220 idem
2031 5166 2103 5220 sit

535 5275 786 5328 numero,
816 5259 1089 5316 contraria
1115 5258 1352 5314 vicissim
1377 5258 1624 5327 suscipit.
1656 5256 1811 5322 Quod
1841 5273 1967 5312 vero
1992 5257 2102 5311 ani-

534 5369 623 5408 ma
653 5369 684 5408 a
713 5363 914 5412 natura
942 5351 1161 5424 propria
1188 5366 1298 5406 non
1334 5351 1615 5418 recedens,
1641 5350 1912 5410 contraria
1940 5351 2103 5406 vicis-

534 5446 636 5500 sim
671 5445 957 5514 suscipiat,
988 5443 1263 5506 omnibus,
1287 5441 1470 5507 credo,
1495 5453 1576 5496 est
1607 5443 1971 5512 perspicuum.
2007 5442 2103 5498 Ju-

536 5537 684 5593 stitia
717 5537 861 5591 enim
891 5546 944 5591 et
969 5535 1257 5606 iniustitia,
1287 5533 1551 5589 fortitudo
1580 5544 1635 5589 et
1659 5536 1940 5601 timiditas,
1967 5545 2102 5591 tem-

539 5627 783 5696 perantia
817 5638 870 5681 et
900 5627 1335 5696 intemperantia,
1368 5627 1421 5680 in
1451 5626 1568 5696 ipsa
1597 5626 1836 5681 vicissim
1867 5642 2102 5682 cernun~

539 5728 649 5785 tur,
677 5733 801 5773 cum
837 5719 946 5773 sint
970 5719 1264 5773 contraria.
1329 5718 1690 5784 Quamobrem
1719 5735 1842 5774 cum
1880 5737 1943 5776 ea
1966 5723 2099 5775 sub-

536 5811 751 5871 stantiae
799 5810 871 5866 sit
893 5809 1254 5880 (proprietas,
1307 5823 1364 5867 ut
1413 5812 1808 5873 contrariorum
1862 5813 2097 5869 vicissim

2209 4616 2580 4690 γνωριζομὲνη
2591 4656 2604 4669 .

2594 4803 2663 4855 El
2697 4800 2878 4854 οὐσία
2917 4800 3088 4854 ἐστὶν
3124 4799 3164 4864 ἠ
3192 4795 3383 4866 ψυχή.

2277 4895 2352 4948 Γ’.
2382 4895 2503 4948 Ὅτι
2540 4893 2638 4964 μὲν
2667 4892 2824 4945 οὐσία
2855 4893 3000 4946 ἐστὶν
3039 4893 3072 4962 ἡ
3099 4890 3268 4961 ψυχὴ,
3295 4889 3772 4951 δείκνυταιοῢτως·

2209 4985 2433 5059 Πρῶτον
2471 4985 2588 5054 μὲν,
2645 4983 2726 5036 ὅτι
2757 4983 2857 5053 τῆς
2895 4982 3082 5042 οὐσίας
3129 4980 3272 5048 ὄρος,
3337 4978 3432 5032 καὶ
3481 4979 3566 5031 ἐπ’
3606 4978 3776 5047 αὐτῆς

2207 5082 2276 5135 ἂν
2305 5078 2528 5140 εἰκότως
2551 5076 2785 5147 λεχθείη.
2840 5076 2996 5127 Ἐστι
3043 5073 3099 5125 δέ
3148 5065 3320 5136 οὗτος·
3357 5071 3525 5124 Οὐσία
3553 5071 3668 5122 ἐστὶ
3718 5069 3778 5123 τὺ

2205 5166 2424 5244 ταύτὸν,
2456 5170 2550 5222 καὶ
2604 5167 2662 5220 ἐν
2713 5165 2953 5238 ἀριθμῷ,
2999 5165 3107 5216 τῶν
3159 5162 3416 5217 ἐναντίων
3455 5160 3778 5232 παραμέρος

2207 5257 2346 5317 εἶναι
2378 5253 2645 5315 δεκτικόν.
2701 5261 2823 5312 Ὅτι
2872 5258 2928 5311 δὲ
2957 5258 2989 5327 ή
3022 5255 3166 5327 ψυχὴ
3198 5255 3336 5326 αὕτη
3388 5255 3486 5324 τῆς
3521 5252 3657 5316 ίδίας
3685 5249 3778 5320 φύ-

2209 5373 2345 5422 σεως
2389 5355 2462 5428 μὴ
2503 5354 2848 5424 ἐξισταμένη,
2893 5351 2961 5405 τὰ
3008 5349 3222 5404 ἐναντία
3268 5349 3480 5419 δέχεται
3527 5345 3776 5418 παραμέ-

2209 5466 2321 5519 ρος,
2348 5447 2508 5502 παντί
2540 5463 2642 5500 που
2691 5445 2868 5517 δῆλονο
2920 5443 3232 5513 δικαιοσύνη
3279 5441 3387 5513 γὰρ
3429 5439 3524 5494 καὶ
3570 5439 3772 5504 ἀδικία,

2207 5539 2398 5612 ἀνδρία
2419 5555 2483 5594 τε·
2516 5539 2608 5592 καὶ
2651 5538 2840 5603 δειλία,
2889 5535 3206 5606 σωφροσύνη
3241 5551 3301 5587 τε
3345 5535 3439 5587 καὶ
3490 5530 3771 5593 ἀκολασία,

2207 5629 2264 5680 ἐν
2287 5629 2422 5699 αὐτῇ
2465 5627 2791 5699 θεωροῦνται
2841 5626 3058 5680 ἐναντίά
3079 5625 3224 5677 ὄντα.
3272 5624 3334 5677 Et
3377 5622 3557 5676 τοίνυν
3582 5620 3774 5691 ἰδίωμα

2206 5720 2412 5783 οὐσίας,
2450 5719 2511 5773 τὸ
2539 5719 2647 5772 τῶν
2690 5719 2946 5772 ἐναντίων
2989 5714 3124 5771 εἶναι
3167 5714 3484 5787 παραμέρος
3505 5711 3769 5776 δεκτικὸν,

2207 5812 2478 5867 δείκνυται
2513 5811 2568 5866 δὲ
2599 5814 2630 5881 ἡ
2668 5811 2813 5882 ψυχὴ
2844 5809 3045 5864 τούτων
3092 5808 3446 5879 ἐπιδεχομένη
3488 5805 3578 5859 τὸν
3623 5805 3766 5876 ὅρον,
