4100 6436
447 397 580 455 iul

1629 395 1826 453 DISPU
1835 393 2040 452 TATIO
2076 392 2164 448 DE
2197 391 2433 448 ANIMA.

3516 392 3653 449 Ηιιῖ

442 513 600 570 οὐσία
628 512 788 586 ἀραή
822 513 984 586 ψυχή.
1025 516 1254 568 Ἔπειτα
1286 514 1379 568 καὶ
1410 514 1502 567 τοῦ
1537 514 1785 586 σώματος
1814 514 1976 569 eiiciat

2103 511 2405 581 susceptrix
2424 510 2515 577 sit,
2538 510 2835 582 eademque
2865 508 3060 565 animze
3078 508 3379 577 conveniat,
3403 509 3656 564 substan-

444 606 615 670 ὄντος,
666 606 758 659 καὶ
804 605 901 677 τὴν
956 605 1132 676 ψυχὴν
1178 605 1363 659 οὐσίαν
1406 600 1545 659 εἶναι
1590 594 1799 677 ἀνάγκή
1823 625 1836 637 ·
1879 606 1999 659 οὐδὲ

444 692 690 771 γὰρσοῖόν
716 715 794 764 τε,
821 698 881 750 τὸ
902 696 1327 768 ζωοποιούμενον
1342 696 1524 751 οὐσίαν
1557 696 1719 769 [ἄλλ.
1740 696 1998 769 ὲνούσιον]

354 856 357 859 λ
445 787 603 843 εἶναι’
632 790 693 843 τὸ
728 789 784 842 δὲ
826 787 1140 854 ζωοποιοῦν,
1180 784 1317 842 εἶναι
1355 789 1623 843 ἀνούσιον.
1669 789 1733 842 Et
1768 790 1840 861 μή
1892 806 1996 853 τις,

440 879 539 933 καὶ
564 879 625 933 τὸ
653 879 729 951 μὴ
756 879 836 946 ὃν,
867 879 960 932 τοῦ
1003 879 1153 943 ὄντος
1205 879 1374 934 αἴτιον
1415 882 1635 950 φήσειεν
1657 876 1811 935 εἶναι’
1836 878 1869 950 ἢ
1897 879 1999 934 πά-

441 968 545 1036 λιν,
570 969 630 1022 τὸ
656 971 714 1023 ὲν
745 963 789 1038 ᾧ
814 970 911 1042 τὴν
943 970 1174 1043 ὕπαρξιν
1205 971 1347 1043 ἕχον,
1388 972 1480 1025 καὶ
1510 963 1570 1026 οὗ
1600 972 1726 1027 ἄνευ
1758 968 1895 1026 εἶναι
1923 970 1996 1043 μὴ

440 1059 887 1133 δυνάμενον
937 1061 1031 1115 καὶ
1062 1064 1090 1116 ὁ
1131 1062 1258 1116 ἄνευ
1307 1062 1403 1117 τοῦ
1456 1058 1593 1116 εἶναι
1649 1061 1718 1135 μὴ
1769 1063 1998 1134 δυνάμε-

440 1150 575 1223 νον],
598 1153 769 1207 αῐτιον
819 1153 1029 1207 ἐκείνου
1081 1149 1220 1208 εἷναι
1266 1154 1360 1209 τοῦ
1392 1156 1463 1225 ἐν⁵
1489 1147 1534 1223 ᾧ
1565 1158 1701 1222 ἐστι,
1727 1155 1913 1226 μανείς
1941 1172 1994 1208 τι

439 1240 600 1296 εῐποι.

855 1427 926 1480 Ei
958 1426 1268 1496 ἀσώματος
1305 1428 1344 1497 ἠ
1384 1427 1587 1498 ψυχή,

503 1513 577 1566 Δ’.
617 1513 738 1568 Ὅτι
775 1514 873 1586 μὲν
902 1518 960 1570 ὲν
989 1517 1067 1588 τῷ
1113 1517 1324 1590 σώματι
1356 1519 1516 1590 ἡμῶν
1570 1522 1603 1591 ἡ
1649 1520 1792 1590 ψυχή
1824 1521 1990 1587 ἐστιν,

435 1604 692 1677 ἀνωτέρω
718 1606 951 1679 ἐδείχθη·
1010 1609 1092 1662 δεῖ
1110 1610 1285 1664 τοίνυν
1311 1611 1505 1666 εἰδέναι
1537 1611 1653 1675 πῶς
1680 1614 1738 1666 ὲν
1774 1612 1851 1683 τῷ
1884 1612 1992 1665 σώ-

438 1713 587 1789 ματιυ
616 1699 710 1789 καὶ
823 1700 921 1770 μὲν
955 1702 1281 1773 παράκειται
1315 1685 1462 1776 αὐτῷ
1482 1705 1556 1770 ὡς
1582 1705 1752 1776 ψηφὶς
1776 1696 1986 1789 ψηφῖδι,

435 1785 595 1856 σῶμα
633 1788 730 1858 μὲν
757 1787 910 1842 ἔσται
958 1791 992 1861 ἠ
1020 1790 1186 1863 ψυχὴ,
1218 1792 1336 1845 ὅλον
1364 1793 1420 1847 δὲ
1442 1793 1502 1847 τὸ
1539 1793 1698 1864 σῶμα
1713 1793 1817 1847 ίούκ
1836 1785 1987 1849 ἔσται

2102 604 2181 658 tia‘
2202 603 2367 674 igitur
2396 603 2578 658 anima
2605 603 2725 658 erit.
2781 603 3047 658 Praeterea
3071 643 3087 670 ,
3113 618 3239 658 cum
3273 610 3328 656 et
3352 615 3549 671 corpus
3581 602 3654 656 sit

2102 694 2429 761 substantia,
2485 693 2722 748 animam
2757 708 2973 764 quoque
3006 693 3364 749 substantiam
3399 707 3521 748 esse
3563 707 3654 746 ne—

2099 801 2250 842 cesse
2293 795 2376 840 est
2419 804 2431 839 :
2474 800 2649 855 neque
2676 787 2820 841 enim
2853 786 2967 841 ﬁeri
2992 793 3189 858 potest,
3221 794 3283 839 ut
3320 785 3465 855 quod
3485 784 3652 838 vitam
3712 822 3718 830 .

2099 879 2317 949 accipit,
2344 877 2649 933 substantia
2677 878 2780 946 sit;
2815 879 2944 935 illud
2969 887 3146 934 autem
3173 877 3318 948 quod
3340 877 3505 932 vitam
3530 892 3655 946 prae-

2097 970 2210 1034 bet,
2242 986 2350 1024 non
2380 970 2453 1025 sit
2485 970 2811 1026 substantia.
2846 971 2963 1026 Nisi
2993 969 3133 1025 forte
3153 970 3277 1040 quis
3299 969 3373 1023 ita
3390 969 3649 1028 insaniat,

2099 1072 2159 1117 ut
2187 1061 2239 1116 id
2269 1062 2413 1131 quod
2448 1076 2558 1116 non
2581 1069 2682 1129 est,
2715 1061 2835 1130 ejus
2863 1063 3002 1131 quod
3037 1070 3140 1126 est,
3170 1075 3391 1115 causam
3420 1073 3543 1114 esse
3570 1058 3653 1113 ar-

2097 1154 2308 1223 ﬁrmet;
2365 1164 2461 1211 aut
2496 1170 2685 1211 rursus
2714 1155 2789 1221 id,
2834 1155 2992 1224 cujus
3018 1154 3148 1209 illud
3176 1153 3350 1224 ipsum
3377 1152 3520 1222 quod
3546 1160 3648 1217 est,

2095 1262 2158 1302 ex
2183 1247 2292 1302 alio
2320 1248 2400 1303 sic
2422 1247 2637 1318 pendet,
2658 1255 2720 1301 ut
2749 1247 2953 1317 absque
2972 1247 3065 1301 illo
3084 1261 3204 1301 esse
3254 1251 3506 1315 nequeat,
3533 1243 3651 1314 ejus

2094 1341 2286 1412 ipsius,
2319 1357 2386 1398 ex
2409 1357 2517 1413 quo
2545 1342 2761 1412 pendet,
2792 1357 3011 1398 causam
3035 1357 3154 1398 esse
3174 1343 3323 1397 velit.

2497 1435 2580 1486 An
2611 1434 2918 1502 incorporea
2946 1434 3016 1487 sit
3041 1434 3240 1488 anima.

2165 1523 2254 1579 IV.
2296 1525 2353 1579 In
2395 1540 2621 1595 corpore
2651 1526 2864 1595 quidem
2911 1533 3098 1579 nostro
3129 1525 3365 1579 animam
3407 1537 3527 1579 esse
3556 1538 3650 1578 su-

2092 1615 2277 1686 perius
2329 1624 2610 1672 ostensum
2661 1625 2746 1673 est
2774 1634 2788 1671 :
2816 1616 3093 1686 quomodo
3124 1625 3303 1670 autem
3349 1615 3419 1670 sit
3448 1615 3502 1668 in
3526 1629 3648 1668 cor-

2091 1724 2242 1779 pore,
2273 1723 2604 1779 cognoscere
2624 1716 2855 1778 oportet.
2901 1706 3038 1761 Nam
3070 1708 3116 1762 si
3145 1707 3221 1762 illi
3248 1707 3322 1761 ita
3353 1705 3562 1776 adjacet
3588 1714 3649 1760 ut

2092 1800 2229 1870 lapis
2273 1800 2461 1870 lapidi,
2508 1801 2774 1869 sequitur,
2804 1799 2948 1869 quod
2986 1812 3186 1869 corpus
3217 1798 3290 1853 sit
3313 1797 3516 1862 anima,
3546 1812 3648 1852 nec

335 1937 343 1957 .
431 1875 693 1953 ἔμψυχονέ
750 1879 902 1952 μέρει
929 1883 1035 1954 γάρ
1065 1902 1169 1938 τινι
1201 1885 1590 1956 παρακείσεται
1616 1884 1777 1957 [ἄλλ.
1806 1887 1976 1959 παρὰ-

2086 1898 2261 1944 ιοιιιω
2287 1904 2487 1959 corpus
2510 1888 2811 1943 animatum
2835 1903 2975 1955 esse,
3006 1903 3131 1943 cum
3156 1887 3296 1957 parti
3321 1886 3537 1942 cuidam
3562 1900 3650 1942 so-

431 1966 651 2039 κειται].
703 1969 766 2022 Ei
788 1969 845 2023 δὲ
871 1971 1224 2043 ἐμμέμικται,
1275 1974 1697 2046 ἢὲγκέκραται,
1751 1976 1986 2049 πολυμει-

434 2057 531 2128 ρὴς
555 2057 620 2113 ἂν
654 2062 862 2131 γένοιτο
890 2066 922 2134 ἡ
961 2063 1126 2136 ψυχὴ,
1151 2069 1243 2127 καὶ
1268 2067 1367 2137 οὐχ
1417 2069 1582 2140 ἁπλῆ,
1608 2067 1705 2123 τοῦ
1739 2071 1866 2127 ἰδίου
1884 2073 1985 2144 τῆς

426 2150 605 2222 ψυχῆς
633 2152 795 2223 λόγου
822 2156 1213 2241 ἐκϐεϐλημένη.
1253 2148 1478 2233 ⁴Τὸ’γάρ
1523 2163 1842 2236 πολυμερὲς,
1890 2165 1985 2219 καὶ

424 2241 710 2314 διαιρετὸν,
738 2248 829 2301 καὶ
848 2248 1112 2302 διαλυτόψ
1144 2250 1204 2304 τὸ
1239 2252 1295 2305 δὲ
1326 2252 1591 2318 διαλυτὸν,
1622 2255 1889 2309 σύνθετον·
1923 2256 1985 2310 τὸ

507 2335 775 2404 σύνθετον,
824 2342 983 2412 τριχῆ
1021 2342 1332 2397 διαστατόν.
1392 2344 1466 2398 Τὸ
1496 2344 1553 2399 δὲ
1578 2345 1743 2417 σῶμα
1771 2346 1983 2420 σώματι

426 2429 863 2508 προστιθέμενον,
898 2433 1058 2501 ὄγκον
1083 2437 1241 2488 ποιεῖ·
1277 2436 1312 2506 ἡ
1337 2436 1395 2489 δὲ
1424 2436 1567 2509 ψυχὴ
1594 2439 1652 2491 ὲν
1671 2437 1749 2509 τῷ
1774 2438 1983 2511 σώματι

352 2510 361 2519 ’
424 2516 579 2583 οὖσα,
611 2521 771 2591 ὄγκον
821 2525 882 2577 οὐ
916 2528 1078 2591 ποιεῖ,
1125 2524 1262 2581 ἀλλά
1318 2528 1515 2598 μᾶλλον
1562 2528 1831 2593 ζωοποιεῖ.
1860 2510 1983 2586 Οὐκ

424 2610 545 2681 ἄρα’
564 2608 712 2665 ἔσται
738 2613 772 2683 ἡ
807 2612 950 2685 ψυχὴ
973 2614 1148 2687 σῶμα,
1183 2616 1296 2670 ἀλλ’
1323 2616 1630 2689 ἀσώματος.

497 2883 692 2969 Ἔτι-εἱ
724 2884 881 2957 σῶμά
915 2884 1108 2971 [ἐστιν]
1140 2876 1375 2962 ἡψυχὴ,
1402 2890 1435 2961 ἢ
1467 2888 1664 2956 ἔξωθεν
1688 2893 1743 2965 ’ἦ
1773 2892 1979 2948 ἐνῶθεν

422 2975 688 3028 κινεῖται.-
714 2975 850 3031 Οὔτε
889 2977 945 3031 δὲ
968 2977 1164 3045 ἔξωθεν
1190 2984 1433 3036 κινεῖται’
1461 2984 1525 3037 οὐ
1548 2983 1656 3056 γὰρ
1678 2985 1918 3051 ὠθεῖται,
1943 2987 1979 3059 ἢ

420 3061 657 3130 Ξλκεται,
681 3068 756 3132 ὡς
777 3067 846 3122 τά
869 3067 1068 3140 ἀψυχω
1099 3069 1222 3124 οὔτε
1247 3072 1302 3126 δὲ
1325 3072 1524 3127 ἔσωθεν
1555 3077 1803 3143 κινεῖται,
1820 3077 1896 3142 ὡς
1913 3078 1981 3133 τὰ

420 3152 658 3225 ἔμψυχαθ
694 3156 894 3213 ἄτοπον
926 3160 1034 3232 γὰρ
1075 3160 1253 3234 ψυχῆς
1272 3162 1452 3237 ψυχὴν
1469 3165 1666 3236 λέγειν·
1695 3167 1797 3224 οὐκ
1828 3169 1976 3226 ἔσται

419 3240 513 3300 οὖν
549 3246 729 3319 σῶμαο
751 3249 1037 3321 ἀσώματος
1063 3252 1190 3326 ἄρα.
1448 3265 1453 3269 ’

1573 3364 1595 3403 I

372 3544 375 3547 -
485 3514 596 3569 Kal.
618 3515 886 3592 'nﬂtv,_ei
908 3519 1085 3595 .σῶμά
1105 3524 1250 3577 ἐστιν
1275 3526 1308 3596 ἠ
1330 3524 1496 3599 ψυχὴ,
1522 3527 1735 3595 καὶτὰς
1763 3531 1978 3604 ποιότη-

538 3606 800 3702 αισθητάς
830 3607 969 3702 ἔχει,
991 3612 1086 3666 καὶ
1116 3614 1370 3685 τρέφεται
1388 3634 1401 3647 '
1441 3617 1554 3672 ἀλλ’
1587 3620 1648 3673 οὐ
1694 3622 1971 3702 τρέφεται.

543 3694 591 3785 εἰ
620 3697 895 3769 τρέφεται,
915 3699 980 3752 οὐ
1011 3704 1331 3772 σωματικῶς
1355 3693 1773 3779 τρέφεταιώςτὸ
1795 3712 1972 3785 σῶμα,

414 3781 528 3835 ἀλλ’
554 3783 858 3855 ἀσωμάτως
880 3803 894 3817 ⁸
927 3788 1070 3860 λόγῳ
1101 3792 1516 3866 γάρτρέφεται·
1544 3798 1606 3850 οὐ
1628 3801 1806 3856 τοίνυν
1828 3781 1975 3857 ποιό-

411 3887 579 3963 τητας
618 3872 879 3963 αἰσθητὰς
922 3876 1070 3947 ἔχει’
1112 3879 1366 3955 οὔτεγὰρ
1413 3886 1601 3956 ὁρᾶται
1642 3887 1970 3963 δικαιοσύνη,

362 3988 369 3994 -
410 3958 534 4055 obes
555 3961 762 4055 ἀνδρία,
799 3965 923 4055 oft-re
945 3968 1053 4021 τῶν
1072 3972 1325 4027 τοιούτων
1346 3974 1496 4030 οὐδέν
1515 3994 1528 4007 ο
1571 3979 1669 4050 τῆς
1702 3981 1758 4033 δὲ
1797 3958 1972 4055 ψυχῆς

409 4049 467 4101 αἱ
496 4049 777 4122 ποιότητες
804 4048 963 4134 αὗται
982 4073 996 4087 ο
1028 4059 1127 4112 οὐκ
1158 4059 1303 4115 ἔστιν
1333 4058 1425 4125 οὖν
1453 4066 1611 4138 σῶμα
1625 4048 1650 4099 -ο
1687 4048 1972 4141 ἀσώματος

408 4138 536 4210 ἄρα.
785 4148 788 4153 ’
1502 4152 1505 4155 ·

479 4322 620 4414 Ἔτι,
675 4324 854 4396 πάσης
888 4327 986 4398 τῆς
1028 4333 1340 4405 σωματικῆς
1386 4335 1567 4401 οὐσίας
1607 4340 1687 4403 εἰς
1731 4339 1970 4414 ἔμψυχον

406 4411 500 4467 καὶ
521 4414 724 4487 ἄψυχον
763 4417 1175 4495 διαιρουμένης.
1230 4426 1536 4482 εἰπάτωσαν
1577 4432 1625 4483 0i
1658 4411 1964 4505 σῶμα

405 4507 753 4598 σωματικὴν]
786 4510 884 4582 τὴν
915 4511 1092 4586 ψυχὴν
1129 4513 1373 4584 λέγοντες
1401 4559 1415 4583 ,
1464 4521 1511 4573 εἰ
1554 4521 1757 4593 ἄψυχον
1796 4525 1964 4598 αὐτὴν

396 4593 637 4663 λεκτέον,
669 4599 701 4670 ῆ
723 4598 981 4672 ἔμψυχον.
1920 4593 1945 4601 ’⁷

476 4685 617 4752 Ἔτι,
651 4689 701 4740 εἰ
754 4691 859 4745 πᾶν
900 4690 1057 4763 σῶμα
1091 4694 1184 4747 καὶ
1230 4696 1555 4768 κέχρωσται,
1603 4701 1697 4755 καὶ
1724 4694 1965 4759 πεπόσω-

400 4790 511 4871 ται,
545 4779 643 4838 καὶ
660 4779 1082 4851 ἐσχημάτισται·
1118 4784 1268 4839 οὐδὲν
1294 4786 1350 4840 δὲ
1377 4788 1579 4842 τούτων
1622 4791 1680 4845 ὲν
1719 4796 1783 4866 τῇ
1817 4790 1962 4871 ψῦχῇ

402 4864 702 4940 θεωρεῖται,
735 4872 834 4925 οὐκ
856 4873 964 4945 ἄρα
992 4873 1148 4945 σῶμα
1173 4876 1205 4946 ἡ
1227 4874 1391 4949 ψυχή.
1466 4894 1469 4895 ⁷
1761 4864 1779 4866 γ’

701 4987 770 5040 El
794 4985 957 5057 ἁπλῆ
984 4989 1023 5057 ἠ
1050 4989 1220 5058 ψυχὴ
1241 5029 1256 5053 ,
1281 4990 1320 5060 ἣ
1345 4994 1654 5064 σύνθετος.

380 5122 381 5125 η
467 5073 543 5128 Ε’.
574 5076 857 5131 Δείκνυται
910 5079 1085 5135 τοίνυν
1107 5121 1123 5145 ,
1165 5082 1245 5137 ὅτι
1277 5080 1500 5160 εἱοάπλῆ
1523 5091 1557 5162 ἡ
1582 5090 1758 5164 ψυχὴ,
1802 5091 1861 5164 ἐξ
1885 5086 1959 5148 ὧν

402 5164 634 5238 μάλιστα
664 5168 947 5240 ἀσώματος
968 5172 1278 5248 ἀπεδείχθη.
1310 5177 1494 5250 Εὶγάρ
1514 5162 1800 5253 σῶμαίοὺκ
1821 5162 1955 5247 ἔστι,

401 5256 559 5327 σῶμα
584 5257 642 5310 δὲ
677 5260 782 5311 πᾶν
834 5259 1080 5317 σύνθετόν
1120 5267 1267 5322 ἐστι’
1296 5268 1358 5323 τὺ
1400 5270 1459 5324 δὲ
1498 5272 1847 5344 συγκείμενον
1892 5274 1957 5328 ἐκ

400 5348 580 5419 μερῶν
604 5349 899 5418 σύγκειται,
926 5353 1117 5408 οὐκοῦν
1140 5360 1232 5412 καὶ
1255 5360 1564 5435 πολυμερὴς
1583 5361 1752 5417 ἔσται.
1789 5362 1956 5417 Ἀσώ-

354 5516 365 5521 ,
400 5454 566 5509 ματος
588 5440 645 5493 δὲ
671 5437 827 5507 οὖσα,
854 5443 1001 5515 ἀπλῆ
1021 5447 1193 5505 ἐστιν’
1239 5451 1455 5509 ὲπειδάν
1504 5453 1597 5507 καὶ
1644 5455 1950 5521 ἀσύνθετος,

397 5530 490 5584 καὶ
515 5532 745 5606 ἀμερής.
1612 5544 1615 5549 ’

727 5711 797 5764 El
831 5708 1123 5778 ἀθάνατος
1161 5714 1328 5784 ἡμῶν
1353 5719 1392 5786 ή
1422 5720 1612 5790 ψυχή.

464 5800 553 5867 ς.
581 5798 914 5867 ,Ἀκόλουθον
935 5796 1086 5875 οἶμαι
1116 5804 1225 5861 δεῖν
1249 5806 1325 5883 τῷ
1357 5809 1512 5882 ἁπλῷ
1529 5850 1545 5878 ,
1572 5813 1633 5868 τὸ
1665 5813 1944 5873 ἀθάνατον.

1296 5985 1327 6019 ’ς

2082 1981 2196 2035 lum
2224 1980 2515 2036 adhaereat.
2571 1978 2666 2036 Sin
2697 1987 2876 2035 autem
2903 1995 3027 2035 cum
3058 1994 3286 2050 corpore
3310 1979 3495 2044 mista,
3524 1993 3647 2033 con-

2083 2068 2317 2140 fusaque
2340 2070 2448 2138 sit,
2481 2084 2512 2125 e
2536 2069 2754 2140 propria
2788 2069 2985 2125 anima:
3012 2068 3220 2124 ratione
3247 2067 3476 2138 dejecta,
3511 2066 3648 2122 mul-

2083 2165 2154 2221 tis
2188 2165 2437 2235 partibus
2462 2162 2756 2227 constabit,
2783 2178 2886 2218 nec
2914 2161 3144 2232 simplex
3165 2160 3286 2216 erit.
3321 2159 3472 2229 Quod
3498 2159 3644 2214 enim

2081 2255 2377 2311 multarum
2412 2260 2497 2309 est
2521 2252 2760 2323 partium
2788 2292 2804 2318 ,
2854 2251 3124 2308 divisibile
3151 2260 3234 2306 est
3258 2266 3323 2305 ac
3351 2248 3647 2305 dissolubi-

2082 2347 2160 2413 le;
2189 2346 2335 2417 quod
2358 2354 2536 2402 autem
2559 2353 2738 2417 potest
2757 2344 2946 2410 dividi,
2977 2343 3338 2413 compositum
3358 2350 3471 2409 est;
3500 2356 3646 2397 com-

2081 2437 2320 2508 positum
2349 2451 2480 2495 vero
2508 2437 2793 2507 tripliciter
2809 2435 2975 2491 dividi
2996 2443 3194 2507 potest.
3229 2433 3447 2503 Corpus
3460 2442 3642 2489 autem

2080 2528 2396 2598 adjunctum
2445 2528 2697 2598 corpori,
2744 2527 2943 2582 molem
2987 2535 3179 2597 auget;
3216 2524 3398 2579 anima
3423 2538 3553 2579 vero
3584 2523 3642 2577 in

2078 2636 2307 2694 corpore
2322 2621 2610 2689 exsistens,
2625 2620 2758 2676 illud
2777 2635 2887 2676 non
2908 2620 3197 2689 tumidum,
3216 2618 3310 2675 sed
3333 2617 3514 2672 vivum
3544 2632 3643 2686 po-

2081 2713 2190 2769 tius
2215 2713 2413 2769 reddit.
2465 2711 2584 2769 Non
2610 2713 2773 2786 igitur
2809 2727 3040 2784 corpus,
3077 2711 3170 2767 sed
3208 2712 3526 2781 incorporea
3557 2717 3643 2765 est

2081 2818 2281 2859 anima.

2150 2892 2231 2949 Ad
2257 2894 2391 2960 haec,
2436 2893 2484 2951 si
2526 2909 2722 2965 corpus
2754 2902 2902 2951 esset
2936 2892 3136 2961 anima,
3163 2889 3634 2955 autextrinsecus,

2079 2986 2176 3035 aut
2203 2981 2530 3038 intrinsecus
2563 2991 2891 3039 moveretur.
2948 2979 3069 3037 Non
3095 2989 3275 3037 autem
3302 2980 3639 3037 extrinsecus

2081 3080 2328 3128 movetur
2361 3091 2375 3128 :
2412 3088 2521 3129 non
2567 3073 2714 3130 enim
2761 3073 3116 3146 impulsione,
3161 3086 3336 3143 neque
3375 3072 3638 3129 tractione

2080 3168 2349 3226 movetur,
2380 3170 2435 3215 ut
2459 3162 2786 3229 inanimata;
2819 3176 2996 3232 neque
3019 3161 3345 3217 intrinsecus
3370 3168 3637 3224 movetur,

2003 3223 2051 3288 ο
2079 3253 2221 3309 sicut
2238 3253 2476 3309 animata
2502 3269 2516 3306 :
2560 3254 2854 3310 absurdum
2879 3254 3025 3333 enim
3053 3261 3156 3317 est,
3184 3254 3420 3308 animam
3445 3254 3639 3308 animae

2076 3344 2258 3401 dicere
2302 3361 2318 3400 :
2356 3357 2468 3400 non
2513 3357 2667 3414 ergo.
2689 3342 2869 3400 anima
2912 3350 2999 3399 est
3047 3357 3286 3412 corpus:
3320 3341 3636 3412 incorporea

2076 3435 2260 3507 igitur.

2097 3526 2101 3532 ’
2145 3525 2214 3582 Ει
2246 3541 2438 3583 rursus
2457 3567 2472 3594 ,
2506 3527 2553 3583 si
2582 3541 2781 3597 corpus
2806 3524 2900 3581 est
2913 3526 3119 3591 anima,
3154 3526 3317 3582 etiam
3345 3524 3637 3595 qualitates

2075 3615 2239 3673 habet
2277 3632 2400 3687 quae
2437 3617 2809 3688 percipiuntur
2840 3618 3120 3701 sensibus,
3147 3627 3201 3673 et
3231 3616 3506 3684 nutritur;
3540 3617 3635 3672 sed

2075 3727 2186 3768 non
2230 3713 2491 3768 nutritur.
2539 3713 2697 3779 Quod
2731 3715 2779 3770 si
2812 3716 3072 3789 nutritur,
3105 3728 3214 3769 non
3250 3729 3506 3785 corporee
3534 3729 3640 3768 ηιξ-ο

2072 3804 2267 3870 tritur,
2310 3814 2373 3860 ut
2413 3819 2635 3876 corpus,
2681 3804 2776 3861 sed
2807 3794 3160 3876 i‘ncorporee;
3191 3821 3316 3861 nam
3349 3806 3558 3860 ratione
3582 3812 3639 3860 et
3673 3801 3676 3805 ’

2072 3895 2240 3951 verbo
2270 3894 2512 3951 nutritur
2540 3914 2554 3952 :
2587 3911 2695 3951 non
2710 3880 2884 3966 igitur
2907 3896 3190 3952 sensibiles
3213 3896 3502 3967 qualitates
3532 3895 3634 3951 ha-

2040 4048 2044 4055 ,
2071 3987 2190 4054 bet;
2219 4001 2396 4059 neque
2420 3989 2564 4043 enim
2598 3982 2771 4043 oculis
2801 3988 3045 4043 cernitur
3070 3987 3306 4057 justitia,
3328 4001 3503 4056 neque
3523 3987 3636 4043 for-

2071 4077 2277 4145 titudo,
2323 4093 2500 4148 neque
2546 4079 2651 4133 alia
2693 4078 2811 4148 ejus
2855 4080 3100 4149 generis,
3133 4094 3254 4148 qua:
3285 4088 3410 4134 sunt
3438 4079 3634 4134 animze

2070 4168 2361 4239 qualitates
2389 4186 2402 4223 :
2441 4177 2769 4241 quapropter
2799 4183 3001 4239 corpus
3034 4184 3145 4224 non
3175 4178 3259 4226 est
3287 4169 3470 4225 anima
3502 4189 3516 4225 :
3548 4171 3633 4226 iit-

2070 4274 2328 4330 corporea
2364 4260 2547 4331 igitur.

2135 4349 2402 4406 Praeterea
2426 4390 2442 4417 ,
2501 4365 2625 4421 cum
2672 4344 2851 4404 omnis
2897 4350 3201 4405 substantia
3275 4364 3532 4420 corporea
3574 4351 3630 4407 in

2068 4444 2364 4498 animatam
2417 4443 2501 4498 vel
2549 4443 2903 4496 inanimatam
2949 4442 3257 4511 dividatur;
3313 4442 3496 4498 dicant
3534 4444 3630 4513 qui

1997 4569 2039 4624 Β
2067 4535 2302 4590 animam
2324 4549 2524 4605 corpus
2553 4532 2650 4606 [ιιι.
2677 4532 3015 4607 corpoream]
3041 4549 3162 4589 esse
3189 4533 3479 4602 aiﬁrmant,
3508 4535 3628 4590 ani-

2068 4638 2341 4683 matamne
2365 4628 2470 4683 dici
2499 4643 2619 4682 eam
2646 4626 2811 4682 velint
2841 4640 2910 4680 an
2941 4627 3319 4683 inanimatam.

2135 4716 2402 4786 Denique,
2430 4719 2476 4775 si
2502 4733 2702 4788 corpus
2727 4731 2888 4771 omne
2911 4717 3166 4785 colorem,
3190 4718 3543 4789 quantitatem
3573 4729 3625 4775 et

2065 4808 2293 4880 ﬁguram
2320 4810 2520 4875 habet;
2555 4809 2689 4864 nihil
2716 4818 2895 4864 autem
2919 4809 3187 4880 ejusmodi
3215 4811 3271 4865 in
3294 4812 3473 4867 anima
3494 4825 3621 4868 con-

2065 4904 2330 4982 spicitur:
2363 4918 2472 4958 non
2502 4902 2673 4973 igitur
2691 4902 2870 4959 anima
2894 4910 2977 4957 est
3001 4916 3220 4971 corpus.

2315 4997 2398 5049 An
2424 4993 2644 5065 simplex
2671 4995 2743 5049 sit
2775 4995 2957 5048 anima
3003 5010 3071 5048 an
3098 4998 3408 5065 composita.

2131 5086 2197 5143 γ.
2242 5087 2323 5143 Ex
2345 5088 2545 5158 quibus
2573 5101 2702 5159 ergo
2731 5087 2912 5142 anima
2937 5088 3178 5156 corporis
3210 5101 3404 5157 expers
3430 5096 3613 5141 osten~

2057 5179 2226 5244 ditur,
2260 5195 2327 5236 ex
2364 5179 2434 5235 iis
2460 5179 2806 5250 potissimum
2831 5179 2996 5234 etiam
3016 5178 3242 5249 simplex
3272 5178 3614 5233 demonstra-

2056 5280 2166 5327 tur.
2196 5269 2332 5327 Nam
2360 5273 2405 5327 si
2428 5286 2627 5342 corpus
2646 5286 2754 5326 non
2782 5279 2884 5338 est,
2904 5279 2960 5327 et
2983 5285 3144 5327 omne
3168 5284 3365 5338 corpus
3390 5282 3610 5338 come

2056 5363 2219 5418 situm
2263 5372 2382 5430 est;
2417 5362 2777 5433 compositum
2802 5371 2981 5418 autem
3010 5377 3077 5417 ex
3101 5360 3348 5430 partibus
3375 5369 3608 5429 constet,

2052 5471 2154 5512 nec
2190 5456 2424 5527 plurium
2469 5456 2686 5527 quidem
2725 5455 2961 5526 partium
2989 5453 3109 5509 erit.
3138 5452 3274 5510 Cum
3300 5459 3481 5511 autem
3519 5454 3607 5513 in-

2051 5562 2310 5616 corporea
2343 5547 2446 5613 sit,
2489 5546 2714 5618 simplex
2756 5548 2893 5613 erit;
2925 5544 3191 5616 quoniam
3213 5560 3323 5600 non
3352 5554 3436 5602 est
3459 5562 3604 5605 com.

2049 5638 2244 5708 posita,
2278 5653 2454 5710 neque
2480 5639 2537 5693 in
2564 5645 2746 5709 partes
2778 5621 3048 5694 secabiiis.

2111 5792 2113 5795 l
2353 5733 2435 5784 Au
2464 5714 2779 5786 immortalis
2811 5739 2992 5785 nostra
3015 5730 3086 5785 sit
3116 5730 3315 5783 anima.

2092 5818 2212 5901 .Vl.
2265 5819 2614 5897 Consequens
2661 5839 2789 5883 vero
2836 5823 2970 5881 mihi
2998 5822 3229 5890 videtur,
3267 5823 3495 5894 utquod
3523 5837 3604 5883 est
