4100 6374
381 423 521 478 {HS

1258 427 1537 482 HOMILIA
1577 427 1597 481 Ι
1631 427 1700 482 ΙΝ
1736 427 2166 485 ANNUNTIAT.
2211 428 2399 484 ΗΒΕ.
2443 427 2707 483 ΜΑΒΙᾹΞ.

3491 423 3628 479 1146

378 547 654 632 λογιστέον
678 549 826 617 ἡμῖν,
849 548 894 600 εί
915 548 1261 620 καταληπτέα
1284 550 1353 603 τὰ
1378 550 1575 620 ὅντα,ἣ
1603 549 1698 622 μὴ,
1724 551 1799 613 ὡς
1828 550 1960 620 ἀλη-

2059 559 2355 620 nequeant.
2387 547 2749 618 Quapropter,
2776 559 2896 600 cum
2929 559 3121 600 sensus
3153 544 3365 599 ratione
3385 543 3625 598 destituti

379 639 640 703 θιῗ›ς”καὶ
662 644 709 694 εί
741 643 840 714 μὲν
869 642 1238 714 καταληπτέα,
1266 644 1427 713 ἑτέρα
1457 644 1607 696 ἐστὶν
1641 645 1673 713 ἡ
1703 643 1950 713 δύναμις,

379 732 471 785 καὶ
505 733 764 804 κρείττων
793 735 942 806 παρὰ
967 734 1063 798 τὰς
1096 735 1393 806 αἰσθήσεις,
1417 739 1448 806 ἡ
1478 736 1680 788 τούτων
1708 737 1953 804 ἐφικνου-

381 822 536 894 μένη.
570 823 631 876 Εἰ
659 823 714 876 δὲ
738 824 810 895 μὴ
843 825 1321 896 καταλαμϐάνεται
1343 867 1357 889 ,
1396 828 1514 880 οὐδὲ
1540 828 1693 880 ἔσται
1728 829 1858 896 ἡμῖν
1883 826 1953 880 τὰ

377 913 577 983 ἑτέρως
603 915 754 986 παρὰ
771 917 799 969 ὅ
824 918 938 970 ἐστι
956 918 1297 989 θεωρούμενα
1312 917 1813 990 [καταλαμϐάνειν].
1831 919 1950 972 Ὅτι

375 1003 433 1055 δὲ
464 1004 924 1078 καταληπτὰήμῖν
950 1008 1151 1061 ἐστιτὰ
1172 1010 1491 1080 πράγματα,
1518 1010 1675 1079 δῆλον
1696 1009 1754 1075 ἐξ
1781 1004 1842 1062 οῦ
1871 1011 1950 1062 ol-

376 1096 540 1161 κείως
572 1097 785 1170 ἑκάστῳ
821 1100 957 1171 πρὸς
980 1101 1040 1153 τὸ
1065 1102 1329 1172 χρήσιμον
1357 1101 1636 1174 χρώμεθα,
1663 1103 1757 1154 καὶ
1794 1101 1954 1155 πάλιν

376 1189 850 1262 κατασκευάζομεν
869 1195 948 1258 εἰς
962 1193 996 1248 δι
1020 1195 1290 1266 ἐθέλομεν.
1311 1195 1519 1248 υύκοῦν
1536 1198 1582 1248 εἰ
1600 1195 1666 1248 τὰ
1681 1195 1808 1248 ὄντα
1822 1196 1954 1264 ἡμῖν

375 1282 692 1353 καταληπτὰ
713 1284 944 1356 ἐδείχθη,
977 1287 1030 1338 αἱ
1060 1287 1115 1339 δὲ
1140 1288 1416 1358 αἰσθήσεις
1433 1287 1614 1355 ἄλογοι
1630 1282 1806 1349 οὖσαι,
1830 1286 1956 1354 ψευ-

371 1373 476 1438 δῶς
496 1375 867 1448 δοκιμάζουσι,
899 1381 1020 1444 νοῦς
1049 1381 1199 1435 ἔσται
1221 1385 1249 1435 ὁ
1273 1381 1342 1434 τὰ
1371 1383 1545 1436 πάντα
1570 1382 1711 1452 λόγῳ
1739 1381 1951 1451 διακρί-

371 1483 477 1520 νων
495 1466 616 1538 [ἇλ.
637 1471 666 1521 ὁ
684 1471 857 1525 πάντα
873 1471 1027 1542 λόγον
1048 1474 1385 1546 διακρίνων],
1406 1474 1498 1528 καὶ
1519 1473 1631 1527 ἔστι
1647 1475 1720 1538 ὡς
1737 1472 1951 1544 ἀληθῶς

370 1561 438 1614 τὰ
471 1562 597 1615 ὄντα
625 1564 998 1634 ἐπιγινώσκων
1018 1585 1030 1598 ·
1065 1568 1190 1632 νοῦς
1217 1568 1273 1622 δὲ
1306 1569 1483 1640 ψυχῆς
1511 1570 1570 1622 τὸ
1613 1567 1826 1637 λογικὸν
1855 1567 1950 1637 μέ-

376 1671 494 1726 ρος’
525 1655 713 1730 λογικὴ
743 1659 849 1730 ἄρα
882 1661 914 1731 ἡ
947 1661 1112 1734 ψυχή.

2058 640 2225 697 falsas
2269 642 2426 697 nobis
2471 656 2653 694 rerum
2691 639 2954 708 imagines
2998 653 3061 692 ac
3105 639 3311 706 species
3346 636 3625 698 inducant,

2055 719 2415 805 reputantium
2459 735 2618 789 nobis
2659 742 2762 798 est,
2809 746 2898 785 res
2939 727 3395 799 comprehcndine
3439 742 3626 782 revera

2056 840 2278 900 queant,
2315 844 2518 892 necne;
2567 835 2622 882 et
2665 825 2932 896 siquidem
2967 823 3351 892 comprehendi
3375 828 3624 891 possunt,

2057 925 2161 978 alia
2195 922 2351 976 nobis
2381 929 2575 990 praeter
2607 934 2801 975 sensus
2825 917 2906 972 vis
2934 926 3038 982 est,
3068 929 3239 985 eaque
3260 911 3624 982 praestantior,

2057 1031 2161 1084 qua
2216 1015 2281 1068 ad
2321 1029 2510 1068 earum
2551 1012 2912 1082 cognitionem
2947 1008 3230 1080 pervenire
3256 1005 3435 1061 liceat.
3473 1003 3626 1069 Quod

2055 1108 2098 1160 si
2146 1122 2253 1160 non
2301 1104 2865 1176 comprehenduntur,
2901 1117 2968 1156 ne
3011 1101 3100 1156 illa
3146 1101 3363 1170 quidem
3405 1098 3624 1166 assequi

2052 1197 2387 1266 poterimus,
2435 1211 2556 1265 quae
2622 1195 2776 1249 aliter
2811 1209 2974 1264 quam
3021 1203 3148 1248 sunt
3189 1191 3620 1260 conspiciuntur.

2053 1289 2161 1344 Res
2192 1304 2354 1358 porro
2380 1305 2411 1343 a
2435 1288 2592 1342 nobis
2626 1287 2849 1357 percipi,
2878 1286 2959 1341 vel
2974 1286 3053 1356 lex
3073 1300 3138 1339 eo
3161 1293 3332 1354 patet,
3363 1283 3508 1354 quod
3531 1297 3624 1337 eas

2057 1381 2440 1436 convenienter
2472 1381 2537 1438 ad
2569 1396 2700 1434 usus
2736 1387 2954 1433 nostros
2979 1378 3317 1444 adhibemus,
3347 1387 3400 1431 et
3430 1391 3624 1430 rursus

2058 1474 2112 1526 in
2153 1471 2516 1541 quodcunque
2540 1471 2810 1535 volumus,
2835 1470 3220 1526 convertimus.
3250 1466 3429 1534 Quare
3463 1467 3509 1522 si
3533 1482 3623 1523 res

2056 1563 2438 1632 comprehendi
2489 1577 2680 1632 posse,
2724 1578 2753 1616 a
2808 1563 2964 1617 nobis
3019 1562 3453 1617 demonstratum
3500 1566 3621 1624 est,

2054 1655 2218 1725 idque
2262 1670 2293 1709 a
2347 1653 2601 1708 sensibus
2641 1653 2853 1708 ratione
2899 1653 3174 1708 destitutis
3199 1651 3335 1706 ellici
3365 1659 3618 1720 nequeat,

369 1750 569 1821 quippe
611 1755 712 1823 'qui
759 1754 925 1812 falsas
962 1757 1118 1812 nobis
1157 1759 1438 1828 opiniones
1471 1765 1860 1828 reprtesentant
1897 1773 1910 1808 :
1948 1767 2100 1807 mens
2125 1766 2257 1806 sane
2285 1750 2409 1811 erit,
2441 1765 2563 1818 quae
2588 1749 2797 1804 ratione
2825 1759 3017 1803 cuncta
3057 1745 3340 1817 distinguit
3371 1743 3467 1816 [αι.
3500 1757 3622 1813 quae

369 1859 583 1899 omnem
615 1847 879 1903 rationem
921 1850 1202 1922 discernit]
1239 1864 1400 1921 atque
1445 1851 1724 1920 dijudicat,
1770 1858 1823 1904 et
1847 1863 1934 1903 res
1955 1855 2016 1900 ut
2049 1859 2234 1900 revera
2257 1853 2404 1909 sunt,
2437 1842 2754 1912 cognoscit;
2785 1858 2936 1896 mens
2967 1850 3146 1895 autem
3166 1848 3249 1894 est
3274 1840 3468 1893 anima:
3493 1851 3620 1907 pars

367 1944 578 1999 ratione
608 1945 860 2000 decorata
883 1961 946 2001 ac
976 1947 1263 2003 illustrala.
1291 1947 1387 2003 Est
1413 1964 1540 2018 ergo
1567 1947 1746 2001 anima
1774 1943 2001 1999 rationis
2032 1941 2320 2011 particeps.

444 2036 584 2100 Ἔτι,
618 2037 697 2090 ὅτι
724 2039 874 2094 οὐδὲν
897 2039 1154 2112 ποιοῦμεν
1193 2040 1267 2112 μὴ
1295 2040 1558 2112 πρότερον
1588 2040 1798 2101 ἑαυτοῖς
1828 2037 1942 2090 δια-

2113 2031 2438 2093 Postremo,
2481 2031 2609 2100 quia
2671 2031 2803 2085 nihil
2844 2029 3086 2100 agimus,
3125 2029 3270 2096 quod
3311 2041 3419 2080 non
3469 2023 3622 2095 prius

366 2127 672 2198 γράψαντες
690 2148 702 2161 ·
732 2131 891 2186 τοῦτο
920 2133 997 2196 δὲ,
1028 2134 1179 2187 οὐδὲν
1204 2133 1392 2205 ἕτερόν
1415 2132 1610 2202 ἐστινῆ
1646 2129 1945 2207 τῆςγψυχῆς

365 2217 619 2289 ἀξίωμα·
666 2221 784 2274 οὐδὲ
827 2221 934 2294 γὰρ
961 2223 1157 2290 ἔξωθεν
1207 2225 1344 2296 αὐτῇ
1388 2224 1736 2294 προσγίνεται
1769 2224 1801 2293 ἡ
1837 2221 1946 2274 τῶν

362 2307 531 2363 ὄντων
556 2310 780 2382 εῖδησις,
809 2313 921 2366 ἀλλ’
945 2315 1084 2386 αὐτὴ
1106 2315 1294 2386 ὥσπερ
1311 2320 1429 2380 ταῖς
1457 2316 1655 2386 ἑαυτῆς
1685 2314 1945 2377 ἐπινοίαις

361 2401 432 2453 τὰ
453 2401 579 2456 ὅντα
613 2407 826 2475 κοσμεῖ.
886 2407 982 2459 Διά
1014 2406 1170 2461 τοῦτο
1209 2410 1266 2461 ἐν
1308 2409 1473 2479 ἑαυτῇ
1514 2407 1944 2478 προαναζωγρα-

363 2492 539 2561 φοῦσα
574 2493 694 2566 [ἄλ.
729 2499 1253 2572 προαναζωγραφεῖ]
1290 2500 1549 2572 πρότερον
1587 2500 1647 2554 τὸ
1683 2501 1932 2572 πρᾶγμαν

363 2581 462 2636 εἷθ’
492 2585 663 2651 οὕτως
691 2590 769 2652 εἰς
803 2589 962 2660 ἔργον
991 2592 1229 2662 ἐκφέρει.
1270 2591 1512 2663 Ἀξίωμα,
1532 2593 1586 2645 δὲ
1617 2593 1712 2662 τῆς
1736 2592 1934 2663 ψυχῆς,

361 2674 514 2726 οὐδέν
538 2676 682 2729 ἐστιν
715 2677 990 2749 έτερον,ῆ
1034 2680 1094 2732 τὸ
1143 2679 1280 2750 μετὰ
1317 2681 1473 2749 λόγου
1512 2681 1687 2734 πάντα
1734 2684 1933 2734 ποιεῖν·

360 2755 529 2838 ταύτῇ
561 2767 668 2838 γὰρ
695 2769 789 2822 καὶ
812 2769 1074 2842 διαφέρει,
1093 2772 1186 2824 καὶ
1207 2772 1313 2825 τῶν
1330 2773 1648 2844 αἰσθήσεων.
1698 2773 1937 2844 Ἐδείχθη

359 2857 478 2927 ἄρα’
505 2858 693 2930 λογικὴ
727 2863 759 2930 ἡ
791 2860 932 2931 ψυχή
957 2861 1075 2932 [ἄλ.
1114 2863 1284 2937 ταύτῃ
1378 2865 1486 2934 γὰρ
1522 2865 1796 2936 διαφέρειν
1842 2865 1937 2919 καὶ

361 2949 470 3002 τῶν
499 2950 822 3022 αἰσθήσεων.
865 2953 1108 3024 Ἐδείχθη
1137 2954 1246 3027 ἄρα
1277 2955 1468 3026 λογικὴ
1496 2957 1527 3026 ἡ
1553 2955 1752 3027 ψυχῇ.

2043 2126 2200 2181 nobis
2255 2125 2356 2194 ipsi
2396 2123 2848 2193 descripserimus
2898 2131 3061 2192 atque
3109 2119 3514 2184 delinierimus;
3565 2116 3620 2171 id

2046 2228 2227 2274 autem
2257 2218 2392 2272 nihil
2419 2218 2681 2272 aliud-est
2709 2230 2874 2287 quam
2903 2215 3098 2269 anima:
3123 2212 3394 2282 dignitas;
3421 2210 3621 2280 quippe

2042 2311 2131 2367 cui
2176 2326 2285 2364 non
2332 2311 2672 2366 extrinsecus
2719 2308 2937 2364 advenit
2982 2321 3164 2361 rerum
3208 2303 3485 2376 cognitio,
3525 2301 3618 2356 sed

2044 2403 2162 2472 ipsa
2208 2411 2467 2472 tanquam
2513 2401 2628 2456 suis
2657 2397 2979 2456 commentis
3003 2412 3068 2451 ac
3097 2396 3274 2451 sensis
3305 2408 3392 2448 res
3419 2400 3616 2455 ornat;

2041 2503 2096 2548 et
2123 2493 2242 2548 ideo
2285 2493 2339 2547 in
2371 2494 2548 2564 seipsa
2579 2508 2693 2547 rem
2722 2501 2846 2547 ante
2874 2489 3116 2562 depingit
3147 2497 3310 2558 atque
3337 2483 3616 2546 describit,

2041 2596 2104 2641 ut
2151 2587 2231 2642 sic
2276 2602 2397 2642 eam
2453 2594 2639 2656 postea
2692 2587 2746 2639 in
2810 2583 3048 2638 medium
3097 2578 3374 2650 proferat;
3423 2574 3620 2629 animae

2046 2695 2211 2750 porro
2246 2678 2503 2748 dignitas,
2548 2677 2683 2731 nihil
2709 2676 2856 2730 aliud
2883 2685 2966 2730 est
2998 2687 3160 2742 quam
3189 2669 3402 2724 ratione
3434 2666 3617 2720 omnia

2045 2769 2245 2835 facere,
2287 2785 2393 2840 qua
2432 2769 2654 2840 quidem
2697 2769 2863 2823 etiam
2912 2781 2943 2821 a
2977 2765 3229 2820 sensibus
3259 2761 3456 2816 diﬁert.
3483 2756 3620 2839 Ani-

2045 2873 2190 2914 mam
2229 2860 2393 2931 igitur
2421 2860 2633 2915 ratione
2665 2859 2946 2930 praeditam
2974 2871 3116 2921 esse,
3140 2854 3253 2924 jam
3278 2852 3618 2906 demonstra-

2042 2961 2156 3006 tum
2191 2962 2275 3006 est
2304 2951 2403 3023 [aL
2437 2951 2539 3006 hac
2568 2951 2712 3006 enim
2742 2950 2906 3005 etiam
2937 2963 2966 3002 a
3004 2947 3255 3003 sensibus
3279 2942 3494 3000 ditIerre
3519 2940 3616 2995 de-

2041 3053 2401 3101 monstratum
2421 3054 2524 3102 est.
2570 3045 2765 3099 Anima
2801 3044 2966 3114 igitur
3009 3042 3220 3098 ratione
3243 3037 3464 3111 praedita
3487 3031 3612 3107 esti

397 3226 3614 3266 ψ

847 3412 977 3545 s.
1078 3413 1843 3542 GBEGORII
1959 3411 3133 3566 THAUMATURGI

1281 3669 1934 3787 HOMILI/E
2012 3669 2692 3807 QUATUOR

1194 3884 1399 3949 (Opera
1426 3891 1478 3942 S.
1525 3893 1748 3956 Gregorii
1771 3893 2140 3956 Thaumaturgi,
2167 3893 2250 3942 ed.
2276 3891 2391 3942 Ger.
2417 3889 2597 3953 Vossii,
2620 3904 2671 3953 p.
2694 3890 2766 3954 9.)
2801 3929 2810 3940 .

1625 4189 2154 4285 HOMILIA
2236 4196 2272 4283 Ι

1239 4383 1314 4442 In
1368 4381 1878 4447 Annuntiatione
1922 4389 2154 4447 sancta)
2180 4382 2469 4464 Virginis
2501 4384 2740 4455 Mariae.

367 4548 480 4602 Τοῦ
516 4543 586 4601 ἐν
623 4546 815 4616 ἁγίοις
845 4542 1284 4619 Πατρόβῄμῶν
1324 4546 1654 4619 Γρῃτορίου
1691 4545 1969 4619 ἐπισκᾴι

2044 4546 2230 4619 Sancti
2279 4546 2458 4619 Patris
2506 4549 2676 4602 nostri
2715 4546 2956 4619 Gregorii
2997 4549 3226 4619 episcopi
3254 4547 3612 4607 Neocwsarets

433 4632 549 4671 που
564 4615 1026 4685 Νεοκαισαρείας
1053 4615 1305 4688 Πόντου,
1324 4615 1429 4669 τοῦ
1450 4618 1928 4688 Θαυματουργοῦ,

431 4692 518 4768 €_l(;
548 4687 654 4768 τργ
673 4684 1128 4768 Εὺαττελιονμρν
1163 4684 1621 4768 τῆςιὺπεραγζάς
1650 4684 1928 4742 θεοτόκου
1983 4685 1985 4688 ⁴

433 4759 736 4827 Παρθένου
797 4757 908 4826 τῆς
933 4757 1185 4825 Μαρίας,
1219 4757 1399 4826 λόγος
1436 4757 1682 4824 πρῶτος.
1934 4779 1938 4790 ι

435 4870 680 4941 Σήμερον
707 4869 978 4939 ἁγγελικῇ
1006 4866 1306 4939 παρατάξει
1335 4868 1596 4939 ὑμνῳδίαι
1626 4869 1938 4942 φαιδρύνον-

352 4968 477 5031 ζται,
522 4964 617 5016 καὶ
647 4961 707 5014 ca
731 4963 932 5031 φέγγος
959 4961 1061 5031 τῆς
1103 4959 1194 5013 τοῦ
1229 4960 1465 5032 Χριστοῦ
1500 4963 1802 5034 παρουσίας
1827 4965 1938 5026 τοῖς

361 5045 576 5117 ⁴πιστοῖς
639 5053 1075 5125 καταλάμπεται.
1144 5054 1392 5125 Σήμερον
1455 5053 1515 5107 τὸ
1577 5053 1758 5125 ἱλαρὸν
1805 5055 1938 5126 ἡμῖν

364 5147 498 5220 ἐαρ,
533 5147 764 5220 Χριστὸς
813 5147 842 5197 ὁ
883 5148 980 5218 τῆς
1022 5145 1366 5218 δικαιοσύνης
1415 5146 1564 5216 ἥλιος
1607 5145 1814 5218 φαιδρῷ
1859 5146 1938 5218 τῷ

365 5239 506 5310 φωτὶ
526 5241 675 5312 ἡμᾶς
703 5238 1058 5311 περιέλαμψε,
1119 5241 1211 5293 καὶ
1241 5239 1338 5303 τὰς
1362 5239 1470 5293 τῶν
1495 5240 1699 5293 πιστῶν
1730 5240 1936 5305 ἐννοίας

367 5334 624 5404 ἐφώτισε.
705 5333 958 5404 Σήμερον
1012 5334 1040 5385 ὁ
1089 5333 1257 5404 Ἀδὰμ
1315 5333 1756 5388 ἀνακεκαίνισται
1811 5334 1930 5406 ιᾶλ.

365 5425 776 5500 ὰνακέκληται],
803 5428 895 5480 καὶ
924 5426 1135 5499 χορεύει
1180 5427 1294 5499 μετ’
1327 5427 1571 5498 ἀγγέλων
1602 5429 1681 5492 εἰς
1708 5429 1934 5501 οὐρανὸν

368 5521 752 5592 ὰνιπτάμενος.
827 5523 1072 5592 Σήμερον
1136 5521 1394 5592 σύμπασα
1460 5522 1558 5593 τῆς
1614 5522 1934 5592 οἰκουμένης

369 5617 497 5682 γαῖα
520 5613 694 5686 χαρὰν
717 5612 1086 5686 περιεϐάλετο,
1113 5613 1297 5684 ἐπειδὴ
1324 5613 1418 5666 τοῦ
1446 5605 1599 5682 ἀγίδυ
1621 5615 1935 5686 Πνεύματος

369 5681 705 5778 ἐπιφοίτησις
726 5681 851 5770 Χἷείς
898 5703 1214 5776 ἀνθρώπους
1288 5681 1508 5774 γέγονε,
1599 5681 1842 5779 Σήμερον
1900 5710 1932 5778 ἡ

341 5810 345 5813 ’
371 5800 492 5853 θεία
520 5800 696 5870 χάρις,
727 5797 833 5851 τῶν
865 5797 1159 5868 ἀοράτων-1]
1193 5797 1344 5862 ἐλπὶς
1376 5799 1664 5869 διαλάμπει
1696 5800 1764 5853 τὰ
1795 5802 1932 5872 ὑπὲρ

373 5889 577 5946 ἔννοιαν
628 5890 903 5961 θαύματα.
948 5889 1008 5944 τὸ
1058 5889 1154 5944 ἀπ’
1198 5888 1391 5954 αἰῶνος
1447 5892 1932 5962 ἀποκεκρυμμένον

2109 4617 2270 4673 Ponti
2289 4661 2317 4690 ,ί
2340 4618 2760 4690 Thaumaturgi_,_
2804 4617 2862 4673 in
2885 4617 3352 4690 Anniuntiationem
3379 4624 3610 4679 sanctis-

2111 4690 2260 4744 sima:
2288 4689 2386 4743 Dei
2409 4688 2686 4759 genitricis
2721 4688 2951 4760 Virginis
2983 4689 3194 4756 Marica,
3223 4707 3393 4745 sermo
3423 4690 3474 4744 1.

2110 4866 2283 4924 Hodie
2316 4869 2383 4923 ab
2405 4869 2664 4940 angelicis
2691 4868 2875 4924 choris
2897 4867 3082 4923 iaudes
3114 4869 3310 4925 divinae
3330 4869 3610 4925 celebran-

2037 4977 2160 5029 tur,
2209 4974 2262 5019 et
2304 4964 2486 5017 lumen
2512 4962 2716 5018 Christi
2746 4962 3012 5018 adventus
3041 4963 3288 5020 ﬁdelibus
3320 4963 3604 5020 illucescit.

2036 5058 2208 5114 Hodie
2235 5059 2417 5114 lmtum
2445 5058 2605 5112 nobis
2634 5073 2728 5112 ver
2752 5098 2768 5122 ,
2803 5056 3054 5114 Christus
3087 5059 3165 5112 sol
3189 5057 3413 5128 justitite
3446 5057 3606 5112 aﬂ‘ul-

2036 5153 2144 5218 sit,
2178 5167 2244 5206 ac
2271 5151 2420 5207 claro
2448 5166 2550 5206 nos
2577 5151 2784 5206 lumine
2831 5151 3168 5205 collustravit
3191 5191 3206 5216 ,
3260 5149 3606 5218 ﬁdeliumque

2035 5253 2245 5300 mentes
2271 5243 2616 5298 illuminavit.
2652 5240 2824 5298 Hodie
2849 5255 3140 5298 renovatur
3167 5239 3267 5312 [αι.
3294 5238 3608 5313 revocatur]

2033 5339 2229 5403 Adam,
2257 5347 2310 5394 et
2332 5338 2532 5393 choros
2561 5353 2685 5393 cum
2712 5337 2918 5406 angelis
2945 5335 3089 5406 agit,
3119 5334 3172 5388 in
3195 5335 3390 5389 caelum
3420 5333 3606 5389 subla-

2033 5441 2143 5487 tus.
2181 5430 2356 5486 Hodie
2383 5439 2527 5487 totus
2558 5439 2827 5485 terrarum
2870 5429 3020 5484 orbis
3047 5428 3263 5499 gaudio,
3311 5428 3381 5483 ob
3411 5432 3605 5483 adven-

2034 5534 2148 5580 tum
2195 5523 2431 5594 Spiritus
2475 5522 2649 5577 sancli
2679 5522 2732 5575 in
2767 5521 3035 5582 homines,
3067 5520 3257 5589 plenus
3280 5533 3383 5576 est.
3433 5519 3605 5577 Hodie

2035 5619 2216 5672 divina
2246 5619 2438 5689 gratia,
2469 5631 2590 5685 spes
2622 5613 2972 5669 invisibilium
3003 5613 3235 5684 effulget,
3260 5624 3312 5668 et
3341 5616 3600 5670 miracula

2035 5727 2156 5780 quae
2190 5721 2423 5766 mentem
2460 5719 2622 5779 atque
2646 5706 3054 5777 intelligentiam
3087 5715 3363 5777 superant,
3398 5718 3598 5779 myste-

2034 5805 2284 5871 riumque
2335 5802 2478 5872 quod
2530 5800 2597 5855 ab
2635 5811 2836 5854 interno
2869 5800 3198 5855 occultatum
3246 5798 3366 5866 fuit,
3421 5800 3599 5869 palam

2035 5895 2194 5952 nobis
2226 5893 2371 5951 facit.
2423 5890 2593 5950 Hodie
2636 5893 2888 5961 perennis
2921 5893 3132 5949 virtutis
3157 5903 3411 5949 texuntur
3435 5907 3594 5949 coro-
