4100 6406
452 439 588 494 1149

1352 445 1636 501 HOMlLlA
1735 445 1802 500 ΙΝ
1845 444 2270 502 ANNU'NTIAT.
2315 444 2495 500 VIRG.
2529 443 2790 499 MARLIE.

3536 445 3677 501 “50

447 561 508 613 οὐ
545 559 808 632 πρότερον
841 563 875 632 ἠ
909 562 1038 630 ἁγία
1057 562 1116 615 τὸ
1148 561 1316 634 δῶρον
1355 565 1718 636 ἐκαρτέρησεν
1758 565 2003 630 ὑποδέξα-

2121 564 2548 620 benedictionem
2579 559 2917 631 apportasti?
2948 558 3026 614 Ex
3048 558 3352 629 cujusmodi
3383 558 3675 627 theseuris,

448 650 593 716 σθαι,
626 655 756 722 πρὶν
791 654 857 707 ἂν
893 653 1038 726 μάθῃ
1052 655 1133 718 τίς
1155 657 1183 708 6
1210 656 1442 726 πέμπων
1461 697 1474 720 ,
1522 659 1616 710 καὶ
1644 659 1696 711 τί
1734 658 1794 710 τὸ
1820 658 2012 728 δῶρον,

445 742 540 794 καὶ
569 743 653 804 τίς
675 746 703 796 6
725 742 921 814 φέρων.
953 744 1135 797 Ταῦτα
1160 745 1284 797 καθ’
1314 747 1512 816 ἑαυτὴν
1548 747 1792 820 διηπόρει
1819 750 1850 819 ἡ
1885 749 2013 816 ἁγία

444 832 696 900 λέγουσα»,
729 836 879 905 φησὶ,
914 835 1050 906 πρὸς
1077 836 1167 890 τὸν
1195 837 1452 904 ἄγγελονο
1485 839 1651 892 Πόθεν
1679 841 1808 910 ἡμῖν
1844 841 2014 905 οὕτως

443 923 542 993 τὴν
566 922 812 990 εὐλογίαν
844 923 1196 995 ἐξεκόμισας;
1242 926 1335 979 Ἐκ
1370 926 1537 980 ποίων
1559 930 1692 999 ἡμῖν
1728 928 2014 998 θησαυρῶν

341 1065 345 1068 η
439 1016 473 1067 6
509 1015 851 1086 μαργαρίτης
885 1015 982 1068 τοῦ
1023 1015 1179 1083 λόγου
1219 1017 1583 1084 άπέσταλται;
1632 1018 1798 1071 Πόθεν
1827 1021 1955 1090 ἡμῖν
1978 1023 2011 1090 ἡ

440 1103 618 1176 δωρεά
658 1105 755 1176 τὴν
789 1105 1041 1159 ὑπόθεσιν
1239 1108 1560 1179 ὑπόσχεσιν]
1606 1109 1882 1178 κέκτηται.
1925 1109 2014 1174 Ἐξ

440 1196 668 1266 οὐρανοῦ
699 1199 1096 1266 παραγέγονας,
1129 1198 1243 1251 ἀλλ’
1274 1202 1366 1252 ἐπὶ
1395 1201 1498 1270 γῆς
1518 1200 1750 1271 βαδίζεις
1769 1218 1781 1230 ·
1801 1200 2010 1272 ἀνθρώ-

442 1304 544 1341 που
587 1289 908 1359 χαρακτῆρα
962 1289 1317 1354 ἐπιδεικνύεις
1345 1331 1359 1353 ,
1408 1291 1500 1346 καὶ
1549 1291 1805 1362 λαμπάδα
1839 1292 2012 1359 φωτὸς

438 1381 868 1452 ἀπαστράπτεις.
923 1383 1107 1436 Ταῦτα
1154 1384 1212 1436 ὲν
1269 1385 1434 1454 ἑαυτῇ
1494 1386 1527 1455 ή
1569 1384 1698 1451 ἁγία
1735 1385 2006 1450 διενοεῖτο,

436 1472 696 1536 τοιούτοις
723 1473 779 1524 δὲ
807 1472 982 1542 λόγοις
1007 1475 1035 1526 ὁ
1066 1475 1403 1545 ἀρχάγγελος
1434 1474 1529 1546 τὴν
1551 1476 1820 1546 διάκρισιν
1843 1476 2011 1548 αὐτῆς

437 1565 644 1628 ἔλυσεν,
676 1564 843 1620 εἰπὼν
866 1565 1001 1638 πρὸς
1033 1567 1224 1637 αὐτήν·
1260 1567 1502 1636 Πνεῦμα
1546 1567 1716 1637 ἅγιον
1763 1567 2009 1621 ἐπελεύ-

435 1673 605 1712 σεται
647 1657 746 1710 ἐπὶ
784 1657 858 1710 σὲ
881 1698 897 1724 ,
933 1657 1031 1712 καὶ
1073 1658 1330 1728 δύναμις·
1359 1659 1640 1726 Ὑψίστου
1669 1659 2010 1713 ἐπισκιάσει

435 1739 554 1810 σοι.
593 1752 688 1804 Διὸ
714 1751 810 1804 καὶ
839 1751 904 1804 τὸ
928 1749 1302 1820 γεννώμενον
1326 1751 1394 1803 ἐκ
1420 1750 1534 1804 σοῦ
1560 1750 1760 1820 ἄτιον,
1789 1751 2010 1821 κληθή-

2116 657 2270 712 verbi
2316 656 2604 727 margarita
2635 655 2792 709 nobis
2825 652 3023 708 emissa
3051 653 3167 707 est?
3214 650 3364 706 Unde
3392 654 3548 708 nobis
3579 655 3679 708 do-

2117 766 2244 804 num
2288 749 2573 804 materiam
2614 747 2712 820 [αι.
2741 744 3091 817 promissum]
3143 744 3388 815 paravit?
3428 744 3506 799 Ex
3539 747 3677 802 ccelo

2117 842 2421 907 advenisti,
2467 849 2524 894 at
2559 840 2614 893 in
2654 849 2794 894 terra
2833 839 3069 904 incedis;
3105 838 3397 903 humanam
3443 836 3672 892 formam

2113 934 2357 999 exhibes,
2383 944 2436 987 et
2463 932 2600 986 lucis
2632 930 2843 1002 fulgore
2871 931 3203 1000 resplendes.
3237 929 3361 984 Haec
3384 930 3510 984 dum
3533 929 3672 983 intra

2114 1039 2184 1079 se-
2201 1024 2468 1095 cogitaret
2503 1021 2844 1076 sanctissima
2876 1017 3059 1088 Virgo,
3092 1017 3293 1072 talibus
3322 1016 3674 1085 archangelus

2113 1117 2458 1172 sermonibus
2501 1111 2955 1182 disceptationem
3005 1111 3123 1180 ejus
3165 1111 3361 1173 solvit,
3398 1109 3581 1163 dicens
3605 1107 3672 1161 ad

2113 1209 2285 1278 ipsam
2315 1227 2326 1261 :
2364 1205 2598 1276 Spiritus
2625 1213 2840 1259 sanctus
2881 1203 3198 1272 superveniet
3229 1204 3284 1255 in
3307 1213 3356 1256 te
3378 1243 3391 1266 ,
3423 1211 3470 1255 et
3507 1201 3673 1255 virtus

2110 1299 2374 1352 Altissimi
2405 1296 2732 1368 obumbrabit
2763 1291 2876 1349 tibi.
2946 1294 3071 1348 Ideo
3099 1303 3147 1348 et
3175 1294 3311 1364 quod
3341 1304 3582 1348 nascetur
3606 1307 3673 1347 ea:

2113 1399 2160 1443 te
2189 1398 2450 1454 sanctum,
2479 1387 2748 1441 vocabitur
2780 1385 2955 1440 Filius
2985 1385 3512 1452 Dei.Et,Netimeas,
3546 1385 3669 1438 Ma-

2059 1463 2064 1468 .
2109 1481 2196 1533 ria
2223 1496 2240 1532 :
2271 1495 2380 1534 non
2419 1477 2562 1533 enim
2596 1487 2656 1531 ut
2685 1487 2887 1531 metum
2935 1477 3030 1531 tibi
3072 1477 3401 1543 incuterem,
3437 1477 3624 1532 adveni
3652 1494 3667 1544 ;

2117 1571 2211 1624 sed
2243 1579 2302 1623 ut
2327 1578 2502 1625 metus
2537 1570 2815 1624 materiam
2841 1585 2871 1623 a
2891 1576 2944 1624 te
2970 1569 3303 1638 repellerem.
3354 1567 3436 1622 Ne
3461 1570 3667 1636 timeas,

2111 1662 2286 1716 Maria
2309 1677 2326 1714 :
2354 1662 2598 1714 invenisti
2625 1661 2762 1713 enim
2783 1661 3010 1730 gratiam
3038 1659 3175 1728 apud
3205 1659 3390 1712 Deum.
3427 1658 3504 1714 Ne
3528 1661 3672 1729 diju-

2109 1753 2259 1808 dices
2288 1752 2516 1822 gratiam
2547 1751 2843 1806 secundum
2873 1759 3141 1804 naturam.
3196 1749 3428 1819 Legibus
3465 1750 3562 1822 [αι.
3596 1751 3672 1804 le-

434 1853 604 1894 σεται
636 1842 767 1907 Υἱὸς
789 1840 954 1897 Θεοῦ.
991 1841 1102 1894 Καὶ
1123 1839 1208 1911 μὴ
1242 1841 1450 1909 φοϐοῦ,
1484 1840 1751 1911 Μαριάμο
1795 1843 1855 1896 οὐ
1896 1842 2003 1914 γὰρ

2112 1843 2188 1915 gi]
2221 1845 2365 1899 enim
2395 1853 2603 1898 naturae
2659 1859 2718 1900 se
2752 1842 2944 1911 subjici
2972 1843 3144 1913 gratia
3175 1859 3284 1897 non
3308 1843 3527 1912 patitur.
3559 1841 3669 1896 No-

435 1933 584 2003 φόὸῳ
609 1932 950 2002 καταπλῆξαι
974 1944 1037 1986 ’σε
1065 1907 1434 2004 παραγέγονά,
1459 1907 1886 1999 ἀλλ’νάποδιῶξαι
1909 1907 2003 1988 τοῦ

2111 1907 2202 1998 sti,
2237 1949 2270 1988 ο
2291 1934 2480 2001 Maria,
2514 1949 2634 2004 quae
2659 1907 3000 2004 patriarchas
3022 1943 3076 1988 et
3099 1907 3389 2004 prophetas
3412 1933 3667 1988 latebant.

433 2020 596 2089 φόϐου
622 2020 719 2090 τὴν
749 2021 1020 2076 ὑπόθεσιν.
1054 2020 1152 2090 Μὴ
1175 2023 1380 2089 φόϐου,
1409 2022 1644 2093 Μαριάμ
1661 2041 1674 2054 ·
1699 2019 1870 2092 εὗρες
1897 2024 2006 2094 γὰρ

303 2078 306 2079 ν
371 2167 374 2172 _
431 2078 608 2184 χάριν
625 2078 786 2182 παρὰ
814 2114 894 2180 τῷ
935 2114 1074 2186 Θεῷ.
1232 2078 1390 2187 χάριν
1419 2078 1558 2170 κατὰ
1592 2078 2006 2188 φύσινμὴιόίνά-

431 2201 603 2274 κρινε.
633 2207 836 2277 Νόμοις
868 2205 1001 2277 [ἀλ.
1027 2206 1209 2279 νόμῳ]
1231 2207 1337 2279 γὰρ
1370 2209 1603 2276 φύσεως,
1629 2212 1663 2279 ή
1694 2211 1853 2281 χάρις
1878 2211 2008 2264 ὐπο-

430 2294 635 2350 6αίνειν
653 2299 757 2351 οὐκ
779 2298 1049 2369 ἀνέχεται.
1082 2301 1313 2368 Ἐγνως,
1335 2294 1380 2353 ὦ
1400 2301 1652 2372 Μαριὰμ,
1672 2302 1740 2354 τὰ
1764 2303 1889 2366 τούς
1906 2321 2007 2357 πα-

427 2387 692 2458 τριάρχας
725 2391 819 2442 καὶ
845 2391 1124 2461 προφήτας
1169 2390 1516 2446 λανθάνοντα.
1565 2393 1927 2465 Μεμάθηκας,
1960 2389 2005 2449 ὦ

427 2477 690 2549 Παρθένε,
717 2479 752 2534 ἃ
787 2481 947 2552 μέχρι
980 2480 1073 2534 τοῦ
1113 2481 1206 2534 νῦν
1241 2483 1594 2556 κεκρυμμένα
1639 2485 1733 2538 καὶ
1762 2488 1873 2549 τοῖς
1909 2487 2006 2556 άγ-

426 2569 604 2639 γέλοις
631 2570 945 2642 ἐτύγχανον.
993 2573 1281 2644 Ἀκήκοας,
1323 2567 1368 2626 ὦ
1402 2575 1659 2644 παναγία,
1687 2569 1761 2630 ὧν
1794 2578 2004 2631 οὐδέπω

423 2664 455 2716 6
485 2663 643 2735 χορὸς
672 2663 779 2719 τῶν
824 2663 1096 2736 θεοφόρων
1127 2663 1648 2740 ὴξίῳταιζΜωῦσῆς
1681 2671 1774 2723 καὶ
1819 2670 2001 2738 Δαϐὶδ,

355 2743 362 2750 ’
426 2756 522 2808 καὶ
570 2753 830 2821 Ἡσαΐας,
868 2756 962 2808 καὶ
1009 2755 1225 2827 Δανιὴλ,
1259 2758 1354 2811 καὶ
1389 2759 1586 2823 πάντες
1635 2759 1683 2813 οξ
1731 2762 2003 2833 προφῆται

425 2846 750 2918 περὶαύτοῦ
795 2846 1173 2919 προεκήρυξαν
1197 2865 1209 2878 °
1259 2849 1395 2904 ἀλλά
1444 2851 1504 2904 τὸ
1556 2851 1706 2916 πῶς,
1744 2853 1843 2906 οὐκ
1881 2854 2002 2907 επί-

426 2941 636 2995 σταντο.
661 2941 732 2995 Σύ
757 2941 813 2994 δὲ
844 2935 1078 3012 μόνη,.ὧ
1118 2942 1364 3011 παναγία
1393 2943 1660 3015 Παρθένε,
1698 2943 1767 2997 τὰ
1796 2944 2004 3008 τούτοις

425 3032 628 3087 ἅπασιν
657 3033 992 3103 ἀγνοηθέντα
1027 3035 1324 3106 μυστήρια,
1348 3034 1445 3089 νῦν
1471 3025 1725 3107 ὑποδέχῃ,
1753 3037 1846 3090 καὶ
1871 3054 2004 3107 μαν-

427 3121 608 3188 θάνεις
787 3125 1068 3196 ὑποδέχου,
1099 3127 1191 3180 καὶ
1218 3125 1493 3198 μάνθανε]
1526 3127 1586 3180 τὸ
1617 3127 1798 3182 πόθεν.
1829 3129 2000 3182 Ὅπου

423 3214 533 3286 γὰρ
556 3216 779 3304 Πνεῦμα
796 3203 970 3285 ἅγιον,
988 3218 1165 3272 πάντα
1181 3217 1411 3288 ἑτοίμως
1436 3221 1572 3291 κατή
1582 3236 1810 3291 ρτισται.
1828 3219 1999 3275 Ὅπου
2028 3246 2070 3304 C

355 3318 358 3324 '
423 3306 554 3362 θεία
569 3301 976 3382 χάρις,“πάντα
1014 3309 1094 3381 τῷ
1122 3311 1241 3384 Θεῷ
1269 3312 1488 3366 δυνατά.
1542 3313 1734 3382 ’Ἀτιον
1759 3312 2004 3382 Πνεῦμα

313 3479 315 3481 ι
421 3399 523 3452 ἐπὶ
547 3400 624 3454 σὲ
643 3402 1062 3469 ἐπελεύσεται,
1103 3405 1203 3458 καὶ
1249 3405 1500 3475 δύναμις
1571 3401 1848 3472 Ὑψίστου
1880 3404 2004 3456 ἐπι-

424 3492 661 3546 σκιάσει
683 3509 806 3547 σοι·
841 3496 932 3548 διὸ
959 3495 1140 3550 καὶτὸ
1165 3497 1535 3567 γεννώμενον
1561 3497 1630 3549 ἐκ
1662 3495 1777 3550 σοῦ
1808 3495 1998 3564 ἅγιον,

423 3585 788 3652 κληθήσεται
836 3585 968 3652 Υἱὸς
990 3588 1155 3642 Θεοῦ.
1196 3589 1258 3641 Εί
1289 3589 1344 3641 δὲ
1375 3589 1504 3652 Υἱὸς
1527 3587 1698 3652 Θεοῦ,
1731 3589 1824 3640 καὶ
1846 3587 1998 3651 Θεὸς,

423 3673 487 3726 σύ
496 3692 743 3747 μμορφος
769 3676 846 3748 τῷ
866 3679 1060 3750 Πατρὶ,
1092 3677 1184 3732 καὶ
1218 3677 1512 3742 συναῖδιος,
1543 3678 1600 3732 ὲν
1627 3669 1672 3744 ᾧ
1698 3677 1879 3731 πᾶσαν
1907 3677 1998 3730 κέ-

361 3837 368 3840 _
424 3782 619 3838 κτηται
650 3769 678 3820 6
720 3769 910 3840 Πατὴρ
951 3770 1052 3840 τὴν
1085 3770 1389 3843 φανέρωσιν
1409 3787 1422 3800 ·
1458 3772 1486 3823 6
1533 3768 1818 3841 χαρακτὴρ
1842 3771 1898 3822 ὲν
1922 3767 2001 3839 τῷ

425 3859 702 3931 προσώπῳ
727 3901 742 3925 ,
781 3863 875 3914 καὶ
918 3861 1007 3915 διὰ
1033 3862 1126 3915 τοῦ
1149 3863 1581 3933 ἀπαυγάσματος
1618 3864 1652 3932 ή
1684 3861 1810 3927 δόξα
1831 3877 1999 3914 κατα-

421 3951 713 4022 λάμπεται.
744 3952 855 4004 Καὶ
877 3951 1066 4023 ὥσπερ
1093 3954 1158 4006 ἐκ
1188 3957 1286 4026 τῆς
1315 3953 1540 4008 ἁεννάου
1575 3953 1756 4024 πηγῆς
1797 3954 1844 4006 oi
1898 3968 1998 4005 πο-

419 4042 586 4112 ταμοὶ
622 4036 986 4113 προέρχονται
1008 4062 1021 4074 ·
1060 4041 1233 4109 οὕτως
1275 4029 1373 4097 καὶ
1407 4043 1473 4096 ὲκ
1502 4042 1704 4112 ταύτης
1744 4043 1842 4113 τῆς
1877 4043 2000 4096 ἀεν-

419 4134 550 4188 νάου
602 4133 695 4186 καὶ
724 4131 952 4196 ἀειζώου
975 4134 1178 4205 πηγῆς,
1205 4135 1530 4206 προέρχεται
1555 4134 1616 4186 τὸ
1640 4133 1754 4202 φῶς
1781 4133 1872 4186 τοῦ
1903 4134 1996 4186 κό-

423 4239 582 4296 σμου,
609 4223 670 4276 τὸ
688 4223 912 4277 άένναον
936 4225 1030 4277 καὶ
1051 4223 1323 4294 ἀληθινὸν,
1354 4224 1588 4295 Χριστὸς
1609 4224 1638 4275 ὁ
1671 4224 1800 4287 Θεὸς
1817 4225 1992 4294 ἡμῶν.

423 4315 561 4387 Περὶ
588 4315 792 4387 ταύτης
821 4316 927 4388 γάρ
953 4317 1002 4369 oi
1033 4317 1302 4388 προφῆται
1331 4317 1665 4388 κεκράγασιν
1685 4334 1697 4347 ·
1749 4316 1858 4370 Τοῦ
1886 4333 1994 4369 πο-

421 4409 608 4479 ταμοῦ
647 4411 720 4464 τὰ
756 4407 1060 4481 ὁρμήματά
1088 4411 1479 4480 εὐφραίνουσι
1517 4409 1640 4480 [γρ.
1669 4407 1736 4462 τὸ
1763 4409 1996 4479 ὅρμημα

423 4486 778 4575 εὐφραίνει]
805 4503 920 4571 τὴν
964 4505 1145 4558 πόλιν
1166 4503 1275 4558 τοῦ
1317 4501 1464 4556 Θεοῦ
1488 4519 1501 4531 ·
1543 4502 1604 4554 οὐ
1647 4502 1776 4572 μίαν
1803 4502 1859 4554 δὲ
1892 4502 1991 4554 πό-

2109 2025 2378 2090 Didici'Sti,
2411 2041 2444 2080 ο
2472 2024 2654 2096 Virgo,
2682 2041 2804 2095 quae
2833 2025 3010 2080 adhuc
3035 2026 3239 2096 angelis
3259 2025 3422 2080 etiam
3453 2023 3671 2079 fuerunt

2107 2117 2448 2173 abscondita.
2501 2117 2749 2181 Audisti,
2779 2132 2812 2171 ο
2847 2118 3209 2182 sanctissima,
3244 2133 3364 2186 quae
3390 2133 3669 2186 nunquam

2106 2209 2290 2263 divino
2344 2207 2549 2278 Spiritu
2601 2207 2901 2263 aillatorum
2957 2209 3155 2264 chorus
3211 2209 3399 2265 audire
3450 2209 3667 2263 meruit.

2107 2298 2317 2371 Moyses
2346 2309 2401 2355 et
2428 2300 2595 2356 David
2617 2341 2634 2368 ,
2669 2301 2836 2356 Isaias
2865 2317 2928 2356 ac
2954 2300 3176 2368 Daniel,
3229 2303 3516 2372 cunctique
3547 2318 3670 2371 pro-

2105 2391 2280 2461 phetae
2325 2393 2392 2448 de
2437 2392 2555 2462 ipso
2585 2392 3062 2462 praedicaverunt;
3098 2394 3193 2449 sed
3241 2395 3459 2448 modum
3503 2395 3670 2448 ratio-

2107 2491 2301 2538 nemve
2347 2483 2692 2553 ignorarunt.
2743 2481 2824 2536 Tu
2877 2499 3005 2537 vero
3052 2484 3202 2550 sola,
3253 2501 3286 2538 υ
3323 2484 3668 2538 sanctissima

2107 2570 2273 2643 Virgo
2295 2614 2308 2639 ,
2355 2589 2478 2644 quae
2512 2575 2598 2630 his
2630 2573 2885 2628 omnibus
2926 2574 3108 2644 ignota
3139 2573 3358 2644 fuerunt
3389 2575 3666 2646 mysteria,

2105 2682 2252 2722 nunc
2278 2666 2514 2736 suscipis
2537 2706 2552 2730 ,
2585 2681 2918 2736 causamque
2949 2666 3204 2737 intelligis
3233 2652 3330 2738 [aL
3365 2667 3577 2736 suscipe
3614 2674 3669 2721 et

2103 2758 2384 2829 intellige].
2439 2757 2573 2812 Nam
2606 2758 2697 2812 ubi
2725 2756 2953 2826 Spiritus
2981 2767 3222 2821 sanctus,
3247 2768 3444 2812 cuncta
3477 2773 3664 2827 prom-

2102 2857 2193 2918 pte
2245 2857 2407 2918 atque
2459 2848 2839 2902 incunctanter
2893 2845 3264 2915 perﬁciuntur.
3332 2843 3434 2899 Ubi
3488 2844 3667 2898 divina

2103 2942 2257 2996 adest
2301 2941 2508 3012 gratia,
2559 2941 2744 2994 omnia
2771 2939 2882 2994 Deo
2915 2946 3044 2992 sunt
3084 2937 3380 3007 possibilia.
3432 2935 3666 3005 Spiritus

2103 3043 2317 3087 sanctus
2353 3033 2672 3102 superveniet
2712 3034 2767 3086 in
2794 3042 2873 3098 te,
2913 3041 2962 3085 et
2989 3030 3153 3084 virtus
3184 3029 3443 3082 Altissinti
3481 3027 3665 3082 obum-
3713 3081 3740 3108 .

2104 3125 2276 3180 brabit
2327 3126 2423 3180 tibi
2464 3141 2482 3179 :
2529 3126 2646 3180 ideo
2692 3136 2738 3179 et
2784 3125 2920 3195 quod
2967 3133 3209 3178 nascetur
3231 3138 3295 3176 ea:
3333 3131 3380 3175 te
3402 3130 3664 3186 sanctum,

2102 3217 2390 3272 vocabitur
2418 3216 2595 3273 Filius
2641 3217 2760 3272 Dei.
2809 3215 2884 3270 ‘Si
2925 3226 3100 3270 autem
3132 3213 3303 3268 Filius
3332 3213 3454 3279 Dei,
3500 3212 3666 3266 etiam

2105 3309 2269 3378 Deus,
2294 3309 2538 3380 ejusdem
2569 3307 2756 3363 forma:
2785 3321 2907 3362 cum
2943 3304 3102 3359 Patre
3122 3345 3136 3370 ,
3167 3313 3219 3358 et
3249 3312 3580 3367 coaeternus;
3609 3301 3666 3356 in

2104 3418 2214 3473 quo
2240 3417 2457 3456 omnem
2483 3399 2648 3456 Pater
2677 3400 2920 3470 possidet
2948 3383 3422 3461 elariticationeni;
3469 3394 3665 3449 chara-

2103 3505 2218 3553 cter
2262 3505 2426 3564 atque
2475 3495 2653 3563 imago
2701 3493 2754 3546 in
2790 3506 3059 3562 persona;
3105 3497 3160 3543 et
3198 3502 3294 3557 per
3322 3486 3664 3556 splendorem

2102 3587 2270 3654 gloria
2295 3586 2545 3655 refulget.
2594 3583 2661 3639 Et
2689 3582 3149 3654 quemadmodum
3178 3595 3241 3636 ex
3269 3578 3490 3650 perenni
3519 3577 3668 3630 fonte

2100 3678 2404 3750 procedunt
2431 3676 2676 3742 ﬂumina,
2706 3676 2785 3730 sic
2812 3683 2866 3729 et
2894 3689 2960 3729 ex
2985 3674 3090 3727 hoc
3119 3670 3340 3742 perenni
3367 3685 3431 3723 ac
3455 3683 3666 3737 semper

2099 3770 2226 3825 vivo
2260 3769 2427 3833 fonte,
2459 3767 2805 3838 progreditur
2833 3766 3086 3836 perennis
3110 3771 3164 3831 et
3184 3777 3309 3818 vera
3333 3761 3423 3816 lux
3453 3759 3664 3825 mundi,

2101 3861 2354 3917 Christus
2387 3861 2532 3918 Deus
2555 3870 2759 3915 noster.
2803 3858 2874 3913 De
2897 3874 2962 3913 eo
2993 3871 3228 3926 namque
3258 3855 3534 3924 prophetae
3564 3853 3669 3907 cla-

2099 3963 2322 4010 marunt
2347 3973 2358 4008 :
2387 3953 2655 4009 Fluminis
2676 3956 2894 4023 impetus
2917 3952 3153 4020 laetiﬁcat
3176 3950 3438 4002 civitatem
3459 3946 3557 3999 Dei
3576 3944 3620 3979 ⁸⁷
3646 3978 3664 4005 ,

2099 4061 2491 4116 nequennam
2537 4045 2803 4099 duntaxat
2830 4044 3126 4104 civitatem,
3158 4041 3250 4095 sed
3275 4053 3500 4101 omnes;
3537 4050 3664 4090 nam

2099 4138 2241 4193 sicut
2271 4150 2435 4190 unam
2461 4116 2760 4199 civitatem,
2791 4133 3102 4187 universum
3131 4137 3400 4182 terrarum
3430 4123 3666 4177 laetiﬁcat

2097 4231 2305 4286 orbem.
2372 4225 2769 4282 Convenienter
2801 4225 2964 4294 igitur
2993 4221 3216 4292 angelus
3240 4217 3338 4290 [aL
3368 4217 3665 4284 archange-

2097 4320 2206 4391 lus]
2238 4326 2441 4376 sanctae
2467 4317 2651 4372 Mariae
2681 4316 2926 4386 Virgini,
2958 4314 3136 4384 primo
3171 4311 3413 4367 omnium
3436 4349 3451 4373 ,
3488 4306 3618 4361 illud
3644 4323 3660 4361 :

2098 4413 2222 4474 Ave,
2253 4410 2430 4479 gratia
2457 4407 2632 4477 plena,
2666 4407 2924 4461 Dominus
2967 4413 3154 4470 tecum,
3188 4398 3659 4472 praisigniticavit:

2097 4503 2357 4572 quoniam
2383 4516 2507 4556 cum
2539 4499 2658 4569 ipsa
2689 4507 2832 4553 totus
2865 4497 3051 4568 gratia:
3089 4495 3386 4549 thesaurus
3412 4489 3659 4545 recondi-

423 4592 524 4659 λιν,
553 4594 687 4648 ἀλλά
714 4595 924 4657 πάσας·
959 4594 1148 4667 ὥσπερ
1176 4594 1284 4665 γάρ
1334 4593 1461 4664 μίαν
1496 4593 1680 4660 πόλιν,
1715 4593 1993 4663 εὐφραίνει

2103 4603 2186 4649 tus
2208 4602 2344 4648 erat.
2380 4591 2458 4646 Ex
2484 4592 2740 4646 omnibus
2773 4591 2918 4646 enim
2950 4585 3409 4659 generationibus,
3439 4583 3553 4635 ha-c
3576 4595 3666 4635 so-

421 4683 518 4756 τὴν
548 4670 868 4758 οἰκουμένην
896 4686 1130 4741 ἃπασαν.
1166 4687 1488 4758 Πρεπόντως
1509 4687 1685 4740 τοίνυν
1713 4688 1741 4740 ὁ
1762 4687 1990 4757 ἄγγελος

2103 4686 2151 4740 la
2179 4685 2351 4754 virgo,
2384 4692 2572 4739 saneta
2603 4697 2831 4752 corpore
2861 4691 2914 4735 et
2949 4680 3143 4750 spiritu
3183 4676 3410 4740 exstitit,
3439 4675 3662 4743 solaque

579 4764 948 4851 ἀρχάγγελος]
977 4781 1042 4850 τῇ
1091 4778 1221 4850 ἁγίᾳ
1264 4778 1452 4850 Μαρίᾳ
1499 4778 1760 4849 Παρθένῳ
1799 4779 1991 4853 πρώτῃ

2103 4775 2204 4830 fert
2223 4790 2349 4829 eum
2379 4773 2471 4844 qui
2497 4773 2662 4828 verbo
2701 4771 2884 4825 omnia
2915 4778 3115 4840 portat.
3149 4766 3216 4822 Et
3235 4783 3344 4821 non
3369 4767 3544 4820 solum
3573 4765 3663 4818 ad-

427 4869 662 4932 πάντων,
694 4871 783 4924 τόο
823 4871 1019 4940 Χαῖρε,
1047 4871 1504 4940 κεχαριτωμένη,
1540 4874 1574 4925 ὁ
1599 4863 1818 4939 Κύριος
1844 4873 1994 4942 μετὰ

2103 4868 2443 4923 mirationem
2469 4867 2630 4921 nobis
2659 4866 2803 4934 parit
2829 4863 3189 4921 sanctissimae
3218 4859 3362 4914 illius
3389 4859 3442 4912 in
3470 4872 3664 4925 corpo-

423 4961 561 5027 σοῦ,
593 4963 969 5034 προεσήμανεν
991 4961 1224 5034 ’ἓὲπειδὴ
1262 4962 1377 5033 μετ’
1400 4954 1581 5034 αὐτῆς⁸
1593 4963 1711 5026 ὅλος
1729 4966 1756 5017 6
1789 4963 1991 5035 θησαυ-

2103 4975 2161 5015 re
2184 4959 2551 5029 pulchritudo,
2581 4957 2673 5011 sed
2699 4964 2753 5010 et
2785 4955 3014 5009 virtutes
3046 4953 3243 5007 animae
3263 4950 3402 5019 ejus.
3460 4947 3582 5001 ldeo
3607 4955 3662 5001 et

421 5053 516 5123 ρὺς
545 5052 645 5124 τῆς
676 5053 896 5125 χάριτος
926 5054 1260 5108 ὲναπέκειτο.
1287 5054 1398 5107 "Ex
1426 5053 1614 5108 πασῶν
1647 5054 1756 5127 γὰρ
1787 5057 1987 5125 γενεῶν

2103 5053 2282 5108 verbis
2310 5051 2419 5105 illis
2447 5069 2459 5105 :
2496 5049 2623 5116 Ave,
2648 5048 2824 5118 gratia
2848 5047 3020 5116 plena,
3039 5044 3273 5113 primum
3296 5040 3518 5109 angelus
3551 5035 3650 5108 [αι.

421 5142 557 5215 αῦτη
590 5144 722 5215 μόνη
754 5145 1018 5214 παρθένος
1046 5145 1177 5214 ἁγία
1221 5144 1431 5216 σώματι
1470 5145 1564 5198 καὶ¹
1602 5147 1866 5217 πνεύματι
1897 5147 1992 5217 γέ-

423 5251 578 5303 γονεν
596 5252 610 5266 ·
646 5236 741 5288 καὶ
769 5236 902 5306 μόνη
933 5237 1084 5308 φέρει
1108 5237 1199 5290 τὸν
1227 5235 1296 5288 τὰ
1323 5235 1500 5288 πάντα
1525 5236 1602 5307 τῷ
1647 5238 1850 5307 ῥήματι
1895 5239 1990 5308 φέ-

427 5345 606 5399 ροντα.
642 5328 752 5380 Καὶ
777 5328 840 5381 οὐ
885 5327 1042 5398 μόνον
1063 5323 1363 5398 θαυμάζειν
1405 5326 1550 5379 ἐστιν
1597 5326 1658 5378 τὸ
1697 5327 1797 5396 τῆς
1830 5327 1989 5396 ἁγίας

420 5419 482 5472 τὸ
507 5420 565 5473 ὲν
596 5419 808 5491 σώματι
854 5419 1071 5482 κάλλος·
1105 5417 1240 5472 ἀλλὰ
1271 5418 1364 5471 καὶ
1404 5416 1506 5486 τῆς
1535 5416 1713 5487 ψυχῆς
1744 5418 1834 5472 τὸν
1868 5419 1990 5473 ἐνά-

426 5527 576 5584 ρετον
618 5512 837 5582 τρόπον.
885 5511 975 5564 Διὸ
1017 5510 1114 5564 καὶ
1141 5511 1234 5563 τό·
1283 5508 1480 5577 Χαῖρε,
1512 5510 1946 5580 κεχαριτωμένη
1969 5550 1984 5575 ,

421 5604 555 5675 αὐτῇ
587 5587 780 5676 πρώτη
800 5605 828 5656 6
857 5601 1083 5672 ἄγγελος
1134 5599 1258 5673 [ἄλ.
1310 5601 1666 5674 ἀρχάγγελος]
1707 5601 1988 5674 προσεφώ-

421 5712 578 5770 νησεν
594 5711 612 5728 θ
657 5695 713 5748 -'0
736 5696 950 5763 Κύριος
973 5696 1124 5764 μετὰ
1151 5692 1290 5758 σοῦ,
1319 5694 1412 5747 καὶ
1432 5694 1494 5748 οὐ
1521 5694 1707 5765 γήϊνος
1739 5693 1986 5765 νυμφίος

490 5856 533 5887 ⁸⁷
573 5856 716 5913 Psal.
767 5855 867 5930 ω
892 5895 907 5922 ,
952 5858 1005 5912 5.

2097 5139 2482 5213 archangelus]
2527 5141 2702 5209 ipsam
2727 5136 3013 5193 salutando
3047 5133 3387 5203 compellavit
3418 5149 3431 5182 :
3465 5129 3648 5181 Domi-

2095 5255 2195 5293 nus
2225 5247 2414 5302 tecum,
2433 5247 2488 5289 et
2511 5249 2618 5288 non
2650 5241 2896 5286 terrenus
2918 5243 3179 5297 sponsus,
3200 5225 3292 5306 sed
3318 5225 3432 5292 ipse
3457 5220 3651 5276 sancti-

2096 5324 2368 5380 ticationis
2410 5321 2509 5394 [αι.
2558 5316 2887 5389 sanctitatis]
2916 5316 3200 5380 Dominus,
3252 5322 3403 5382 pater
3429 5311 3655 5366 castita-

2098 5417 2191 5483 tis,
2224 5412 2650 5483 incorruptionis
2682 5423 2872 5466 auctor
2913 5416 2967 5462 et
2994 5405 3259 5461 libertatis
3280 5404 3469 5472 dator;
3503 5404 3655 5458 salu-

2093 5509 2165 5564 tis
2203 5516 2527 5578 procurator
2553 5547 2568 5571 ,
2615 5513 2669 5559 et
2720 5517 2862 5557 verae
2904 5503 3054 5571 pacis
3099 5509 3448 5556 conservator
3490 5507 3656 5568 atque

2094 5599 2355 5668 largitor;
2397 5599 2489 5668 qui
2531 5612 2596 5652 ex
2642 5604 2784 5648 terra
2819 5593 3024 5663 virgine
3050 5591 3251 5647 creavit
3276 5589 3571 5653 hominem,
3598 5597 3654 5644 et

2099 5705 2166 5746 ex
2194 5691 2337 5747 illius
2367 5691 2532 5747 latere
2555 5703 2619 5746 ac
2641 5694 2789 5744 costa
2819 5683 2982 5741 Evam
3014 5683 3309 5754 assumpsit
3335 5681 3433 5757 [αι.
3462 5691 3651 5754 protu-
