4100 6442
447 424 581 483 HM

1076 420 1135 479 S.
1175 417 1508 479 GREGURII
1545 416 1903 477 THAUMAT.
1949 417 2096 475 OPP.
2138 418 2318 475 PARS
2357 417 2654 474 ALTERA.
2691 447 2765 460 --
2814 417 3041 474 DUBIA.

3542 418 3684 473 “5:2

448 544 534 613 lit,
563 542 786 616 creavit]
823 563 837 599 :
866 543 956 601 hic
978 542 1239 600 Dominus
1269 550 1471 605 tecum,
1508 552 1565 599 et
1588 556 1804 598 rursum
1838 558 1907 599 ex
1931 552 2004 599 te.

2121 542 2223 596 ἀλλ’
2247 541 2409 604 αὐτὸς
2454 543 2484 595 6
2512 540 2604 595 τοῦ
2665 540 2939 612 ἁγιασμοῦ
2968 541 3170 612 Κύριος
3194 580 3209 606 ,
3263 542 3291 595 6
3327 540 3429 612 τῆς
3460 540 3682 609 ἁγνείας

447 636 605 706 Agite
650 636 815 707 igitur
843 679 857 703 ,
889 635 1196 691 charissimi
1221 676 1238 702 ,
1270 644 1326 691 et
1348 651 1450 692 nos
1491 637 1786 705 angelicam
1817 650 2013 691 conse-

451 736 662 782 ctautes
690 726 928 793 laudem,
946 726 1184 781 debitum
1213 742 1311 796 pro
1338 728 1546 782 viribus
1572 728 1710 796 grati
1742 727 1840 799 [αι.
1865 734 2016 797 grato

396 862 400 865 .
453 816 658 889 animo]
693 818 1093 886 persolvamus,
1128 818 1410 874 dicentes:
1444 819 1550 873 Ave
1577 834 1643 873 ac
1672 818 1868 889 gaude,
1891 834 2017 888 gra-

452 912 531 965 tia
574 910 766 980 plena,
815 910 1071 965 Dominus
1116 920 1303 965 tecum.
1373 909 1548 965 Tuum
1592 912 1737 965 enim
1779 926 1904 965 vere
1933 919 2015 966 est

450 1016 611 1058 avere
666 1011 831 1072 atque
871 1003 1135 1071 gaudere;
1175 1002 1431 1073 quoniam
1469 1012 1646 1058 tecum
1679 1002 1863 1057 divina
1886 1016 2012 1070 gra-

450 1092 549 1157 tia,
584 1101 643 1147 ut
671 1094 845 1157 novit,
867 1094 1254 1149 habitationem
1288 1094 1479 1164 elegit;
1508 1110 1632 1149 cum
1660 1094 1876 1159 ancilla,
1900 1094 2013 1148 Rex

452 1184 637 1254 gloriae
668 1202 681 1239 :
714 1200 836 1240 cum
887 1186 1167 1254 speciosa,
1222 1186 1482 1255 speciosus
1532 1185 1706 1254 forma
1750 1201 1860 1255 pra:
1883 1183 2015 1254 ﬁliis

449 1274 722 1327 hominum
745 1274 828 1341 ⁸⁸;
864 1290 988 1330 cum
1023 1276 1324 1346 impolluta,
1347 1278 1437 1347 qui
1460 1277 1767 1333 sanctificat
1790 1278 2012 1332 univer-

450 1380 535 1420 sa.
560 1364 765 1422 Tecum
795 1366 959 1432 Deus,
995 1375 1051 1423 et
1071 1382 1137 1423 ex
1160 1377 1215 1424 te
1243 1367 1417 1443 Deus,
1443 1384 1508 1426 ac
1530 1368 1800 1445 perfectus
1827 1370 2010 1437 homo,

450 1456 506 1513 in
551 1474 660 1528 quo
679 1461 858 1516 omnis
899 1461 1178 1531 plenitudo
1219 1462 1518 1518 divinitatis
1548 1463 1832 1518 inhabitat.
1879 1464 2004 1527 Ave,
2052 1454 2058 1461 ’

450 1554 629 1624 gratia
652 1554 809 1624 plena
829 1597 843 1619 ,
880 1554 1002 1611 fons
1028 1554 1165 1611 lucis
1187 1597 1204 1622 ,
1227 1557 1319 1626 qui
1344 1564 1572 1611 cunctos
1601 1557 1656 1610 in
1690 1557 1864 1627 ipsum
1898 1572 2014 1613 cre-

451 1644 639 1701 dentes
665 1645 954 1704 illuminat.
991 1648 1112 1715 Ave,
1146 1649 1322 1719 gratia
1344 1648 1520 1717 plena,
1546 1648 1900 1718 intelligibilis
1924 1662 2013 1704 so-

450 1735 521 1792 lis
544 1737 729 1793 oriens
762 1736 859 1810 [aL
892 1739 1023 1794 solis
1042 1739 1265 1810 iustitia:
1295 1738 1534 1812 oriens],
1557 1750 1612 1796 et
1640 1739 1740 1797 flos
1765 1741 1887 1796 vitae
1908 1741 2012 1795 im~

452 1826 776 1882 maculatus.
837 1827 960 1894 Ave,
989 1830 1164 1899 gratia
1192 1829 1347 1900 plena
1366 1870 1382 1896 ,
1408 1838 1621 1900 pratum
1645 1830 2014 1900 fragrantissi-

452 1931 624 1972 mum.
654 1918 783 1985 Ave,
808 1895 1208 1990 gratiavplena,
1250 1895 1379 1976 vitis
1403 1895 1616 1990 semper
1638 1895 1859 1993 vigens;
1894 1937 2016 1992 quae
2045 1895 2087 1950 Β

450 2008 665 2064 animas
687 2010 1098 2079 glorificantium
1129 2021 1181 2066 te
1206 2011 1466 2067 laetificas.
1494 2012 1623 2075 Ave,
1650 2012 1824 2081 gratia
1840 2009 2013 2080 plena,

454 2113 586 2170 ager
605 2101 701 2170 qui
723 2116 830 2156 non
852 2108 1105 2157 exaratos
1129 2100 1339 2158 fructus
1362 2101 1565 2174 profert
1585 2103 2013 2172 pulcherrimos:

454 2193 758 2248 secundum
792 2203 1042 2250 naturam
1075 2195 1315 2266 quidem,
1349 2210 1415 2250 eo
1444 2196 1590 2266 quod
1621 2210 1774 2251 more
1803 2203 2015 2262 nostro,

450 2295 506 2342 et
535 2293 775 2356 tempore
804 2295 982 2346 motus
1070 2288 1498 2360 gestationisque
1544 2297 1758 2344 servato
1791 2288 2019 2359 protuli-

451 2376 555 2445 sti;
588 2386 644 2433 at
665 2388 859 2448 praeter
890 2388 1163 2444 naturam,
1189 2390 1285 2436 aut
1307 2382 1485 2452 potius
1527 2395 1693 2451 supra
1740 2390 2016 2448 naturam,

452 2466 582 2536 quia
616 2482 848 2537 superne
889 2469 1131 2525 divinum
1165 2470 1401 2527 Verbum
1431 2471 1684 2535 advenit,
1733 2471 1864 2526 etin
1894 2486 2021 2528 san-

452 2566 540 2611 cto
572 2567 667 2613 tuo
694 2568 849 2613 utero
876 2560 1143 2617 Adamum
1170 2560 1506 2628 reformavit,
1541 2578 1607 2619 ac
1632 2562 2016 2619 fecunditatem

358 2667 364 2673 ”
454 2649 675 2720 quidem
723 2650 961 2720 Spiritus
1006 2663 1230 2711 sanctus
1259 2664 1462 2711 sanch
1490 2653 1699 2727 Virgini
1752 2657 2016 2726 prmbuit;

455 2757 644 2797 verum
690 2752 873 2799 autem
917 2759 1116 2815 corpus
1163 2760 1228 2800 ex
1270 2747 1390 2815 ejus
1415 2760 1643 2817 corpore
1677 2756 2017 2820 assumptum

451 2841 556 2889 est.
616 2834 685 2889 Et
712 2836 857 2891 sicut
884 2837 1177 2907 margarita
1203 2838 1315 2908 (li)
1341 2853 1408 2893 ex
1430 2838 1642 2896 duabus
1663 2840 1877 2901 naturis
1898 2882 1913 2907 ,
1951 2856 2018 2896 ex

453 2924 670 2998 fulgure
697 2927 954 2998 nimirum
983 2938 1035 2984 et
1058 2945 1222 3000 aqua,
1249 2931 1478 2987 occultis
1524 2932 1851 3002 quibusdam
1879 2933 2019 2988 indi-

390 3087 415 3109 .
451 3017 553 3072 ciis
587 3032 651 3072 ac
675 3017 844 3087 signis
874 3019 1042 3074 maris
1089 3022 1366 3089 provenit;
1400 3024 1475 3077 ita
1503 3036 1723 3093 quoque
1755 3022 2019 3119 Domi‘us

454 3117 642 3164 noster
687 3108 846 3166 Jesus
889 3111 1163 3180 Christus,
1218 3112 1502 3170 inconfuse
1524 3122 1581 3170 et
1606 3108 2021 3171 immutabili'ter

2117 631 2250 703 [ἀλ.
2275 629 2465 701 ἁγίας]
2492 633 2696 702 πατὴρ,
2725 634 2754 685 6
2770 631 2870 701 τῆς
2885 631 3194 702 ἀφθαρσίας
3208 630 3450 700 κτίστης,
3473 631 3685 702 καὶτῆς

2112 728 2423 800 ὲλευθερίας
2453 727 2636 798 δοτὴρ,
2669 727 2700 778 6
2727 727 2826 797 τῆς
2848 725 3117 798 σωτηρίας
3142 723 3420 797 κηδεμὼν,
3456 724 3552 778 καὶ
3582 724 3686 796 τῆς

2112 819 2346 891 ἀληθοῦς
2363 820 2585 892 είρήνης
2604 819 2808 890 ταμίας
2832 817 3085 890 χορηγὸς,
3119 820 3149 871 6
3176 819 3242 871 ὲκ
3272 816 3374 885 τῆς
3404 816 3686 886 Παρθένου

2112 913 2216 982 γῆς
2248 910 2460 974 πλάσας
2483 910 2575 964 τὸν
2598 910 2903 981 ἄνθρωπον,
2934 909 3028 963 καὶ
3059 911 3125 962 ὲκ
3154 909 3252 979 τῆς
3285 907 3496 961 ἐκείνου
3529 907 3691 962 πλευ-

2115 1005 2215 1074 ρᾶς
2249 1004 2350 1072 τὴν
2379 1001 2523 1055 Εὕαν
2576 999 3010 1073 προσλαϐόμενος
3043 996 3685 1072 [ἇλτπροόαλλόμενοςγ

2111 1088 2262 1157 οὗτος
2289 1095 2318 1146 ὁ
2353 1091 2559 1163 Κύριος
2606 1092 2745 1163 μετά
2772 1090 2888 1156 σοῦ,
2916 1092 3010 1144 καὶ
3036 1091 3200 1144 πάλιν
3242 1093 3307 1145 ὲκ
3355 1089 3472 1154 σοῦ.
3517 1089 3694 1163 Δεῦρο

2113 1184 2242 1257 [ἀλ.
2271 1182 2448 1255 δεῦτε]
2477 1183 2673 1248 τοίνυν,
2699 1184 2992 1255 ἀγαπητοὶ,
3023 1184 3291 1253 καὶήμεῖς
3316 1181 3393 1251 τῷ
3413 1180 3693 1253 ἀγγελικῷ

2112 1279 2246 1349 αἴνῳ
2279 1277 2654 1351 συνεπόμενοι,
2684 1275 2785 1348 τὴν
2805 1275 2949 1330 κατὰ
2976 1276 3207 1346 δύναμιν
3238 1274 3457 1346 ὀφειλὴν
3481 1273 3693 1343 εὐγνώ-

2116 1388 2273 1442 μονες
2326 1369 2452 1442 [πο.
2516 1368 2911 1440 εὐγνωμόνως]
2975 1367 3357 1438 ἁποτίσωμεν,
3403 1367 3690 1436 λέγοντεςο

2111 1462 2303 1530 Χαῖρε,
2330 1461 2785 1531 κεχαριτωμένη,
2817 1463 2849 1515 ὁ
2870 1461 3084 1529 Κύριος
3115 1460 3266 1528 μετὰ
3285 1458 3422 1513 σοῦ.
3455 1459 3554 1512 Σιὸν
3580 1457 3695 1530 γὰρ

2112 1554 2174 1607 τὸ
2202 1554 2411 1626 χαίρειν
2439 1552 2686 1624 ἀληθῶς·
2718 1551 2904 1623 ἐπειδὴ
2958 1550 3098 1623 μετὰ
3131 1550 3225 1604 σοῦ
3262 1554 3296 1622 ή
3342 1550 3462 1604 θεία
3506 1550 3694 1622 χάρις,

2112 1645 2188 1709 ὡς
2213 1641 2351 1699 οἶδεν
2377 1686 2392 1710 ,
2436 1647 2745 1717 ἐσκήνωσεν
2764 1662 2787 1707 ἠ
2837 1642 2977 1723 μετά
3010 1647 3109 1713 τῆς
3135 1644 3347 1716 δούλης,
3375 1646 3404 1699 6
3429 1644 3696 1708 Βασιλεὺς

2113 1739 2212 1809 τῆς
2255 1737 2411 1809 δόξης
2431 1754 2444 1768 ·
2478 1727 2617 1808 μετά
2640 1732 2738 1809 τῆς
2768 1735 3000 1809 ὡραίας,
3018 1739 3051 1790 ό
3067 1736 3283 1805 ὡραῖος
3299 1735 3511 1792 κάλλει
3532 1735 3699 1804 παρὰ

2116 1830 2257 1896 τοὺς
2282 1829 2451 1895 υἱοὺς
2486 1830 2605 1883 τῶν
2632 1827 2990 1898 ἀνθρώπων·
3042 1827 3179 1898 μετὰ
3210 1826 3314 1899 τῆς
3344 1828 3632 1899 ἀμιάντου,
3666 1830 3705 1882 6

2116 1922 2355 1992 ἁγιάζων
2381 1921 2451 1975 τὰ
2476 1922 2785 1991 σύμπαντα4
2811 1918 2969 1999 Madvig
2997 1919 3089 1974 σοῦ
3116 1922 3144 1973 6
3175 1920 3327 1985 Θεὸς,
3359 1921 3452 1975 καὶ
3489 1920 3701 1986 τέλειος

2115 2015 2421 2088 ἄνθρωπος,
2453 2017 2510 2068 ὲν
2542 2007 2588 2083 ᾧ
2621 2016 2867 2068 κατοικεῖ
2898 2000 3008 2067 πᾶν
3034 2013 3096 2066 τὸ
3128 2013 3404 2085 πλήρωμα
3445 2011 3547 2083 τῆς
3579 2011 3701 2067 θεό-

2115 2107 2499 2179 τητος.Χα7ρε,
2529 2104 2984 2175 κεχαριτωμένη,
3014 2106 3046 2176 ή
3086 2103 3236 2175 πηγὴ
3262 2103 3357 2157 τοῦ
3387 2102 3583 2174 φωτὸς,
3599 2102 3700 2157 τοῦ

2117 2198 2441 2271 φωτίζοντος
2503 2198 2708 2261 πάντας
2765 2198 2892 2260 τοὺς
2943 2198 3021 2260 είς
3083 2196 3245 2249 αὐτὸν
3316 2194 3695 2256 πιστεύοντας.

2116 2289 2761 2364 Χαῖρε,κεχαριτωμένη
2785 2328 2800 2352 ,
2846 2287 2942 2341 τοῦ
2985 2285 3176 2358 νοητοῦ
3213 2286 3425 2358 ήλίουή
3462 2283 3701 2356 ἀνατολὴ

2118 2385 2257 2457 [ἄλ.
2289 2383 2437 2455 ἡλίου
2468 2382 2566 2453 τῆς
2593 2379 2941 2450 δικαιοσύνης
2985 2381 3018 2450 ἡ
3053 2377 3289 2448 ἀνατολὴ
3301 2375 3354 2448 Γ,
3388 2378 3483 2430 καὶ
3510 2376 3571 2430 τὸ
3598 2375 3707 2446 τῆς

2118 2476 2265 2545 ζωῆς
2284 2475 2545 2546 ἀμίαντον
2577 2472 2754 2536 ἄνθος.
2808 2470 3007 2540 Xai'pe,
3022 2468 3462 2540 κεχαριτωμένη
3483 2507 3498 2534 ,
3527 2469 3558 2521 6
3587 2468 3704 2522 λει-

2121 2569 2234 2639 μὼν
2262 2568 2360 2638 τῆς
2388 2564 2627 2628 εὐωδίας.
2660 2561 3330 2633 Χαῖρε,κεχαριτωμένη,
3372 2562 3406 2631 ἡ
3451 2560 3703 2631 ἄμπελος

2118 2664 2150 2733 ή
2182 2659 2456 2731 ἁειθαλὴς,
2478 2661 2510 2728 ἡ
2533 2656 2892 2729 εύφραίνουσα
2912 2655 3012 2721 τὰς
3036 2654 3215 2725 ψυχάς
3241 2653 3351 2708 τῶν
3370 2653 3429 2733 σε
3453 2651 3708 2718 δοξαξόν-

2117 2728 2244 2806 των.
2261 2728 2454 2820 Χαῖρε,
2486 2728 2944 2819 κεχαριτωμένη,
2975 2748 3009 2818 ἡ
3037 2728 3403 2818 ἀγεώργητώ
3414 2743 3708 2815 καλλίκαρ-

2119 2861 2218 2907 πος
2249 2843 2474 2914 ἄρουρα.
2509 2839 2670 2893 Κατὰ
2696 2839 2856 2908 φύσιν
2883 2840 3009 2911 μὲν,
3044 2838 3132 2892 διὰ
3159 2838 3221 2891 τὸ
3249 2837 3373 2892 καθ’
3403 2838 3574 2909 ἡμᾶς,
3606 2836 3706 2891 καὶ

2117 2934 2206 2988 διὰ
2235 2932 2324 2986 τὸν
2344 2932 2532 3003 χρόνον
2555 2930 2655 3000 τῆς
2679 2930 2964 3000 ἀσκήσεως
2987 2926 3284 3000 [κυήσεως]
3307 2944 3320 2958 ⁸
3346 2926 3498 2999 παρὰ
3530 2925 3701 2995 φύσιν

2118 3026 2195 3091 δὲ,
2215 3024 2412 3097 μᾶλλον
2435 3018 2649 3096 δὲ’ὑπὲρ
2676 3023 2856 3093 φύσιν,
2876 3021 2964 3076 διὰ
2984 3021 3077 3075 τὸν
3092 3018 3296 3074 ἀνωθεν
3316 3018 3701 3090 ὲνδημήσαντα

2118 3117 2250 3172 Θεὸν
2276 3118 2473 3181 Λόγον,
2503 3117 2597 3171 καὶ
2636 3119 2694 3170 ὲν
2728 3118 2793 3187 τῇ
2828 3115 2961 3185 ἁγίᾳ
3002 3130 3096 3167 σου
3120 3113 3318 3183 γαστρὶ
3355 3112 3447 3165 τὸν
3514 3109 3695 3181 Ἀδὰμ

451 3215 517 3255 ex
548 3216 686 3270 pura
710 3217 775 3257 ac
799 3211 975 3268 casta,
1019 3212 1076 3259 et
1099 3205 1379 3274 impolluta
1405 3221 1472 3261 ac
1490 3215 1677 3263 sancta
1699 3204 1869 3263 Maria
1899 3194 2021 3262 Vir-

2126 3208 2533 3274 ἀναπλάσαντα,
2562 3208 2657 3262 καὶ
2690 3206 2751 3260 τὸ
2782 3206 2879 3278 μὲν
2906 3205 3150 3276 γόνιμον,
3169 3207 3235 3276 τῇ
3263 3202 3395 3276 ἁγίᾳ
3438 3202 3709 3281 Παρθένῳ

450 3292 577 3359 gine
603 3294 962 3364 progreditur,
990 3295 1047 3349 in
1079 3296 1279 3352 deitate
1303 3296 1668 3368 perfectus,et
1688 3301 1743 3354 in
1775 3299 2023 3355 humani-

2125 3301 2396 3372 παρέσχεν
2419 3300 2482 3353 τὸ
2506 3301 2659 3368 ἁγιον
2692 3297 2916 3370 Πνεῦμα
2939 3314 2952 3328 ·
2974 3299 3020 3369 ,ή
3050 3297 3106 3351 δὲ
3137 3295 3364 3368 ἀλήθεια
3395 3294 3487 3348 τοῦ
3511 3292 3706 3365 σώμα-

454 3391 564 3438 tate
601 3382 914 3469 perfectus,
958 3382 1104 3439 Patri
1149 3401 1246 3456 per
1286 3386 1471 3443 omnia
1510 3387 1706 3449 sitnilis
1735 3428 1751 3455 ,
1781 3396 1836 3443 et
1864 3388 2022 3444 nobis

2123 3407 2216 3453 τος
2262 3389 2613 3461 προσελήφθη
2645 3390 2710 3442 ὲκ
2732 3386 2827 3441 τοῦ
2867 3386 3117 3457 σώματος
3149 3386 3339 3457 αὐτῆς.
3375 3385 3486 3439 Καὶ
3513 3383 3713 3456 ὥσπερ

453 3490 559 3546 per,
595 3475 780 3530 omnia
806 3476 1284 3535 consubstantialis
1303 3520 1319 3545 ,
1365 3480 1461 3535 sed
1489 3479 1669 3535 omnis
1697 3480 1899 3550 peccati
1920 3495 2022 3534 ex-

2125 3483 2153 3534 6
2185 3480 2529 3552 μαργαρίτης
2558 3483 2623 3533 ὲκ
2657 3480 2767 3534 τῶν
2797 3480 2891 3534 δύο
2922 3479 3158 3550 φύσεων,
3193 3478 3251 3545 ἐξ
3286 3476 3575 3550 ἀστραπῆς
3608 3477 3708 3530 καὶ⁵

446 3577 604 3633 Ρθτεο
2128 3571 2341 3639 ὓδατος,
2369 3574 2433 3625 ἐκ
2451 3571 2558 3626 τῶν
2574 3572 2782 3643 ἀδήλων
2810 3571 3052 3643 σημείων
3075 3572 3174 3643 τῆς
3207 3569 3483 3640 θαλάσσης
3508 3568 3709 3641 προέρ-

453 3677 609 3730 χεται
623 3676 636 3690 ⁸
667 3661 836 3725 οὕτως
858 3663 997 3715 καὶὸ
1027 3662 1300 3734 Δεσπότης
1314 3662 1471 3735 ήμῶν
1504 3663 1710 3734 Ἰησοῦς
1737 3666 1765 3717 ὁ
1785 3663 2040 3736 Χριστὸς,
2101 3667 2418 3737 ἀσυγχύτως
2462 3667 2555 3721 καὶ
2579 3666 2884 3739 ἀτρέπτως,
2906 3668 2972 3720 ὲκ
3008 3667 3106 3737 τῆς
3125 3665 3371 3737 καθαρᾶς
3393 3665 3488 3719 καὶ
3509 3665 3705 3735 ἁγνῆς.

436 3753 551 3835 ¹καὶ.
587 3754 887 3824 ἀμιάντου,
923 3756 1017 3809 καὶ
1050 3756 1210 3825 ἁγίας
1261 3757 1537 3828 Παρθένου
1571 3760 1791 3830 Μαρίας
1824 3760 2171 3833 προέρχεται,
2217 3764 2276 3816 ὲν
2323 3762 2539 3833 θεότητι
2577 3761 2801 3825 τέλειος,
2841 3762 2936 3815 καὶ
2962 3762 3018 3814 ὲν
3060 3759 3438 3832 ἁνθρωπότητι
3477 3759 3705 3823 τέλειος,

455 3847 599 3902 κατὰ
639 3849 816 3904 πάντα
857 3850 1041 3920 ὅμοιος
1068 3851 1147 3922 τῷ
1186 3852 1389 3924 Πατρὶ,
1416 3852 1520 3907 καὶ
1566 3852 1848 3924 ὁμοούσιος
1883 3856 2012 3926 ἡμῖν
2046 3855 2185 3910 κατά
2214 3856 2410 3921 πάντα,
2441 3855 2610 3927 χωρὶς
2641 3855 2932 3927 ἁμαρτίας.

526 3945 752 4000 Plurimi
799 3954 1111 4001 sanctorum
1162 3945 1423 4013 Patrum,
1489 3948 1923 4018 patriarcharum
1970 3959 2026 4005 et

456 4038 848 4108 prephetarum
872 4039 1250 4094 desiderarunt
1276 4054 1398 4094 eum
1420 4040 1604 4097 videre
1628 4054 1682 4096 et
1703 4056 1886 4097 coram
1908 4056 2027 4111 spe-

457 4138 694 4186 ctatores
723 4130 861 4197 fieri,
896 4138 952 4185 et
977 4145 1085 4186 non
1115 4141 1431 4202 potuerunt.
1488 4131 1557 4187 Et
1580 4132 1672 4187 alii
1706 4132 1925 4202 quidem
1956 4147 2022 4187 ex

458 4225 594 4294 ipsis
636 4239 734 4296 per
773 4225 1012 4280 visiones
1038 4225 1406 4281 adumbratim
1437 4225 1496 4279 in
1520 4224 1898 4296 aanigmatibus
1922 4223 2019 4298 [αι.

461 4317 516 4371 in
544 4314 850 4389 aenigmate]
897 4325 1326 4388 conspexerunt;
1376 4317 1471 4372 alii
1517 4330 1645 4371 vero
1687 4317 1743 4371 in
1771 4317 2027 4372 columna

461 4408 624 4465 nubis
647 4410 887 4465 divinam
916 4424 1119 4485 ,vocem
1151 4409 1463 4475 audierunt,
1493 4417 1550 4465 et
1577 4418 1893 4466 sanctorum
1928 4423 2029 4464 an-

460 4501 702 4572 gelorum
735 4501 1046 4573 aspectibus
1087 4501 1241 4572 potiti
1284 4509 1445 4569 sunt;
1484 4501 1552 4556 ad
1586 4499 1816 4555 Mariam
1847 4507 2029 4556 autem

460 4593 726 4663 virginem
768 4594 938 4649 solam
983 4601 1228 4647 sanctam
1270 4590 1488 4647 Gabriel
1534 4593 1894 4663 archangelus
1930 4590 2028 4665 [αι.

460 4682 711 4755 angelus]
752 4685 900 4739 claro
938 4684 1146 4738 lumine
1175 4683 1354 4751 venit,
1385 4682 1512 4752 Ave,
1540 4684 1718 4755 gratia
1742 4682 1931 4754 plena,
1980 4683 2032 4738 ei

464 4777 836 4846 annuntians;
885 4785 943 4834 et
988 4776 1069 4833 sic
1112 4777 1231 4848 ipsa
1280 4775 1518 4833 Verbum
1571 4779 1832 4849 suscepit,
1877 4786 1935 4834 et
1974 4778 2033 4833 in

467 4876 714 4939 tempore
742 4882 1021 4940 corporea:
1051 4869 1430 4938 completionis
1461 4870 1753 4940 pretiosam
1776 4868 2037 4940 margari-

470 4968 580 5014 tam
603 4960 876 5030 produxit.
931 4960 1134 5017 Adeste
1170 4963 1366 5033 igitur,
1408 4976 1509 5017 vos
1533 4975 1752 5032 quoque
1774 4960 2035 5016 charissi-

467 5052 566 5115 mi,
616 5061 671 5107 et
715 5053 893 5108 dulcia
936 5054 1101 5108 verba
1142 5053 1233 5108 illa
1273 5068 1339 5109 ex
1367 5053 1601 5124 spiritali
1625 5052 1793 5108 David
1819 5054 2032 5108 cithara

467 5145 628 5201 nobis
673 5154 1056 5215 repraesentata
1104 5147 1492 5215 decantemus,
1525 5148 1803 5203 dicentes:
1845 5144 2032 5215 Surge,

470 5235 713 5297 Domine,
764 5238 819 5291 in
849 5242 1076 5307 requiem
1109 5248 1275 5306 tuam,
1316 5247 1392 5305 tu,
1420 5248 1469 5293 et
1499 5254 1627 5293 arca
1655 5236 2039 5305 sanctiﬁcatio-

473 5326 555 5381 nis
584 5335 688 5382 tum
716 5327 784 5381 ⁸⁸.
832 5325 971 5383 Vere
1019 5328 1164 5383 enim
1196 5344 1325 5384 arca
1358 5340 1441 5384 est
1471 5326 1817 5383 sanctissima
1856 5324 2034 5393 Virgo,

473 5419 804 5476 intrinsecus
829 5428 883 5477 et
905 5422 1246 5477 extrinsecus
1268 5421 1548 5486 deaurata,
1576 5432 1699 5488 qua:
1727 5418 2038 5473 universum

473 5512 918 5568 sanctiﬁcationis
951 5514 1269 5569 thesaurum
1297 5512 1551 5583 suscepit.
1583 5510 1771 5582 Surge,
1800 5510 2038 5576 Domine,

545 5680 757 5735 “Psal.
794 5694 954 5747 xuv,
1003 5682 1056 5737 5.
1130 5683 1175 5714 ⁸⁸
1217 5680 1369 5736 Psal.
1404 5695 1588 5745 cxm,
1616 5678 1668 5734 8.

2200 3951 2447 4005 Πλεῖστοι
2465 3949 2574 4004 τῶν
2601 3949 2772 4020 ἁγίων
2793 3949 3074 4022 Πατέρων,
3098 3950 3192 4003 καὶ
3213 3945 3588 4021 πατριαρχῶν,
3612 3946 3709 4001 καὶ

2122 4040 2443 4113 προφητῶν,
2481 4039 2831 4111 ἐπεθύμησαν
2862 4039 3009 4103 ἰδεῖν,
3029 4039 3122 4092 καὶ
3146 4030 3409 4092 αὐτόπται
3429 4037 3705 4106 γενέσθαι.

2129 4134 2224 4186 καὶ
2256 4132 2323 4185 ὀὐ
2376 4131 2681 4200 γεγόνασιν.
2718 4131 2828 4184 Καὶ
2869 4130 2921 4184 οἱ
2973 4130 3070 4201 μὲν
3117 4128 3296 4183 αὐτῶν
3318 4168 3333 4193 ,
3366 4128 3458 4181 διὰ
3485 4127 3710 4199 ὁράσεις

2130 4224 2583 4288 αὐτὸντυπικῶς
2632 4227 2690 4277 ὲν
2750 4222 3064 4293 αἰνίγμασιν
3107 4219 3235 4293 [ἄλ.
3279 4221 3338 4274 ὲν
3390 4217 3706 4290 αἰνίγματι]

2133 4318 2460 4373 ἐθεάσαντο·
2490 4317 2540 4370 oi
2565 4316 2621 4369 δὲ
2654 4316 2712 4367 ὲν
2747 4314 2918 4386 στόλῳ
2960 4312 3189 4383 νεφέλης
3228 4310 3380 4374 θείας
3416 4310 3601 4380 φωνῆς
3650 4311 3711 4363 ὲν

2133 4407 2397 4480 ἀκροάσει
2418 4407 2743 4476 γεγόνασιν,
2785 4406 2880 4459 καὶ
2912 4403 3084 4474 ἁγίων
3128 4400 3374 4471 ἀγγέλων
3421 4400 3711 4470 συνέτυχον

2057 4462 2109 4524 D
2135 4462 2456 4563 ιἰπστασίαιςΞ
2507 4462 2645 4570 πρὸς
2698 4462 2933 4568 Μαριάμ
3081 4462 3355 4565 Παρθένον
3403 4491 3570 4563 μόνην
3610 4462 3711 4562 τήν

2138 4590 2321 4661 ἁγίαν,
2344 4589 2580 4662 Γαϐριὴλ
2611 4597 2639 4643 ὀ
2668 4587 3003 4661 ἀρχάγγελος
3029 4585 3160 4659 [ἄλ.
3197 4587 3225 4639 6
3252 4582 3517 4654 ἄγγελος]
3539 4598 3707 4652 φωτι-
3752 4620 3757 4625 ρ

2140 4684 2339 4749 στικῶς
2371 4682 2735 4754 παρεγένετο,
2763 4679 2846 4745 τὸ,
2875 4678 3072 4748 Χαῖρε,
3103 4673 3709 4747 κεχαριτωμένη,αὐτῇ
3782 4714 3787 4720 .

2137 4774 2621 4846 εὐαγγελιζόμενος
2639 4791 2652 4804 ·
2687 4774 2783 4827 καὶ
2810 4773 2980 4836 οὕτως
3011 4772 3103 4825 τὸν
3124 4771 3297 4840 Λόγον
3329 4767 3548 4833 ἐδέξατο
3567 4810 3581 4833 ,
3616 4766 3712 4821 καὶ
3809 4828 3815 4833 ,

2135 4867 2194 4920 ὲν
2223 4866 2300 4938 τῷ
2324 4864 2502 4937 καιρῷ
2522 4865 2619 4936 τῆς
2659 4864 2974 4936 σωματικῆς
3002 4858 3467 4933 συμπληρώσεως,
3499 4857 3592 4912 τὸν
3614 4874 3711 4911 ποι-

2138 4957 2360 5029 λύτιμον
2407 4956 2751 5028 μαργαρίτην
2802 4956 3157 5027 προήνεγκεν.
3209 4951 3374 5005 Δεῦτε
3401 4949 3580 5005 τοίνυν
3618 4945 3714 5002 καὶ

2140 5051 2316 5120 ὑμεῖς,
2350 5043 2394 5102 ὦ
2423 5049 2717 5119 ἀγαπητοὶ,
2740 5047 2811 5101 τὰ
2825 5049 2891 5101 ὲκ
2915 5047 3013 5117 τῆς
3044 5042 3138 5098 τοῦ
3162 5042 3327 5097 Δα6¹ιδ
3358 5041 3712 5097 θεοπνεύστου

2140 5140 2402 5212 κιθάρας,
2447 5140 2579 5211 ἡμῖν
2616 5138 2930 5209 δεδειγμένα
2967 5136 3394 5208 μελῳδήσωμεν,
3423 5133 3671 5202 λέγοντες
3694 5147 3708 5160 ·

2152 5232 2494 5300 Ἀνάστηθι,
2517 5233 2726 5299 Κύριε,
2766 5233 2854 5295 είς
2889 5228 3003 5296 τὴν
3031 5225 3380 5282 ἀνάπαυσιν
3419 5240 3535 5280 σου
3555 5241 3571 5254 ⁸
3606 5223 3707 5286 σὺ,

2140 5323 2238 5377 καὶ
2262 5316 2300 5391 ἦ
2341 5321 2580 5388 κιϐωτὸς
2616 5321 2721 5375 τοῦ
2766 5317 3129 5390 ἀγιάσματός
3165 5332 3302 5373 σου.
3327 5316 3574 5380 Κιὸωτὸς
3605 5314 3712 5386 γάρ

2141 5414 2374 5487 ἀληθῶς,
2408 5416 2441 5486 ή
2471 5415 2600 5483 ἁγία
2629 5411 2923 5484 Παρθένος,
2956 5410 3155 5465 ἔσωθεν
3172 5410 3269 5464 καὶ
3292 5408 3488 5475 ἔξωθεν
3520 5423 3713 5478 κεχρυ-

2144 5507 2387 5579 σωμένη,
2418 5508 2451 5578 ἡ
2480 5505 2598 5560 ὅλον
2624 5504 2715 5558 τὸν
2743 5503 3015 5575 θησαυρὸν
3032 5502 3299 5575 δεξαμένη
3326 5500 3419 5556 τοῦ
3444 5499 3710 5570 ἀγιάσμμ-

553 5836 666 5910 (ll)
706 5833 914 5893 Similia
944 5846 1071 5894 sunt
1093 5838 1234 5910 apud
1256 5848 1505 5895 sanctum
1533 5836 1783 5909 Ephrzem
1811 5835 1865 5892 in
1894 5849 2057 5892 serm.
2090 5831 2164 5887 De
2194 5831 2493 5903 Margarita
2516 5830 2766 5901 pretiosa,
2797 5837 2942 5885 tomo
2961 5826 3045 5884 lll.
