  <div class='ocr_page' id='page_1' title='image "/cluster/home/n/w/nwhite01/storage/ocr_20150623/10/coo.31924054872894/588.png"; bbox 0 0 4100 6386; ppageno 0'>
   <div class='ocr_carea' id='block_1_1' title="bbox 383 436 535 540">
    <p class='ocr_par' dir='ltr' id='par_1_1' title="bbox 383 436 535 540">
     <span class='ocr_line' id='line_1_1' title="bbox 383 436 535 540; baseline 0.026 -39"><span class='ocrx_word' id='word_1_1' title='bbox 383 436 535 540; x_wconf 18' lang='grc'><strong>⁵1135</strong></span> 
     </span>
    </p>
   </div>
   <div class='ocr_carea' id='block_1_2' title="bbox 1293 445 2735 508">
    <p class='ocr_par' dir='ltr' id='par_1_2' title="bbox 1293 445 2735 508">
     <span class='ocr_line' id='line_1_2' title="bbox 1293 445 2735 508; baseline 0.003 -6"><span class='ocrx_word' id='word_1_2' title='bbox 1293 445 1578 502; x_wconf 79' lang='lat' dir='ltr'><strong>HOMILIA</strong></span> <span class='ocrx_word' id='word_1_3' title='bbox 1616 445 1636 500; x_wconf 89' lang='grc' dir='ltr'><strong>Ι</strong></span> <span class='ocrx_word' id='word_1_4' title='bbox 1672 445 1739 500; x_wconf 84' lang='grc' dir='ltr'><strong>ΙΝ</strong></span> <span class='ocrx_word' id='word_1_5' title='bbox 1780 445 2206 504; x_wconf 75' lang='lat' dir='ltr'><strong>ANNUNTIAT.</strong></span> <span class='ocrx_word' id='word_1_6' title='bbox 2250 448 2431 507; x_wconf 75' lang='grc' dir='ltr'>νιιιε.</span> <span class='ocrx_word' id='word_1_7' title='bbox 2471 451 2735 508; x_wconf 73' lang='grc' dir='ltr'><strong>ΜΑΠΙᾹΞ.</strong></span> 
     </span>
    </p>
   </div>
   <div class='ocr_carea' id='block_1_3' title="bbox 3480 452 3622 507">
    <p class='ocr_par' dir='ltr' id='par_1_3' title="bbox 3480 452 3622 507">
     <span class='ocr_line' id='line_1_3' title="bbox 3480 452 3622 507; baseline 0.007 -1"><span class='ocrx_word' id='word_1_8' title='bbox 3480 452 3622 507; x_wconf 67' lang='grc'><strong>1154</strong></span> 
     </span>
    </p>
   </div>
   <div class='ocr_carea' id='block_1_4' title="bbox 389 562 1944 645">
    <p class='ocr_par' dir='ltr' id='par_1_4' title="bbox 389 562 1944 634">
     <span class='ocr_line' id='line_1_4' title="bbox 389 562 1944 634; baseline 0.003 -17"><span class='ocrx_word' id='word_1_9' title='bbox 389 562 517 628; x_wconf 60' lang='lat' dir='ltr'><strong>reg.&quot;</strong></span> <span class='ocrx_word' id='word_1_10' title='bbox 548 562 854 631; x_wconf 76' lang='grc' dir='ltr'><strong>Ἀνάστηθι</strong></span> <span class='ocrx_word' id='word_1_11' title='bbox 875 606 889 630; x_wconf 97' lang='grc'><strong>,</strong></span> <span class='ocrx_word' id='word_1_12' title='bbox 928 567 1124 634; x_wconf 80' lang='grc' dir='ltr'>Κύριε,</span> <span class='ocrx_word' id='word_1_13' title='bbox 1169 568 1260 627; x_wconf 80' lang='grc' dir='ltr'><strong>είς</strong></span> <span class='ocrx_word' id='word_1_14' title='bbox 1287 565 1405 634; x_wconf 79' lang='grc' dir='ltr'>τὴν</span> <span class='ocrx_word' id='word_1_15' title='bbox 1432 566 1781 622; x_wconf 80' lang='grc' dir='ltr'>ἁνάπαυσίν</span> <span class='ocrx_word' id='word_1_16' title='bbox 1820 582 1944 622; x_wconf 84' lang='grc' dir='ltr'><strong>σου</strong></span> 
     </span>
    </p>
   </div>
   <div class='ocr_carea' id='block_1_5' title="bbox 2048 562 3629 645">
    <p class='ocr_par' dir='ltr' id='par_1_5' title="bbox 2063 569 3629 645">
     <span class='ocr_line' id='line_1_5' title="bbox 2063 569 3629 645; baseline 0.004 -24"><span class='ocrx_word' id='word_1_17' title='bbox 2063 569 2117 621; x_wconf 87' lang='lat' dir='ltr'><strong>in</strong></span> <span class='ocrx_word' id='word_1_18' title='bbox 2142 570 2368 640; x_wconf 85' lang='lat' dir='ltr'><strong>requiem</strong></span> <span class='ocrx_word' id='word_1_19' title='bbox 2395 580 2561 626; x_wconf 83' lang='lat' dir='ltr'><strong>tuam.</strong></span> <span class='ocrx_word' id='word_1_20' title='bbox 2594 572 2779 645; x_wconf 84' lang='lat' dir='ltr'><strong><em>Surge,</em></strong></span> <span class='ocrx_word' id='word_1_21' title='bbox 2820 575 3059 637; x_wconf 85' lang='lat' dir='ltr'><strong>Domine,</strong></span> <span class='ocrx_word' id='word_1_22' title='bbox 3089 588 3154 629; x_wconf 77' lang='lat' dir='ltr'><strong>ex</strong></span> <span class='ocrx_word' id='word_1_23' title='bbox 3186 571 3308 627; x_wconf 91' lang='lat' dir='ltr'><strong>sinu</strong></span> <span class='ocrx_word' id='word_1_24' title='bbox 3339 571 3537 641; x_wconf 84' lang='lat' dir='ltr'><strong>Patris,</strong></span> <span class='ocrx_word' id='word_1_25' title='bbox 3568 582 3629 628; x_wconf 82' lang='lat' dir='ltr'><strong>nt</strong></span> 
     </span>
    </p>
   </div>
   <div class='ocr_carea' id='block_1_6' title="bbox 402 655 1955 732">
    <p class='ocr_par' dir='ltr' id='par_1_6' title="bbox 402 655 1955 732">
     <span class='ocr_line' id='line_1_6' title="bbox 402 655 1955 732; baseline 0.001 -20"><span class='ocrx_word' id='word_1_26' title='bbox 402 655 732 725; x_wconf 82' lang='grc' dir='ltr'><strong>Ἀνάστηθι,</strong></span> <span class='ocrx_word' id='word_1_27' title='bbox 762 660 957 727; x_wconf 83' lang='grc' dir='ltr'>Κύριε,</span> <span class='ocrx_word' id='word_1_28' title='bbox 982 660 1045 711; x_wconf 82' lang='grc' dir='ltr'>ὲκ</span> <span class='ocrx_word' id='word_1_29' title='bbox 1068 658 1175 713; x_wconf 89' lang='grc' dir='ltr'><strong>τῶν</strong></span> <span class='ocrx_word' id='word_1_30' title='bbox 1204 659 1420 713; x_wconf 86' lang='grc' dir='ltr'><strong>κόλπων</strong></span> <span class='ocrx_word' id='word_1_31' title='bbox 1464 658 1554 713; x_wconf 79' lang='grc' dir='ltr'>τοῦ</span> <span class='ocrx_word' id='word_1_32' title='bbox 1581 660 1821 732; x_wconf 84' lang='grc' dir='ltr'>Πατρὸς,</span> <span class='ocrx_word' id='word_1_33' title='bbox 1868 662 1955 715; x_wconf 82' lang='grc' dir='ltr'><strong>ἵνα</strong></span> 
     </span>
    </p>
   </div>
   <div class='ocr_carea' id='block_1_7' title="bbox 390 747 1949 823">
    <p class='ocr_par' dir='ltr' id='par_1_7' title="bbox 390 747 1949 823">
     <span class='ocr_line' id='line_1_7' title="bbox 390 747 1949 823; baseline 0.003 -24"><span class='ocrx_word' id='word_1_34' title='bbox 390 747 763 823; x_wconf 76' lang='grc' dir='ltr'><strong>ἐξαναστήσῃς</strong></span> <span class='ocrx_word' id='word_1_35' title='bbox 789 749 849 803; x_wconf 83' lang='grc' dir='ltr'>τὸ</span> <span class='ocrx_word' id='word_1_36' title='bbox 875 752 1161 814; x_wconf 75' lang='grc' dir='ltr'>πεπτωκὸς</span> <span class='ocrx_word' id='word_1_37' title='bbox 1190 750 1345 819; x_wconf 82' lang='grc' dir='ltr'>γένος</span> <span class='ocrx_word' id='word_1_38' title='bbox 1368 751 1461 804; x_wconf 79' lang='grc' dir='ltr'><strong>τοῦ</strong></span> <span class='ocrx_word' id='word_1_39' title='bbox 1511 752 1949 821; x_wconf 84' lang='grc' dir='ltr'>πρωτοπλάστου.</span> 
     </span>
    </p>
   </div>
   <div class='ocr_carea' id='block_1_8' title="bbox 390 837 1954 911">
    <p class='ocr_par' dir='ltr' id='par_1_8' title="bbox 390 837 1954 911">
     <span class='ocr_line' id='line_1_8' title="bbox 390 837 1954 911; baseline 0.002 -21"><span class='ocrx_word' id='word_1_40' title='bbox 390 837 573 891; x_wconf 84' lang='grc' dir='ltr'>Ταῦτα</span> <span class='ocrx_word' id='word_1_41' title='bbox 600 837 914 909; x_wconf 76' lang='grc' dir='ltr'>πρεσϐεύων</span> <span class='ocrx_word' id='word_1_42' title='bbox 944 842 973 894; x_wconf 85' lang='grc' dir='ltr'>ὁ</span> <span class='ocrx_word' id='word_1_43' title='bbox 1002 839 1166 894; x_wconf 77' lang='grc' dir='ltr'>Δαόὶδ</span> <span class='ocrx_word' id='word_1_44' title='bbox 1187 840 1325 911; x_wconf 88' lang='grc' dir='ltr'>πρὸς</span> <span class='ocrx_word' id='word_1_45' title='bbox 1348 840 1446 911; x_wconf 87' lang='grc' dir='ltr'>τὴν</span> <span class='ocrx_word' id='word_1_46' title='bbox 1469 838 1527 907; x_wconf 77' lang='grc' dir='ltr'>ἐξ</span> <span class='ocrx_word' id='word_1_47' title='bbox 1542 839 1706 894; x_wconf 80' lang='grc' dir='ltr'>αὐτοῦ</span> <span class='ocrx_word' id='word_1_48' title='bbox 1727 840 1954 911; x_wconf 86' lang='grc' dir='ltr'>μέλλου-</span> 
     </span>
    </p>
   </div>
   <div class='ocr_carea' id='block_1_9' title="bbox 392 931 1949 1005">
    <p class='ocr_par' dir='ltr' id='par_1_9' title="bbox 392 931 1949 1005">
     <span class='ocr_line' id='line_1_9' title="bbox 392 931 1949 1005; baseline 0.003 -21"><span class='ocrx_word' id='word_1_49' title='bbox 392 948 490 985; x_wconf 92' lang='grc' dir='ltr'><strong>σαν</strong></span> <span class='ocrx_word' id='word_1_50' title='bbox 519 931 832 1002; x_wconf 80' lang='grc' dir='ltr'><strong>βλαστάνειν</strong></span> <span class='ocrx_word' id='word_1_51' title='bbox 866 932 1059 1005; x_wconf 74' lang='grc' dir='ltr'>ῥάϐδον</span> <span class='ocrx_word' id='word_1_52' title='bbox 1084 933 1148 986; x_wconf 82' lang='grc' dir='ltr'>τὸ</span> <span class='ocrx_word' id='word_1_53' title='bbox 1174 934 1540 1005; x_wconf 81' lang='grc' dir='ltr'><strong>καλλίκαρπον</strong></span> <span class='ocrx_word' id='word_1_54' title='bbox 1573 935 1745 989; x_wconf 77' lang='grc' dir='ltr'>ἐκεῖνο</span> <span class='ocrx_word' id='word_1_55' title='bbox 1771 935 1949 1001; x_wconf 84' lang='grc' dir='ltr'>ἀνθος,</span> 
     </span>
    </p>
   </div>
   <div class='ocr_carea' id='block_1_10' title="bbox 388 1022 1950 1096">
    <p class='ocr_par' dir='ltr' id='par_1_10' title="bbox 388 1022 1950 1096">
     <span class='ocr_line' id='line_1_10' title="bbox 388 1022 1950 1096; baseline 0.005 -21"><span class='ocrx_word' id='word_1_56' title='bbox 388 1022 744 1094; x_wconf 81' lang='grc' dir='ltr'>προφητεύων</span> <span class='ocrx_word' id='word_1_57' title='bbox 774 1023 981 1092; x_wconf 72' lang='grc' dir='ltr'>ἔλεγενο</span> <span class='ocrx_word' id='word_1_58' title='bbox 1024 1025 1337 1090; x_wconf 79' lang='grc' dir='ltr'>Ἄκουσον,</span> <span class='ocrx_word' id='word_1_59' title='bbox 1372 1027 1621 1096; x_wconf 75' lang='grc' dir='ltr'>θύγατερ</span> <span class='ocrx_word' id='word_1_60' title='bbox 1643 1067 1658 1093; x_wconf 90' lang='grc'><strong>,</strong></span> <span class='ocrx_word' id='word_1_61' title='bbox 1695 1028 1794 1083; x_wconf 81' lang='grc' dir='ltr'>καὶ</span> <span class='ocrx_word' id='word_1_62' title='bbox 1840 1028 1950 1094; x_wconf 82' lang='grc' dir='ltr'>ῑδε,</span> 
     </span>
    </p>
   </div>
   <div class='ocr_carea' id='block_1_11' title="bbox 388 1113 1952 1183">
    <p class='ocr_par' dir='ltr' id='par_1_11' title="bbox 388 1113 1952 1183">
     <span class='ocr_line' id='line_1_11' title="bbox 388 1113 1952 1183; baseline 0.003 -12"><span class='ocrx_word' id='word_1_63' title='bbox 388 1117 485 1171; x_wconf 77' lang='grc' dir='ltr'>καὶ</span> <span class='ocrx_word' id='word_1_64' title='bbox 514 1116 726 1173; x_wconf 84' lang='grc' dir='ltr'>κλῖνον</span> <span class='ocrx_word' id='word_1_65' title='bbox 761 1116 827 1171; x_wconf 87' lang='grc' dir='ltr'><strong>τὸ</strong></span> <span class='ocrx_word' id='word_1_66' title='bbox 866 1113 976 1183; x_wconf 86' lang='grc' dir='ltr'>οὖς</span> <span class='ocrx_word' id='word_1_67' title='bbox 1004 1133 1154 1182; x_wconf 90' lang='grc' dir='ltr'>σου,</span> <span class='ocrx_word' id='word_1_68' title='bbox 1202 1118 1302 1173; x_wconf 76' lang='grc' dir='ltr'>καὶ</span> <span class='ocrx_word' id='word_1_69' title='bbox 1334 1118 1620 1175; x_wconf 74' lang='grc' dir='ltr'><strong>ἐπιλάθου</strong></span> <span class='ocrx_word' id='word_1_70' title='bbox 1654 1120 1763 1176; x_wconf 88' lang='grc' dir='ltr'><strong>τοῦ</strong></span> <span class='ocrx_word' id='word_1_71' title='bbox 1798 1121 1952 1176; x_wconf 85' lang='grc' dir='ltr'>λαοῦ</span> 
     </span>
    </p>
   </div>
   <div class='ocr_carea' id='block_1_12' title="bbox 386 1208 1951 1279">
    <p class='ocr_par' dir='ltr' id='par_1_12' title="bbox 386 1208 1951 1279">
     <span class='ocr_line' id='line_1_12' title="bbox 386 1208 1951 1279; baseline 0.003 -16"><span class='ocrx_word' id='word_1_72' title='bbox 386 1226 523 1275; x_wconf 91' lang='grc' dir='ltr'>σου,</span> <span class='ocrx_word' id='word_1_73' title='bbox 553 1208 651 1263; x_wconf 74' lang='grc' dir='ltr'>καὶ</span> <span class='ocrx_word' id='word_1_74' title='bbox 691 1209 797 1263; x_wconf 89' lang='grc' dir='ltr'>τοῦ</span> <span class='ocrx_word' id='word_1_75' title='bbox 841 1209 1010 1264; x_wconf 74' lang='grc' dir='ltr'>οἴκου</span> <span class='ocrx_word' id='word_1_76' title='bbox 1040 1210 1146 1264; x_wconf 89' lang='grc' dir='ltr'><strong>τοῦ</strong></span> <span class='ocrx_word' id='word_1_77' title='bbox 1177 1210 1407 1279; x_wconf 84' lang='grc' dir='ltr'><strong>Πατρός</strong></span> <span class='ocrx_word' id='word_1_78' title='bbox 1431 1226 1547 1266; x_wconf 91' lang='grc' dir='ltr'><strong>σου</strong></span> <span class='ocrx_word' id='word_1_79' title='bbox 1568 1228 1581 1240; x_wconf 89' lang='grc'><strong>·</strong></span> <span class='ocrx_word' id='word_1_80' title='bbox 1612 1212 1712 1266; x_wconf 79' lang='grc' dir='ltr'>καὶ</span> <span class='ocrx_word' id='word_1_81' title='bbox 1748 1213 1951 1269; x_wconf 84' lang='grc' dir='ltr'>ἐπιθυ-</span> 
     </span>
    </p>
   </div>
   <div class='ocr_carea' id='block_1_13' title="bbox 379 1301 1954 1374">
    <p class='ocr_par' dir='ltr' id='par_1_13' title="bbox 379 1301 1954 1374">
     <span class='ocr_line' id='line_1_13' title="bbox 379 1301 1954 1374; baseline 0.003 -18"><span class='ocrx_word' id='word_1_82' title='bbox 379 1301 563 1372; x_wconf 80' lang='grc' dir='ltr'>μήσει</span> <span class='ocrx_word' id='word_1_83' title='bbox 594 1306 629 1357; x_wconf 84' lang='lat' dir='ltr'><strong>d</strong></span> <span class='ocrx_word' id='word_1_84' title='bbox 666 1303 966 1369; x_wconf 78' lang='grc' dir='ltr'>,βασιλεὺς</span> <span class='ocrx_word' id='word_1_85' title='bbox 1016 1302 1122 1357; x_wconf 88' lang='grc' dir='ltr'><strong>τοῦ</strong></span> <span class='ocrx_word' id='word_1_86' title='bbox 1162 1302 1430 1370; x_wconf 81' lang='grc' dir='ltr'>κάλλους</span> <span class='ocrx_word' id='word_1_87' title='bbox 1464 1319 1606 1360; x_wconf 86' lang='grc' dir='ltr'>σου·</span> <span class='ocrx_word' id='word_1_88' title='bbox 1654 1305 1742 1359; x_wconf 84' lang='grc' dir='ltr'>ὅτι</span> <span class='ocrx_word' id='word_1_89' title='bbox 1770 1308 1954 1374; x_wconf 74' lang='grc' dir='ltr'>αὐτός</span> 
     </span>
    </p>
   </div>
   <div class='ocr_carea' id='block_1_14' title="bbox 383 1395 1947 1475">
    <p class='ocr_par' dir='ltr' id='par_1_14' title="bbox 383 1395 1947 1475">
     <span class='ocr_line' id='line_1_14' title="bbox 383 1395 1947 1475; baseline 0.003 -27"><span class='ocrx_word' id='word_1_90' title='bbox 383 1395 554 1449; x_wconf 84' lang='grc' dir='ltr'>ἐστιν</span> <span class='ocrx_word' id='word_1_91' title='bbox 585 1397 796 1464; x_wconf 85' lang='grc' dir='ltr'>Κύριος</span> <span class='ocrx_word' id='word_1_92' title='bbox 818 1399 851 1450; x_wconf 83' lang='grc' dir='ltr'><strong>ό</strong></span> <span class='ocrx_word' id='word_1_93' title='bbox 878 1396 1021 1462; x_wconf 86' lang='grc' dir='ltr'>Θεός</span> <span class='ocrx_word' id='word_1_94' title='bbox 1038 1411 1176 1460; x_wconf 85' lang='grc' dir='ltr'>σου,</span> <span class='ocrx_word' id='word_1_95' title='bbox 1215 1396 1314 1450; x_wconf 81' lang='grc' dir='ltr'>καὶ</span> <span class='ocrx_word' id='word_1_96' title='bbox 1337 1398 1783 1466; x_wconf 81' lang='grc' dir='ltr'>προσκυνήσεις</span> <span class='ocrx_word' id='word_1_97' title='bbox 1814 1398 1947 1475; x_wconf 76' lang='grc' dir='ltr'><strong>[ἄλ.</strong></span> 
     </span>
    </p>
   </div>
   <div class='ocr_carea' id='block_1_15' title="bbox 384 1487 1951 1566">
    <p class='ocr_par' dir='ltr' id='par_1_15' title="bbox 384 1487 1951 1566">
     <span class='ocr_line' id='line_1_15' title="bbox 384 1487 1951 1566; baseline 0.005 -26"><span class='ocrx_word' id='word_1_98' title='bbox 384 1487 870 1560; x_wconf 71' lang='grc' dir='ltr'>προσκυνήσουσιν]</span> <span class='ocrx_word' id='word_1_99' title='bbox 885 1488 1062 1554; x_wconf 85' lang='grc' dir='ltr'>αὐτῷ.</span> <span class='ocrx_word' id='word_1_100' title='bbox 1073 1490 1385 1554; x_wconf 80' lang='grc' dir='ltr'>Ἄκουσον,</span> <span class='ocrx_word' id='word_1_101' title='bbox 1400 1492 1666 1561; x_wconf 77' lang='grc' dir='ltr'>θύγατερ,</span> <span class='ocrx_word' id='word_1_102' title='bbox 1680 1493 1749 1547; x_wconf 81' lang='grc' dir='ltr'><strong>τὰ</strong></span> <span class='ocrx_word' id='word_1_103' title='bbox 1763 1493 1951 1566; x_wconf 82' lang='grc' dir='ltr'>πρώην</span> 
     </span>
    </p>
   </div>
   <div class='ocr_carea' id='block_1_16' title="bbox 274 1578 1951 1653">
    <p class='ocr_par' dir='ltr' id='par_1_16' title="bbox 274 1578 1951 1653">
     <span class='ocr_line' id='line_1_16' title="bbox 274 1578 1951 1653; baseline 0.007 -24"><span class='ocrx_word' id='word_1_104' title='bbox 274 1626 277 1629; x_wconf 37' lang='grc' dir='ltr'><strong><em>λ</em></strong></span> <span class='ocrx_word' id='word_1_105' title='bbox 383 1582 463 1644; x_wconf 82' lang='grc' dir='ltr'><strong>είς</strong></span> <span class='ocrx_word' id='word_1_106' title='bbox 489 1580 549 1633; x_wconf 83' lang='grc' dir='ltr'>σὲ</span> <span class='ocrx_word' id='word_1_107' title='bbox 572 1578 593 1651; x_wconf 89' lang='grc'><strong>[</strong></span> <span class='ocrx_word' id='word_1_108' title='bbox 613 1580 709 1634; x_wconf 83' lang='grc' dir='ltr'><strong>ἆλ.</strong></span> <span class='ocrx_word' id='word_1_109' title='bbox 741 1580 869 1651; x_wconf 73' lang='grc' dir='ltr'>περὶ</span> <span class='ocrx_word' id='word_1_110' title='bbox 907 1579 1037 1652; x_wconf 80' lang='grc' dir='ltr'>σοῦ]</span> <span class='ocrx_word' id='word_1_111' title='bbox 1072 1583 1549 1653; x_wconf 75' lang='grc' dir='ltr'>προφητευόμεναο</span> <span class='ocrx_word' id='word_1_112' title='bbox 1592 1585 1680 1637; x_wconf 81' lang='grc' dir='ltr'><strong>ἴνα</strong></span> <span class='ocrx_word' id='word_1_113' title='bbox 1716 1587 1808 1639; x_wconf 73' lang='grc' dir='ltr'><strong>καὶ</strong></span> <span class='ocrx_word' id='word_1_114' title='bbox 1839 1589 1951 1651; x_wconf 83' lang='grc' dir='ltr'>τοῖς</span> 
     </span>
    </p>
   </div>
   <div class='ocr_carea' id='block_1_17' title="bbox 380 1667 1949 1743">
    <p class='ocr_par' dir='ltr' id='par_1_17' title="bbox 380 1667 1949 1743">
     <span class='ocr_line' id='line_1_17' title="bbox 380 1667 1949 1743; baseline 0.002 -22"><span class='ocrx_word' id='word_1_115' title='bbox 380 1667 634 1739; x_wconf 85' lang='grc' dir='ltr'>γνώσεως</span> <span class='ocrx_word' id='word_1_116' title='bbox 662 1667 957 1739; x_wconf 80' lang='grc' dir='ltr'>ὀφθαλμοῖς</span> <span class='ocrx_word' id='word_1_117' title='bbox 988 1668 1269 1743; x_wconf 80' lang='grc' dir='ltr'>θεωρήσῃς</span> <span class='ocrx_word' id='word_1_118' title='bbox 1300 1669 1368 1723; x_wconf 88' lang='grc' dir='ltr'>τὰ</span> <span class='ocrx_word' id='word_1_119' title='bbox 1393 1672 1714 1743; x_wconf 84' lang='grc' dir='ltr'>πράγματα.</span> <span class='ocrx_word' id='word_1_120' title='bbox 1750 1673 1949 1726; x_wconf 80' lang='grc' dir='ltr'>Ἀκου-</span> 
     </span>
    </p>
   </div>
   <div class='ocr_carea' id='block_1_18' title="bbox 385 1760 1948 1836">
    <p class='ocr_par' dir='ltr' id='par_1_18' title="bbox 385 1760 1948 1836">
     <span class='ocr_line' id='line_1_18' title="bbox 385 1760 1948 1836; baseline 0.002 -22"><span class='ocrx_word' id='word_1_121' title='bbox 385 1776 479 1815; x_wconf 88' lang='grc' dir='ltr'><strong>σον</strong></span> <span class='ocrx_word' id='word_1_122' title='bbox 506 1760 642 1833; x_wconf 78' lang='grc' dir='ltr'>ἐμοῦ</span> <span class='ocrx_word' id='word_1_123' title='bbox 675 1778 756 1813; x_wconf 89' lang='grc' dir='ltr'><strong>σοι</strong></span> <span class='ocrx_word' id='word_1_124' title='bbox 775 1760 1212 1832; x_wconf 77' lang='grc' dir='ltr'>προμηνύοντος,</span> <span class='ocrx_word' id='word_1_125' title='bbox 1243 1764 1338 1816; x_wconf 79' lang='grc' dir='ltr'><strong>καὶ</strong></span> <span class='ocrx_word' id='word_1_126' title='bbox 1365 1762 1457 1816; x_wconf 84' lang='grc' dir='ltr'>τοῦ</span> <span class='ocrx_word' id='word_1_127' title='bbox 1486 1763 1823 1836; x_wconf 80' lang='grc' dir='ltr'>ἀρχαγγέλου</span> <span class='ocrx_word' id='word_1_128' title='bbox 1867 1781 1948 1818; x_wconf 86' lang='grc' dir='ltr'><strong>σοι</strong></span> 
     </span>
    </p>
   </div>
   <div class='ocr_carea' id='block_1_19' title="bbox 379 1853 1944 1929">
    <p class='ocr_par' dir='ltr' id='par_1_19' title="bbox 379 1853 1944 1929">
     <span class='ocr_line' id='line_1_19' title="bbox 379 1853 1944 1929; baseline 0 -19"><span class='ocrx_word' id='word_1_129' title='bbox 379 1855 451 1910; x_wconf 86' lang='grc' dir='ltr'><strong>τά</strong></span> <span class='ocrx_word' id='word_1_130' title='bbox 498 1856 691 1927; x_wconf 76' lang='grc' dir='ltr'>ἐντελῆ</span> <span class='ocrx_word' id='word_1_131' title='bbox 738 1874 819 1910; x_wconf 90' lang='grc' dir='ltr'><strong>σοι</strong></span> <span class='ocrx_word' id='word_1_132' title='bbox 872 1857 1146 1929; x_wconf 83' lang='grc' dir='ltr'>μυστήρια</span> <span class='ocrx_word' id='word_1_133' title='bbox 1187 1856 1484 1927; x_wconf 75' lang='grc' dir='ltr'>διαρρήδην</span> <span class='ocrx_word' id='word_1_134' title='bbox 1510 1853 1944 1923; x_wconf 84' lang='grc' dir='ltr'>ἀναγγέλλοντος.</span> 
     </span>
    </p>
   </div>
   <div class='ocr_carea' id='block_1_20' title="bbox 2062 660 3624 735">
    <p class='ocr_par' dir='ltr' id='par_1_20' title="bbox 2062 660 3624 735">
     <span class='ocr_line' id='line_1_20' title="bbox 2062 660 3624 735; baseline 0.001 -20"><span class='ocrx_word' id='word_1_135' title='bbox 2062 660 2361 731; x_wconf 81' lang='lat' dir='ltr'><strong>collapsum</strong></span> <span class='ocrx_word' id='word_1_136' title='bbox 2389 663 2551 732; x_wconf 87' lang='lat' dir='ltr'><strong>primi</strong></span> <span class='ocrx_word' id='word_1_137' title='bbox 2580 665 2821 735; x_wconf 88' lang='lat' dir='ltr'><strong>parentis</strong></span> <span class='ocrx_word' id='word_1_138' title='bbox 2854 681 3024 734; x_wconf 87' lang='lat' dir='ltr'><strong>genus</strong></span> <span class='ocrx_word' id='word_1_139' title='bbox 3046 665 3245 735; x_wconf 78' lang='lat' dir='ltr'><strong>erigas.</strong></span> <span class='ocrx_word' id='word_1_140' title='bbox 3273 662 3398 719; x_wconf 62' lang='lat' dir='ltr'><strong>Haec</strong></span> <span class='ocrx_word' id='word_1_141' title='bbox 3428 671 3624 734; x_wconf 84' lang='lat' dir='ltr'><strong>postu-</strong></span> 
     </span>
    </p>
   </div>
   <div class='ocr_carea' id='block_1_21' title="bbox 2060 751 3625 828">
    <p class='ocr_par' dir='ltr' id='par_1_21' title="bbox 2060 751 3625 828">
     <span class='ocr_line' id='line_1_21' title="bbox 2060 751 3625 828; baseline 0.004 -23"><span class='ocrx_word' id='word_1_142' title='bbox 2060 751 2179 807; x_wconf 88' lang='lat' dir='ltr'><strong>lans</strong></span> <span class='ocrx_word' id='word_1_143' title='bbox 2227 768 2292 808; x_wconf 89' lang='lat' dir='ltr'><strong>ac</strong></span> <span class='ocrx_word' id='word_1_144' title='bbox 2336 753 2635 825; x_wconf 83' lang='lat' dir='ltr'><strong>deprecans</strong></span> <span class='ocrx_word' id='word_1_145' title='bbox 2670 755 2859 821; x_wconf 91' lang='lat' dir='ltr'><strong>David,</strong></span> <span class='ocrx_word' id='word_1_146' title='bbox 2894 756 2962 812; x_wconf 87' lang='lat' dir='ltr'><strong>ad</strong></span> <span class='ocrx_word' id='word_1_147' title='bbox 2988 755 3216 827; x_wconf 78' lang='lat' dir='ltr'><strong>virgam,</strong></span> <span class='ocrx_word' id='word_1_148' title='bbox 3266 771 3388 826; x_wconf 69' lang='lat' dir='ltr'><strong>qua:</strong></span> <span class='ocrx_word' id='word_1_149' title='bbox 3413 772 3480 812; x_wconf 74' lang='lat' dir='ltr'><strong>es</strong></span> <span class='ocrx_word' id='word_1_150' title='bbox 3504 756 3625 828; x_wconf 88' lang='lat' dir='ltr'><strong>ipso</strong></span> 
     </span>
    </p>
   </div>
   <div class='ocr_carea' id='block_1_22' title="bbox 2059 844 3622 919">
    <p class='ocr_par' dir='ltr' id='par_1_22' title="bbox 2059 844 3622 919">
     <span class='ocr_line' id='line_1_22' title="bbox 2059 844 3622 919; baseline 0.003 -21"><span class='ocrx_word' id='word_1_151' title='bbox 2059 844 2411 913; x_wconf 81' lang='lat' dir='ltr'><strong>pulcherrimi</strong></span> <span class='ocrx_word' id='word_1_152' title='bbox 2444 848 2589 903; x_wconf 91' lang='lat' dir='ltr'><strong>illius</strong></span> <span class='ocrx_word' id='word_1_153' title='bbox 2617 848 2829 903; x_wconf 76' lang='lat' dir='ltr'><strong>fruetus</strong></span> <span class='ocrx_word' id='word_1_154' title='bbox 2862 848 3049 904; x_wconf 86' lang='lat' dir='ltr'><strong>ﬂorem</strong></span> <span class='ocrx_word' id='word_1_155' title='bbox 3091 849 3456 919; x_wconf 87' lang='lat' dir='ltr'><strong>germinatura</strong></span> <span class='ocrx_word' id='word_1_156' title='bbox 3483 860 3622 912; x_wconf 80' lang='lat' dir='ltr'><strong>erat.</strong></span> 
     </span>
    </p>
   </div>
   <div class='ocr_carea' id='block_1_23' title="bbox 2058 935 3626 1015">
    <p class='ocr_par' dir='ltr' id='par_1_23' title="bbox 2058 935 3626 1015">
     <span class='ocr_line' id='line_1_23' title="bbox 2058 935 3626 1015; baseline 0.004 -26"><span class='ocrx_word' id='word_1_157' title='bbox 2058 935 2350 993; x_wconf 87' lang='lat' dir='ltr'><strong>viticinans</strong></span> <span class='ocrx_word' id='word_1_158' title='bbox 2380 939 2594 995; x_wconf 81' lang='lat' dir='ltr'><strong>dicebat</strong></span> <span class='ocrx_word' id='word_1_159' title='bbox 2633 958 2643 994; x_wconf 93' lang='lat'><strong>:</strong></span> <span class='ocrx_word' id='word_1_160' title='bbox 2679 940 2818 994; x_wconf 83' lang='lat' dir='ltr'><strong>Audi</strong></span> <span class='ocrx_word' id='word_1_161' title='bbox 2844 982 2858 1007; x_wconf 89' lang='lat'><strong>,</strong></span> <span class='ocrx_word' id='word_1_162' title='bbox 2894 941 3011 1015; x_wconf 69' lang='lat' dir='ltr'><strong>[ilia</strong></span> <span class='ocrx_word' id='word_1_163' title='bbox 3035 982 3049 1003; x_wconf 93' lang='lat'><strong>,</strong></span> <span class='ocrx_word' id='word_1_164' title='bbox 3076 950 3124 995; x_wconf 84' lang='lat' dir='ltr'><strong>et</strong></span> <span class='ocrx_word' id='word_1_165' title='bbox 3152 941 3266 995; x_wconf 88' lang='lat' dir='ltr'><strong>vide</strong></span> <span class='ocrx_word' id='word_1_166' title='bbox 3294 985 3307 1005; x_wconf 88' lang='lat'><strong>,</strong></span> <span class='ocrx_word' id='word_1_167' title='bbox 3344 950 3392 995; x_wconf 89' lang='lat' dir='ltr'><strong>et</strong></span> <span class='ocrx_word' id='word_1_168' title='bbox 3427 942 3626 995; x_wconf 82' lang='lat' dir='ltr'><strong>inclina</strong></span> 
     </span>
    </p>
   </div>
   <div class='ocr_carea' id='block_1_24' title="bbox 2059 1030 3625 1103">
    <p class='ocr_par' dir='ltr' id='par_1_24' title="bbox 2059 1030 3625 1103">
     <span class='ocr_line' id='line_1_24' title="bbox 2059 1030 3625 1103; baseline 0.003 -22"><span class='ocrx_word' id='word_1_169' title='bbox 2059 1044 2241 1082; x_wconf 89' lang='lat' dir='ltr'><strong>aurem</strong></span> <span class='ocrx_word' id='word_1_170' title='bbox 2268 1038 2449 1093; x_wconf 83' lang='lat' dir='ltr'><strong>tuam;</strong></span> <span class='ocrx_word' id='word_1_171' title='bbox 2479 1042 2527 1085; x_wconf 87' lang='lat' dir='ltr'><strong>et</strong></span> <span class='ocrx_word' id='word_1_172' title='bbox 2545 1030 2847 1086; x_wconf 77' lang='lat' dir='ltr'><strong>obliviscere</strong></span> <span class='ocrx_word' id='word_1_173' title='bbox 2866 1032 3115 1103; x_wconf 86' lang='lat' dir='ltr'><strong>populum</strong></span> <span class='ocrx_word' id='word_1_174' title='bbox 3147 1042 3314 1098; x_wconf 87' lang='lat' dir='ltr'><strong>tuum,</strong></span> <span class='ocrx_word' id='word_1_175' title='bbox 3338 1043 3386 1086; x_wconf 92' lang='lat' dir='ltr'><strong>et</strong></span> <span class='ocrx_word' id='word_1_176' title='bbox 3412 1033 3625 1086; x_wconf 84' lang='lat' dir='ltr'><strong>domum</strong></span> 
     </span>
    </p>
   </div>
   <div class='ocr_carea' id='block_1_25' title="bbox 2056 1119 3627 1193">
    <p class='ocr_par' dir='ltr' id='par_1_25' title="bbox 2056 1119 3627 1193">
     <span class='ocr_line' id='line_1_25' title="bbox 2056 1119 3627 1193; baseline 0.003 -22"><span class='ocrx_word' id='word_1_177' title='bbox 2056 1119 2227 1187; x_wconf 85' lang='lat' dir='ltr'><strong>patris</strong></span> <span class='ocrx_word' id='word_1_178' title='bbox 2280 1121 2392 1184; x_wconf 88' lang='lat' dir='ltr'><strong>tui;</strong></span> <span class='ocrx_word' id='word_1_179' title='bbox 2424 1129 2472 1174; x_wconf 89' lang='lat' dir='ltr'><strong>et</strong></span> <span class='ocrx_word' id='word_1_180' title='bbox 2500 1122 2825 1191; x_wconf 78' lang='lat' dir='ltr'><strong>concupiscet</strong></span> <span class='ocrx_word' id='word_1_181' title='bbox 2876 1137 2968 1175; x_wconf 77' lang='lat' dir='ltr'><strong>res:</strong></span> <span class='ocrx_word' id='word_1_182' title='bbox 3011 1123 3248 1175; x_wconf 84' lang='lat' dir='ltr'><strong>decorem</strong></span> <span class='ocrx_word' id='word_1_183' title='bbox 3280 1132 3426 1175; x_wconf 86' lang='lat' dir='ltr'><strong>tuum</strong></span> <span class='ocrx_word' id='word_1_184' title='bbox 3455 1138 3472 1175; x_wconf 90' lang='lat'><em>:</em></span> <span class='ocrx_word' id='word_1_185' title='bbox 3497 1139 3627 1193; x_wconf 86' lang='lat' dir='ltr'><strong>quo-</strong></span> 
     </span>
    </p>
   </div>
   <div class='ocr_carea' id='block_1_26' title="bbox 2056 1210 3622 1281">
    <p class='ocr_par' dir='ltr' id='par_1_26' title="bbox 2056 1210 3622 1281">
     <span class='ocr_line' id='line_1_26' title="bbox 2056 1210 3622 1281; baseline 0.003 -18"><span class='ocrx_word' id='word_1_186' title='bbox 2056 1210 2203 1263; x_wconf 87' lang='lat' dir='ltr'><strong>niam</strong></span> <span class='ocrx_word' id='word_1_187' title='bbox 2228 1210 2338 1281; x_wconf 89' lang='lat' dir='ltr'><strong>ipse</strong></span> <span class='ocrx_word' id='word_1_188' title='bbox 2362 1220 2439 1265; x_wconf 91' lang='lat' dir='ltr'><strong>est</strong></span> <span class='ocrx_word' id='word_1_189' title='bbox 2468 1211 2724 1266; x_wconf 82' lang='lat' dir='ltr'><strong>Dominus</strong></span> <span class='ocrx_word' id='word_1_190' title='bbox 2755 1212 2895 1266; x_wconf 88' lang='lat' dir='ltr'><strong>Deus</strong></span> <span class='ocrx_word' id='word_1_191' title='bbox 2919 1223 3060 1280; x_wconf 88' lang='lat' dir='ltr'><strong>tuus,</strong></span> <span class='ocrx_word' id='word_1_192' title='bbox 3083 1223 3132 1267; x_wconf 90' lang='lat' dir='ltr'><strong>et</strong></span> <span class='ocrx_word' id='word_1_193' title='bbox 3151 1212 3398 1267; x_wconf 80' lang='lat' dir='ltr'><strong>adorabis</strong></span> <span class='ocrx_word' id='word_1_194' title='bbox 3420 1230 3537 1267; x_wconf 87' lang='lat' dir='ltr'><strong>eum</strong></span> <span class='ocrx_word' id='word_1_195' title='bbox 3553 1215 3622 1268; x_wconf 85' lang='grc'><strong>⁹⁰.</strong></span> 
     </span>
    </p>
   </div>
   <div class='ocr_carea' id='block_1_27' title="bbox 2055 1300 3625 1378">
    <p class='ocr_par' dir='ltr' id='par_1_27' title="bbox 2055 1300 3625 1378">
     <span class='ocr_line' id='line_1_27' title="bbox 2055 1300 3625 1378; baseline 0.006 -25"><span class='ocrx_word' id='word_1_196' title='bbox 2055 1300 2218 1366; x_wconf 84' lang='lat' dir='ltr'><strong>Audi,</strong></span> <span class='ocrx_word' id='word_1_197' title='bbox 2257 1301 2412 1371; x_wconf 79' lang='lat' dir='ltr'><strong>ﬁlia,</strong></span> <span class='ocrx_word' id='word_1_198' title='bbox 2463 1318 2585 1374; x_wconf 65' lang='lat' dir='ltr'><strong>quae</strong></span> <span class='ocrx_word' id='word_1_199' title='bbox 2627 1313 2785 1360; x_wconf 89' lang='lat' dir='ltr'><strong>antea</strong></span> <span class='ocrx_word' id='word_1_200' title='bbox 2817 1306 2886 1359; x_wconf 64' lang='lat' dir='ltr'><strong>in</strong></span> <span class='ocrx_word' id='word_1_201' title='bbox 2927 1313 2981 1361; x_wconf 88' lang='lat' dir='ltr'><strong>te</strong></span> <span class='ocrx_word' id='word_1_202' title='bbox 3027 1304 3124 1378; x_wconf 90' lang='lat' dir='ltr'><strong>[al.</strong></span> <span class='ocrx_word' id='word_1_203' title='bbox 3156 1307 3222 1361; x_wconf 82' lang='lat' dir='ltr'><strong>de</strong></span> <span class='ocrx_word' id='word_1_204' title='bbox 3266 1305 3337 1378; x_wconf 81' lang='lat' dir='ltr'><strong>te]</strong></span> <span class='ocrx_word' id='word_1_205' title='bbox 3371 1307 3625 1376; x_wconf 68' lang='lat' dir='ltr'><strong>praedicta</strong></span> 
     </span>
    </p>
   </div>
   <div class='ocr_carea' id='block_1_28' title="bbox 2056 1394 3622 1468">
    <p class='ocr_par' dir='ltr' id='par_1_28' title="bbox 2056 1394 3622 1468">
     <span class='ocr_line' id='line_1_28' title="bbox 2056 1394 3622 1468; baseline 0.002 -19"><span class='ocrx_word' id='word_1_206' title='bbox 2056 1400 2187 1449; x_wconf 84' lang='lat' dir='ltr'><strong>sunt</strong></span> <span class='ocrx_word' id='word_1_207' title='bbox 2220 1413 2232 1448; x_wconf 91' lang='lat'><strong>:</strong></span> <span class='ocrx_word' id='word_1_208' title='bbox 2268 1402 2406 1449; x_wconf 90' lang='lat' dir='ltr'><strong>utet</strong></span> <span class='ocrx_word' id='word_1_209' title='bbox 2437 1394 2763 1463; x_wconf 76' lang='lat' dir='ltr'><strong>cognitionis</strong></span> <span class='ocrx_word' id='word_1_210' title='bbox 2806 1396 2978 1451; x_wconf 92' lang='lat' dir='ltr'><strong>oculis</strong></span> <span class='ocrx_word' id='word_1_211' title='bbox 3006 1412 3092 1453; x_wconf 89' lang='lat' dir='ltr'><strong>res</strong></span> <span class='ocrx_word' id='word_1_212' title='bbox 3115 1397 3263 1468; x_wconf 88' lang='lat' dir='ltr'><strong>ipsas</strong></span> <span class='ocrx_word' id='word_1_213' title='bbox 3288 1398 3622 1468; x_wconf 89' lang='lat' dir='ltr'><strong>contemple-</strong></span> 
     </span>
    </p>
   </div>
   <div class='ocr_carea' id='block_1_29' title="bbox 2056 1481 3622 1558">
    <p class='ocr_par' dir='ltr' id='par_1_29' title="bbox 2056 1481 3622 1558">
     <span class='ocr_line' id='line_1_29' title="bbox 2056 1481 3622 1558; baseline 0.004 -22"><span class='ocrx_word' id='word_1_214' title='bbox 2056 1481 2153 1536; x_wconf 88' lang='lat' dir='ltr'><strong>ris.</strong></span> <span class='ocrx_word' id='word_1_215' title='bbox 2191 1481 2329 1536; x_wconf 86' lang='lat' dir='ltr'><strong>Audi</strong></span> <span class='ocrx_word' id='word_1_216' title='bbox 2360 1497 2446 1537; x_wconf 89' lang='lat' dir='ltr'><strong>me</strong></span> <span class='ocrx_word' id='word_1_217' title='bbox 2482 1483 2576 1538; x_wconf 91' lang='lat' dir='ltr'><strong>tibi</strong></span> <span class='ocrx_word' id='word_1_218' title='bbox 2604 1484 3133 1555; x_wconf 70' lang='lat' dir='ltr'><strong>prmsignilicantem,</strong></span> <span class='ocrx_word' id='word_1_219' title='bbox 3162 1496 3215 1543; x_wconf 91' lang='lat' dir='ltr'><strong>et</strong></span> <span class='ocrx_word' id='word_1_220' title='bbox 3236 1488 3622 1558; x_wconf 85' lang='lat' dir='ltr'><strong>archangelum</strong></span> 
     </span>
    </p>
   </div>
   <div class='ocr_carea' id='block_1_30' title="bbox 2055 1559 3623 1645">
    <p class='ocr_par' dir='ltr' id='par_1_30' title="bbox 2055 1559 3623 1645">
     <span class='ocr_line' id='line_1_30' title="bbox 2055 1559 3623 1645; baseline 0.006 -20"><span class='ocrx_word' id='word_1_221' title='bbox 2055 1570 2292 1643; x_wconf 84' lang='lat' dir='ltr'><strong>perfecta</strong></span> <span class='ocrx_word' id='word_1_222' title='bbox 2325 1574 2421 1628; x_wconf 88' lang='lat' dir='ltr'><strong>tibi</strong></span> <span class='ocrx_word' id='word_1_223' title='bbox 2452 1576 2708 1645; x_wconf 84' lang='lat' dir='ltr'><strong>mysteria</strong></span> <span class='ocrx_word' id='word_1_224' title='bbox 2734 1559 2935 1633; x_wconf 81' lang='lat' dir='ltr'><strong>diserte</strong></span> <span class='ocrx_word' id='word_1_225' title='bbox 2960 1580 3397 1635; x_wconf 90' lang='lat' dir='ltr'><strong>annuntiantem.</strong></span> <span class='ocrx_word' id='word_1_226' title='bbox 3435 1578 3623 1636; x_wconf 84' lang='lat' dir='ltr'><strong>Venite</strong></span> 
     </span>
    </p>
   </div>
   <div class='ocr_carea' id='block_1_31' title="bbox 2055 1665 3624 1744">
    <p class='ocr_par' dir='ltr' id='par_1_31' title="bbox 2055 1665 3624 1744">
     <span class='ocr_line' id='line_1_31' title="bbox 2055 1665 3624 1744; baseline 0.006 -24"><span class='ocrx_word' id='word_1_227' title='bbox 2055 1666 2258 1737; x_wconf 87' lang='lat' dir='ltr'><strong>igitur,</strong></span> <span class='ocrx_word' id='word_1_228' title='bbox 2310 1665 2687 1736; x_wconf 86' lang='lat' dir='ltr'><strong>dilectissimi,</strong></span> <span class='ocrx_word' id='word_1_229' title='bbox 2740 1679 2795 1724; x_wconf 90' lang='lat' dir='ltr'><strong>et</strong></span> <span class='ocrx_word' id='word_1_230' title='bbox 2821 1685 2923 1726; x_wconf 89' lang='lat' dir='ltr'><strong>nos</strong></span> <span class='ocrx_word' id='word_1_231' title='bbox 2958 1671 3025 1727; x_wconf 89' lang='lat' dir='ltr'><strong>ad</strong></span> <span class='ocrx_word' id='word_1_232' title='bbox 3059 1672 3377 1727; x_wconf 88' lang='lat' dir='ltr'><strong>memoriam</strong></span> <span class='ocrx_word' id='word_1_233' title='bbox 3404 1688 3469 1729; x_wconf 88' lang='lat' dir='ltr'><strong>ea</strong></span> <span class='ocrx_word' id='word_1_234' title='bbox 3501 1689 3624 1744; x_wconf 65' lang='lat' dir='ltr'><strong>quae</strong></span> 
     </span>
    </p>
   </div>
   <div class='ocr_carea' id='block_1_32' title="bbox 2054 1760 3624 1831">
    <p class='ocr_par' dir='ltr' id='par_1_32' title="bbox 2054 1760 3624 1831">
     <span class='ocr_line' id='line_1_32' title="bbox 2054 1760 3624 1831; baseline 0.006 -22"><span class='ocrx_word' id='word_1_235' title='bbox 2054 1766 2449 1825; x_wconf 66' lang='lat' dir='ltr'><strong>praecesserunt</strong></span> <span class='ocrx_word' id='word_1_236' title='bbox 2483 1768 2820 1824; x_wconf 90' lang='lat' dir='ltr'><strong>revocantes,</strong></span> <span class='ocrx_word' id='word_1_237' title='bbox 2859 1760 3068 1831; x_wconf 84' lang='lat' dir='ltr'><strong>virgam</strong></span> <span class='ocrx_word' id='word_1_238' title='bbox 3099 1762 3245 1816; x_wconf 90' lang='lat' dir='ltr'><strong>illam</strong></span> <span class='ocrx_word' id='word_1_239' title='bbox 3275 1777 3339 1817; x_wconf 76' lang='lat' dir='ltr'><strong>ex</strong></span> <span class='ocrx_word' id='word_1_240' title='bbox 3370 1760 3522 1819; x_wconf 81' lang='lat' dir='ltr'><strong>Jesse</strong></span> <span class='ocrx_word' id='word_1_241' title='bbox 3543 1765 3624 1819; x_wconf 90' lang='lat' dir='ltr'><strong>sic</strong></span> 
     </span>
    </p>
   </div>
   <div class='ocr_carea' id='block_1_33' title="bbox 2054 1845 3623 1920">
    <p class='ocr_par' dir='ltr' id='par_1_33' title="bbox 2054 1845 3623 1920">
     <span class='ocr_line' id='line_1_33' title="bbox 2054 1845 3623 1920; baseline 0.003 -21"><span class='ocrx_word' id='word_1_242' title='bbox 2054 1845 2448 1900; x_wconf 79' lang='lat' dir='ltr'><strong>admirabiliter</strong></span> <span class='ocrx_word' id='word_1_243' title='bbox 2475 1856 2638 1916; x_wconf 86' lang='lat' dir='ltr'><strong>atque</strong></span> <span class='ocrx_word' id='word_1_244' title='bbox 2665 1847 3009 1903; x_wconf 84' lang='lat' dir='ltr'><strong>inell‘abiliter</strong></span> <span class='ocrx_word' id='word_1_245' title='bbox 3035 1850 3429 1920; x_wconf 82' lang='lat' dir='ltr'><strong>germinantem</strong></span> <span class='ocrx_word' id='word_1_246' title='bbox 3464 1849 3623 1919; x_wconf 88' lang='lat' dir='ltr'><strong>glori-</strong></span> 
     </span>
    </p>
   </div>
   <div class='ocr_carea' id='block_1_34' title="bbox 379 1929 1944 2019">
    <p class='ocr_par' dir='ltr' id='par_1_34' title="bbox 379 1929 1944 2019">
     <span class='ocr_line' id='line_1_34' title="bbox 379 1929 1944 2019; baseline -0.001 -21"><span class='ocrx_word' id='word_1_247' title='bbox 379 1941 545 1999; x_wconf 83' lang='grc' dir='ltr'><strong>Δεῦτε</strong></span> <span class='ocrx_word' id='word_1_248' title='bbox 566 1946 763 2011; x_wconf 83' lang='grc' dir='ltr'>τοίνυν,</span> <span class='ocrx_word' id='word_1_249' title='bbox 797 1947 1091 2017; x_wconf 80' lang='grc' dir='ltr'>ἀγαπητοὶ,</span> <span class='ocrx_word' id='word_1_250' title='bbox 1123 1947 1217 2001; x_wconf 75' lang='grc' dir='ltr'>καὶ</span> <span class='ocrx_word' id='word_1_251' title='bbox 1248 1948 1406 2017; x_wconf 76' lang='grc' dir='ltr'>ἡμεῖς</span> <span class='ocrx_word' id='word_1_252' title='bbox 1423 1929 1526 2019; x_wconf 30' lang='lat' dir='ltr'><strong>kal.</strong></span> <span class='ocrx_word' id='word_1_253' title='bbox 1546 1946 1643 2018; x_wconf 81' lang='grc' dir='ltr'><strong>τὴν</strong></span> <span class='ocrx_word' id='word_1_254' title='bbox 1675 1945 1782 1999; x_wconf 88' lang='grc' dir='ltr'><strong>τῶν</strong></span> <span class='ocrx_word' id='word_1_255' title='bbox 1811 1963 1944 2019; x_wconf 88' lang='grc' dir='ltr'>προ-</span> 
     </span>
    </p>
   </div>
   <div class='ocr_carea' id='block_1_35' title="bbox 2048 1929 3617 2019">
    <p class='ocr_par' dir='ltr' id='par_1_35' title="bbox 2050 1936 3617 2009">
     <span class='ocr_line' id='line_1_35' title="bbox 2050 1936 3617 2009; baseline 0.004 -19"><span class='ocrx_word' id='word_1_256' title='bbox 2050 1936 2274 1991; x_wconf 75' lang='lat' dir='ltr'><strong>tieemus</strong></span> <span class='ocrx_word' id='word_1_257' title='bbox 2301 1978 2315 2002; x_wconf 93' lang='lat'><strong>,</strong></span> <span class='ocrx_word' id='word_1_258' title='bbox 2352 1937 2726 1993; x_wconf 90' lang='lat' dir='ltr'><strong>collaudemus</strong></span> <span class='ocrx_word' id='word_1_259' title='bbox 2752 1978 2767 2004; x_wconf 92' lang='lat'><strong>,</strong></span> <span class='ocrx_word' id='word_1_260' title='bbox 2796 1939 3007 1993; x_wconf 83' lang='lat' dir='ltr'><strong>beatam</strong></span> <span class='ocrx_word' id='word_1_261' title='bbox 3031 1940 3388 2009; x_wconf 70' lang='lat' dir='ltr'><strong>praadicemus</strong></span> <span class='ocrx_word' id='word_1_262' title='bbox 3412 1983 3426 2007; x_wconf 93' lang='lat'><strong>,</strong></span> <span class='ocrx_word' id='word_1_263' title='bbox 3449 1941 3617 1996; x_wconf 71' lang='lat' dir='ltr'><strong>laetis-</strong></span> 
     </span>
    </p>
   </div>
   <div class='ocr_carea' id='block_1_36' title="bbox 379 2028 1950 2111">
    <p class='ocr_par' dir='ltr' id='par_1_36' title="bbox 379 2028 1950 2111">
     <span class='ocr_line' id='line_1_36' title="bbox 379 2028 1950 2111; baseline 0 -20"><span class='ocrx_word' id='word_1_264' title='bbox 379 2035 657 2093; x_wconf 75' lang='grc' dir='ltr'>λαϐόντων</span> <span class='ocrx_word' id='word_1_265' title='bbox 673 2039 891 2110; x_wconf 85' lang='grc' dir='ltr'>μνήμην</span> <span class='ocrx_word' id='word_1_266' title='bbox 921 2038 1338 2111; x_wconf 79' lang='grc' dir='ltr'>ἀναδραμόντες,</span> <span class='ocrx_word' id='word_1_267' title='bbox 1384 2028 1481 2108; x_wconf 63' lang='grc' dir='ltr'>τὴν</span> <span class='ocrx_word' id='word_1_268' title='bbox 1517 2037 1574 2103; x_wconf 78' lang='grc' dir='ltr'>ἐξ</span> <span class='ocrx_word' id='word_1_269' title='bbox 1618 2038 1811 2091; x_wconf 77' lang='grc' dir='ltr'>Ἰεσσαὶ</span> <span class='ocrx_word' id='word_1_270' title='bbox 1854 2037 1950 2110; x_wconf 77' lang='grc' dir='ltr'><strong>ῥά-</strong></span> 
     </span>
    </p>
   </div>
   <div class='ocr_carea' id='block_1_37' title="bbox 379 2122 1950 2200">
    <p class='ocr_par' dir='ltr' id='par_1_37' title="bbox 379 2122 1950 2200">
     <span class='ocr_line' id='line_1_37' title="bbox 379 2122 1950 2200; baseline 0 -19"><span class='ocrx_word' id='word_1_271' title='bbox 379 2127 503 2181; x_wconf 78' lang='grc' dir='ltr'>ϐδον</span> <span class='ocrx_word' id='word_1_272' title='bbox 534 2127 825 2200; x_wconf 80' lang='grc' dir='ltr'>ὑπερφυῶς</span> <span class='ocrx_word' id='word_1_273' title='bbox 854 2126 1026 2193; x_wconf 72' lang='grc' dir='ltr'>οὕτως</span> <span class='ocrx_word' id='word_1_274' title='bbox 1067 2122 1445 2199; x_wconf 73' lang='grc' dir='ltr'>βλαπήσασάν</span> <span class='ocrx_word' id='word_1_275' title='bbox 1460 2126 1792 2199; x_wconf 77' lang='grc' dir='ltr'>δοξάσωμεν,</span> <span class='ocrx_word' id='word_1_276' title='bbox 1823 2129 1950 2181; x_wconf 92' lang='grc' dir='ltr'>ἀνυ-</span> 
     </span>
    </p>
   </div>
   <div class='ocr_carea' id='block_1_38' title="bbox 379 2220 1950 2293">
    <p class='ocr_par' dir='ltr' id='par_1_38' title="bbox 379 2220 1950 2293">
     <span class='ocr_line' id='line_1_38' title="bbox 379 2220 1950 2293; baseline 0.001 -20"><span class='ocrx_word' id='word_1_277' title='bbox 379 2221 696 2293; x_wconf 84' lang='grc' dir='ltr'>μνήσωμεν,</span> <span class='ocrx_word' id='word_1_278' title='bbox 752 2220 1181 2293; x_wconf 83' lang='grc' dir='ltr'>μακαρίσωμεν,</span> <span class='ocrx_word' id='word_1_279' title='bbox 1241 2220 1651 2292; x_wconf 81' lang='grc' dir='ltr'>εύφημίσωμεν.</span> <span class='ocrx_word' id='word_1_280' title='bbox 1712 2221 1785 2274; x_wconf 83' lang='grc' dir='ltr'><strong>Οὐ</strong></span> <span class='ocrx_word' id='word_1_281' title='bbox 1843 2220 1950 2293; x_wconf 85' lang='grc' dir='ltr'><strong>γὰρ</strong></span> 
     </span>
    </p>
   </div>
   <div class='ocr_carea' id='block_1_39' title="bbox 381 2310 1950 2385">
    <p class='ocr_par' dir='ltr' id='par_1_39' title="bbox 381 2310 1950 2385">
     <span class='ocr_line' id='line_1_39' title="bbox 381 2310 1950 2385; baseline 0 -20"><span class='ocrx_word' id='word_1_282' title='bbox 381 2310 527 2382; x_wconf 84' lang='grc' dir='ltr'>μόνῳ</span> <span class='ocrx_word' id='word_1_283' title='bbox 553 2311 631 2383; x_wconf 82' lang='grc' dir='ltr'>τῷ</span> <span class='ocrx_word' id='word_1_284' title='bbox 836 2312 994 2384; x_wconf 90' lang='grc' dir='ltr'>μόνον</span> <span class='ocrx_word' id='word_1_285' title='bbox 1014 2311 1145 2385; x_wconf 86' lang='grc' dir='ltr'>τὸν]</span> <span class='ocrx_word' id='word_1_286' title='bbox 1188 2312 1408 2383; x_wconf 83' lang='grc' dir='ltr'>Ἰωσὴφ,</span> <span class='ocrx_word' id='word_1_287' title='bbox 1440 2311 1575 2365; x_wconf 79' lang='grc' dir='ltr'>ἀλλὰ</span> <span class='ocrx_word' id='word_1_288' title='bbox 1608 2313 1703 2366; x_wconf 75' lang='grc' dir='ltr'>καὶ</span> <span class='ocrx_word' id='word_1_289' title='bbox 1731 2315 1797 2384; x_wconf 80' lang='grc' dir='ltr'>τῇ</span> <span class='ocrx_word' id='word_1_290' title='bbox 1830 2311 1950 2365; x_wconf 89' lang='grc' dir='ltr'>θεο-</span> 
     </span>
    </p>
   </div>
   <div class='ocr_carea' id='block_1_40' title="bbox 376 2404 1951 2478">
    <p class='ocr_par' dir='ltr' id='par_1_40' title="bbox 376 2404 1951 2478">
     <span class='ocr_line' id='line_1_40' title="bbox 376 2404 1951 2478; baseline 0 -20"><span class='ocrx_word' id='word_1_291' title='bbox 376 2404 520 2476; x_wconf 82' lang='grc' dir='ltr'>τόκῳ</span> <span class='ocrx_word' id='word_1_292' title='bbox 560 2404 749 2477; x_wconf 58' lang='grc' dir='ltr'><strong>Μαρία⁸</strong></span> <span class='ocrx_word' id='word_1_293' title='bbox 786 2405 1191 2478; x_wconf 88' lang='grc' dir='ltr'>προμαρτυρῶν</span> <span class='ocrx_word' id='word_1_294' title='bbox 1247 2404 1380 2477; x_wconf 82' lang='grc' dir='ltr'><strong>[ἄλ.</strong></span> <span class='ocrx_word' id='word_1_295' title='bbox 1422 2404 1891 2478; x_wconf 80' lang='grc' dir='ltr'>προσμαρτυρῶν]</span> <span class='ocrx_word' id='word_1_296' title='bbox 1923 2408 1951 2459; x_wconf 89' lang='grc' dir='ltr'>ὁ</span> 
     </span>
    </p>
   </div>
   <div class='ocr_carea' id='block_1_41' title="bbox 375 2496 1950 2569">
    <p class='ocr_par' dir='ltr' id='par_1_41' title="bbox 375 2496 1950 2569">
     <span class='ocr_line' id='line_1_41' title="bbox 375 2496 1950 2569; baseline -0.002 -18"><span class='ocrx_word' id='word_1_297' title='bbox 375 2498 607 2563; x_wconf 76' lang='grc' dir='ltr'>Λουκᾶς,</span> <span class='ocrx_word' id='word_1_298' title='bbox 633 2499 693 2552; x_wconf 80' lang='grc' dir='ltr'>ὲν</span> <span class='ocrx_word' id='word_1_299' title='bbox 725 2501 837 2563; x_wconf 82' lang='grc' dir='ltr'>τοῖς</span> <span class='ocrx_word' id='word_1_300' title='bbox 867 2498 1030 2563; x_wconf 84' lang='grc' dir='ltr'>θείοις</span> <span class='ocrx_word' id='word_1_301' title='bbox 1060 2496 1429 2567; x_wconf 85' lang='grc' dir='ltr'>Εύαγγελίοις,</span> <span class='ocrx_word' id='word_1_302' title='bbox 1462 2498 1664 2569; x_wconf 78' lang='grc' dir='ltr'>ἱστορεῖ</span> <span class='ocrx_word' id='word_1_303' title='bbox 1691 2496 1825 2568; x_wconf 79' lang='grc' dir='ltr'>πρὸς</span> <span class='ocrx_word' id='word_1_304' title='bbox 1852 2497 1950 2549; x_wconf 86' lang='grc' dir='ltr'>αύ-</span> 
     </span>
    </p>
   </div>
   <div class='ocr_carea' id='block_1_42' title="bbox 374 2583 1948 2661">
    <p class='ocr_par' dir='ltr' id='par_1_42' title="bbox 374 2583 1948 2661">
     <span class='ocr_line' id='line_1_42' title="bbox 374 2583 1948 2661; baseline -0.003 -19"><span class='ocrx_word' id='word_1_305' title='bbox 374 2588 596 2661; x_wconf 77' lang='grc' dir='ltr'>τὴν’τὴν</span> <span class='ocrx_word' id='word_1_306' title='bbox 617 2587 712 2643; x_wconf 82' lang='grc' dir='ltr'>τοῦ</span> <span class='ocrx_word' id='word_1_307' title='bbox 734 2588 898 2643; x_wconf 76' lang='grc' dir='ltr'><strong>Δαόὶδ</strong></span> <span class='ocrx_word' id='word_1_308' title='bbox 919 2588 1224 2658; x_wconf 79' lang='grc' dir='ltr'>οἰκειότητα</span> <span class='ocrx_word' id='word_1_309' title='bbox 1246 2603 1260 2616; x_wconf 77' lang='grc'><strong>’</strong></span> <span class='ocrx_word' id='word_1_310' title='bbox 1302 2584 1499 2652; x_wconf 82' lang='grc' dir='ltr'>Ἀνέϐη</span> <span class='ocrx_word' id='word_1_311' title='bbox 1523 2585 1633 2654; x_wconf 71' lang='grc' dir='ltr'>γὰρ</span> <span class='ocrx_word' id='word_1_312' title='bbox 1649 2587 1682 2638; x_wconf 87' lang='grc' dir='ltr'><strong>ό</strong></span> <span class='ocrx_word' id='word_1_313' title='bbox 1713 2583 1948 2653; x_wconf 63' lang='grc' dir='ltr'>Ἰωσὴφ,</span> 
     </span>
    </p>
   </div>
   <div class='ocr_carea' id='block_1_43' title="bbox 377 2674 1946 2753">
    <p class='ocr_par' dir='ltr' id='par_1_43' title="bbox 377 2674 1946 2753">
     <span class='ocr_line' id='line_1_43' title="bbox 377 2674 1946 2753; baseline -0.003 -18"><span class='ocrx_word' id='word_1_314' title='bbox 377 2681 561 2753; x_wconf 74' lang='grc' dir='ltr'>φησὶν,</span> <span class='ocrx_word' id='word_1_315' title='bbox 589 2680 708 2753; x_wconf 82' lang='grc' dir='ltr'>ἀπὸ</span> <span class='ocrx_word' id='word_1_316' title='bbox 728 2680 839 2749; x_wconf 80' lang='grc' dir='ltr'>τῆς</span> <span class='ocrx_word' id='word_1_317' title='bbox 852 2680 1186 2746; x_wconf 70' lang='grc' dir='ltr'>Γαλιλαίας</span> <span class='ocrx_word' id='word_1_318' title='bbox 1198 2681 1285 2745; x_wconf 85' lang='grc' dir='ltr'>εἰς</span> <span class='ocrx_word' id='word_1_319' title='bbox 1310 2678 1491 2732; x_wconf 84' lang='grc' dir='ltr'>πόλιν</span> <span class='ocrx_word' id='word_1_320' title='bbox 1506 2676 1615 2745; x_wconf 82' lang='grc' dir='ltr'>τῆς</span> <span class='ocrx_word' id='word_1_321' title='bbox 1646 2674 1946 2741; x_wconf 81' lang='grc' dir='ltr'>Ἰουδαίας,</span> 
     </span>
    </p>
   </div>
   <div class='ocr_carea' id='block_1_44' title="bbox 375 2750 1950 2842">
    <p class='ocr_par' dir='ltr' id='par_1_44' title="bbox 375 2750 1950 2842">
     <span class='ocr_line' id='line_1_44' title="bbox 375 2750 1950 2842; baseline -0.002 -17"><span class='ocrx_word' id='word_1_322' title='bbox 375 2750 510 2840; x_wconf 76' lang='grc' dir='ltr'>ἣτις</span> <span class='ocrx_word' id='word_1_323' title='bbox 541 2750 806 2829; x_wconf 79' lang='grc' dir='ltr'>καλεῖται</span> <span class='ocrx_word' id='word_1_324' title='bbox 835 2772 1126 2842; x_wconf 83' lang='grc' dir='ltr'>Βηθλεὲμ,</span> <span class='ocrx_word' id='word_1_325' title='bbox 1162 2770 1639 2842; x_wconf 57' lang='grc' dir='ltr'>ἀπογράψασθαι</span> <span class='ocrx_word' id='word_1_326' title='bbox 1664 2769 1787 2823; x_wconf 85' lang='grc' dir='ltr'>σὺν</span> <span class='ocrx_word' id='word_1_327' title='bbox 1827 2771 1950 2822; x_wconf 85' lang='grc' dir='ltr'><strong>Μα-</strong></span> 
     </span>
    </p>
   </div>
   <div class='ocr_carea' id='block_1_45' title="bbox 367 2860 1946 2934">
    <p class='ocr_par' dir='ltr' id='par_1_45' title="bbox 367 2860 1946 2934">
     <span class='ocr_line' id='line_1_45' title="bbox 367 2860 1946 2934; baseline -0.003 -15"><span class='ocrx_word' id='word_1_328' title='bbox 367 2866 514 2934; x_wconf 79' lang='grc' dir='ltr'>ριὰμ</span> <span class='ocrx_word' id='word_1_329' title='bbox 573 2863 650 2933; x_wconf 80' lang='grc' dir='ltr'><strong>τῇ</strong></span> <span class='ocrx_word' id='word_1_330' title='bbox 698 2862 1199 2934; x_wconf 79' lang='grc' dir='ltr'>μεμνηστευμένῃ</span> <span class='ocrx_word' id='word_1_331' title='bbox 1256 2860 1416 2927; x_wconf 85' lang='grc' dir='ltr'><strong>αὐτῷ</strong></span> <span class='ocrx_word' id='word_1_332' title='bbox 1482 2860 1741 2931; x_wconf 76' lang='grc' dir='ltr'>γυναικὶ,</span> <span class='ocrx_word' id='word_1_333' title='bbox 1792 2861 1946 2930; x_wconf 82' lang='grc' dir='ltr'>οὔσῃ</span> 
     </span>
    </p>
   </div>
   <div class='ocr_carea' id='block_1_46' title="bbox 370 2948 1951 3023">
    <p class='ocr_par' dir='ltr' id='par_1_46' title="bbox 370 2948 1951 3023">
     <span class='ocr_line' id='line_1_46' title="bbox 370 2948 1951 3023; baseline -0.001 -18"><span class='ocrx_word' id='word_1_334' title='bbox 370 2952 585 3023; x_wconf 58' lang='lat' dir='ltr'><strong>meq),</strong></span> <span class='ocrx_word' id='word_1_335' title='bbox 617 2951 713 3006; x_wconf 84' lang='grc' dir='ltr'>διὰ</span> <span class='ocrx_word' id='word_1_336' title='bbox 737 2950 803 3005; x_wconf 89' lang='grc' dir='ltr'><strong>τὸ</strong></span> <span class='ocrx_word' id='word_1_337' title='bbox 830 2948 983 3006; x_wconf 83' lang='grc' dir='ltr'>εῖναι</span> <span class='ocrx_word' id='word_1_338' title='bbox 1008 2952 1232 3018; x_wconf 85' lang='grc' dir='ltr'>αὐτοὺς</span> <span class='ocrx_word' id='word_1_339' title='bbox 1254 2950 1323 3015; x_wconf 77' lang='grc' dir='ltr'><strong>ἐξ</strong></span> <span class='ocrx_word' id='word_1_340' title='bbox 1350 2950 1522 3005; x_wconf 79' lang='grc' dir='ltr'>οἴκου</span> <span class='ocrx_word' id='word_1_341' title='bbox 1551 2948 1650 3003; x_wconf 80' lang='grc' dir='ltr'>καὶ</span> <span class='ocrx_word' id='word_1_342' title='bbox 1698 2948 1951 3019; x_wconf 86' lang='grc' dir='ltr'>πατριᾶς</span> 
     </span>
    </p>
   </div>
   <div class='ocr_carea' id='block_1_47' title="bbox 373 3039 1950 3115">
    <p class='ocr_par' dir='ltr' id='par_1_47' title="bbox 373 3039 1950 3115">
     <span class='ocr_line' id='line_1_47' title="bbox 373 3039 1950 3115; baseline -0.002 -17"><span class='ocrx_word' id='word_1_343' title='bbox 373 3044 567 3099; x_wconf 78' lang='grc' dir='ltr'>Δαϐίδ.</span> <span class='ocrx_word' id='word_1_344' title='bbox 609 3044 870 3113; x_wconf 80' lang='grc' dir='ltr'>Ἐγένετο</span> <span class='ocrx_word' id='word_1_345' title='bbox 897 3042 965 3098; x_wconf 86' lang='grc' dir='ltr'>δὲ</span> <span class='ocrx_word' id='word_1_346' title='bbox 988 3044 1058 3097; x_wconf 84' lang='grc' dir='ltr'>ἐν</span> <span class='ocrx_word' id='word_1_347' title='bbox 1085 3042 1164 3109; x_wconf 85' lang='grc' dir='ltr'><strong>τῷ</strong></span> <span class='ocrx_word' id='word_1_348' title='bbox 1188 3039 1340 3115; x_wconf 73' lang='grc' dir='ltr'>εἶναι</span> <span class='ocrx_word' id='word_1_349' title='bbox 1364 3043 1587 3110; x_wconf 86' lang='grc' dir='ltr'>αὐτοὺς</span> <span class='ocrx_word' id='word_1_350' title='bbox 1607 3042 1748 3108; x_wconf 82' lang='grc' dir='ltr'>ἐκεῖ,</span> <span class='ocrx_word' id='word_1_351' title='bbox 1767 3041 1950 3110; x_wconf 82' lang='grc' dir='ltr'><strong>ἐπλή-</strong></span> 
     </span>
    </p>
   </div>
   <div class='ocr_carea' id='block_1_48' title="bbox 372 3134 1950 3205">
    <p class='ocr_par' dir='ltr' id='par_1_48' title="bbox 372 3134 1950 3205">
     <span class='ocr_line' id='line_1_48' title="bbox 372 3134 1950 3205; baseline 0 -15"><span class='ocrx_word' id='word_1_352' title='bbox 372 3140 616 3205; x_wconf 87' lang='grc' dir='ltr'>σθησαν</span> <span class='ocrx_word' id='word_1_353' title='bbox 641 3138 701 3190; x_wconf 75' lang='grc' dir='ltr'>αἱ</span> <span class='ocrx_word' id='word_1_354' title='bbox 725 3134 935 3205; x_wconf 76' lang='grc' dir='ltr'>ἡμέραι</span> <span class='ocrx_word' id='word_1_355' title='bbox 960 3135 1066 3190; x_wconf 87' lang='grc' dir='ltr'>τοῦ</span> <span class='ocrx_word' id='word_1_356' title='bbox 1098 3134 1290 3189; x_wconf 81' lang='grc' dir='ltr'>τεκεῖν</span> <span class='ocrx_word' id='word_1_357' title='bbox 1319 3134 1516 3204; x_wconf 78' lang='grc' dir='ltr'>αὐτὴν</span> <span class='ocrx_word' id='word_1_358' title='bbox 1535 3175 1549 3198; x_wconf 87' lang='grc'><strong>,</strong></span> <span class='ocrx_word' id='word_1_359' title='bbox 1602 3134 1700 3189; x_wconf 79' lang='grc' dir='ltr'>καὶ</span> <span class='ocrx_word' id='word_1_360' title='bbox 1744 3134 1950 3190; x_wconf 76' lang='grc' dir='ltr'>ἔτεκεν</span> 
     </span>
    </p>
   </div>
   <div class='ocr_carea' id='block_1_49' title="bbox 370 3219 1949 3296">
    <p class='ocr_par' dir='ltr' id='par_1_49' title="bbox 370 3219 1949 3296">
     <span class='ocr_line' id='line_1_49' title="bbox 370 3219 1949 3296; baseline 0.002 -17"><span class='ocrx_word' id='word_1_361' title='bbox 370 3219 482 3280; x_wconf 79' lang='grc' dir='ltr'><strong>τόν</strong></span> <span class='ocrx_word' id='word_1_362' title='bbox 503 3226 636 3282; x_wconf 81' lang='grc' dir='ltr'>υἱόν</span> <span class='ocrx_word' id='word_1_363' title='bbox 653 3225 845 3295; x_wconf 84' lang='grc' dir='ltr'>αὐτῆς</span> <span class='ocrx_word' id='word_1_364' title='bbox 887 3226 993 3282; x_wconf 85' lang='grc' dir='ltr'><strong>τὸν</strong></span> <span class='ocrx_word' id='word_1_365' title='bbox 1031 3226 1405 3296; x_wconf 78' lang='grc' dir='ltr'>πρωτότοκον·</span> <span class='ocrx_word' id='word_1_366' title='bbox 1445 3226 1650 3294; x_wconf 85' lang='grc' dir='ltr'>πάσης</span> <span class='ocrx_word' id='word_1_367' title='bbox 1679 3224 1787 3295; x_wconf 84' lang='grc' dir='ltr'><strong>τῆς</strong></span> <span class='ocrx_word' id='word_1_368' title='bbox 1827 3228 1949 3282; x_wconf 82' lang='grc' dir='ltr'>κτι-</span> 
     </span>
    </p>
   </div>
   <div class='ocr_carea' id='block_1_50' title="bbox 372 3318 1945 3389">
    <p class='ocr_par' dir='ltr' id='par_1_50' title="bbox 372 3318 1945 3389">
     <span class='ocr_line' id='line_1_50' title="bbox 372 3318 1945 3389; baseline 0.001 -17"><span class='ocrx_word' id='word_1_369' title='bbox 372 3333 557 3385; x_wconf 79' lang='grc' dir='ltr'>σεως’</span> <span class='ocrx_word' id='word_1_370' title='bbox 589 3318 689 3373; x_wconf 78' lang='grc' dir='ltr'>καὶ</span> <span class='ocrx_word' id='word_1_371' title='bbox 735 3318 1203 3389; x_wconf 73' lang='grc' dir='ltr'>ἐσπαργάνωσεν</span> <span class='ocrx_word' id='word_1_372' title='bbox 1234 3320 1440 3385; x_wconf 79' lang='grc' dir='ltr'>αὐτὸν,</span> <span class='ocrx_word' id='word_1_373' title='bbox 1488 3319 1585 3373; x_wconf 79' lang='grc' dir='ltr'>καὶ</span> <span class='ocrx_word' id='word_1_374' title='bbox 1628 3320 1945 3375; x_wconf 78' lang='grc' dir='ltr'><strong>ἀνέκλινεν</strong></span> 
     </span>
    </p>
   </div>
   <div class='ocr_carea' id='block_1_51' title="bbox 369 3406 1945 3481">
    <p class='ocr_par' dir='ltr' id='par_1_51' title="bbox 369 3406 1945 3481">
     <span class='ocr_line' id='line_1_51' title="bbox 369 3406 1945 3481; baseline 0.003 -20"><span class='ocrx_word' id='word_1_375' title='bbox 369 3408 556 3464; x_wconf 76' lang='grc' dir='ltr'>αὑτὸν</span> <span class='ocrx_word' id='word_1_376' title='bbox 579 3410 651 3463; x_wconf 82' lang='grc' dir='ltr'>ἐν</span> <span class='ocrx_word' id='word_1_377' title='bbox 677 3407 752 3478; x_wconf 79' lang='grc' dir='ltr'><strong>τῇ</strong></span> <span class='ocrx_word' id='word_1_378' title='bbox 772 3408 988 3479; x_wconf 70' lang='grc' dir='ltr'>φάτνῃ,</span> <span class='ocrx_word' id='word_1_379' title='bbox 1020 3409 1168 3463; x_wconf 81' lang='grc' dir='ltr'><em>διότι</em></span> <span class='ocrx_word' id='word_1_380' title='bbox 1192 3412 1303 3464; x_wconf 85' lang='grc' dir='ltr'>οὐκ</span> <span class='ocrx_word' id='word_1_381' title='bbox 1326 3406 1405 3481; x_wconf 82' lang='grc' dir='ltr'>ἦν</span> <span class='ocrx_word' id='word_1_382' title='bbox 1428 3410 1634 3478; x_wconf 82' lang='grc' dir='ltr'>αὐτοῖς</span> <span class='ocrx_word' id='word_1_383' title='bbox 1672 3412 1852 3478; x_wconf 86' lang='grc' dir='ltr'>τόπος</span> <span class='ocrx_word' id='word_1_384' title='bbox 1875 3413 1945 3466; x_wconf 82' lang='grc' dir='ltr'>ἐν</span> 
     </span>
    </p>
   </div>
   <div class='ocr_carea' id='block_1_52' title="bbox 370 3499 1944 3573">
    <p class='ocr_par' dir='ltr' id='par_1_52' title="bbox 370 3499 1944 3573">
     <span class='ocr_line' id='line_1_52' title="bbox 370 3499 1944 3573; baseline 0.001 -19"><span class='ocrx_word' id='word_1_385' title='bbox 370 3499 453 3566; x_wconf 82' lang='grc' dir='ltr'><strong>τῷ</strong></span> <span class='ocrx_word' id='word_1_386' title='bbox 483 3501 870 3571; x_wconf 72' lang='grc' dir='ltr'>καταλύματι.</span> <span class='ocrx_word' id='word_1_387' title='bbox 909 3501 1363 3573; x_wconf 84' lang='grc' dir='ltr'>Ἐσπαργάνωσεν</span> <span class='ocrx_word' id='word_1_388' title='bbox 1390 3501 1498 3555; x_wconf 84' lang='grc' dir='ltr'><strong>τὸν</strong></span> <span class='ocrx_word' id='word_1_389' title='bbox 1537 3502 1944 3572; x_wconf 81' lang='grc' dir='ltr'>ἀναϐαλλόμε-</span> 
     </span>
    </p>
   </div>
   <div class='ocr_carea' id='block_1_53' title="bbox 370 3589 1942 3663">
    <p class='ocr_par' dir='ltr' id='par_1_53' title="bbox 370 3589 1942 3663">
     <span class='ocr_line' id='line_1_53' title="bbox 370 3589 1942 3663; baseline 0.003 -18"><span class='ocrx_word' id='word_1_390' title='bbox 370 3607 483 3645; x_wconf 88' lang='grc' dir='ltr'><strong>νον</strong></span> <span class='ocrx_word' id='word_1_391' title='bbox 519 3590 646 3660; x_wconf 66' lang='grc' dir='ltr'>φῶς</span> <span class='ocrx_word' id='word_1_392' title='bbox 685 3592 766 3657; x_wconf 88' lang='grc' dir='ltr'>ὠς</span> <span class='ocrx_word' id='word_1_393' title='bbox 812 3589 1063 3662; x_wconf 82' lang='grc' dir='ltr'>ἱμάτιον.</span> <span class='ocrx_word' id='word_1_394' title='bbox 1118 3592 1569 3663; x_wconf 80' lang='grc' dir='ltr'>Ἐσπαργάνωσεν</span> <span class='ocrx_word' id='word_1_395' title='bbox 1617 3593 1710 3647; x_wconf 84' lang='grc' dir='ltr'><strong>τὸν</strong></span> <span class='ocrx_word' id='word_1_396' title='bbox 1764 3598 1942 3649; x_wconf 81' lang='grc' dir='ltr'>πᾶσαν</span> 
     </span>
    </p>
   </div>
   <div class='ocr_carea' id='block_1_54' title="bbox 338 3682 1943 3761">
    <p class='ocr_par' dir='ltr' id='par_1_54' title="bbox 338 3682 1943 3761">
     <span class='ocr_line' id='line_1_54' title="bbox 338 3682 1943 3761; baseline 0.003 -25"><span class='ocrx_word' id='word_1_397' title='bbox 338 3682 548 3736; x_wconf 78' lang='grc' dir='ltr'>κτίσιν</span> <span class='ocrx_word' id='word_1_398' title='bbox 566 3684 1064 3757; x_wconf 85' lang='grc' dir='ltr'>δημιουργήσαντα.</span> <span class='ocrx_word' id='word_1_399' title='bbox 1131 3684 1433 3740; x_wconf 86' lang='grc' dir='ltr'>Ἀνὲκλινεν</span> <span class='ocrx_word' id='word_1_400' title='bbox 1476 3687 1535 3739; x_wconf 80' lang='grc' dir='ltr'>ὲν</span> <span class='ocrx_word' id='word_1_401' title='bbox 1590 3687 1795 3761; x_wconf 81' lang='grc' dir='ltr'>φάτνῃ,</span> <span class='ocrx_word' id='word_1_402' title='bbox 1836 3688 1943 3741; x_wconf 79' lang='grc' dir='ltr'>τὸν</span> 
     </span>
    </p>
   </div>
   <div class='ocr_carea' id='block_1_55' title="bbox 371 3772 1941 3851">
    <p class='ocr_par' dir='ltr' id='par_1_55' title="bbox 371 3772 1941 3851">
     <span class='ocr_line' id='line_1_55' title="bbox 371 3772 1941 3851; baseline 0.003 -23"><span class='ocrx_word' id='word_1_403' title='bbox 371 3772 522 3842; x_wconf 80' lang='grc' dir='ltr'>ὑπὲρ</span> <span class='ocrx_word' id='word_1_404' title='bbox 548 3776 830 3847; x_wconf 78' lang='grc' dir='ltr'>χερουϐὶμ</span> <span class='ocrx_word' id='word_1_405' title='bbox 851 3775 1209 3847; x_wconf 79' lang='grc' dir='ltr'>καθήμενον,</span> <span class='ocrx_word' id='word_1_406' title='bbox 1232 3778 1325 3830; x_wconf 81' lang='grc' dir='ltr'><strong>καὶ</strong></span> <span class='ocrx_word' id='word_1_407' title='bbox 1346 3777 1449 3831; x_wconf 83' lang='grc' dir='ltr'><strong>ὑπὸ</strong></span> <span class='ocrx_word' id='word_1_408' title='bbox 1478 3778 1750 3851; x_wconf 86' lang='grc' dir='ltr'>μυριάδων</span> <span class='ocrx_word' id='word_1_409' title='bbox 1779 3779 1941 3848; x_wconf 69' lang='grc' dir='ltr'>ἀγγέσ</span> 
     </span>
    </p>
   </div>
   <div class='ocr_carea' id='block_1_56' title="bbox 368 3864 1941 3943">
    <p class='ocr_par' dir='ltr' id='par_1_56' title="bbox 368 3864 1941 3943">
     <span class='ocr_line' id='line_1_56' title="bbox 368 3864 1941 3943; baseline 0.003 -23"><span class='ocrx_word' id='word_1_410' title='bbox 368 3864 478 3920; x_wconf 87' lang='grc' dir='ltr'><strong>λων</strong></span> <span class='ocrx_word' id='word_1_411' title='bbox 502 3868 923 3939; x_wconf 80' lang='grc' dir='ltr'>ἀνυμνούμενον.</span> <span class='ocrx_word' id='word_1_412' title='bbox 944 3871 1030 3923; x_wconf 86' lang='grc' dir='ltr'>Ἑν</span> <span class='ocrx_word' id='word_1_413' title='bbox 1059 3873 1124 3941; x_wconf 79' lang='grc' dir='ltr'><strong>τῇ</strong></span> <span class='ocrx_word' id='word_1_414' title='bbox 1145 3869 1251 3922; x_wconf 84' lang='grc' dir='ltr'><strong>τῶν</strong></span> <span class='ocrx_word' id='word_1_415' title='bbox 1280 3870 1490 3939; x_wconf 80' lang='grc' dir='ltr'>ἀλόγων</span> <span class='ocrx_word' id='word_1_416' title='bbox 1510 3872 1683 3943; x_wconf 81' lang='grc' dir='ltr'>φάτνῃ</span> <span class='ocrx_word' id='word_1_417' title='bbox 1708 3872 1941 3925; x_wconf 88' lang='grc' dir='ltr'>ἀνεπαύ-</span> 
     </span>
    </p>
   </div>
   <div class='ocr_carea' id='block_1_57' title="bbox 372 3946 1941 4036">
    <p class='ocr_par' dir='ltr' id='par_1_57' title="bbox 372 3946 1941 4036">
     <span class='ocr_line' id='line_1_57' title="bbox 372 3946 1941 4036; baseline 0.004 -25"><span class='ocrx_word' id='word_1_418' title='bbox 372 3974 503 4011; x_wconf 83' lang='grc' dir='ltr'>σατο</span> <span class='ocrx_word' id='word_1_419' title='bbox 523 3960 552 4011; x_wconf 88' lang='grc' dir='ltr'><strong>ό</strong></span> <span class='ocrx_word' id='word_1_420' title='bbox 580 3946 673 4011; x_wconf 79' lang='grc' dir='ltr'>τοῦ</span> <span class='ocrx_word' id='word_1_421' title='bbox 689 3957 825 4012; x_wconf 87' lang='grc' dir='ltr'><strong>Θεοῦ</strong></span> <span class='ocrx_word' id='word_1_422' title='bbox 846 3959 1039 4028; x_wconf 85' lang='grc' dir='ltr'>Λόγος,</span> <span class='ocrx_word' id='word_1_423' title='bbox 1059 3960 1142 4013; x_wconf 82' lang='grc' dir='ltr'>ἵνα</span> <span class='ocrx_word' id='word_1_424' title='bbox 1166 3964 1279 4024; x_wconf 88' lang='grc' dir='ltr'>τοῖς</span> <span class='ocrx_word' id='word_1_425' title='bbox 1305 3962 1473 4026; x_wconf 83' lang='grc' dir='ltr'>ὅντως</span> <span class='ocrx_word' id='word_1_426' title='bbox 1505 3962 1718 4031; x_wconf 83' lang='grc' dir='ltr'>ἀλόγοις</span> <span class='ocrx_word' id='word_1_427' title='bbox 1734 3963 1829 4017; x_wconf 88' lang='grc' dir='ltr'><strong>ἀνθ</strong></span> <span class='ocrx_word' id='word_1_428' title='bbox 1839 3981 1941 4036; x_wconf 89' lang='grc' dir='ltr'>ρω-</span> 
     </span>
    </p>
   </div>
   <div class='ocr_carea' id='block_1_58' title="bbox 369 4046 1941 4126">
    <p class='ocr_par' dir='ltr' id='par_1_58' title="bbox 369 4046 1941 4126">
     <span class='ocr_line' id='line_1_58' title="bbox 369 4046 1941 4126; baseline 0.004 -26"><span class='ocrx_word' id='word_1_429' title='bbox 369 4048 549 4110; x_wconf 85' lang='grc' dir='ltr'>πίνοις</span> <span class='ocrx_word' id='word_1_430' title='bbox 714 4047 1064 4121; x_wconf 84' lang='grc' dir='ltr'>ἀνθρώποις],</span> <span class='ocrx_word' id='word_1_431' title='bbox 1090 4050 1229 4103; x_wconf 80' lang='grc' dir='ltr'>κατὰ</span> <span class='ocrx_word' id='word_1_432' title='bbox 1248 4054 1584 4125; x_wconf 72' lang='grc' dir='ltr'>προαίρεσιν,</span> <span class='ocrx_word' id='word_1_433' title='bbox 1604 4053 1823 4126; x_wconf 78' lang='grc' dir='ltr'>λογικῆς</span> <span class='ocrx_word' id='word_1_434' title='bbox 1845 4072 1941 4126; x_wconf 89' lang='grc' dir='ltr'>με-</span> 
     </span>
    </p>
   </div>
   <div class='ocr_carea' id='block_1_59' title="bbox 365 4137 1937 4220">
    <p class='ocr_par' dir='ltr' id='par_1_59' title="bbox 365 4137 1937 4220">
     <span class='ocr_line' id='line_1_59' title="bbox 365 4137 1937 4220; baseline 0.003 -27"><span class='ocrx_word' id='word_1_435' title='bbox 365 4137 584 4212; x_wconf 81' lang='grc' dir='ltr'>ταδώσῃ</span> <span class='ocrx_word' id='word_1_436' title='bbox 598 4139 917 4211; x_wconf 79' lang='grc' dir='ltr'>αἰσθήσεως.</span> <span class='ocrx_word' id='word_1_437' title='bbox 937 4141 1023 4193; x_wconf 91' lang='grc' dir='ltr'><strong>Ἐν</strong></span> <span class='ocrx_word' id='word_1_438' title='bbox 1046 4143 1112 4211; x_wconf 86' lang='grc' dir='ltr'>τῇ</span> <span class='ocrx_word' id='word_1_439' title='bbox 1139 4142 1388 4214; x_wconf 77' lang='grc' dir='ltr'>τραπέζῃ</span> <span class='ocrx_word' id='word_1_440' title='bbox 1413 4143 1517 4196; x_wconf 89' lang='grc' dir='ltr'><strong>τῶν</strong></span> <span class='ocrx_word' id='word_1_441' title='bbox 1551 4144 1761 4215; x_wconf 79' lang='grc' dir='ltr'>κτηνῶν</span> <span class='ocrx_word' id='word_1_442' title='bbox 1783 4162 1937 4220; x_wconf 72' lang='grc' dir='ltr'>προε-</span> 
     </span>
    </p>
   </div>
   <div class='ocr_carea' id='block_1_60' title="bbox 366 4230 1935 4310">
    <p class='ocr_par' dir='ltr' id='par_1_60' title="bbox 366 4230 1935 4310">
     <span class='ocr_line' id='line_1_60' title="bbox 366 4230 1935 4310; baseline 0.003 -23"><span class='ocrx_word' id='word_1_443' title='bbox 366 4230 497 4303; x_wconf 75' lang='grc' dir='ltr'>ςέθη</span> <span class='ocrx_word' id='word_1_444' title='bbox 517 4232 545 4284; x_wconf 89' lang='grc' dir='ltr'>ὁ</span> <span class='ocrx_word' id='word_1_445' title='bbox 560 4230 810 4303; x_wconf 81' lang='grc' dir='ltr'>οὐράνιος</span> <span class='ocrx_word' id='word_1_446' title='bbox 826 4232 987 4303; x_wconf 77' lang='grc' dir='ltr'>ἄρτος</span> <span class='ocrx_word' id='word_1_447' title='bbox 1001 4232 1121 4304; x_wconf 79' lang='grc' dir='ltr'><strong>[ἄλ.</strong></span> <span class='ocrx_word' id='word_1_448' title='bbox 1142 4234 1441 4306; x_wconf 76' lang='grc' dir='ltr'>προσετέθη</span> <span class='ocrx_word' id='word_1_449' title='bbox 1463 4236 1624 4307; x_wconf 81' lang='grc' dir='ltr'>ἄρτος</span> <span class='ocrx_word' id='word_1_450' title='bbox 1634 4237 1732 4308; x_wconf 85' lang='grc' dir='ltr'>τῆς</span> <span class='ocrx_word' id='word_1_451' title='bbox 1745 4236 1935 4310; x_wconf 77' lang='grc' dir='ltr'>ζωῆς],</span> 
     </span>
    </p>
   </div>
   <div class='ocr_carea' id='block_1_61' title="bbox 369 4322 1939 4402">
    <p class='ocr_par' dir='ltr' id='par_1_61' title="bbox 369 4322 1939 4402">
     <span class='ocr_line' id='line_1_61' title="bbox 369 4322 1939 4402; baseline 0.004 -25"><span class='ocrx_word' id='word_1_452' title='bbox 369 4323 457 4379; x_wconf 68' lang='grc' dir='ltr'>ἵνα</span> <span class='ocrx_word' id='word_1_453' title='bbox 483 4326 595 4388; x_wconf 85' lang='grc' dir='ltr'>τοῖς</span> <span class='ocrx_word' id='word_1_454' title='bbox 628 4322 953 4395; x_wconf 82' lang='grc' dir='ltr'>κτηνῶδεσιν</span> <span class='ocrx_word' id='word_1_455' title='bbox 973 4328 1085 4389; x_wconf 85' lang='grc' dir='ltr'>τοῖς</span> <span class='ocrx_word' id='word_1_456' title='bbox 1104 4325 1464 4397; x_wconf 86' lang='grc' dir='ltr'>ἀνθρωπίνοις</span> <span class='ocrx_word' id='word_1_457' title='bbox 1498 4329 1765 4401; x_wconf 84' lang='grc' dir='ltr'>μυστικῆς</span> <span class='ocrx_word' id='word_1_458' title='bbox 1798 4329 1939 4402; x_wconf 84' lang='grc' dir='ltr'><strong>βρώ-</strong></span> 
     </span>
    </p>
   </div>
   <div class='ocr_carea' id='block_1_62' title="bbox 372 4416 1938 4492">
    <p class='ocr_par' dir='ltr' id='par_1_62' title="bbox 372 4416 1938 4492">
     <span class='ocr_line' id='line_1_62' title="bbox 372 4416 1938 4492; baseline 0.004 -21"><span class='ocrx_word' id='word_1_459' title='bbox 372 4433 508 4481; x_wconf 82' lang='grc' dir='ltr'>σεως</span> <span class='ocrx_word' id='word_1_460' title='bbox 532 4419 815 4490; x_wconf 79' lang='grc' dir='ltr'>χορηγήσῃ</span> <span class='ocrx_word' id='word_1_461' title='bbox 852 4417 1169 4490; x_wconf 72' lang='grc' dir='ltr'>μετάληψιν.</span> <span class='ocrx_word' id='word_1_462' title='bbox 1191 4419 1301 4472; x_wconf 81' lang='grc' dir='ltr'>Καὶ</span> <span class='ocrx_word' id='word_1_463' title='bbox 1328 4419 1451 4472; x_wconf 82' lang='grc' dir='ltr'>οὐδὲ</span> <span class='ocrx_word' id='word_1_464' title='bbox 1470 4421 1634 4484; x_wconf 89' lang='grc' dir='ltr'>τόπος</span> <span class='ocrx_word' id='word_1_465' title='bbox 1660 4416 1728 4492; x_wconf 78' lang='grc' dir='ltr'>ἦν</span> <span class='ocrx_word' id='word_1_466' title='bbox 1757 4422 1938 4486; x_wconf 84' lang='grc' dir='ltr'>αὐτοῖς</span> 
     </span>
    </p>
   </div>
   <div class='ocr_carea' id='block_1_63' title="bbox 370 4507 1938 4584">
    <p class='ocr_par' dir='ltr' id='par_1_63' title="bbox 370 4507 1938 4584">
     <span class='ocr_line' id='line_1_63' title="bbox 370 4507 1938 4584; baseline 0.003 -21"><span class='ocrx_word' id='word_1_467' title='bbox 370 4510 429 4563; x_wconf 70' lang='grc' dir='ltr'>ὲν</span> <span class='ocrx_word' id='word_1_468' title='bbox 463 4508 540 4580; x_wconf 83' lang='grc' dir='ltr'>τῷ</span> <span class='ocrx_word' id='word_1_469' title='bbox 571 4509 933 4581; x_wconf 77' lang='grc' dir='ltr'>καταλύματι.</span> <span class='ocrx_word' id='word_1_470' title='bbox 989 4511 1163 4565; x_wconf 82' lang='grc' dir='ltr'>Τόπον</span> <span class='ocrx_word' id='word_1_471' title='bbox 1210 4511 1311 4565; x_wconf 87' lang='grc' dir='ltr'><strong>οὐκ</strong></span> <span class='ocrx_word' id='word_1_472' title='bbox 1340 4507 1505 4582; x_wconf 83' lang='grc' dir='ltr'>εἶχεν,</span> <span class='ocrx_word' id='word_1_473' title='bbox 1538 4513 1567 4567; x_wconf 86' lang='grc' dir='ltr'><strong>ό</strong></span> <span class='ocrx_word' id='word_1_474' title='bbox 1590 4513 1816 4584; x_wconf 81' lang='grc' dir='ltr'>οὐρανὸν</span> <span class='ocrx_word' id='word_1_475' title='bbox 1844 4516 1938 4567; x_wconf 82' lang='grc' dir='ltr'><strong>καὶ</strong></span> 
     </span>
    </p>
   </div>
   <div class='ocr_carea' id='block_1_64' title="bbox 368 4602 1937 4678">
    <p class='ocr_par' dir='ltr' id='par_1_64' title="bbox 368 4602 1937 4678">
     <span class='ocr_line' id='line_1_64' title="bbox 368 4602 1937 4678; baseline 0.005 -24"><span class='ocrx_word' id='word_1_476' title='bbox 368 4603 468 4672; x_wconf 87' lang='grc' dir='ltr'>τὴν</span> <span class='ocrx_word' id='word_1_477' title='bbox 505 4603 607 4673; x_wconf 82' lang='grc' dir='ltr'><strong>γῆν</strong></span> <span class='ocrx_word' id='word_1_478' title='bbox 638 4602 717 4675; x_wconf 81' lang='grc' dir='ltr'>τῷ</span> <span class='ocrx_word' id='word_1_479' title='bbox 746 4603 889 4673; x_wconf 85' lang='grc' dir='ltr'>λόγῳ</span> <span class='ocrx_word' id='word_1_480' title='bbox 922 4605 1366 4669; x_wconf 85' lang='grc' dir='ltr'>κατασκευάσας·</span> <span class='ocrx_word' id='word_1_481' title='bbox 1415 4604 1937 4678; x_wconf 79' lang='grc' dir='ltr'>ἐπειδὴ,πλούσιος</span> 
     </span>
    </p>
   </div>
   <div class='ocr_carea' id='block_1_65' title="bbox 284 4693 1938 4771">
    <p class='ocr_par' dir='ltr' id='par_1_65' title="bbox 284 4693 1938 4771">
     <span class='ocr_line' id='line_1_65' title="bbox 284 4693 1938 4771; baseline 0.003 -24"><span class='ocrx_word' id='word_1_482' title='bbox 284 4702 291 4706; x_wconf 84' lang='grc'><em>’</em></span> <span class='ocrx_word' id='word_1_483' title='bbox 369 4693 473 4759; x_wconf 82' lang='grc' dir='ltr'>ὢν,</span> <span class='ocrx_word' id='word_1_484' title='bbox 500 4694 566 4747; x_wconf 85' lang='grc' dir='ltr'>δι’</span> <span class='ocrx_word' id='word_1_485' title='bbox 587 4697 734 4767; x_wconf 77' lang='grc' dir='ltr'>ἡμᾶς</span> <span class='ocrx_word' id='word_1_486' title='bbox 757 4695 1157 4764; x_wconf 80' lang='grc' dir='ltr'>ἐπτώχευσεν,</span> <span class='ocrx_word' id='word_1_487' title='bbox 1190 4696 1512 4751; x_wconf 88' lang='grc' dir='ltr'>ταπείνωσιν</span> <span class='ocrx_word' id='word_1_488' title='bbox 1540 4698 1713 4769; x_wconf 82' lang='grc' dir='ltr'>ἄκραν</span> <span class='ocrx_word' id='word_1_489' title='bbox 1750 4699 1938 4771; x_wconf 82' lang='grc' dir='ltr'>ἑλόμε-</span> 
     </span>
    </p>
   </div>
   <div class='ocr_carea' id='block_1_66' title="bbox 369 4785 1934 4863">
    <p class='ocr_par' dir='ltr' id='par_1_66' title="bbox 369 4785 1934 4863">
     <span class='ocr_line' id='line_1_66' title="bbox 369 4785 1934 4863; baseline 0.004 -24"><span class='ocrx_word' id='word_1_490' title='bbox 369 4798 460 4850; x_wconf 68' lang='lat' dir='ltr'><strong>va;</strong></span> <span class='ocrx_word' id='word_1_491' title='bbox 485 4785 614 4857; x_wconf 80' lang='grc' dir='ltr'><strong>[ἄλ.</strong></span> <span class='ocrx_word' id='word_1_492' title='bbox 636 4786 1004 4860; x_wconf 82' lang='grc' dir='ltr'>ἀνελόμενος],</span> <span class='ocrx_word' id='word_1_493' title='bbox 1031 4787 1116 4842; x_wconf 74' lang='grc' dir='ltr'><strong>διὰ</strong></span> <span class='ocrx_word' id='word_1_494' title='bbox 1136 4788 1234 4861; x_wconf 82' lang='grc' dir='ltr'>τὴν</span> <span class='ocrx_word' id='word_1_495' title='bbox 1252 4789 1520 4861; x_wconf 86' lang='grc' dir='ltr'>σωτηρίαν</span> <span class='ocrx_word' id='word_1_496' title='bbox 1545 4791 1643 4862; x_wconf 74' lang='grc' dir='ltr'>τῆς</span> <span class='ocrx_word' id='word_1_497' title='bbox 1660 4790 1934 4863; x_wconf 80' lang='grc' dir='ltr'>ἡμετέρας</span> 
     </span>
    </p>
   </div>
   <div class='ocr_carea' id='block_1_67' title="bbox 370 4878 1935 4954">
    <p class='ocr_par' dir='ltr' id='par_1_67' title="bbox 370 4878 1935 4954">
     <span class='ocr_line' id='line_1_67' title="bbox 370 4878 1935 4954; baseline 0.004 -22"><span class='ocrx_word' id='word_1_498' title='bbox 370 4878 606 4951; x_wconf 69' lang='grc' dir='ltr'>φύσεως,</span> <span class='ocrx_word' id='word_1_499' title='bbox 641 4879 740 4949; x_wconf 83' lang='grc' dir='ltr'>τῆς</span> <span class='ocrx_word' id='word_1_500' title='bbox 769 4880 1008 4951; x_wconf 77' lang='grc' dir='ltr'>ἐμφύτου</span> <span class='ocrx_word' id='word_1_501' title='bbox 1040 4880 1203 4933; x_wconf 78' lang='grc' dir='ltr'>αὑτοῦ</span> <span class='ocrx_word' id='word_1_502' title='bbox 1237 4881 1372 4952; x_wconf 85' lang='grc' dir='ltr'>πρὸς</span> <span class='ocrx_word' id='word_1_503' title='bbox 1403 4882 1549 4952; x_wconf 83' lang='grc' dir='ltr'>ἡμᾶς</span> <span class='ocrx_word' id='word_1_504' title='bbox 1584 4883 1935 4954; x_wconf 87' lang='grc' dir='ltr'>ἀγαθότητος.</span> 
     </span>
    </p>
   </div>
   <div class='ocr_carea' id='block_1_68' title="bbox 324 4968 1934 5048">
    <p class='ocr_par' dir='ltr' id='par_1_68' title="bbox 324 4968 1934 5048">
     <span class='ocr_line' id='line_1_68' title="bbox 324 4968 1934 5048; baseline 0.004 -25"><span class='ocrx_word' id='word_1_505' title='bbox 324 4987 337 4993; x_wconf 73' lang='grc'><strong>’</strong></span> <span class='ocrx_word' id='word_1_506' title='bbox 371 4968 442 5048; x_wconf 53' lang='grc' dir='ltr'><strong>,Ὅ</strong></span> <span class='ocrx_word' id='word_1_507' title='bbox 464 4971 784 5043; x_wconf 70' lang='grc' dir='ltr'>ἀπορρήτων</span> <span class='ocrx_word' id='word_1_508' title='bbox 810 4973 1121 5045; x_wconf 82' lang='grc' dir='ltr'>μυστηρίων</span> <span class='ocrx_word' id='word_1_509' title='bbox 1156 4973 1274 5045; x_wconf 78' lang='grc' dir='ltr'><strong>[ἄλ.</strong></span> <span class='ocrx_word' id='word_1_510' title='bbox 1306 4974 1597 5047; x_wconf 72' lang='grc' dir='ltr'>ἀπορρήτῳ</span> <span class='ocrx_word' id='word_1_511' title='bbox 1628 4975 1934 5048; x_wconf 84' lang='grc' dir='ltr'>μυστηρίῳ]</span> 
     </span>
    </p>
   </div>
   <div class='ocr_carea' id='block_1_69' title="bbox 366 5062 1936 5139">
    <p class='ocr_par' dir='ltr' id='par_1_69' title="bbox 366 5062 1936 5139">
     <span class='ocr_line' id='line_1_69' title="bbox 366 5062 1936 5139; baseline 0.004 -25"><span class='ocrx_word' id='word_1_512' title='bbox 366 5062 468 5133; x_wconf 81' lang='grc' dir='ltr'>τῆς</span> <span class='ocrx_word' id='word_1_513' title='bbox 499 5062 808 5132; x_wconf 71' lang='grc' dir='ltr'>οἰκονομίας</span> <span class='ocrx_word' id='word_1_514' title='bbox 837 5062 1128 5135; x_wconf 83' lang='grc' dir='ltr'>πληρώσας</span> <span class='ocrx_word' id='word_1_515' title='bbox 1173 5066 1352 5119; x_wconf 83' lang='grc' dir='ltr'>πᾶσαν</span> <span class='ocrx_word' id='word_1_516' title='bbox 1397 5065 1657 5138; x_wconf 84' lang='grc' dir='ltr'>διοίκησιν</span> <span class='ocrx_word' id='word_1_517' title='bbox 1854 5067 1936 5120; x_wconf 87' lang='grc' dir='ltr'>δι-</span> 
     </span>
    </p>
   </div>
   <div class='ocr_carea' id='block_1_70' title="bbox 300 5147 1932 5227">
    <p class='ocr_par' dir='ltr' id='par_1_70' title="bbox 300 5147 1932 5227">
     <span class='ocr_line' id='line_1_70' title="bbox 300 5147 1932 5227; baseline 0.004 -25"><span class='ocrx_word' id='word_1_518' title='bbox 300 5186 315 5201; x_wconf 19' lang='grc'><strong>..</strong></span> <span class='ocrx_word' id='word_1_519' title='bbox 361 5147 683 5220; x_wconf 54' lang='grc' dir='ltr'>ικαιοσύνην]</span> <span class='ocrx_word' id='word_1_520' title='bbox 742 5150 799 5201; x_wconf 82' lang='grc' dir='ltr'><strong>ἐν</strong></span> <span class='ocrx_word' id='word_1_521' title='bbox 854 5152 1067 5223; x_wconf 80' lang='grc' dir='ltr'>οὐρανῷ</span> <span class='ocrx_word' id='word_1_522' title='bbox 1116 5155 1174 5206; x_wconf 87' lang='grc' dir='ltr'>ὲν</span> <span class='ocrx_word' id='word_1_523' title='bbox 1232 5154 1415 5226; x_wconf 82' lang='grc' dir='ltr'>κόλπῳ</span> <span class='ocrx_word' id='word_1_524' title='bbox 1441 5154 1535 5208; x_wconf 83' lang='grc' dir='ltr'>τοῦ</span> <span class='ocrx_word' id='word_1_525' title='bbox 1566 5156 1805 5227; x_wconf 83' lang='grc' dir='ltr'>Πατρδς,</span> <span class='ocrx_word' id='word_1_526' title='bbox 1839 5157 1932 5211; x_wconf 79' lang='grc' dir='ltr'><strong>καὶ</strong></span> 
     </span>
    </p>
   </div>
   <div class='ocr_carea' id='block_1_71' title="bbox 368 5238 1933 5322">
    <p class='ocr_par' dir='ltr' id='par_1_71' title="bbox 368 5238 1933 5322">
     <span class='ocr_line' id='line_1_71' title="bbox 368 5238 1933 5322; baseline 0.008 -30"><span class='ocrx_word' id='word_1_527' title='bbox 368 5238 429 5294; x_wconf 81' lang='grc' dir='ltr'>ὲν</span> <span class='ocrx_word' id='word_1_528' title='bbox 461 5241 706 5313; x_wconf 81' lang='grc' dir='ltr'>σπηλαίῳ</span> <span class='ocrx_word' id='word_1_529' title='bbox 746 5243 803 5294; x_wconf 80' lang='grc' dir='ltr'>ὲν</span> <span class='ocrx_word' id='word_1_530' title='bbox 848 5244 1111 5311; x_wconf 85' lang='grc' dir='ltr'>ἀγκάλαις</span> <span class='ocrx_word' id='word_1_531' title='bbox 1141 5247 1365 5319; x_wconf 85' lang='grc' dir='ltr'>μητρὸς,</span> <span class='ocrx_word' id='word_1_532' title='bbox 1402 5248 1749 5302; x_wconf 84' lang='grc' dir='ltr'>ἀνεπαύσατο</span> <span class='ocrx_word' id='word_1_533' title='bbox 1778 5250 1835 5304; x_wconf 79' lang='grc' dir='ltr'>ὲν</span> <span class='ocrx_word' id='word_1_534' title='bbox 1867 5252 1933 5322; x_wconf 82' lang='grc' dir='ltr'>τῇ</span> 
     </span>
    </p>
   </div>
   <div class='ocr_carea' id='block_1_72' title="bbox 370 5332 1938 5409">
    <p class='ocr_par' dir='ltr' id='par_1_72' title="bbox 370 5332 1938 5409">
     <span class='ocr_line' id='line_1_72' title="bbox 370 5332 1938 5409; baseline 0.008 -26"><span class='ocrx_word' id='word_1_535' title='bbox 370 5332 565 5405; x_wconf 76' lang='grc' dir='ltr'>φάτνῃ.</span> <span class='ocrx_word' id='word_1_536' title='bbox 610 5332 920 5402; x_wconf 73' lang='grc' dir='ltr'>’Δγγελικαὶ</span> <span class='ocrx_word' id='word_1_537' title='bbox 935 5340 1141 5407; x_wconf 85' lang='grc' dir='ltr'>χορεῖαι</span> <span class='ocrx_word' id='word_1_538' title='bbox 1169 5338 1613 5409; x_wconf 87' lang='grc' dir='ltr'>περιεκύκλωσαν</span> <span class='ocrx_word' id='word_1_539' title='bbox 1656 5341 1815 5395; x_wconf 81' lang='grc' dir='ltr'>αὑτὸν</span> <span class='ocrx_word' id='word_1_540' title='bbox 1834 5381 1847 5407; x_wconf 92' lang='grc'><strong>,</strong></span> <span class='ocrx_word' id='word_1_541' title='bbox 1878 5344 1938 5395; x_wconf 83' lang='grc' dir='ltr'>ὲν</span> 
     </span>
    </p>
   </div>
   <div class='ocr_carea' id='block_1_73' title="bbox 369 5426 1936 5506">
    <p class='ocr_par' dir='ltr' id='par_1_73' title="bbox 369 5426 1936 5506">
     <span class='ocr_line' id='line_1_73' title="bbox 369 5426 1936 5506; baseline 0.006 -27"><span class='ocrx_word' id='word_1_542' title='bbox 369 5426 582 5498; x_wconf 78' lang='grc' dir='ltr'>ούρανῷ</span> <span class='ocrx_word' id='word_1_543' title='bbox 621 5426 958 5497; x_wconf 82' lang='grc' dir='ltr'>δοξολογίαν,</span> <span class='ocrx_word' id='word_1_544' title='bbox 1006 5429 1100 5483; x_wconf 81' lang='grc' dir='ltr'>καὶ</span> <span class='ocrx_word' id='word_1_545' title='bbox 1147 5432 1240 5484; x_wconf 77' lang='grc' dir='ltr'><strong>ἐπὶ</strong></span> <span class='ocrx_word' id='word_1_546' title='bbox 1267 5432 1369 5502; x_wconf 84' lang='grc' dir='ltr'><strong>γῆς</strong></span> <span class='ocrx_word' id='word_1_547' title='bbox 1407 5433 1629 5505; x_wconf 83' lang='grc' dir='ltr'>εἰρήνην</span> <span class='ocrx_word' id='word_1_548' title='bbox 1683 5451 1936 5506; x_wconf 86' lang='grc' dir='ltr'>καταμη-</span> 
     </span>
    </p>
   </div>
   <div class='ocr_carea' id='block_1_74' title="bbox 370 5517 1933 5596">
    <p class='ocr_par' dir='ltr' id='par_1_74' title="bbox 370 5517 1933 5596">
     <span class='ocr_line' id='line_1_74' title="bbox 370 5517 1933 5596; baseline 0.006 -25"><span class='ocrx_word' id='word_1_549' title='bbox 370 5517 605 5583; x_wconf 78' lang='grc' dir='ltr'>νύοντες.</span> <span class='ocrx_word' id='word_1_550' title='bbox 641 5518 731 5574; x_wconf 88' lang='grc' dir='ltr'>Ἐν</span> <span class='ocrx_word' id='word_1_551' title='bbox 754 5518 967 5591; x_wconf 82' lang='grc' dir='ltr'>οὐρανῷ</span> <span class='ocrx_word' id='word_1_552' title='bbox 986 5522 1051 5573; x_wconf 80' lang='grc' dir='ltr'>ὲκ</span> <span class='ocrx_word' id='word_1_553' title='bbox 1064 5520 1251 5585; x_wconf 82' lang='grc' dir='ltr'>δεξιῶν</span> <span class='ocrx_word' id='word_1_554' title='bbox 1272 5524 1365 5578; x_wconf 78' lang='grc' dir='ltr'>τοῦ</span> <span class='ocrx_word' id='word_1_555' title='bbox 1392 5525 1603 5596; x_wconf 71' lang='grc' dir='ltr'>Πατρός</span> <span class='ocrx_word' id='word_1_556' title='bbox 1621 5526 1933 5592; x_wconf 73' lang='grc' dir='ltr'>ἐκαθέζετο·</span> 
     </span>
    </p>
   </div>
   <div class='ocr_carea' id='block_1_75' title="bbox 366 5611 1933 5688">
    <p class='ocr_par' dir='ltr' id='par_1_75' title="bbox 366 5611 1933 5688">
     <span class='ocr_line' id='line_1_75' title="bbox 366 5611 1933 5688; baseline 0.006 -25"><span class='ocrx_word' id='word_1_557' title='bbox 366 5611 466 5664; x_wconf 72' lang='grc' dir='ltr'>καὶ</span> <span class='ocrx_word' id='word_1_558' title='bbox 503 5612 574 5681; x_wconf 51' lang='grc' dir='ltr'><strong>ὲν,</strong></span> <span class='ocrx_word' id='word_1_559' title='bbox 598 5614 665 5685; x_wconf 74' lang='grc' dir='ltr'>τῇ</span> <span class='ocrx_word' id='word_1_560' title='bbox 710 5611 883 5685; x_wconf 75' lang='grc' dir='ltr'>φάτνῃ</span> <span class='ocrx_word' id='word_1_561' title='bbox 919 5611 994 5677; x_wconf 88' lang='grc' dir='ltr'>ὡς</span> <span class='ocrx_word' id='word_1_562' title='bbox 1021 5612 1114 5666; x_wconf 76' lang='grc' dir='ltr'><strong>ἐπὶ</strong></span> <span class='ocrx_word' id='word_1_563' title='bbox 1143 5612 1249 5669; x_wconf 91' lang='grc' dir='ltr'><strong>τῶν</strong></span> <span class='ocrx_word' id='word_1_564' title='bbox 1280 5616 1543 5688; x_wconf 81' lang='grc' dir='ltr'>χερουὸὶμ</span> <span class='ocrx_word' id='word_1_565' title='bbox 1568 5617 1933 5673; x_wconf 86' lang='grc' dir='ltr'>ἀνεπαύσατο.</span> 
     </span>
    </p>
   </div>
   <div class='ocr_carea' id='block_1_76' title="bbox 2048 2027 3621 2099">
    <p class='ocr_par' dir='ltr' id='par_1_76' title="bbox 2048 2027 3621 2099">
     <span class='ocr_line' id='line_1_76' title="bbox 2048 2027 3621 2099; baseline 0.003 -19"><span class='ocrx_word' id='word_1_566' title='bbox 2048 2042 2153 2098; x_wconf 88' lang='lat' dir='ltr'><strong>que</strong></span> <span class='ocrx_word' id='word_1_567' title='bbox 2211 2027 2689 2085; x_wconf 85' lang='lat' dir='ltr'><strong>acclamationibus</strong></span> <span class='ocrx_word' id='word_1_568' title='bbox 2756 2029 3110 2099; x_wconf 83' lang='lat' dir='ltr'><strong>excipiamus.</strong></span> <span class='ocrx_word' id='word_1_569' title='bbox 3176 2030 3292 2086; x_wconf 82' lang='lat' dir='ltr'><strong>Non</strong></span> <span class='ocrx_word' id='word_1_570' title='bbox 3342 2032 3485 2086; x_wconf 90' lang='lat' dir='ltr'><strong>enim</strong></span> <span class='ocrx_word' id='word_1_571' title='bbox 3518 2031 3621 2088; x_wconf 88' lang='lat' dir='ltr'><strong>soli</strong></span> 
     </span>
    </p>
   </div>
   <div class='ocr_carea' id='block_1_77' title="bbox 2051 2117 3700 2193">
    <p class='ocr_par' dir='ltr' id='par_1_77' title="bbox 2051 2117 3700 2193">
     <span class='ocr_line' id='line_1_77' title="bbox 2051 2117 3700 2193; baseline 0.004 -21"><span class='ocrx_word' id='word_1_572' title='bbox 2051 2118 2147 2191; x_wconf 83' lang='grc' dir='ltr'>[αι.</span> <span class='ocrx_word' id='word_1_573' title='bbox 2176 2117 2380 2191; x_wconf 91' lang='lat' dir='ltr'><strong>solum]</strong></span> <span class='ocrx_word' id='word_1_574' title='bbox 2427 2117 2628 2189; x_wconf 87' lang='lat' dir='ltr'><strong>Joseph</strong></span> <span class='ocrx_word' id='word_1_575' title='bbox 2653 2161 2669 2187; x_wconf 97' lang='lat'><strong>,</strong></span> <span class='ocrx_word' id='word_1_576' title='bbox 2708 2121 2803 2175; x_wconf 87' lang='lat' dir='ltr'><strong>sed</strong></span> <span class='ocrx_word' id='word_1_577' title='bbox 2835 2130 2889 2176; x_wconf 91' lang='lat' dir='ltr'><strong>et</strong></span> <span class='ocrx_word' id='word_1_578' title='bbox 2916 2120 3009 2177; x_wconf 89' lang='lat' dir='ltr'><strong>Dei</strong></span> <span class='ocrx_word' id='word_1_579' title='bbox 3040 2121 3288 2193; x_wconf 89' lang='lat' dir='ltr'><strong>genitrici</strong></span> <span class='ocrx_word' id='word_1_580' title='bbox 3335 2122 3514 2178; x_wconf 73' lang='lat' dir='ltr'><strong>Maria:</strong></span> <span class='ocrx_word' id='word_1_581' title='bbox 3540 2131 3621 2178; x_wconf 58' lang='lat' dir='ltr'><strong>te.</strong></span> <span class='ocrx_word' id='word_1_582' title='bbox 3696 2168 3700 2172; x_wconf 91' lang='lat'><strong>.</strong></span> 
     </span>
    </p>
   </div>
   <div class='ocr_carea' id='block_1_78' title="bbox 2049 2206 3620 2286">
    <p class='ocr_par' dir='ltr' id='par_1_78' title="bbox 2049 2206 3620 2286">
     <span class='ocr_line' id='line_1_78' title="bbox 2049 2206 3620 2286; baseline 0.003 -22"><span class='ocrx_word' id='word_1_583' title='bbox 2049 2210 2366 2265; x_wconf 90' lang='lat' dir='ltr'><strong>stimonium</strong></span> <span class='ocrx_word' id='word_1_584' title='bbox 2402 2206 2693 2280; x_wconf 84' lang='lat' dir='ltr'><strong>perhibens</strong></span> <span class='ocrx_word' id='word_1_585' title='bbox 2734 2211 2934 2277; x_wconf 92' lang='lat' dir='ltr'><strong>Lucas,</strong></span> <span class='ocrx_word' id='word_1_586' title='bbox 2983 2212 3037 2267; x_wconf 91' lang='lat' dir='ltr'><strong>in</strong></span> <span class='ocrx_word' id='word_1_587' title='bbox 3062 2213 3259 2269; x_wconf 78' lang='lat' dir='ltr'><strong>divinis</strong></span> <span class='ocrx_word' id='word_1_588' title='bbox 3291 2212 3620 2286; x_wconf 87' lang='lat' dir='ltr'><strong>Evangeliis,</strong></span> 
     </span>
    </p>
   </div>
   <div class='ocr_carea' id='block_1_79' title="bbox 2049 2298 3624 2376">
    <p class='ocr_par' dir='ltr' id='par_1_79' title="bbox 2049 2298 3624 2376">
     <span class='ocr_line' id='line_1_79' title="bbox 2049 2298 3624 2376; baseline 0.003 -22"><span class='ocrx_word' id='word_1_589' title='bbox 2049 2300 2116 2355; x_wconf 90' lang='lat' dir='ltr'><strong>ad</strong></span> <span class='ocrx_word' id='word_1_590' title='bbox 2149 2300 2319 2371; x_wconf 88' lang='lat' dir='ltr'><strong>ipsam</strong></span> <span class='ocrx_word' id='word_1_591' title='bbox 2353 2298 2522 2357; x_wconf 88' lang='lat' dir='ltr'><strong>David</strong></span> <span class='ocrx_word' id='word_1_592' title='bbox 2557 2300 2816 2357; x_wconf 84' lang='lat' dir='ltr'><strong>familiam</strong></span> <span class='ocrx_word' id='word_1_593' title='bbox 2849 2310 3012 2373; x_wconf 90' lang='lat' dir='ltr'><strong>atque</strong></span> <span class='ocrx_word' id='word_1_594' title='bbox 3033 2305 3413 2376; x_wconf 85' lang='lat' dir='ltr'><strong>cognationem</strong></span> <span class='ocrx_word' id='word_1_595' title='bbox 3445 2305 3624 2375; x_wconf 89' lang='lat' dir='ltr'><strong>respi-</strong></span> 
     </span>
    </p>
   </div>
   <div class='ocr_carea' id='block_1_80' title="bbox 2054 2396 3621 2473">
    <p class='ocr_par' dir='ltr' id='par_1_80' title="bbox 2054 2396 3621 2473">
     <span class='ocr_line' id='line_1_80' title="bbox 2054 2396 3621 2473; baseline 0.005 -23"><span class='ocrx_word' id='word_1_596' title='bbox 2054 2396 2229 2460; x_wconf 80' lang='lat' dir='ltr'><strong>ciens,</strong></span> <span class='ocrx_word' id='word_1_597' title='bbox 2293 2406 2511 2452; x_wconf 87' lang='lat' dir='ltr'><strong>enarrat</strong></span> <span class='ocrx_word' id='word_1_598' title='bbox 2554 2414 2616 2453; x_wconf 85' lang='lat' dir='ltr'><strong>ac</strong></span> <span class='ocrx_word' id='word_1_599' title='bbox 2640 2398 2810 2455; x_wconf 90' lang='lat' dir='ltr'><strong>dicit:</strong></span> <span class='ocrx_word' id='word_1_600' title='bbox 2849 2401 3097 2454; x_wconf 80' lang='lat' dir='ltr'><strong>Ascendit</strong></span> <span class='ocrx_word' id='word_1_601' title='bbox 3144 2409 3318 2455; x_wconf 88' lang='lat' dir='ltr'><strong>autem</strong></span> <span class='ocrx_word' id='word_1_602' title='bbox 3347 2411 3397 2457; x_wconf 91' lang='lat' dir='ltr'><strong>et</strong></span> <span class='ocrx_word' id='word_1_603' title='bbox 3426 2401 3621 2473; x_wconf 77' lang='lat' dir='ltr'><strong>Ioseph</strong></span> 
     </span>
    </p>
   </div>
   <div class='ocr_carea' id='block_1_81' title="bbox 2049 2485 3619 2562">
    <p class='ocr_par' dir='ltr' id='par_1_81' title="bbox 2049 2485 3619 2562">
     <span class='ocr_line' id='line_1_81' title="bbox 2049 2485 3619 2562; baseline 0.007 -23"><span class='ocrx_word' id='word_1_604' title='bbox 2049 2504 2081 2539; x_wconf 90' lang='lat' dir='ltr'><strong>a</strong></span> <span class='ocrx_word' id='word_1_605' title='bbox 2099 2485 2322 2542; x_wconf 73' lang='lat' dir='ltr'><strong>Galilaza</strong></span> <span class='ocrx_word' id='word_1_606' title='bbox 2340 2489 2391 2542; x_wconf 89' lang='lat' dir='ltr'><strong>in</strong></span> <span class='ocrx_word' id='word_1_607' title='bbox 2414 2489 2676 2545; x_wconf 83' lang='lat' dir='ltr'><strong>civitatem</strong></span> <span class='ocrx_word' id='word_1_608' title='bbox 2687 2489 2913 2558; x_wconf 71' lang='lat' dir='ltr'><strong>Judwce,</strong></span> <span class='ocrx_word' id='word_1_609' title='bbox 2930 2509 3045 2562; x_wconf 72' lang='lat' dir='ltr'><strong>qua:</strong></span> <span class='ocrx_word' id='word_1_610' title='bbox 3066 2505 3283 2547; x_wconf 83' lang='lat' dir='ltr'><strong>vocatur</strong></span> <span class='ocrx_word' id='word_1_611' title='bbox 3297 2493 3619 2561; x_wconf 75' lang='lat' dir='ltr'><strong>Belide/tem,</strong></span> 
     </span>
    </p>
   </div>
   <div class='ocr_carea' id='block_1_82' title="bbox 2048 2576 3624 2654">
    <p class='ocr_par' dir='ltr' id='par_1_82' title="bbox 2048 2576 3624 2654">
     <span class='ocr_line' id='line_1_82' title="bbox 2048 2576 3624 2654; baseline 0.008 -26"><span class='ocrx_word' id='word_1_612' title='bbox 2048 2585 2106 2630; x_wconf 94' lang='lat' dir='ltr'><strong>ut</strong></span> <span class='ocrx_word' id='word_1_613' title='bbox 2132 2576 2466 2645; x_wconf 76' lang='lat' dir='ltr'><strong>proﬁteretur</strong></span> <span class='ocrx_word' id='word_1_614' title='bbox 2491 2593 2608 2631; x_wconf 91' lang='lat' dir='ltr'><strong>cum</strong></span> <span class='ocrx_word' id='word_1_615' title='bbox 2627 2577 2805 2633; x_wconf 78' lang='lat' dir='ltr'><strong>Maria</strong></span> <span class='ocrx_word' id='word_1_616' title='bbox 2828 2580 3143 2650; x_wconf 69' lang='lat' dir='ltr'><strong>desponsata</strong></span> <span class='ocrx_word' id='word_1_617' title='bbox 3168 2583 3270 2636; x_wconf 83' lang='lat' dir='ltr'><strong>sibi</strong></span> <span class='ocrx_word' id='word_1_618' title='bbox 3299 2600 3461 2639; x_wconf 79' lang='lat' dir='ltr'><strong>uxore</strong></span> <span class='ocrx_word' id='word_1_619' title='bbox 3484 2602 3624 2654; x_wconf 76' lang='lat' dir='ltr'><strong>pra:-</strong></span> 
     </span>
    </p>
   </div>
   <div class='ocr_carea' id='block_1_83' title="bbox 2051 2669 3623 2744">
    <p class='ocr_par' dir='ltr' id='par_1_83' title="bbox 2051 2669 3623 2744">
     <span class='ocr_line' id='line_1_83' title="bbox 2051 2669 3623 2744; baseline 0.009 -27"><span class='ocrx_word' id='word_1_620' title='bbox 2051 2676 2277 2735; x_wconf 85' lang='lat' dir='ltr'><strong>gnante;</strong></span> <span class='ocrx_word' id='word_1_621' title='bbox 2327 2683 2386 2720; x_wconf 91' lang='lat' dir='ltr'><strong>eo</strong></span> <span class='ocrx_word' id='word_1_622' title='bbox 2427 2669 2564 2738; x_wconf 84' lang='lat' dir='ltr'><strong>quod</strong></span> <span class='ocrx_word' id='word_1_623' title='bbox 2594 2679 2764 2723; x_wconf 90' lang='lat' dir='ltr'><strong>essent</strong></span> <span class='ocrx_word' id='word_1_624' title='bbox 2808 2671 2910 2740; x_wconf 88' lang='lat' dir='ltr'><strong>ipsi</strong></span> <span class='ocrx_word' id='word_1_625' title='bbox 2948 2688 2976 2725; x_wconf 90' lang='lat' dir='ltr'><strong>e</strong></span> <span class='ocrx_word' id='word_1_626' title='bbox 3001 2672 3155 2727; x_wconf 89' lang='lat' dir='ltr'><strong>domo</strong></span> <span class='ocrx_word' id='word_1_627' title='bbox 3183 2683 3233 2728; x_wconf 90' lang='lat' dir='ltr'><strong>et</strong></span> <span class='ocrx_word' id='word_1_628' title='bbox 3267 2675 3475 2744; x_wconf 82' lang='lat' dir='ltr'><strong>familia</strong></span> <span class='ocrx_word' id='word_1_629' title='bbox 3508 2675 3623 2730; x_wconf 87' lang='lat' dir='ltr'><strong>Da-</strong></span> 
     </span>
    </p>
   </div>
   <div class='ocr_carea' id='block_1_84' title="bbox 2048 2755 3622 2839">
    <p class='ocr_par' dir='ltr' id='par_1_84' title="bbox 2048 2755 3622 2839">
     <span class='ocr_line' id='line_1_84' title="bbox 2048 2755 3622 2839; baseline 0.009 -29"><span class='ocrx_word' id='word_1_630' title='bbox 2048 2757 2154 2812; x_wconf 83' lang='lat' dir='ltr'><strong>vid.</strong></span> <span class='ocrx_word' id='word_1_631' title='bbox 2219 2755 2449 2812; x_wconf 82' lang='lat' dir='ltr'><strong>Factum</strong></span> <span class='ocrx_word' id='word_1_632' title='bbox 2474 2769 2549 2813; x_wconf 89' lang='lat' dir='ltr'><strong>est</strong></span> <span class='ocrx_word' id='word_1_633' title='bbox 2576 2770 2775 2827; x_wconf 80' lang='lat' dir='ltr'><strong>&quot;autem,</strong></span> <span class='ocrx_word' id='word_1_634' title='bbox 2826 2779 2943 2816; x_wconf 90' lang='lat' dir='ltr'><strong>cum</strong></span> <span class='ocrx_word' id='word_1_635' title='bbox 2975 2775 3142 2819; x_wconf 81' lang='lat' dir='ltr'><strong>essent</strong></span> <span class='ocrx_word' id='word_1_636' title='bbox 3173 2767 3272 2835; x_wconf 86' lang='lat' dir='ltr'><strong>ipsi</strong></span> <span class='ocrx_word' id='word_1_637' title='bbox 3299 2767 3394 2833; x_wconf 77' lang='lat' dir='ltr'><strong>ibi,‘</strong></span> <span class='ocrx_word' id='word_1_638' title='bbox 3419 2769 3622 2839; x_wconf 87' lang='lat' dir='ltr'><strong>impleti</strong></span> 
     </span>
    </p>
   </div>
   <div class='ocr_carea' id='block_1_85' title="bbox 2050 2850 3621 2929">
    <p class='ocr_par' dir='ltr' id='par_1_85' title="bbox 2050 2850 3621 2929">
     <span class='ocr_line' id='line_1_85' title="bbox 2050 2850 3621 2929; baseline 0.01 -28"><span class='ocrx_word' id='word_1_639' title='bbox 2050 2858 2174 2903; x_wconf 88' lang='lat' dir='ltr'><strong>sunt</strong></span> <span class='ocrx_word' id='word_1_640' title='bbox 2205 2850 2313 2903; x_wconf 85' lang='lat' dir='ltr'><strong>dies</strong></span> <span class='ocrx_word' id='word_1_641' title='bbox 2344 2858 2402 2903; x_wconf 92' lang='lat' dir='ltr'><strong>ut</strong></span> <span class='ocrx_word' id='word_1_642' title='bbox 2434 2860 2640 2920; x_wconf 85' lang='lat' dir='ltr'><strong>pareret</strong></span> <span class='ocrx_word' id='word_1_643' title='bbox 2663 2853 2778 2922; x_wconf 88' lang='lat' dir='ltr'><strong>ipsa</strong></span> <span class='ocrx_word' id='word_1_644' title='bbox 2799 2897 2814 2921; x_wconf 91' lang='lat'><strong>,</strong></span> <span class='ocrx_word' id='word_1_645' title='bbox 2844 2864 2895 2908; x_wconf 92' lang='lat' dir='ltr'><strong>et</strong></span> <span class='ocrx_word' id='word_1_646' title='bbox 2922 2857 3119 2926; x_wconf 87' lang='lat' dir='ltr'><strong>peperit</strong></span> <span class='ocrx_word' id='word_1_647' title='bbox 3143 2857 3313 2926; x_wconf 79' lang='lat' dir='ltr'><strong>ﬁlium</strong></span> <span class='ocrx_word' id='word_1_648' title='bbox 3334 2875 3486 2913; x_wconf 89' lang='lat' dir='ltr'><strong>suum</strong></span> <span class='ocrx_word' id='word_1_649' title='bbox 3508 2864 3621 2929; x_wconf 88' lang='lat' dir='ltr'><strong>pri-</strong></span> 
     </span>
    </p>
   </div>
   <div class='ocr_carea' id='block_1_86' title="bbox 2050 2942 3621 3021">
    <p class='ocr_par' dir='ltr' id='par_1_86' title="bbox 2050 2942 3621 3021">
     <span class='ocr_line' id='line_1_86' title="bbox 2050 2942 3621 3021; baseline 0.01 -29"><span class='ocrx_word' id='word_1_650' title='bbox 2050 2942 2370 3016; x_wconf 72' lang='lat' dir='ltr'><strong>mogenitum</strong></span> <span class='ocrx_word' id='word_1_651' title='bbox 2409 2943 2578 2998; x_wconf 86' lang='lat' dir='ltr'><strong>omnis</strong></span> <span class='ocrx_word' id='word_1_652' title='bbox 2627 2955 2919 3010; x_wconf 64' lang='lat' dir='ltr'><strong>creaturas;</strong></span> <span class='ocrx_word' id='word_1_653' title='bbox 2947 2958 2997 3001; x_wconf 90' lang='lat' dir='ltr'><strong>et</strong></span> <span class='ocrx_word' id='word_1_654' title='bbox 3024 2950 3214 3017; x_wconf 87' lang='lat' dir='ltr'><strong>pannis</strong></span> <span class='ocrx_word' id='word_1_655' title='bbox 3239 2967 3354 3004; x_wconf 89' lang='lat' dir='ltr'><strong>eum</strong></span> <span class='ocrx_word' id='word_1_656' title='bbox 3385 2951 3621 3021; x_wconf 73' lang='lat' dir='ltr'><strong>involvit,</strong></span> 
     </span>
    </p>
   </div>
   <div class='ocr_carea' id='block_1_87' title="bbox 2053 3035 3623 3111">
    <p class='ocr_par' dir='ltr' id='par_1_87' title="bbox 2053 3035 3623 3111">
     <span class='ocr_line' id='line_1_87' title="bbox 2053 3035 3623 3111; baseline 0.008 -23"><span class='ocrx_word' id='word_1_657' title='bbox 2053 3043 2102 3088; x_wconf 92' lang='lat' dir='ltr'><strong>et</strong></span> <span class='ocrx_word' id='word_1_658' title='bbox 2134 3035 2408 3089; x_wconf 85' lang='lat' dir='ltr'><strong>reclinavit</strong></span> <span class='ocrx_word' id='word_1_659' title='bbox 2434 3036 2603 3106; x_wconf 90' lang='lat' dir='ltr'><strong>ipsum</strong></span> <span class='ocrx_word' id='word_1_660' title='bbox 2633 3038 2689 3092; x_wconf 88' lang='lat' dir='ltr'><strong>in</strong></span> <span class='ocrx_word' id='word_1_661' title='bbox 2712 3040 2986 3109; x_wconf 79' lang='lat' dir='ltr'><strong>prwsepio,</strong></span> <span class='ocrx_word' id='word_1_662' title='bbox 3023 3042 3149 3111; x_wconf 88' lang='lat' dir='ltr'><strong>quia</strong></span> <span class='ocrx_word' id='word_1_663' title='bbox 3176 3059 3280 3096; x_wconf 89' lang='lat' dir='ltr'><strong>non</strong></span> <span class='ocrx_word' id='word_1_664' title='bbox 3307 3056 3420 3100; x_wconf 88' lang='lat' dir='ltr'><strong>erat</strong></span> <span class='ocrx_word' id='word_1_665' title='bbox 3443 3045 3516 3098; x_wconf 91' lang='lat' dir='ltr'><strong>eis</strong></span> <span class='ocrx_word' id='word_1_666' title='bbox 3541 3048 3623 3100; x_wconf 92' lang='lat' dir='ltr'><strong>lo-</strong></span> 
     </span>
    </p>
   </div>
   <div class='ocr_carea' id='block_1_88' title="bbox 2052 3127 3622 3205">
    <p class='ocr_par' dir='ltr' id='par_1_88' title="bbox 2052 3127 3622 3205">
     <span class='ocr_line' id='line_1_88' title="bbox 2052 3127 3622 3205; baseline 0.007 -25"><span class='ocrx_word' id='word_1_667' title='bbox 2052 3143 2143 3180; x_wconf 88' lang='lat' dir='ltr'><strong>cus</strong></span> <span class='ocrx_word' id='word_1_668' title='bbox 2176 3128 2231 3201; x_wconf 88' lang='lat' dir='ltr'><strong>in</strong></span> <span class='ocrx_word' id='word_1_669' title='bbox 2254 3127 2545 3182; x_wconf 85' lang='lat' dir='ltr'><strong>diversorio</strong></span> <span class='ocrx_word' id='word_1_670' title='bbox 2567 3128 2633 3185; x_wconf 80' lang='lat'><strong>&quot;.</strong></span> <span class='ocrx_word' id='word_1_671' title='bbox 2679 3128 2886 3192; x_wconf 84' lang='lat' dir='ltr'><strong>Fasciis</strong></span> <span class='ocrx_word' id='word_1_672' title='bbox 2917 3147 3040 3186; x_wconf 92' lang='lat' dir='ltr'><strong>eum</strong></span> <span class='ocrx_word' id='word_1_673' title='bbox 3078 3133 3327 3196; x_wconf 84' lang='lat' dir='ltr'><strong>involvit,</strong></span> <span class='ocrx_word' id='word_1_674' title='bbox 3363 3135 3456 3205; x_wconf 90' lang='lat' dir='ltr'><strong>qui</strong></span> <span class='ocrx_word' id='word_1_675' title='bbox 3487 3138 3622 3191; x_wconf 81' lang='lat' dir='ltr'><strong>dmi—</strong></span> 
     </span>
    </p>
   </div>
   <div class='ocr_carea' id='block_1_89' title="bbox 2050 3220 3620 3299">
    <p class='ocr_par' dir='ltr' id='par_1_89' title="bbox 2050 3220 3620 3299">
     <span class='ocr_line' id='line_1_89' title="bbox 2050 3220 3620 3299; baseline 0.008 -26"><span class='ocrx_word' id='word_1_676' title='bbox 2050 3233 2164 3274; x_wconf 84' lang='lat' dir='ltr'><strong>ctus</strong></span> <span class='ocrx_word' id='word_1_677' title='bbox 2208 3229 2285 3274; x_wconf 90' lang='lat' dir='ltr'><strong>est</strong></span> <span class='ocrx_word' id='word_1_678' title='bbox 2330 3220 2526 3276; x_wconf 88' lang='lat' dir='ltr'><strong>lumine</strong></span> <span class='ocrx_word' id='word_1_679' title='bbox 2554 3224 2689 3276; x_wconf 88' lang='lat' dir='ltr'><strong>sicut</strong></span> <span class='ocrx_word' id='word_1_680' title='bbox 2725 3224 3028 3278; x_wconf 85' lang='lat' dir='ltr'><strong>vestimento</strong></span> <span class='ocrx_word' id='word_1_681' title='bbox 3062 3226 3128 3280; x_wconf 82' lang='lat'><strong>&quot;.</strong></span> <span class='ocrx_word' id='word_1_682' title='bbox 3165 3224 3391 3281; x_wconf 78' lang='lat' dir='ltr'><strong>Involvit</strong></span> <span class='ocrx_word' id='word_1_683' title='bbox 3423 3229 3620 3299; x_wconf 88' lang='lat' dir='ltr'><strong>pannis</strong></span> 
     </span>
    </p>
   </div>
   <div class='ocr_carea' id='block_1_90' title="bbox 2050 3313 3619 3383">
    <p class='ocr_par' dir='ltr' id='par_1_90' title="bbox 2050 3313 3619 3383">
     <span class='ocr_line' id='line_1_90' title="bbox 2050 3313 3619 3383; baseline 0.006 -17"><span class='ocrx_word' id='word_1_684' title='bbox 2050 3328 2196 3377; x_wconf 87' lang='lat' dir='ltr'><strong>eum,</strong></span> <span class='ocrx_word' id='word_1_685' title='bbox 2228 3314 2320 3383; x_wconf 91' lang='lat' dir='ltr'><strong>qui</strong></span> <span class='ocrx_word' id='word_1_686' title='bbox 2346 3329 2563 3369; x_wconf 88' lang='lat' dir='ltr'><strong>omnem</strong></span> <span class='ocrx_word' id='word_1_687' title='bbox 2595 3313 2849 3369; x_wconf 85' lang='lat' dir='ltr'><strong>formavit</strong></span> <span class='ocrx_word' id='word_1_688' title='bbox 2876 3326 3204 3373; x_wconf 87' lang='lat' dir='ltr'><strong>creaturam.</strong></span> <span class='ocrx_word' id='word_1_689' title='bbox 3240 3317 3538 3375; x_wconf 83' lang='lat' dir='ltr'><strong>Reclinavit</strong></span> <span class='ocrx_word' id='word_1_690' title='bbox 3562 3321 3619 3376; x_wconf 82' lang='lat' dir='ltr'><strong>in</strong></span> 
     </span>
    </p>
   </div>
   <div class='ocr_carea' id='block_1_91' title="bbox 2049 3405 3618 3483">
    <p class='ocr_par' dir='ltr' id='par_1_91' title="bbox 2049 3405 3618 3483">
     <span class='ocr_line' id='line_1_91' title="bbox 2049 3405 3618 3483; baseline 0.006 -25"><span class='ocrx_word' id='word_1_691' title='bbox 2049 3405 2313 3475; x_wconf 62' lang='lat' dir='ltr'><strong>praesepio</strong></span> <span class='ocrx_word' id='word_1_692' title='bbox 2340 3421 2487 3483; x_wconf 74' lang='lat' dir='ltr'><strong>eum2</strong></span> <span class='ocrx_word' id='word_1_693' title='bbox 2519 3405 2612 3475; x_wconf 91' lang='lat' dir='ltr'><strong>qui</strong></span> <span class='ocrx_word' id='word_1_694' title='bbox 2640 3422 2796 3475; x_wconf 88' lang='lat' dir='ltr'><strong>super</strong></span> <span class='ocrx_word' id='word_1_695' title='bbox 2825 3407 3088 3461; x_wconf 81' lang='lat' dir='ltr'><strong>cherubim</strong></span> <span class='ocrx_word' id='word_1_696' title='bbox 3115 3409 3277 3472; x_wconf 86' lang='lat' dir='ltr'><strong>sedet,</strong></span> <span class='ocrx_word' id='word_1_697' title='bbox 3310 3419 3366 3466; x_wconf 90' lang='lat' dir='ltr'><strong>et</strong></span> <span class='ocrx_word' id='word_1_698' title='bbox 3394 3413 3462 3467; x_wconf 92' lang='lat' dir='ltr'><strong>ab</strong></span> <span class='ocrx_word' id='word_1_699' title='bbox 3494 3412 3618 3466; x_wconf 81' lang='lat' dir='ltr'><strong>inll-</strong></span> 
     </span>
    </p>
   </div>
   <div class='ocr_carea' id='block_1_92' title="bbox 2050 3499 3620 3571">
    <p class='ocr_par' dir='ltr' id='par_1_92' title="bbox 2050 3499 3620 3571">
     <span class='ocr_line' id='line_1_92' title="bbox 2050 3499 3620 3571; baseline 0.005 -18"><span class='ocrx_word' id='word_1_700' title='bbox 2050 3500 2179 3556; x_wconf 88' lang='lat' dir='ltr'><strong>nitis</strong></span> <span class='ocrx_word' id='word_1_701' title='bbox 2209 3499 2413 3571; x_wconf 87' lang='lat' dir='ltr'><strong>angelis</strong></span> <span class='ocrx_word' id='word_1_702' title='bbox 2433 3499 2773 3556; x_wconf 84' lang='lat' dir='ltr'><strong>collaudatur</strong></span> <span class='ocrx_word' id='word_1_703' title='bbox 2800 3501 2864 3554; x_wconf 80' lang='lat'><strong>”.</strong></span> <span class='ocrx_word' id='word_1_704' title='bbox 2897 3500 2956 3556; x_wconf 87' lang='lat' dir='ltr'><strong>In</strong></span> <span class='ocrx_word' id='word_1_705' title='bbox 2987 3502 3386 3559; x_wconf 87' lang='lat' dir='ltr'><strong>irrationalium</strong></span> <span class='ocrx_word' id='word_1_706' title='bbox 3416 3506 3620 3562; x_wconf 86' lang='lat' dir='ltr'><strong>anima-</strong></span> 
     </span>
    </p>
   </div>
   <div class='ocr_carea' id='block_1_93' title="bbox 2049 3590 3622 3663">
    <p class='ocr_par' dir='ltr' id='par_1_93' title="bbox 2049 3590 3622 3663">
     <span class='ocr_line' id='line_1_93' title="bbox 2049 3590 3622 3663; baseline 0.006 -19"><span class='ocrx_word' id='word_1_707' title='bbox 2049 3590 2182 3645; x_wconf 90' lang='lat' dir='ltr'><strong>lium</strong></span> <span class='ocrx_word' id='word_1_708' title='bbox 2208 3591 2472 3662; x_wconf 66' lang='lat' dir='ltr'><strong>praasepio</strong></span> <span class='ocrx_word' id='word_1_709' title='bbox 2499 3591 2745 3647; x_wconf 89' lang='lat' dir='ltr'><strong>divinum</strong></span> <span class='ocrx_word' id='word_1_710' title='bbox 2777 3593 3045 3662; x_wconf 87' lang='lat' dir='ltr'><strong>requievit</strong></span> <span class='ocrx_word' id='word_1_711' title='bbox 3075 3593 3334 3663; x_wconf 81' lang='lat' dir='ltr'><strong>Verbum,</strong></span> <span class='ocrx_word' id='word_1_712' title='bbox 3360 3606 3420 3651; x_wconf 91' lang='lat' dir='ltr'><strong>ut</strong></span> <span class='ocrx_word' id='word_1_713' title='bbox 3443 3598 3622 3653; x_wconf 86' lang='lat' dir='ltr'><strong>homi-</strong></span> 
     </span>
    </p>
   </div>
   <div class='ocr_carea' id='block_1_94' title="bbox 2048 3683 3620 3745">
    <p class='ocr_par' dir='ltr' id='par_1_94' title="bbox 2048 3683 3620 3745">
     <span class='ocr_line' id='line_1_94' title="bbox 2048 3683 3620 3745; baseline 0.006 -9"><span class='ocrx_word' id='word_1_714' title='bbox 2048 3683 2211 3738; x_wconf 89' lang='lat' dir='ltr'><strong>nibus</strong></span> <span class='ocrx_word' id='word_1_715' title='bbox 2238 3698 2364 3737; x_wconf 87' lang='lat' dir='ltr'><strong>vere</strong></span> <span class='ocrx_word' id='word_1_716' title='bbox 2407 3684 2816 3740; x_wconf 88' lang='lat' dir='ltr'><strong>irrationalibus</strong></span> <span class='ocrx_word' id='word_1_717' title='bbox 2838 3687 3134 3741; x_wconf 89' lang='lat' dir='ltr'><strong>secundum</strong></span> <span class='ocrx_word' id='word_1_718' title='bbox 3172 3687 3397 3743; x_wconf 78' lang='lat' dir='ltr'><strong>liberam</strong></span> <span class='ocrx_word' id='word_1_719' title='bbox 3425 3690 3620 3745; x_wconf 86' lang='lat' dir='ltr'><strong>volun-</strong></span> 
     </span>
    </p>
   </div>
   <div class='ocr_carea' id='block_1_95' title="bbox 2046 3775 3620 3853">
    <p class='ocr_par' dir='ltr' id='par_1_95' title="bbox 2046 3775 3620 3853">
     <span class='ocr_line' id='line_1_95' title="bbox 2046 3775 3620 3853; baseline 0.004 -24"><span class='ocrx_word' id='word_1_720' title='bbox 2046 3783 2234 3842; x_wconf 85' lang='lat' dir='ltr'><strong>tatem,</strong></span> <span class='ocrx_word' id='word_1_721' title='bbox 2274 3775 2593 3831; x_wconf 88' lang='lat' dir='ltr'><strong>rationalem</strong></span> <span class='ocrx_word' id='word_1_722' title='bbox 2639 3791 2860 3833; x_wconf 88' lang='lat' dir='ltr'><strong>sensum</strong></span> <span class='ocrx_word' id='word_1_723' title='bbox 2902 3779 3182 3836; x_wconf 87' lang='lat' dir='ltr'><strong>tribueret.</strong></span> <span class='ocrx_word' id='word_1_724' title='bbox 3222 3778 3279 3834; x_wconf 85' lang='lat' dir='ltr'><strong>in</strong></span> <span class='ocrx_word' id='word_1_725' title='bbox 3326 3796 3511 3837; x_wconf 90' lang='lat' dir='ltr'><strong>mensa</strong></span> <span class='ocrx_word' id='word_1_726' title='bbox 3529 3784 3620 3853; x_wconf 89' lang='lat' dir='ltr'><strong>ju-</strong></span> 
     </span>
    </p>
   </div>
   <div class='ocr_carea' id='block_1_96' title="bbox 2046 3865 3619 3944">
    <p class='ocr_par' dir='ltr' id='par_1_96' title="bbox 2046 3865 3619 3944">
     <span class='ocr_line' id='line_1_96' title="bbox 2046 3865 3619 3944; baseline 0.006 -26"><span class='ocrx_word' id='word_1_727' title='bbox 2046 3873 2356 3919; x_wconf 87' lang='lat' dir='ltr'><strong>mentorum</strong></span> <span class='ocrx_word' id='word_1_728' title='bbox 2405 3865 2639 3922; x_wconf 69' lang='lat' dir='ltr'><strong>caelestis</strong></span> <span class='ocrx_word' id='word_1_729' title='bbox 2671 3868 2828 3937; x_wconf 88' lang='lat' dir='ltr'><strong>panis</strong></span> <span class='ocrx_word' id='word_1_730' title='bbox 2870 3871 3180 3938; x_wconf 87' lang='lat' dir='ltr'><strong>propositus</strong></span> <span class='ocrx_word' id='word_1_731' title='bbox 3223 3881 3305 3925; x_wconf 90' lang='lat' dir='ltr'><strong>est</strong></span> <span class='ocrx_word' id='word_1_732' title='bbox 3333 3871 3430 3944; x_wconf 78' lang='grc' dir='ltr'>[αι.</span> <span class='ocrx_word' id='word_1_733' title='bbox 3460 3873 3619 3941; x_wconf 83' lang='lat' dir='ltr'><strong>panis</strong></span> 
     </span>
    </p>
   </div>
   <div class='ocr_carea' id='block_1_97' title="bbox 2045 3956 3616 4033">
    <p class='ocr_par' dir='ltr' id='par_1_97' title="bbox 2045 3956 3616 4033">
     <span class='ocr_line' id='line_1_97' title="bbox 2045 3956 3616 4033; baseline 0.006 -24"><span class='ocrx_word' id='word_1_734' title='bbox 2045 3956 2173 4011; x_wconf 68' lang='lat' dir='ltr'><strong>vitae</strong></span> <span class='ocrx_word' id='word_1_735' title='bbox 2204 3958 2485 4026; x_wconf 80' lang='lat' dir='ltr'><strong>appositus</strong></span> <span class='ocrx_word' id='word_1_736' title='bbox 2531 3956 2659 4030; x_wconf 92' lang='lat' dir='ltr'><strong>est],</strong></span> <span class='ocrx_word' id='word_1_737' title='bbox 2692 3969 2751 4014; x_wconf 90' lang='lat' dir='ltr'><strong>ut</strong></span> <span class='ocrx_word' id='word_1_738' title='bbox 2775 3958 3025 4017; x_wconf 88' lang='lat' dir='ltr'><strong>homines</strong></span> <span class='ocrx_word' id='word_1_739' title='bbox 3055 3963 3226 4017; x_wconf 88' lang='lat' dir='ltr'><strong>instar</strong></span> <span class='ocrx_word' id='word_1_740' title='bbox 3255 3978 3512 4033; x_wconf 88' lang='lat' dir='ltr'><strong>pecorum</strong></span> <span class='ocrx_word' id='word_1_741' title='bbox 3542 3965 3616 4018; x_wconf 89' lang='lat' dir='ltr'><strong>ir-</strong></span> 
     </span>
    </p>
   </div>
   <div class='ocr_carea' id='block_1_98' title="bbox 2045 4048 3610 4121">
    <p class='ocr_par' dir='ltr' id='par_1_98' title="bbox 2045 4048 3610 4121">
     <span class='ocr_line' id='line_1_98' title="bbox 2045 4048 3610 4121; baseline 0.006 -20"><span class='ocrx_word' id='word_1_742' title='bbox 2045 4048 2340 4102; x_wconf 86' lang='lat' dir='ltr'><strong>rationales</strong></span> <span class='ocrx_word' id='word_1_743' title='bbox 2364 4048 2578 4120; x_wconf 81' lang='lat' dir='ltr'><strong>mystici</strong></span> <span class='ocrx_word' id='word_1_744' title='bbox 2603 4048 2709 4103; x_wconf 90' lang='lat' dir='ltr'><strong>cibi</strong></span> <span class='ocrx_word' id='word_1_745' title='bbox 2738 4051 3028 4121; x_wconf 88' lang='lat' dir='ltr'><strong>participes</strong></span> <span class='ocrx_word' id='word_1_746' title='bbox 3053 4053 3321 4109; x_wconf 83' lang='lat' dir='ltr'><strong>redderet.</strong></span> <span class='ocrx_word' id='word_1_747' title='bbox 3356 4052 3422 4109; x_wconf 80' lang='lat' dir='ltr'><strong>Et</strong></span> <span class='ocrx_word' id='word_1_748' title='bbox 3442 4072 3511 4111; x_wconf 88' lang='lat' dir='ltr'><strong>ne</strong></span> <span class='ocrx_word' id='word_1_749' title='bbox 3535 4056 3610 4110; x_wconf 83' lang='lat' dir='ltr'><strong>lo-</strong></span> 
     </span>
    </p>
   </div>
   <div class='ocr_carea' id='block_1_99' title="bbox 2045 4138 3615 4208">
    <p class='ocr_par' dir='ltr' id='par_1_99' title="bbox 2045 4138 3615 4208">
     <span class='ocr_line' id='line_1_99' title="bbox 2045 4138 3615 4208; baseline 0.008 -16"><span class='ocrx_word' id='word_1_750' title='bbox 2045 4152 2142 4193; x_wconf 92' lang='lat' dir='ltr'><strong>cus</strong></span> <span class='ocrx_word' id='word_1_751' title='bbox 2174 4138 2393 4208; x_wconf 90' lang='lat' dir='ltr'><strong>quidem</strong></span> <span class='ocrx_word' id='word_1_752' title='bbox 2418 4140 2499 4195; x_wconf 87' lang='lat' dir='ltr'><strong>eis</strong></span> <span class='ocrx_word' id='word_1_753' title='bbox 2526 4151 2643 4195; x_wconf 88' lang='lat' dir='ltr'><strong>erat</strong></span> <span class='ocrx_word' id='word_1_754' title='bbox 2671 4140 2726 4195; x_wconf 91' lang='lat' dir='ltr'><strong>in</strong></span> <span class='ocrx_word' id='word_1_755' title='bbox 2763 4141 3085 4198; x_wconf 87' lang='lat' dir='ltr'><strong>diversorio.</strong></span> <span class='ocrx_word' id='word_1_756' title='bbox 3134 4143 3338 4201; x_wconf 88' lang='lat' dir='ltr'><strong>Locum</strong></span> <span class='ocrx_word' id='word_1_757' title='bbox 3369 4163 3477 4202; x_wconf 90' lang='lat' dir='ltr'><strong>non</strong></span> <span class='ocrx_word' id='word_1_758' title='bbox 3514 4148 3615 4204; x_wconf 81' lang='lat' dir='ltr'><strong>ha-</strong></span> 
     </span>
    </p>
   </div>
   <div class='ocr_carea' id='block_1_100' title="bbox 2044 4214 3617 4308">
    <p class='ocr_par' dir='ltr' id='par_1_100' title="bbox 2044 4214 3617 4308">
     <span class='ocr_line' id='line_1_100' title="bbox 2044 4214 3617 4308; baseline 0.003 -23"><span class='ocrx_word' id='word_1_759' title='bbox 2044 4214 2182 4299; x_wconf 76' lang='lat' dir='ltr'><strong>buit,</strong></span> <span class='ocrx_word' id='word_1_760' title='bbox 2198 4232 2289 4302; x_wconf 88' lang='lat' dir='ltr'><strong>qui</strong></span> <span class='ocrx_word' id='word_1_761' title='bbox 2313 4232 2510 4288; x_wconf 74' lang='lat' dir='ltr'><strong>cadum</strong></span> <span class='ocrx_word' id='word_1_762' title='bbox 2536 4240 2592 4289; x_wconf 93' lang='lat' dir='ltr'><strong>et</strong></span> <span class='ocrx_word' id='word_1_763' title='bbox 2616 4243 2816 4288; x_wconf 88' lang='lat' dir='ltr'><strong>terram</strong></span> <span class='ocrx_word' id='word_1_764' title='bbox 2840 4235 3007 4290; x_wconf 89' lang='lat' dir='ltr'><strong>verbo</strong></span> <span class='ocrx_word' id='word_1_765' title='bbox 3027 4238 3318 4292; x_wconf 80' lang='lat' dir='ltr'><strong>exstruxit:</strong></span> <span class='ocrx_word' id='word_1_766' title='bbox 3338 4236 3617 4308; x_wconf 88' lang='lat' dir='ltr'><strong>quoniam,</strong></span> 
     </span>
    </p>
   </div>
   <div class='ocr_carea' id='block_1_101' title="bbox 2043 4326 3610 4401">
    <p class='ocr_par' dir='ltr' id='par_1_101' title="bbox 2043 4326 3610 4401">
     <span class='ocr_line' id='line_1_101' title="bbox 2043 4326 3610 4401; baseline 0.003 -23"><span class='ocrx_word' id='word_1_767' title='bbox 2043 4341 2163 4379; x_wconf 88' lang='lat' dir='ltr'><strong>cum</strong></span> <span class='ocrx_word' id='word_1_768' title='bbox 2199 4326 2342 4380; x_wconf 86' lang='lat' dir='ltr'><strong>dives</strong></span> <span class='ocrx_word' id='word_1_769' title='bbox 2373 4334 2543 4392; x_wconf 88' lang='lat' dir='ltr'><strong>esset,</strong></span> <span class='ocrx_word' id='word_1_770' title='bbox 2587 4335 2808 4397; x_wconf 88' lang='lat' dir='ltr'><strong>propter</strong></span> <span class='ocrx_word' id='word_1_771' title='bbox 2854 4342 2955 4382; x_wconf 91' lang='lat' dir='ltr'><strong>nos</strong></span> <span class='ocrx_word' id='word_1_772' title='bbox 3001 4327 3175 4398; x_wconf 79' lang='lat' dir='ltr'><strong>factus</strong></span> <span class='ocrx_word' id='word_1_773' title='bbox 3218 4339 3294 4383; x_wconf 90' lang='lat' dir='ltr'><strong>est</strong></span> <span class='ocrx_word' id='word_1_774' title='bbox 3320 4346 3518 4401; x_wconf 84' lang='lat' dir='ltr'><strong>pauper</strong></span> <span class='ocrx_word' id='word_1_775' title='bbox 3543 4330 3610 4399; x_wconf 70' lang='grc' dir='ltr'><strong>νδ,</strong></span> 
     </span>
    </p>
   </div>
   <div class='ocr_carea' id='block_1_102' title="bbox 2041 4417 3611 4478">
    <p class='ocr_par' dir='ltr' id='par_1_102' title="bbox 2041 4417 3611 4478">
     <span class='ocr_line' id='line_1_102' title="bbox 2041 4417 3611 4478; baseline 0.001 -3"><span class='ocrx_word' id='word_1_776' title='bbox 2041 4427 2339 4475; x_wconf 84' lang='lat' dir='ltr'><strong>extremam</strong></span> <span class='ocrx_word' id='word_1_777' title='bbox 2375 4418 2638 4473; x_wconf 86' lang='lat' dir='ltr'><strong>vilitatem</strong></span> <span class='ocrx_word' id='word_1_778' title='bbox 2678 4418 2748 4472; x_wconf 88' lang='lat' dir='ltr'><strong>ob</strong></span> <span class='ocrx_word' id='word_1_779' title='bbox 2774 4417 3005 4474; x_wconf 84' lang='lat' dir='ltr'><strong>salutem</strong></span> <span class='ocrx_word' id='word_1_780' title='bbox 3052 4430 3260 4476; x_wconf 72' lang='lat' dir='ltr'><strong>natura:</strong></span> <span class='ocrx_word' id='word_1_781' title='bbox 3290 4430 3488 4478; x_wconf 67' lang='lat' dir='ltr'><strong>nostrae</strong></span> <span class='ocrx_word' id='word_1_782' title='bbox 3512 4422 3611 4478; x_wconf 89' lang='lat' dir='ltr'><strong>eli-</strong></span> 
     </span>
    </p>
   </div>
   <div class='ocr_carea' id='block_1_103' title="bbox 2043 4510 3611 4581">
    <p class='ocr_par' dir='ltr' id='par_1_103' title="bbox 2043 4510 3611 4581">
     <span class='ocr_line' id='line_1_103' title="bbox 2043 4510 3611 4581; baseline 0.003 -16"><span class='ocrx_word' id='word_1_783' title='bbox 2043 4526 2197 4581; x_wconf 84' lang='lat' dir='ltr'><strong>gens,</strong></span> <span class='ocrx_word' id='word_1_784' title='bbox 2228 4525 2295 4565; x_wconf 79' lang='lat' dir='ltr'><strong>ex</strong></span> <span class='ocrx_word' id='word_1_785' title='bbox 2324 4510 2561 4581; x_wconf 87' lang='lat' dir='ltr'><strong>ingenita</strong></span> <span class='ocrx_word' id='word_1_786' title='bbox 2589 4528 2689 4567; x_wconf 91' lang='lat' dir='ltr'><strong>sua</strong></span> <span class='ocrx_word' id='word_1_787' title='bbox 2722 4512 2775 4566; x_wconf 90' lang='lat' dir='ltr'><strong>in</strong></span> <span class='ocrx_word' id='word_1_788' title='bbox 2801 4529 2902 4569; x_wconf 90' lang='lat' dir='ltr'><strong>nos</strong></span> <span class='ocrx_word' id='word_1_789' title='bbox 2925 4511 3182 4568; x_wconf 83' lang='lat' dir='ltr'><strong>bonitate.</strong></span> <span class='ocrx_word' id='word_1_790' title='bbox 3237 4512 3341 4580; x_wconf 87' lang='lat' dir='ltr'><strong>Qui</strong></span> <span class='ocrx_word' id='word_1_791' title='bbox 3368 4514 3611 4570; x_wconf 83' lang='lat' dir='ltr'><strong>occulto-</strong></span> 
     </span>
    </p>
   </div>
   <div class='ocr_carea' id='block_1_104' title="bbox 2040 4601 3613 4677">
    <p class='ocr_par' dir='ltr' id='par_1_104' title="bbox 2040 4601 3613 4677">
     <span class='ocr_line' id='line_1_104' title="bbox 2040 4601 3613 4677; baseline 0.003 -20"><span class='ocrx_word' id='word_1_792' title='bbox 2040 4618 2162 4657; x_wconf 90' lang='lat' dir='ltr'><strong>rum</strong></span> <span class='ocrx_word' id='word_1_793' title='bbox 2185 4603 2609 4673; x_wconf 87' lang='lat' dir='ltr'><strong>dispensationis</strong></span> <span class='ocrx_word' id='word_1_794' title='bbox 2634 4605 3012 4675; x_wconf 84' lang='lat' dir='ltr'><strong>mysteriorum</strong></span> <span class='ocrx_word' id='word_1_795' title='bbox 3036 4601 3114 4677; x_wconf 87' lang='lat' dir='ltr'><strong>[al</strong></span> <span class='ocrx_word' id='word_1_796' title='bbox 3124 4644 3137 4656; x_wconf 93' lang='lat'><strong>.</strong></span> <span class='ocrx_word' id='word_1_797' title='bbox 3165 4604 3380 4661; x_wconf 90' lang='lat' dir='ltr'><strong>occulto</strong></span> <span class='ocrx_word' id='word_1_798' title='bbox 3399 4603 3613 4677; x_wconf 89' lang='lat' dir='ltr'><strong>dispen-</strong></span> 
     </span>
    </p>
   </div>
   <div class='ocr_carea' id='block_1_105' title="bbox 2043 4694 3608 4771">
    <p class='ocr_par' dir='ltr' id='par_1_105' title="bbox 2043 4694 3608 4771">
     <span class='ocr_line' id='line_1_105' title="bbox 2043 4694 3608 4771; baseline 0.003 -22"><span class='ocrx_word' id='word_1_799' title='bbox 2043 4696 2273 4750; x_wconf 88' lang='lat' dir='ltr'><strong>sationis</strong></span> <span class='ocrx_word' id='word_1_800' title='bbox 2291 4694 2569 4769; x_wconf 82' lang='lat' dir='ltr'><strong>mysterio]</strong></span> <span class='ocrx_word' id='word_1_801' title='bbox 2587 4711 2802 4752; x_wconf 89' lang='lat' dir='ltr'><strong>omnem</strong></span> <span class='ocrx_word' id='word_1_802' title='bbox 2831 4696 3070 4767; x_wconf 84' lang='lat' dir='ltr'><strong>implevit</strong></span> <span class='ocrx_word' id='word_1_803' title='bbox 3091 4696 3484 4765; x_wconf 86' lang='lat' dir='ltr'><strong>providentiam</strong></span> <span class='ocrx_word' id='word_1_804' title='bbox 3509 4696 3608 4771; x_wconf 85' lang='lat' dir='ltr'><strong>[al.</strong></span> 
     </span>
    </p>
   </div>
   <div class='ocr_carea' id='block_1_106' title="bbox 2037 4786 3606 4876">
    <p class='ocr_par' dir='ltr' id='par_1_106' title="bbox 2037 4786 3606 4876">
     <span class='ocr_line' id='line_1_106' title="bbox 2037 4786 3606 4876; baseline 0.004 -36"><span class='ocrx_word' id='word_1_805' title='bbox 2037 4786 2329 4861; x_wconf 84' lang='lat' dir='ltr'><strong>justitiam]</strong></span> <span class='ocrx_word' id='word_1_806' title='bbox 2355 4829 2371 4855; x_wconf 90' lang='lat'><strong>,</strong></span> <span class='ocrx_word' id='word_1_807' title='bbox 2405 4803 2469 4843; x_wconf 92' lang='lat' dir='ltr'><strong>ac</strong></span> <span class='ocrx_word' id='word_1_808' title='bbox 2490 4788 2899 4876; x_wconf 77' lang='lat' dir='ltr'><strong>dispositionem</strong></span> <span class='ocrx_word' id='word_1_809' title='bbox 2934 4788 2987 4843; x_wconf 91' lang='lat' dir='ltr'><strong>in</strong></span> <span class='ocrx_word' id='word_1_810' title='bbox 3018 4788 3159 4844; x_wconf 71' lang='lat' dir='ltr'><strong>cmlo</strong></span> <span class='ocrx_word' id='word_1_811' title='bbox 3186 4790 3240 4843; x_wconf 90' lang='lat' dir='ltr'><strong>in</strong></span> <span class='ocrx_word' id='word_1_812' title='bbox 3264 4789 3385 4845; x_wconf 87' lang='lat' dir='ltr'><strong>sinu</strong></span> <span class='ocrx_word' id='word_1_813' title='bbox 3410 4788 3606 4859; x_wconf 89' lang='lat' dir='ltr'><strong>Patris,</strong></span> 
     </span>
    </p>
   </div>
   <div class='ocr_carea' id='block_1_107' title="bbox 2040 4879 3610 4953">
    <p class='ocr_par' dir='ltr' id='par_1_107' title="bbox 2040 4879 3610 4953">
     <span class='ocr_line' id='line_1_107' title="bbox 2040 4879 3610 4953; baseline 0.003 -20"><span class='ocrx_word' id='word_1_814' title='bbox 2040 4887 2096 4933; x_wconf 89' lang='lat' dir='ltr'><strong>et</strong></span> <span class='ocrx_word' id='word_1_815' title='bbox 2122 4879 2176 4933; x_wconf 93' lang='lat' dir='ltr'><strong>in</strong></span> <span class='ocrx_word' id='word_1_816' title='bbox 2202 4881 2459 4949; x_wconf 89' lang='lat' dir='ltr'><strong>spelunca</strong></span> <span class='ocrx_word' id='word_1_817' title='bbox 2505 4880 2560 4935; x_wconf 92' lang='lat' dir='ltr'><strong>in</strong></span> <span class='ocrx_word' id='word_1_818' title='bbox 2604 4880 2746 4936; x_wconf 91' lang='lat' dir='ltr'><strong>ulnis</strong></span> <span class='ocrx_word' id='word_1_819' title='bbox 2775 4880 2985 4949; x_wconf 85' lang='lat' dir='ltr'><strong>matris,</strong></span> <span class='ocrx_word' id='word_1_820' title='bbox 3018 4881 3074 4936; x_wconf 90' lang='lat' dir='ltr'><strong>in</strong></span> <span class='ocrx_word' id='word_1_821' title='bbox 3105 4883 3367 4953; x_wconf 60' lang='lat' dir='ltr'><strong>praesepio</strong></span> <span class='ocrx_word' id='word_1_822' title='bbox 3396 4883 3610 4952; x_wconf 84' lang='lat' dir='ltr'><strong>requie-</strong></span> 
     </span>
    </p>
   </div>
   <div class='ocr_carea' id='block_1_108' title="bbox 2039 4970 3606 5046">
    <p class='ocr_par' dir='ltr' id='par_1_108' title="bbox 2039 4970 3606 5046">
     <span class='ocr_line' id='line_1_108' title="bbox 2039 4970 3606 5046; baseline 0.004 -22"><span class='ocrx_word' id='word_1_823' title='bbox 2039 4971 2137 5027; x_wconf 90' lang='lat' dir='ltr'><strong>vit.</strong></span> <span class='ocrx_word' id='word_1_824' title='bbox 2194 4970 2360 5026; x_wconf 89' lang='lat' dir='ltr'><strong>Chori</strong></span> <span class='ocrx_word' id='word_1_825' title='bbox 2395 4972 2626 5043; x_wconf 87' lang='lat' dir='ltr'><strong>angelici</strong></span> <span class='ocrx_word' id='word_1_826' title='bbox 2672 4972 3168 5046; x_wconf 89' lang='lat' dir='ltr'><strong>circumcingebant</strong></span> <span class='ocrx_word' id='word_1_827' title='bbox 3191 4989 3316 5031; x_wconf 90' lang='lat' dir='ltr'><strong>eum</strong></span> <span class='ocrx_word' id='word_1_828' title='bbox 3339 5016 3354 5041; x_wconf 87' lang='lat'><strong>,</strong></span> <span class='ocrx_word' id='word_1_829' title='bbox 3383 4975 3437 5029; x_wconf 87' lang='lat' dir='ltr'><strong>in</strong></span> <span class='ocrx_word' id='word_1_830' title='bbox 3468 4976 3606 5031; x_wconf 77' lang='lat' dir='ltr'><strong>ccelo</strong></span> 
     </span>
    </p>
   </div>
   <div class='ocr_carea' id='block_1_109' title="bbox 2039 5062 3605 5136">
    <p class='ocr_par' dir='ltr' id='par_1_109' title="bbox 2039 5062 3605 5136">
     <span class='ocr_line' id='line_1_109' title="bbox 2039 5062 3605 5136; baseline 0.001 -19"><span class='ocrx_word' id='word_1_831' title='bbox 2039 5062 2268 5134; x_wconf 85' lang='lat' dir='ltr'><strong>gloriam</strong></span> <span class='ocrx_word' id='word_1_832' title='bbox 2296 5064 2644 5120; x_wconf 86' lang='lat' dir='ltr'><strong>concinentes</strong></span> <span class='ocrx_word' id='word_1_833' title='bbox 2664 5107 2679 5132; x_wconf 92' lang='lat'><strong>,</strong></span> <span class='ocrx_word' id='word_1_834' title='bbox 2717 5072 2771 5120; x_wconf 89' lang='lat' dir='ltr'><strong>et</strong></span> <span class='ocrx_word' id='word_1_835' title='bbox 2798 5065 2855 5120; x_wconf 90' lang='lat' dir='ltr'><strong>in</strong></span> <span class='ocrx_word' id='word_1_836' title='bbox 2882 5072 3023 5121; x_wconf 88' lang='lat' dir='ltr'><strong>terra</strong></span> <span class='ocrx_word' id='word_1_837' title='bbox 3056 5081 3244 5136; x_wconf 91' lang='lat' dir='ltr'><strong>pacem</strong></span> <span class='ocrx_word' id='word_1_838' title='bbox 3273 5066 3605 5121; x_wconf 84' lang='lat' dir='ltr'><strong>annuntian-</strong></span> 
     </span>
    </p>
   </div>
   <div class='ocr_carea' id='block_1_110' title="bbox 2038 5154 3606 5226">
    <p class='ocr_par' dir='ltr' id='par_1_110' title="bbox 2038 5154 3606 5226">
     <span class='ocr_line' id='line_1_110' title="bbox 2038 5154 3606 5226; baseline 0.001 -15"><span class='ocrx_word' id='word_1_839' title='bbox 2038 5166 2141 5214; x_wconf 88' lang='lat' dir='ltr'><strong>tes.</strong></span> <span class='ocrx_word' id='word_1_840' title='bbox 2200 5154 2258 5210; x_wconf 88' lang='lat' dir='ltr'><strong>In</strong></span> <span class='ocrx_word' id='word_1_841' title='bbox 2287 5156 2427 5211; x_wconf 67' lang='lat' dir='ltr'><strong>caelo</strong></span> <span class='ocrx_word' id='word_1_842' title='bbox 2450 5172 2479 5211; x_wconf 91' lang='lat' dir='ltr'><strong>a</strong></span> <span class='ocrx_word' id='word_1_843' title='bbox 2502 5156 2708 5212; x_wconf 82' lang='lat' dir='ltr'><strong>dextris</strong></span> <span class='ocrx_word' id='word_1_844' title='bbox 2732 5154 2909 5213; x_wconf 86' lang='lat' dir='ltr'><strong>Patris</strong></span> <span class='ocrx_word' id='word_1_845' title='bbox 2941 5159 3195 5224; x_wconf 83' lang='lat' dir='ltr'><strong>sedebat,</strong></span> <span class='ocrx_word' id='word_1_846' title='bbox 3233 5167 3287 5213; x_wconf 92' lang='lat' dir='ltr'><strong>et</strong></span> <span class='ocrx_word' id='word_1_847' title='bbox 3325 5157 3380 5211; x_wconf 91' lang='lat' dir='ltr'><strong>in</strong></span> <span class='ocrx_word' id='word_1_848' title='bbox 3406 5172 3606 5226; x_wconf 60' lang='lat' dir='ltr'><strong>praese-</strong></span> 
     </span>
    </p>
   </div>
   <div class='ocr_carea' id='block_1_111' title="bbox 2040 5248 3603 5320">
    <p class='ocr_par' dir='ltr' id='par_1_111' title="bbox 2040 5248 3603 5320">
     <span class='ocr_line' id='line_1_111' title="bbox 2040 5248 3603 5320; baseline 0.003 -19"><span class='ocrx_word' id='word_1_849' title='bbox 2040 5248 2150 5319; x_wconf 90' lang='lat' dir='ltr'><strong>pio,</strong></span> <span class='ocrx_word' id='word_1_850' title='bbox 2189 5256 2247 5303; x_wconf 91' lang='lat' dir='ltr'><strong>ut</strong></span> <span class='ocrx_word' id='word_1_851' title='bbox 2274 5263 2437 5319; x_wconf 90' lang='lat' dir='ltr'><strong>super</strong></span> <span class='ocrx_word' id='word_1_852' title='bbox 2465 5248 3177 5320; x_wconf 88' lang='lat' dir='ltr'><strong>cberubim,requiescebat.</strong></span> <span class='ocrx_word' id='word_1_853' title='bbox 3241 5248 3495 5304; x_wconf 88' lang='lat' dir='ltr'><strong>Thronus</strong></span> <span class='ocrx_word' id='word_1_854' title='bbox 3516 5263 3603 5305; x_wconf 68' lang='lat' dir='ltr'><strong>reo</strong></span> 
     </span>
    </p>
   </div>
   <div class='ocr_carea' id='block_1_112' title="bbox 2040 5339 3601 5409">
    <p class='ocr_par' dir='ltr' id='par_1_112' title="bbox 2040 5339 3601 5409">
     <span class='ocr_line' id='line_1_112' title="bbox 2040 5339 3601 5409; baseline 0.001 -16"><span class='ocrx_word' id='word_1_855' title='bbox 2040 5355 2166 5394; x_wconf 87' lang='lat' dir='ltr'><strong>vera</strong></span> <span class='ocrx_word' id='word_1_856' title='bbox 2199 5349 2254 5395; x_wconf 89' lang='lat' dir='ltr'><strong>et</strong></span> <span class='ocrx_word' id='word_1_857' title='bbox 2282 5339 2372 5395; x_wconf 87' lang='lat' dir='ltr'><strong>hic</strong></span> <span class='ocrx_word' id='word_1_858' title='bbox 2401 5350 2519 5395; x_wconf 86' lang='lat' dir='ltr'><strong>erat</strong></span> <span class='ocrx_word' id='word_1_859' title='bbox 2544 5340 2904 5407; x_wconf 88' lang='lat' dir='ltr'><strong>cherubicus;</strong></span> <span class='ocrx_word' id='word_1_860' title='bbox 2935 5341 3167 5397; x_wconf 86' lang='lat' dir='ltr'><strong>thronus</strong></span> <span class='ocrx_word' id='word_1_861' title='bbox 3195 5340 3425 5409; x_wconf 86' lang='lat' dir='ltr'><strong>regalis;</strong></span> <span class='ocrx_word' id='word_1_862' title='bbox 3460 5339 3601 5395; x_wconf 89' lang='lat' dir='ltr'><strong>San-</strong></span> 
     </span>
    </p>
   </div>
   <div class='ocr_carea' id='block_1_113' title="bbox 2040 5433 3605 5504">
    <p class='ocr_par' dir='ltr' id='par_1_113' title="bbox 2040 5433 3605 5504">
     <span class='ocr_line' id='line_1_113' title="bbox 2040 5433 3605 5504; baseline -0.001 -16"><span class='ocrx_word' id='word_1_863' title='bbox 2040 5443 2161 5490; x_wconf 90' lang='lat' dir='ltr'><strong>ctus</strong></span> <span class='ocrx_word' id='word_1_864' title='bbox 2186 5443 2533 5502; x_wconf 89' lang='lat' dir='ltr'><strong>sanctorum;</strong></span> <span class='ocrx_word' id='word_1_865' title='bbox 2564 5435 2715 5490; x_wconf 91' lang='lat' dir='ltr'><strong>solus</strong></span> <span class='ocrx_word' id='word_1_866' title='bbox 2737 5448 2898 5503; x_wconf 89' lang='lat' dir='ltr'><strong>super</strong></span> <span class='ocrx_word' id='word_1_867' title='bbox 2922 5444 3119 5488; x_wconf 89' lang='lat' dir='ltr'><strong>terram</strong></span> <span class='ocrx_word' id='word_1_868' title='bbox 3150 5433 3454 5504; x_wconf 87' lang='lat' dir='ltr'><strong>gloriosus;</strong></span> <span class='ocrx_word' id='word_1_869' title='bbox 3483 5446 3605 5487; x_wconf 84' lang='lat' dir='ltr'><strong>san-</strong></span> 
     </span>
    </p>
   </div>
   <div class='ocr_carea' id='block_1_114' title="bbox 2038 5522 3597 5597">
    <p class='ocr_par' dir='ltr' id='par_1_114' title="bbox 2038 5522 3597 5597">
     <span class='ocr_line' id='line_1_114' title="bbox 2038 5522 3597 5597; baseline -0.003 -15"><span class='ocrx_word' id='word_1_870' title='bbox 2038 5527 2141 5583; x_wconf 88' lang='lat' dir='ltr'><strong>ctis</strong></span> <span class='ocrx_word' id='word_1_871' title='bbox 2170 5528 2439 5593; x_wconf 88' lang='lat' dir='ltr'><strong>sanctior;</strong></span> <span class='ocrx_word' id='word_1_872' title='bbox 2468 5527 2522 5581; x_wconf 89' lang='lat' dir='ltr'><strong>in</strong></span> <span class='ocrx_word' id='word_1_873' title='bbox 2544 5541 2653 5597; x_wconf 92' lang='lat' dir='ltr'><strong>quo</strong></span> <span class='ocrx_word' id='word_1_874' title='bbox 2676 5526 2942 5596; x_wconf 87' lang='lat' dir='ltr'><strong>requievit</strong></span> <span class='ocrx_word' id='word_1_875' title='bbox 2961 5523 3208 5580; x_wconf 82' lang='lat' dir='ltr'><strong>Christus</strong></span> <span class='ocrx_word' id='word_1_876' title='bbox 3230 5522 3370 5579; x_wconf 90' lang='lat' dir='ltr'><strong>Deus</strong></span> <span class='ocrx_word' id='word_1_877' title='bbox 3392 5534 3597 5580; x_wconf 75' lang='lat' dir='ltr'><strong>mater.</strong></span> 
     </span>
    </p>
   </div>
   <div class='ocr_carea' id='block_1_115' title="bbox 2039 5598 3600 5692">
    <p class='ocr_par' dir='ltr' id='par_1_115' title="bbox 2039 5598 3600 5692">
     <span class='ocr_line' id='line_1_115' title="bbox 2039 5598 3600 5692; baseline -0.001 -18"><span class='ocrx_word' id='word_1_878' title='bbox 2039 5617 2143 5674; x_wconf 87' lang='lat' dir='ltr'><strong>Cui</strong></span> <span class='ocrx_word' id='word_1_879' title='bbox 2170 5598 2362 5692; x_wconf 75' lang='lat' dir='ltr'><strong>gloria,</strong></span> <span class='ocrx_word' id='word_1_880' title='bbox 2398 5619 2595 5686; x_wconf 91' lang='lat' dir='ltr'><strong>honor,</strong></span> <span class='ocrx_word' id='word_1_881' title='bbox 2620 5628 2675 5674; x_wconf 92' lang='lat' dir='ltr'><strong>et</strong></span> <span class='ocrx_word' id='word_1_882' title='bbox 2703 5617 3016 5687; x_wconf 87' lang='lat' dir='ltr'><strong>imperium,</strong></span> <span class='ocrx_word' id='word_1_883' title='bbox 3050 5631 3173 5672; x_wconf 87' lang='lat' dir='ltr'><strong>cum</strong></span> <span class='ocrx_word' id='word_1_884' title='bbox 3206 5618 3600 5673; x_wconf 85' lang='lat' dir='ltr'><strong>immaculatis-</strong></span> 
     </span>
    </p>
   </div>
   <div class='ocr_carea' id='block_1_116' title="bbox 308 5814 1944 5915">
    <p class='ocr_par' dir='ltr' id='par_1_116' title="bbox 308 5814 1944 5915">
     <span class='ocr_line' id='line_1_116' title="bbox 308 5814 1944 5915; baseline 0.002 -20"><span class='ocrx_word' id='word_1_885' title='bbox 308 5814 385 5915; x_wconf 27' lang='grc' dir='ltr'><strong>ί.</strong></span> <span class='ocrx_word' id='word_1_886' title='bbox 441 5834 489 5871; x_wconf 77' lang='grc'><strong>’⁸</strong></span> <span class='ocrx_word' id='word_1_887' title='bbox 521 5837 670 5915; x_wconf 72' lang='grc' dir='ltr'>Ρειιι.</span> <span class='ocrx_word' id='word_1_888' title='bbox 698 5843 953 5912; x_wconf 76' lang='lat' dir='ltr'><strong>xuv,ll,</strong></span> <span class='ocrx_word' id='word_1_889' title='bbox 986 5842 1074 5898; x_wconf 74' lang='lat' dir='ltr'><strong>l2.</strong></span> <span class='ocrx_word' id='word_1_890' title='bbox 1150 5845 1193 5878; x_wconf 82' lang='grc'><strong>⁹¹</strong></span> <span class='ocrx_word' id='word_1_891' title='bbox 1229 5841 1362 5901; x_wconf 89' lang='lat' dir='ltr'><strong>Luc.</strong></span> <span class='ocrx_word' id='word_1_892' title='bbox 1399 5860 1473 5911; x_wconf 86' lang='grc' dir='ltr'><strong>ιι,</strong></span> <span class='ocrx_word' id='word_1_893' title='bbox 1508 5846 1577 5915; x_wconf 72' lang='grc' dir='ltr'><strong>ι,</strong></span> <span class='ocrx_word' id='word_1_894' title='bbox 1605 5844 1673 5914; x_wconf 84' lang='lat'><strong>6,</strong></span> <span class='ocrx_word' id='word_1_895' title='bbox 1709 5845 1758 5901; x_wconf 88' lang='lat'><strong>7.</strong></span> <span class='ocrx_word' id='word_1_896' title='bbox 1858 5846 1903 5878; x_wconf 80' lang='lat'>”</span> <span class='ocrx_word' id='word_1_897' title='bbox 1941 5845 1944 5899; x_wconf 78' lang='grc' dir='ltr'><em>ζ</em></span> 
     </span>
    </p>
   </div>
   <div class='ocr_carea' id='block_1_117' title="bbox 2048 5814 3596 5915">
    <p class='ocr_par' dir='ltr' id='par_1_117' title="bbox 2049 5818 3596 5915">
     <span class='ocr_line' id='line_1_117' title="bbox 2049 5818 3596 5915; baseline -0.006 -15"><span class='ocrx_word' id='word_1_898' title='bbox 2049 5845 2086 5901; x_wconf 90' lang='grc' dir='ltr'><strong>ι.</strong></span> <span class='ocrx_word' id='word_1_899' title='bbox 2112 5860 2231 5915; x_wconf 71' lang='lat' dir='ltr'><strong>cun,</strong></span> <span class='ocrx_word' id='word_1_900' title='bbox 2258 5818 2319 5900; x_wconf 59' lang='grc'>2.</span> <span class='ocrx_word' id='word_1_901' title='bbox 2390 5844 2436 5877; x_wconf 77' lang='grc'>⁸³</span> <span class='ocrx_word' id='word_1_902' title='bbox 2473 5842 2620 5900; x_wconf 82' lang='lat' dir='ltr'><strong>Psal.</strong></span> <span class='ocrx_word' id='word_1_903' title='bbox 2646 5857 2829 5909; x_wconf 77' lang='lat' dir='ltr'><strong>Lxxn,</strong></span> <span class='ocrx_word' id='word_1_904' title='bbox 2849 5841 2924 5912; x_wconf 58' lang='grc' dir='ltr'><strong>εἰς</strong></span> <span class='ocrx_word' id='word_1_905' title='bbox 2963 5839 3101 5896; x_wconf 87' lang='lat' dir='ltr'><strong>Dan.</strong></span> <span class='ocrx_word' id='word_1_906' title='bbox 3131 5856 3215 5897; x_wconf 86' lang='grc' dir='ltr'>ιιι.</span> <span class='ocrx_word' id='word_1_907' title='bbox 3314 5839 3363 5873; x_wconf 73' lang='grc'><strong>⁹⁴</strong></span> <span class='ocrx_word' id='word_1_908' title='bbox 3394 5836 3441 5893; x_wconf 87' lang='grc' dir='ltr'><strong>ιι</strong></span> <span class='ocrx_word' id='word_1_909' title='bbox 3468 5835 3596 5893; x_wconf 87' lang='lat' dir='ltr'><strong>Cor.</strong></span> 
     </span>
    </p>
   </div>
   <div class='ocr_carea' id='block_1_118' title="bbox 368 5905 570 5977">
    <p class='ocr_par' dir='ltr' id='par_1_118' title="bbox 368 5905 570 5977">
     <span class='ocr_line' id='line_1_118' title="bbox 368 5905 570 5977; baseline 0.01 -13"><span class='ocrx_word' id='word_1_910' title='bbox 368 5905 488 5977; x_wconf 75' lang='lat' dir='ltr'><strong>&#39;vnl,</strong></span> <span class='ocrx_word' id='word_1_911' title='bbox 516 5910 570 5966; x_wconf 87' lang='lat'><strong>9.</strong></span> 
     </span>
    </p>
   </div>
  </div>
