4100 6422
540 430 679 488 1155

1168 428 1227 485 S.
1266 424 1590 485 GREGORll
1628 425 1986 483 THAUMAT.
2021 423 2169 481 OPP.
2203 424 2390 511 PARS
2425 422 2727 483 ALTERA.
2760 454 2829 467 --
2868 425 3100 485 DUBLA.

3621 423 3775 480 1156

537 548 680 606 simo
711 545 871 604 Patre
901 555 956 603 et
983 547 1327 604 sanctissimo
1360 562 1425 603 ac
1451 549 1671 604 vivitieo
1695 546 1924 618 Spiritu,
1949 561 2085 601 nunt

2200 546 2398 618 Θρόνος
2428 545 2641 617 ἀληθῶς
2663 547 2758 600 καὶ
2786 541 2937 610 οὗτος
2959 542 3274 618 χερουϐικός
3296 560 3310 574 ·
3346 541 3535 616 θρόνος
3560 540 3772 614 βασιλι-

534 648 591 695 et
621 655 855 711 semper,
879 651 931 695 et
952 640 1005 695 in
1039 635 1232 696 saecula
1263 641 1606 701 saeculorum.
1632 641 1825 695 Amen.

2204 636 2518 709 κός·Ἅγιος
2537 636 2706 705 ἁγίων
2726 676 2742 703 ,
2775 636 2981 701 ἔνδοξος
3024 637 3181 709 μόνος
3220 635 3313 687 ἐπὶ
3352 633 3453 702 τῆς
3491 633 3592 702 γῆς
3612 672 3627 696 ,
3661 631 3772 689 τῶν

537 733 705 803 ἁγίων
728 708 1048 806 ἁγιώτερος·
1084 736 1142 788 ὲν
1172 727 1216 803 ᾧ
1245 734 1585 789 ἀνεπαύσατο
1628 733 1861 805 Χριστὸς
1888 734 1917 786 6
1951 732 2081 796 Θεὸς
2131 734 2164 802 ἡ
2174 731 2309 803 μῶν.
2335 708 2407 801 Ὦ
2471 732 2505 801 ἡ
2559 728 2704 795 δόξα,
2727 729 2882 802 τιμὴ,
2911 729 3088 784 καὶτὸ
3124 728 3343 800 κράτος,
3368 729 3465 781 σὺν
3486 724 3562 795 τῷ
3591 722 3770 796 Πατρὶ

535 830 811 904 ἁχράντῳ,
853 830 949 884 καὶ
984 828 1062 901 τῷ
1089 830 1337 902 παναγίῳ
1387 831 1480 884 καὶ
1505 829 1750 901 ξωοποιῷ
1778 828 2074 895 Πνεύματι,
2095 828 2191 882 νῦν
2216 828 2309 880 καὶ
2335 826 2443 891 ἀεὶ,
2468 826 2562 880 καὶ
2594 828 2673 889 είς
2708 826 2833 889 τοὺς
2859 823 3059 888 αἰῶνας
3082 822 3187 878 τῶν
3208 822 3438 878 αἰώνων.
3468 822 3659 895 Ἀμήν.

1787 1170 2306 1262 HOMILIA
2384 1170 2473 1258 ll

1370 1367 1443 1429 In
1497 1363 2005 1427 Aununtietione
2049 1372 2283 1426 sanette
2309 1364 2594 1446 Virginis
2642 1364 2879 1429 Mariae.

526 1679 779 1754 Ejusdem
807 1683 973 1754 sancti
1007 1680 1186 1754 Patris
1232 1680 1399 1735 nostri
1426 1679 1664 1754 Gregorii
1692 1680 1919 1752 episcopi
1951 1680 2085 1736 Neo-

2200 1644 2311 1754 i‘oi:
2355 1681 2540 1754 αὑτοῦ
2587 1681 2658 1735 ἐν
2696 1679 2894 1754 ῥγιοις
2935 1679 3164 1747 Πατρός
3405 1678 3761 1754 ΔΙζοηγοριοιί

594 1769 837 1808 cessarem
858 1753 1038 1816 Ponti,
1066 1752 1468 1821 Thaumaturgi,
1484 1752 1774 1814 encomium
1797 1754 1854 1806 in
1877 1754 2096 1806 Annuu-

597 1825 899 1895 tiationent_
928 1823 1277 1877 sanctissime
1306 1821 1428 1895 -ρεὶ
1471 1824 1741 1895 genitricis
1798 1839 2095 1895 semperque

594 1895 810 1965 virginis
845 1893 1055 1961 Μανία,
1090 1909 1260 1947 sermo
1297 1889 1385 1947 ΙΙ.

596 2074 833 2133 Cunctas
864 2073 1082 2144 quidem
1111 2070 1374 2127 festorum
1393 2072 1729 2128 celebritates
1751 2081 1913 2144 atque
1940 2072 2095 2145 hym-

523 2164 717 2220 rodias
738 2164 892 2219 decet
931 2178 1030 2218 nos
1071 2161 1460 2217 sacriﬁciorum
1504 2162 1676 2217 instar
1706 2160 1902 2217 offerre
1932 2160 2045 2217 Deo
2078 2180 2092 2217 :

521 2256 761 2327 primum
791 2264 973 2310 autem
1018 2254 1299 2320 omnium,
1346 2253 1825 2309 Annuntiationem
1860 2255 2095 2312 sanctis-

519 2349 676 2404 simae
726 2346 819 2401 Dei
862 2347 1179 2418 genitricis,
1229 2346 1410 2402 verbis
1459 2346 1567 2402 illis
1611 2346 2090 2416 comprehensam,

523 2441 649 2505 Ave,
685 2439 860 2510 gratia
885 2438 1039 2508 plena
1057 2440 1126 2506 ³⁸,
1156 2452 1277 2508 quze
1315 2438 1386 2492 ab
1435 2437 1624 2508 angelo
1671 2436 1739 2491 ad
1789 2452 1910 2492 eam
1955 2438 2097 2493 facta

517 2538 643 2587 est:
677 2530 932 2599 quoniam
958 2538 1012 2583 et
1053 2529 1226 2598 prima
1279 2528 1458 2582 omnis
1502 2528 1782 2597 sapientiae
1822 2526 1926 2601 lat.
1973 2539 2098 2586 ante

516 2638 738 2678 omnem
766 2620 1105 2693 sapientiam]
1152 2629 1207 2677 et
1242 2621 1497 2677 salutaris
1545 2620 1805 2677 doctrinae
1846 2622 1905 2691 in
1945 2621 2096 2679 Novo

519 2710 868 2768 Testamento
912 2711 1001 2766 illa
1050 2712 1205 2767 nobis
1243 2710 1500 2767 salutatio
1555 2727 1586 2766 a
1627 2710 1786 2766 Patre
1828 2711 2095 2767 luminum

514 2805 718 2860 emissa
751 2812 852 2859 est.
883 2802 1072 2858 Gratia
1097 2810 1277 2857 autem
1314 2801 1469 2871 plena
1501 2802 1706 2870 dicens,
1743 2817 1958 2856 omnem
1997 2818 2096 2857 na-

516 2902 699 2950 turam
724 2895 1019 2950 humanam
1064 2895 1380 2964 complexus
1419 2901 1521 2947 est.
1558 2893 1683 2960 Ave,
1706 2893 1883 2964 gratia
1918 2893 2093 2963 plena.

2261 1752 2592 1832 ἐπισκόπου
2648 1749 2770 1832 τῇςζ
2814 1750 3271 1832 Νεοκαισαρείας
3314 1749 3597 1832 ἐξόν-του)
3650 1749 3762 1832 τοῦ

2266 1820 3032 1892 Θαυματουρτοῦ,ὲγκώμιον
3058 1822 3147 1892 εὶς
3168 1820 3282 1892 roof
3308 1820 3763 1892 Εὐαγγελισμρν·

2261 1886 2697 1961 τῆςᾏταναγίας
2736 1886 3013 1946 θέοτόκου
3057 1890 3155 1944 καὶ
3198 1890 3289 1946 ἀεὶ
3321 1886 3621 1958 παρθένου
3641 1886 3763 1959 ’τῆς

2260 1964 2512 2031 Μαρίας,
2541 1963 2723 2032 ,λόγος
2741 1963 2821 2026 β’.

2276 2075 2500 2147 Ἐορτὰς
2550 2074 2648 2146 μὲν
2689 2073 2906 2136 ἁπάσας
2954 2072 3051 2126 καὶ
3093 2060 3393 2143 ὑμνῳδίας,
3438 2071 3557 2124 δέον
3607 2070 3756 2141 ἡμᾶς

2196 2168 2393 2223 θυσιῶν
2424 2167 2578 2239 δίκην
2620 2166 2946 2239 προσφέρειν
2983 2162 3063 2235 τῷ
3106 2161 3245 2233 Θεῷ·
3294 2161 3515 2234 πρώτην
3551 2158 3608 2213 δὲ
3635 2158 3760 2232 [ἄλ.

2196 2260 2412 2333 πρῶτον
2458 2256 2541 2331 δὲ]
2582 2256 2818 2322 πάντων,
2865 2256 2958 2311 τὸν
3001 2252 3407 2326 Εὐαγγελισμὸν
3448 2252 3551 2323 τῆς
3598 2251 3763 2320 ἁγίας

2195 2351 2477 2417 Θεοτόκου,
2503 2350 2584 2415 τὸ,
2621 2349 2817 2418 Χαῖρε,
2864 2348 3320 2417 κεχαριτωμένη,
3357 2345 3449 2399 τὸν
3484 2343 3635 2416 παρά
3661 2341 3760 2395 τοῦ

2194 2442 2423 2511 ἀγγέλου
2468 2440 2604 2510 πρὸς
2655 2439 2823 2510 αὐτὴν
2865 2438 3154 2509 γεγονότα·
3201 2434 3389 2506 ἐπειδὴ
3416 2435 3522 2487 ’καὶ
3567 2431 3760 2504 πρώτη

2196 2535 2375 2604 πάσης
2421 2532 2611 2602 σοφίας
2642 2530 2766 2603 [ἄλ.
2803 2531 2909 2604 πρὸ
2937 2531 3036 2601 τῆς
3069 2527 3259 2598 σοφίας
3297 2525 3500 2599 πάσης]
3526 2525 3620 2579 καὶ
3653 2540 3760 2577 σω-

2192 2626 2381 2698 τηρίου
2408 2621 2752 2687 διδασκαλίας
2783 2622 2877 2675 ἐπὶ
2906 2622 3002 2691 τῆς
3050 2621 3177 2687 νέας
3193 2617 3477 2692 διαθήκης,
3498 2613 3561 2668 τὸ
3579 2611 3754 2680 Χαῖρε

2199 2712 2653 2790 κεχαριτωμένη,
2675 2717 2824 2789 παρά
2847 2715 2942 2771 τοῦ
2988 2709 3201 2782 Πατρδς
3234 2708 3341 2762 τῶν
3388 2705 3580 2777 φώτων
3627 2705 3759 2774 ἡμῖν

2196 2807 2492 2876 ἀπεστάλη.
2547 2802 2999 2873 Κεχαριτωμένη
3038 2802 3096 2855 δὲ
3156 2798 3325 2854 εἰπὼν
3347 2838 3363 2863 ,
3418 2799 3598 2851 πᾶσαν
3659 2795 3758 2867 τὴν

2197 2899 2356 2970 φύσιν
2379 2898 2485 2952 τῶν
2516 2895 2813 2966 ἀνθρώπων
2848 2891 3298 2965 συμπεριέλαὸεν.
3333 2889 3534 2958 Χαῖρε,
3579 2903 3758 2957 κεχα-

514 2976 577 3034 ἰη
611 2990 797 3035 sancta
823 2981 1192 3051 conceptione,
1218 2990 1273 3035 et
1296 2982 1349 3035 in
1373 2981 1610 3050 glorioso
1646 2990 1825 3050 partu.
1874 2983 2085 3037 Annuu-

642 3071 777 3092 μυ,
835 3073 1072 3092 una“---
1482 3076 1611 3092 ωηο
1670 3072 1761 3092 ηε.

2188 2988 2498 3061 ριτωμένη,
2532 2988 2625 3041 ἐπὶ
2651 2990 2717 3059 τῇ
2748 2985 2878 3057 ἁγίᾳ
2914 2984 3167 3055 συλλήψει
3199 2982 3297 3036 καὶ
3338 2981 3431 3034 ἐπὶ
3459 2982 3526 3051 τῇ
3565 2977 3760 3092 ένῗῦξῳ

520 3073 595 3126 tio
639 3071 780 3126 vobis
823 3073 1077 3143 gaudium
1140 3088 1421 3142 magnum,
1472 3076 1611 3142 quod
1658 3072 1761 3126 erit
1810 3072 1951 3126 omni
1996 3087 2091 3142 po-

513 3164 641 3237 pqu
665 3165 733 3219 ".
766 3164 977 3221 Rursus
1016 3166 1083 3220 ad
1130 3166 1420 3220 salutarem
1471 3165 1782 3236 passionem
1832 3163 2091 3222 Dominus

514 3256 756 3322 veniens,
786 3256 964 3311 aiebat
992 3274 1006 3309 :
1052 3254 1244 3309 Videbo
1274 3272 1385 3322 vos,
1413 3264 1462 3309 et
1498 3256 1825 3327 gaudebitis,
1870 3265 1918 3311 et
1960 3273 2092 3328 gau-

514 3347 662 3401 dium
691 3355 917 3401 oestrum
947 3363 1095 3401 nemo
1123 3348 1267 3401 tollet
1300 3364 1333 3401 a
1378 3349 1519 3401 vobis
1542 3347 1609 3401 '7.
1662 3346 1728 3402 Et
1769 3357 1891 3418 post
1934 3364 2089 3404 suam

514 3439 990 3503 resurrectionem,
1039 3439 1237 3494 iterum
1285 3455 1381 3508 per
1424 3448 1641 3496 sanctas
1685 3440 1936 3497 mulieres
1981 3441 2091 3511 pri-

514 3548 689 3598 mum,
728 3532 861 3586 illud
887 3548 978 3586 ave
1004 3531 1101 3603 [al.
1140 3531 1310 3604 avete]
1348 3533 1396 3568 ’⁸
1436 3534 1596 3588 nobis
1641 3534 1949 3589 annuntiat.
2004 3532 2090 3588 Si-

514 3621 665 3675 milia
698 3635 918 3675 rursum
959 3622 1107 3677 liisce
1160 3623 1452 3692 Apostolus
1502 3623 1896 3693 proclamavit:
1936 3621 2087 3678 Sem-

512 3727 606 3782 per
636 3712 931 3783 (inquiens)
960 3714 1213 3784 gaudete;
1240 3714 1351 3768 sine
1398 3716 1784 3771 intermissione
1811 3726 1988 3785 orate,
2030 3719 2091 3772 in

512 3805 754 3859 omnibus
778 3806 980 3875 gratias
1007 3807 1144 3877 agite
1164 3808 1229 3862 ⁸⁸.
1265 3807 1451 3863 Videte
1472 3808 1657 3879 igitur,
1681 3824 1715 3864 0
1754 3810 2084 3878 charissimi,

511 3911 622 3965 quo
652 3903 810 3966 pacto
833 3896 1109 3967 gaudium,
1138 3897 1285 3968 quod
1313 3914 1530 3954 omnem
1572 3899 1955 3969 cegitationem
1987 3917 2086 3956 ex—

509 3987 674 4055 cedit,
711 3995 877 4058 atque
923 3993 1179 4059 perenne,
1232 3990 1391 4045 nobis
1444 3990 1842 4047 indivisibiliter
1885 3992 2088 4063 ubique

506 4073 776 4134 Dominus
804 4079 1087 4151 dilargitus
1117 4081 1207 4136 sit.
1255 4078 1391 4135 Nam
1424 4081 1683 4151 quoniam
1727 4080 1786 4137 S.
1831 4080 2001 4159 Maria
2031 4084 2085 4136 in

508 4183 675 4224 carne
703 4169 831 4224 dum
861 4180 1024 4238 esset,
1052 4171 1399 4240 purissimam
1443 4173 1611 4227 vitam
1634 4211 1651 4237 ,
1682 4174 1942 4245 omnique
1988 4190 2082 4245 ge—

507 4275 638 4316 nere
685 4261 947 4316 virtutnm
1000 4263 1302 4329 excultam,
1354 4263 1724 4335 optimamque
1779 4280 1942 4335 supra
1984 4266 2086 4321 hu-

2191 3082 2401 3153 xuﬁeat.
2431 3078 2891 3150 Εὑαγγελίζομαι
2919 3075 3062 3146 ὑμῖν
3086 3072 3279 3145 χαρὰν
3296 3071 3592 3144 μεγάλην,
3624 3070 3759 3137 ἣτις

2186 3173 2357 3228 ἔσται
2387 3171 2565 3228 παντὶ
2591 3171 2672 3236 τῷ
2701 3170 2846 3236 λαῷ.
2876 3168 3043 3222 Πάλιν
3067 3167 3159 3221 ἐπὶ
3184 3166 3244 3219 τὸ
3272 3166 3539 3236 σωτήριον
3587 3161 3757 3237 πάθος

2188 3268 2217 3321 6
2258 3264 2460 3338 Κύριος
2502 3263 2825 3343 ἀρχόμενος,
2878 3262 3091 3331 ἔλεγεν·
3130 3261 3380 3329 Ὄψομαι
3417 3254 3606 3327 ὑμᾶς,
3658 3252 3759 3307 καὶ

2187 3353 2532 3453 lapidi-rode,
2558 3355 2655 3409 καὶ
2684 3354 2800 3422 τὴν
2842 3353 3031 3422 χαρὰν
3059 3350 3227 3422 ὑμῶν
3253 3348 3454 3453 οὐδεὶς
3655 3346 3758 3453 ἀφ’

2186 3438 2371 3520 dmin“.
2403 3447 2514 3503 Kal.
2540 3446 2676 3520 μετὰ
2695 3447 2756 3501 τὸ
2787 3447 3102 3518 ἀναστῆναι,
3135 3443 3297 3498 πάλιν
3329 3441 3417 3495 διὰ
3448 3440 3554 3494 τῶν
3587 3438 3759 3507 ἁγίων

2187 3539 2481 3610 γυναικῶν,
2504 3540 2720 3612 πρῶτον
2747 3542 2808 3594 τὸ
2831 3542 2995 3613 χαῖρε
3014 3540 3122 3613 [ἁλ.
3140 3520 3412 3686 lipara]
3434 3537 3567 3605 ἡμῖν
3595 3532 3763 3601 εὐαγ-

2188 3632 2483 3686 γελίζεται.
2518 3633 2687 3686 Πάλιν
2737 3631 3093 3686 παραπλήσιοι
3123 3647 3182 3682 το
3198 3627 3212 3644 ⁹
3230 3646 3331 3686 μοις
3369 3629 3399 3681 6
3438 3624 3759 3686 Ἀπόστολος

2188 3632 2483 3703 γελίζεται.
2518 3633 2687 3687 Πάλιν
2737 3631 3093 3703 παραπλήσιοι
3123 3624 3331 3693 τοῦτοις
3369 3629 3399 3681 6
3438 3624 3759 3688 Ἀπόστολος

2188 3724 2477 3795 κέκραγεν·
2511 3724 2793 3787 Πάντοτε,
2838 3721 3044 3790 λέγων,
3065 3720 3330 3790 χαίρετε·
3366 3715 3761 3780 ἀδιαλείπτως

2187 3815 2617 3884 προσεύχεσθε·
2651 3802 2721 3869 ἐν
2747 3813 2925 3867 παντὶ
2958 3809 3382 3880 εὐχαριστεῖτε.
3428 3807 3622 3878 Ὁρᾶτε
3649 3804 3760 3858 τοί-

2187 3924 2301 3973 νυν,
2336 3901 2382 3960 ὧ
2407 3907 2697 3978 ἀγαπητοὶ,
2728 3890 2849 3969 πῶς
2871 3904 2967 3977 τὴν
3000 3893 3138 3973 ὑπὲρ
3170 3902 3377 3956 ἔννοιαν
3407 3900 3503 3955 καὶ
3534 3900 3765 3954 ἀένναον

2185 4002 2380 4074 χαρὰν,
2408 4001 2733 4073 ἀδιαιρέτως
2776 3999 3047 4071 πανταχοῦ
3082 4000 3212 4069 ἡμῖν
3255 3997 3284 4049 6
3314 3995 3516 4068 Κύριος
3553 3993 3758 4064 ἐδωρή-

2188 4112 2335 4150 σατο.
2382 4094 2597 4166 Ἐπειδὴ
2637 4094 2747 4171 γὰρ
2785 4095 2819 4164 ἡ
2866 4091 2995 4160 ἁγία
3039 4089 3229 4161 Μαρία
3272 4088 3331 4140 ὲν
3382 4085 3546 4157 σαρκὶ
3595 4079 3755 4147 οὖσα,

2184 4189 2283 4259 τὴν
2329 4188 2602 4260 ἄφθαρτον
2635 4186 2909 4244 πολιτείαν
2953 4184 3233 4254 ἐκέκτητο,
3265 4182 3488 4251 ἀρεταῖς
3524 4196 3583 4232 τε
3614 4193 3755 4231 παν-

2184 4280 2356 4345 τοίαις
2383 4279 2838 4353 πολιτευσαμένη,
2864 4276 2958 4331 καὶ
2984 4274 3226 4347 βιώσασα
3264 4277 3509 4345 κρεῖττον
3546 4272 3579 4343 ἢ
3611 4269 3756 4325 κατά

438 4394 441 4397 .
506 4362 686 4407 mana:
708 4364 916 4408 naturae
936 4354 1410 4418 consuetudinem,
1443 4357 1698 4425 gerebat;
1730 4355 1857 4411 ideo
1895 4356 2084 4412 αξιοι-πί

2186 4372 2488 4444 ἄνθρωπον·
2520 4370 2606 4424 διὰ
2630 4369 2810 4447 τοῦτο,
2834 4371 2862 4423 6
2885 4370 2949 4421 ὲκ
2981 4366 3113 4420 Θεοῦ
3144 4366 3355 4437 Πατρὸς
3375 4365 3544 4432 Λόγος
3574 4363 3756 4435 σάρκα

507 4441 687 4497 Patris
712 4441 973 4508 Verbum,
1006 4460 1226 4499 carnem
1246 4461 1315 4500 ex
1337 4460 1424 4511 ea,
1451 4454 1505 4499 et
1544 4445 1837 4516 perfectam
1886 4447 2081 4503 huma-

508 4548 635 4587 nam
670 4543 918 4588 naturam
945 4536 1221 4604 suscipere
1244 4536 1523 4607 (lignatum
1552 4546 1666 4604 est;
1708 4546 1768 4592 ut
1794 4553 1885 4609 per
1915 4554 2080 4608 quam

463 4632 471 4640 '
507 4639 729 4678 carnem
764 4634 1043 4695 peceatum
1071 4628 1124 4679 in
1155 4627 1418 4682 mundum
1444 4627 1712 4695 introivit,
1744 4638 1799 4684 et
1825 4645 1921 4699 per
1955 4645 2080 4700 pec-

450 4767 458 4774 .
505 4725 688 4772 catum
716 4732 885 4781 mors,
910 4733 1004 4786 per
1028 4718 1271 4773 eamdem
1293 4735 1509 4775 carnem
1532 4730 1811 4791 peccatum
1839 4722 1892 4776 in
1916 4737 2080 4777 carne

506 4808 917 4875 condemnetur,
940 4823 1003 4864 ac
1030 4811 1235 4880 peccati
1280 4819 1517 4867 tentator
1558 4814 1615 4866 in
1648 4815 1923 4883 sepultura
1968 4813 2075 4885 [aL

516 4907 569 4958 in
589 4898 813 4971 attactu]
847 4900 1020 4955 sancti
1055 4902 1298 4972 corporis
1331 4904 1613 4968 vincatur,
1645 4905 2079 4975 principiumque

503 4990 919 5045 resurrectionis
948 4992 1109 5046 simul
1146 4992 1463 5047 ostendatur
1486 5032 1502 5059 ,
1547 5003 1601 5048 et
1633 4996 1742 5049 vita
1788 5004 1987 5050 aeterna
2021 4995 2078 5050 in

501 5082 706 5138 mundo
737 5092 1000 5151 versetur,
1035 5098 1099 5138 ac
1120 5081 1213 5138 Dei
1251 5082 1427 5140 Patris
1473 5099 1599 5139 cum
1648 5070 1960 5141 hominibus
1991 5102 2079 5142 so-

500 5175 671 5231 cietas
702 5177 1072 5232 contrahatur.
1104 5175 1370 5231 Caeterum
1396 5177 1525 5247 quid
1553 5178 1642 5234 hic
1667 5179 1935 5245 dicamus,
1984 5188 2078 5234 aut

499 5268 678 5324 dicere
711 5269 1070 5325 omittamus?
1100 5278 1194 5324 aut
1216 5269 1339 5339 quis
1380 5272 1621 5342 mysterii
1656 5272 2074 5343 incomprehen-

500 5361 812 5419 sibilitatem
841 5363 1115 5419 enarrahit
1158 5375 1320 5433 atque
1358 5366 1630 5434 exponet?
1672 5364 1776 5421 Sed
1818 5381 1961 5421 nunc
2006 5368 2074 5421 ad

501 5457 837 5525 propositum
894 5457 1198 5513 redeamus.
1248 5459 1327 5513 Ad
1384 5460 1740 5515 castissimam
1798 5458 2074 5530 Virginem

502 5546 704 5603 missus
757 5558 840 5604 est
881 5548 1130 5615 Gabriel;
1185 5550 1558 5620 incorporeus,
1595 5553 1662 5606 ad
1710 5568 1828 5607 eam
1864 5569 1986 5623 qua:
2016 5555 2072 5608 in

502 5652 729 5706 corpore
760 5640 923 5694 vitam
952 5640 1276 5711 transigebat
1300 5644 1686 5713 incorruptam,
1738 5644 1792 5698 in
1822 5646 2071 5701 castitate

2182 4464 2489 4530 ἀναλαϐεῖν,
2528 4464 2623 4517 καὶ
2662 4461 2864 4517 τέλειον
2901 4458 3234 4532 ἀνθρώπινον
3277 4456 3335 4524 ἐξ
3369 4457 3536 4527 αὐτῆς
3578 4471 3755 4526 κατ-η-

2183 4554 2392 4620 ξίωσεν·
2421 4555 2508 4607 ἵνα
2540 4553 2607 4607 δι’
2638 4546 2707 4624 ἦς
2744 4550 2943 4625 σαρκὸς
2986 4552 3020 4621 ἡ
3053 4548 3295 4621 ἁμαρτία
3327 4550 3405 4611 είς
3437 4547 3526 4600 τὸν
3548 4546 3755 4616 κόσμον

2181 4643 2450 4715 εἰσῆλθεν,
2487 4644 2582 4697 καὶ
2618 4642 2705 4695 διὰ
2752 4642 2851 4714 τῆς
2890 4641 3163 4713 ἁμαρτίας
3193 4643 3221 4694 6
3266 4639 3511 4702 θάνατος,
3539 4638 3627 4691 διὰ
3650 4638 3753 4708 τῆς

2179 4736 2346 4806 αὐτῆς
2391 4733 2592 4806 σαρκὸς
2637 4732 2939 4805 κατακριθῇ
2992 4735 3025 4803 ἠ
3068 4732 3310 4803 ἁμαρτία
3343 4732 3401 4784 ὲν
3446 4731 3511 4801 τῇ
3562 4729 3751 4800 σαρκὶ,

2178 4830 2271 4882 καὶ
2302 4826 2494 4897 νικηθῇ
2528 4828 2557 4878 6
2586 4826 2686 4896 τῆς
2729 4825 3002 4897 ἁμαρτίας
3041 4822 3359 4895 πειραστὴς,
3399 4824 3458 4877 ὲν
3499 4823 3564 4891 τῇ
3604 4822 3749 4891 τοιφῇ

2180 4918 2300 4991 [ἄλ.
2329 4921 2388 4972 ὲν
2416 4915 2501 4991 εἴ
2519 4918 2653 4991 ἁφῇ]
2691 4917 2782 4972 τοῦ
2810 4918 2965 4987 ἁγίου
3010 4916 3277 4988 σώματος·
3314 4915 3409 4969 καὶ
3441 4915 3583 4985 ἀρχὴ
3614 4915 3749 4967 ἀνα-

2180 5004 2419 5075 στὰσεωξ
2458 5010 2575 5082 ἅμα
2617 5006 2906 5082 ἀποδεχθῇ,
2940 5010 3035 5065 καὶ
3080 5008 3192 5080 ζωὴ
3225 5004 3521 5072 αἰώνιος-’ὲν
3555 5006 3748 5077 κὲσμῳ

2179 5100 2486 5173 πολιτευθῇ,
2516 5102 2607 5155 καὶ
2636 5101 2769 5155 Θεοῦ
2804 5100 3013 5174 Πατρὸς
3046 5100 3350 5172 ἀνθρώποις
3380 5099 3604 5171 γένηται
3630 5117 3749 5153 κοι-

2175 5193 2360 5247 νωνία.
2397 5194 2505 5246 Καὶ
2535 5194 2590 5246 τί
2621 5195 2882 5264 εἴπωμεν,
2923 5193 2957 5264 ἢ
3002 5191 3054 5245 τί
3101 5176 3554 5267 παραλείπωμεν;
3589 5192 3624 5266 ἢ
3659 5191 3748 5255 τίς

2176 5286 2495 5359 ἐξηγήσεται
2536 5286 2628 5340 τοῦ
2677 5284 2974 5357 μυστηρίου
3017 5285 3077 5338 τὸ
3126 5285 3536 5355 ἀκατάληπτονς
3585 5283 3749 5337 Ἀλλά

2175 5377 2269 5430 νῦν
2292 5378 2384 5432 ἐπὶ
2409 5377 2467 5432 τὸ
2489 5377 2843 5450 προκείμενον
2865 5377 3265 5447 ἐπανέλθωμεν.
3290 5376 3434 5449 Πρὸς
3468 5375 3745 5448 Παρθένον

2174 5470 2342 5540 ἁγνὴν
2377 5469 2612 5542 Γαϐριὴλ
2640 5468 2991 5523 ἀπέσταλται·
3020 5472 3048 5523 6
3077 5469 3364 5541 ἀσώματος
3392 5469 3528 5542 πρὸς
3557 5469 3657 5540 τὴν
3684 5472 3743 5524 ὲν
3836 5491 3844 5501 ν

2175 5556 2385 5628 σώματι
2422 5558 2782 5631 μετελθοῦσαν
2824 5561 2921 5631 τὴν
2972 5561 3245 5616 πολιτείαν
3296 5562 3394 5633 τὴν
3441 5560 3739 5633 ἄφθαρτον,

2174 5651 2232 5702 ὲν
2259 5651 2469 5722 ἁγνείᾳ,
2498 5653 2591 5706 καὶ
2615 5654 2672 5707 ὲν
2703 5653 2924 5724 ἀρεταῖς
2953 5653 3248 5725 βιώσασαν.
3278 5655 3388 5707 Καὶ
3411 5653 3579 5709 ἐλθὼν
3604 5655 3763 5726 πρὸς·

459 5829 497 5879 ί”
574 5845 620 5880 ⁸⁵
642 5843 773 5902 Luc.
796 5863 836 5929 ι,
863 5847 952 5902 28.
1026 5850 1071 5882 "
1094 5849 1225 5906 Lue.
1249 5866 1311 5918 ιι,
1346 5850 1434 5908 10.
1508 5852 1553 5884 ’⁷
1575 5813 1731 5908 ίοεη.
1758 5869 1868 5922 xvi,
1893 5853 1983 5910 22.
2059 5860 2085 5893 9'

2189 5860 2322 5918 atth.
2358 5876 2551 5931 xxvut,
2586 5860 2639 5921 9.
2712 5863 2805 5918 "l
2846 5863 3155 5937 Thessav,
3202 5866 3271 5924 16
3295 5907 3310 5935 ,
3357 5867 3451 5934 t7,
3484 5868 3572 5924 l8.
