4100 6370
369 492 425 548 Η
436 491 503 548 5'!

579 566 609 600 κ

1272 488 1556 547 nonum
1595 489 1638 546 ιι
1674 489 1740 545 lN
1775 446 2197 545 ANNUNTIAT.
2233 488 2418 546 VIRG.
2454 487 2721 546 MARUE.

3451 495 3592 553 “58

362 611 551 680 αὐτὴν,
583 580 801 681 πρῶτον
857 608 937 672 τὺ,
965 606 1162 677 Xa'l'pe,
1187 606 1638 677 κεχαριτωμένη,
1664 608 1699 660 ό
1720 606 1924 673 Κύριος

2030 616 2095 659 ac
2118 600 2407 657 virtutibus
2432 601 2725 656 viventem.
2759 598 2827 656 Et
2851 599 2918 655 ad
2956 580 3126 672 ipsam
3162 601 3419 671 veniens,
3474 607 3593 676 pri-

285 682 291 689 .
317 690 326 703 ’
360 702 513 771 μετὰ
539 700 677 769 σοῦ,
693 702 829 773 αὐτῇ
866 698 1272 770 εὐαγγελίζεται
1301 699 1490 765 οὕτως’
1511 699 1705 767 Xaips,
1746 714 1921 767 κεχα-

357 793 672 863 ριτωμένη.
706 794 779 848 Σὺ
827 792 937 866 γάρ
979 793 1049 847 τά
1100 794 1200 865 τῆς
1241 792 1408 858 ὅντως
1447 794 1622 865 χαρᾶς
1667 793 1924 865 πράττεις

364 883 490 948 ἀξια
508 900 522 914 ·
568 884 754 957 ἐπειδὴ
788 886 852 940 σὺ
895 886 986 942 τὸν
1015 885 1240 941 ἄσπιλον
1272 886 1474 957 χιτῶνα
1503 885 1795 953 ὲνδέδυσαι,
1830 886 1925 941 καὶ

360 974 463 1047 τὴν
494 974 669 1047 ζώνην
692 978 789 1048 τῆς
810 978 1162 1051 σωφροσύνης
1189 979 1515 1052 περίκεισαι.
1542 978 1735 1047 Χαῖρε,
1746 995 1923 1049 κεχα-

355 1066 669 1137 ριτωμένη,
705 1067 907 1140 δοχείον
951 1069 1049 1141 τῆς
1077 1069 1396 1140 ἐπουρανίου
1429 1069 1762 1144 εὐφροσύνης
1791 1088 1924 1141 τυγ-

364 1157 619 1229 χάνουσα.
655 1159 852 1229 Χαῖρε,
877 1161 1429 1231 κεχαριτωμένη·διά
1462 1163 1555 1216 σοῦ
1583 1162 1691 1236 γὰρ
1723 1165 1756 1235 η
1785 1165 1927 1237 χαρά

359 1249 512 1323 πάσῃ
543 1255 610 1324 τῇ
636 1252 808 1306 κτίσει
838 1252 1179 1325 βραϐεύεται,
1213 1256 1309 1309 καὶ
1338 1254 1399 1308 τὸ
1420 1255 1572 1325 γένος
1599 1248 1706 1310 τῶν
1726 1256 1927 1329 ἀνθρώ-

362 1360 482 1397 πων
511 1344 882 1413 ἀπολαμϐάνει
912 1346 974 1398 τὸ
1013 1347 1238 1418 ἀρχαῖον
1272 1346 1506 1419 ἀξίωμα.
1539 1348 1732 1417 Χαῖρε,
1751 1366 1927 1419 κεχα-

354 1436 670 1507 ριτωμένηο
705 1438 787 1491 ὅτι
813 1438 871 1491 ὲν
901 1440 1018 1503 ταῖς
1050 1439 1317 1515 ἀγκάλαις
1352 1456 1445 1492 σου
1506 1441 1535 1495 ὁ
1566 1440 1790 1512 κτίστης
1818 1440 1925 1495 τῶν

359 1529 617 1585 ἀπάντων
661 1531 843 1603 μέλλει
886 1532 1263 1608 βαστάσεσθαι.
1318 1534 1381 1587 Ἦ
1423 1530 1481 1589 δὲ
1522 1535 1615 1589 ἐπὶ
1662 1536 1739 1607 τῷ
1782 1535 1925 1608 λόγῳ

320 1600 533 1692 λτούτῳ
576 1600 918 1695 διεταράχθη·
963 1625 1136 1696 ἀήθης
1159 1605 1274 1697 'yap
1319 1627 1456 1697 πρὸς
1482 1627 1658 1692 πάσας
1682 1600 1781 1694 τάς
1811 1600 1926 1685 διαζ

349 1709 534 1777 λέξεις
577 1713 686 1768 τῶν
732 1715 1034 1789 ἀνθρώπων
1082 1718 1395 1788 ἐτύγχανεν·
1427 1722 1521 1774 καὶ
1544 1722 1641 1793 τὴν
1672 1723 1921 1794 ἡσυχίαν,

357 1799 436 1865 ὡς
472 1804 679 1877 μητέρα
710 1805 1061 1878 σωφροσύνης
1097 1808 1191 1861 καὶ
1233 1809 1472 1878 ἁγνείας,
1505 1800 1800 1883 ἠσπάζετο,
1827 1831 1925 1869 κα-

360 1891 526 1964 θαρὸν
579 1895 897 1969 ὑπάρχουσα
916 1938 931 1964 ,
980 1898 1076 1953 καὶ
1130 1901 1385 1973 ἀκέραιον
1410 1944 1425 1969 ,
1474 1905 1567 1959 καὶ
1626 1906 1922 1978 ἀμόλυντον

2022 707 2172 748 mum
2193 692 2346 756 illud,
2375 691 2501 759 Ave,
2529 694 2703 764 gratia
2733 692 2910 763 plena,
2938 691 3193 748 Dominus
3223 703 3389 749 tecum
3412 697 3453 760 ⁸,
3486 697 3592 766 ipsi

2021 783 2103 839 sic
2137 784 2422 839 annuntiat
2452 802 2465 838 :
2499 787 2627 849 Ave,
2656 784 2830 855 gratia
2856 782 3029 853 plena.
3056 782 3138 840 Tu
3161 785 3306 840 enim
3338 800 3459 856 quae
3501 803 3591 841 re-

2019 880 2147 931 ver'a
2174 876 2369 948 gaudio
2424 885 2551 931 sunt
2584 877 2746 947 digna
2795 876 2911 948 agis
2939 894 2955 932 :
2991 876 3250 947 quoniam
3282 877 3597 934 immacula-

2020 975 2132 1023 tam
2158 968 2345 1023 induta
2392 982 2451 1022 es
2490 976 2730 1032 vestem,
2779 979 2834 1024 et
2870 965 3089 1037 cingulo
3131 968 3480 1024 continentiae
3527 985 3594 1026 ac

2021 1056 2296 1129 pudicitiae
2318 1057 2498 1112 cincta
2531 1073 2608 1113 es.
2648 1058 2774 1127 Ave,
2810 1059 2987 1130 gratia
3033 1058 3210 1128 plena,
3258 1075 3379 1130 quae
3409 1078 3595 1131 super-

2023 1152 2260 1208 ctelestis
2291 1151 2488 1207 laetitiae
2536 1167 2634 1207 vas
2688 1168 2749 1208 es
2789 1161 2951 1224 atque
2996 1154 3416 1224 receptaculum.
3466 1155 3594 1223 Ave,

2023 1245 2199 1315 gratia
2237 1244 2435 1313 plena:
2461 1260 2586 1299 nam
2618 1259 2715 1314 per
2744 1251 2820 1311 te,
2851 1246 3106 1316 gaudium
3129 1247 3279 1300 omni
3312 1246 3592 1316 dispensa-

2025 1346 2114 1392 tur
2140 1346 2419 1401 creaturae,
2461 1352 2737 1409 genusque
2777 1339 3077 1393 humanum
3107 1338 3395 1410 antiquam
3421 1340 3595 1411 digni-

2025 1438 2189 1485 tatem
2220 1438 2522 1499 recuperat.
2552 1431 2678 1497 Ave,
2709 1431 2884 1500 gratia
2922 1431 3078 1501 plena
3100 1448 3118 1485 :
3144 1434 3400 1501 quoniam
3438 1435 3492 1488 in
3515 1434 3596 1489 ul-

2022 1523 2110 1577 nis
2131 1522 2238 1577 tuis
2270 1521 2494 1577 Creator
2538 1521 2915 1577 universorum
2959 1524 3277 1594 gestabitur.
3314 1524 3431 1595 Ipsa
3463 1539 3608 1582 vero.

2022 1613 2079 1667 in
2107 1596 2212 1669 hoc
2234 1614 2449 1686 turbata
2472 1626 2557 1668 est
2582 1612 2747 1667 verbo
2779 1631 2792 1667 :
2825 1628 2948 1668 nam
2973 1615 3038 1668 ad
3066 1630 3429 1686 quoscunque
3449 1617 3595 1674 viro-

2022 1720 2144 1760 rum
2168 1681 2385 1779 affatusJ
2422 1712 2539 1760 erat
2563 1705 2780 1761 insolita
2800 1749 2815 1774 ,
2850 1714 2905 1761 et
2936 1681 3191 1785 quietem.
3223 1681 3386 1776 atque
3427 1708 3593 1764 silen-

2023 1795 2162 1852 tium
2188 1807 2248 1851 ut
2276 1796 2620 1852 continentiae
2645 1812 2710 1852 ac
2732 1798 2997 1854 castitatis
3039 1806 3266 1853 matrem
3312 1800 3594 1869 amplecte—

2024 1890 2187 1945 batur
2211 1907 2226 1957 ;
2254 1903 2486 1958 cumque
2507 1889 2758 1958 puritatis
2786 1898 2949 1959 atque
2983 1890 3305 1960 integritatis
3330 1891 3594 1949 immacu-

352 1982 582 2056 ’ἄγαλμα
599 2028 614 2054 ,
641 1967 779 2061 αὕτη
806 1990 905 2062 τὴν
926 1992 1219 2065 ἀγγελικὴν
1235 1967 1361 2065 ’ὄψιν
1387 1967 1486 2050 ούκ
1510 1967 1819 2066 ὲδειλίασεν,
1844 2001 1920 2066 ὡς

2022 1983 2190 2038 latum
2220 1981 2571 2037 simulacrum
2599 1995 2761 2045 esset,
2790 1992 3068 2052 aspectum
3099 1982 3238 2059 ipsa,
3258 1982 3589 2053 angelicum,

350 2075 408 2127 oi
446 2072 689 2142 πλείονες
883 2081 1090 2157 πολλοὶ]
1114 2084 1223 2139 τῶν
1265 2087 1576 2158 προφητῶν·
1613 2091 1799 2164 ἐπειδὴ
1830 2093 1924 2149 καὶ

349 2165 627 2240 ’παρθενία
675 2169 881 2245 ἀληθὴς
912 2174 1049 2247 πρὸς
1097 2177 1360 2245 ἀγγέλους
1405 2181 1690 2251 συγγένεια
1726 2187 1925 2258 τυγχά-

358 2275 474 2325 νει,
512 2261 608 2315 καὶ
642 2263 928 2337 ἰσομοιρία.
984 2267 1287 2340 Ἐπιμελῶς
1322 2270 1430 2343 γὰρ
1468 2275 1501 2345 ή
1546 2274 1676 2344 ἀγία
1713 2278 1924 2349 Παρθέ-

358 2364 451 2413 νος
499 2352 600 2425 τὴν
635 2353 889 2427 λαμπάδα
944 2359 1044 2431 τῆς
1089 2361 1386 2433 παρθενίας
1422 2364 1790 2434 φυλάττουσα,
1830 2371 1925 2425 καὶ

361 2441 563 2533 πολλὴν
604 2446 696 2500 τοῦ
744 2448 818 2520 μὴ
869 2448 1192 2522 σϐεσθῆναι,
1231 2452 1263 2526 ἢ
1293 2455 1641 2530 σπιλωθῆναι,
1673 2461 1925 2533 πρόνοιαν

359 2532 498 2607 εἶχε.
527 2538 638 2593 Καὶ
662 2540 910 2614 καθάπερ
947 2543 1012 2597 άν
1045 2562 1129 2609 τις
1172 2545 1427 2619 λαμπρὰν
1468 2551 1658 2624 στολὴν
1709 2532 1927 2625 περιϐε-

362 2624 648 2698 ϐλημένος,
691 2631 858 2687 πολὺν
898 2638 1127 2688 ποιεῖται
1174 2636 1350 2707 λόγον,
1395 2642 1468 2713 μή
1509 2659 1593 2706 τις
1633 2624 1923 2717 μολυσμὸς,

360 2717 398 2789 ἦ
437 2718 607 2792 ῥύπος
642 2722 803 2777 πόθεν
836 2727 1198 2799 προσγένηται
1224 2746 1239 2760 ⁸
1272 2730 1443 2796 οὕτως
1479 2734 1513 2804 ἡ
1559 2735 1690 2804 ἀγία
1738 2738 1928 2811 Μαρία

359 2811 422 2864 ὲν
444 2811 610 2885 ἑαυτῇ
637 2813 916 2884 διενοεῖτο,
952 2819 1047 2872 καὶ
1085 2820 1269 2890 ἔλεγεν
1288 2839 1302 2853 ο
1329 2825 1419 2897 Μή
1455 2839 1576 2879 τινα
1616 2823 1725 2902 ἆρα
1755 2847 1926 2885 κατα-

299 2962 303 2966 ,
360 2904 563 2976 σκευὴν
641 2904 674 2977 ἥ
723 2906 961 2964 θωπείαν
1005 2912 1038 2982 ἡ
1085 2911 1345 2985 θεραπεία
1390 2917 1692 2990 κέκτηται;
1737 2922 1829 2995 Μὴ
1868 2921 1927 2977 τὸ

360 2995 529 3065 χαῖρε
548 2996 709 3051 τοῦτο
732 2997 905 3072 λύπης
929 3003 1097 3058 αἴτιον
1119 3022 1207 3075 μοι
1228 3008 1531 3079 γενήσεται,
1551 3010 1731 3077 καθὼς
1761 3014 1928 3070 πάλαι

358 3087 428 3176 τῇ
462 3087 786 3176 Δπρομήτορι
808 3088 922 3163 Εὔα
943 3093 976 3163 ἡ
1009 3092 1385 3166 ὀφεοδαίμονος
1405 3098 1732 3171 συνέργητος
1753 3119 1929 3176 παρα-

520 3178 618 3250 τῆς
641 3181 1000 3271 χρηστολόγου
1029 3184 1372 3258 ὑποσχέσεως
1393 3190 1494 3261 τῆς
1520 3191 1794 3263 θεώσεως;

360 3264 524 3376 πάλιν
543 3270 914 3376 εὶς-ἄγγελον
939 3275 1744 3376 μετασχηματισθεὶς
1774 3289 1803 3340 ὁ
1823 3264 1929 3362 ἀρζ
1951 3317 1994 3376 C

355 3360 591 3454 χέκακος
621 3364 861 3436 δαίμων,
888 3368 985 3422 καὶ
1021 3369 1100 3441 τῷ
1138 3371 1255 3443 ὲμῷ
1294 3375 1554 3447 μνήστορι
1581 3377 1790 3448 φθονῶν
1828 3360 1926 3454 τῆς

278 3524 289 3532 _
356 3453 498 3544 ἄγαν
527 3456 912 3530 σωφροσύνης,
954 3461 1049 3515 καὶ
1074 3464 1250 3535 τούτῳ
1282 3466 1566 3538 προϐαλὼν
1605 3470 1670 3524 δι’
1712 3453 1926 3544 ὁμιλίας

356 3540 498 3632 τάχα
524 3546 764 3617 χρηστῆς
783 3589 798 3613 ,
827 3549 1024 3622 καὶμὴ
1053 3552 1275 3622 ἰσχύσας
1308 3556 1384 3620 ὡς
1409 3557 1634 3632 στερρὸν
1662 3540 1806 3630 νούν,
1836 3566 1926 3620 τὸν

354 3631 525 3706 ἄνδρα
550 3636 853 3741 ἀπατῆσαι,
885 3641 1007 3713 ἐμοὶ
1048 3645 1351 3716 προσῆλθεν
1381 3648 1457 3714 ὡς
1473 3644 1809 3741 ἀπαλωτέρᾳ
1831 3674 1925 3710 κε-

359 3728 680 3801 κοσμημένη
713 3734 779 3803 τῇ
812 3731 1016 3807 διανοίᾳ
1035 3775 1050 3800 ,
1079 3740 1173 3792 καὶ
1203 3740 1264 3793 τὸ
1290 3741 1459 3811 χαῖρε
1479 3728 1740 3816 ἐπιφωνεῖ
1772 3748 1832 3801 τὸ
1867 3751 1925 3813 ἐς

357 3817 585 3893 ὕστερον
606 3822 769 3895 ἄχαρι
790 3841 804 3890 ;
843 3827 936 3898 Μὴ
960 3829 1067 3899 ἄρα
1087 3831 1116 3883 ό
1149 3835 1495 3905 μακαρισμὸς
1522 3837 1618 3890 καὶ
1639 3839 1925 3911 ἀσπασμὸς

354 3914 415 3966 ὲν
443 3915 695 3986 εἰρωνείᾳ
726 3916 951 3986 γέγονε;
980 3920 1072 3993 Μή
1099 3940 1183 3987 τις
1217 3925 1292 3990 ἰὸς
1335 3928 1393 3980 ὲν
1419 3926 1498 3999 τῷ
1527 3930 1704 4001 μέλιτι
1717 3933 1927 4005 κέκρυ-

353 4014 525 4087 errat;
550 4005 643 4077 Μὴ
672 4005 827 4074 λόγος
859 4009 955 4079 μὲν
983 4011 1488 4087 εὐαγγελιζομένου,
1519 4020 1717 4084 σκοπὸς
1747 4021 1804 4074 δὲ
1831 4040 1925 4075 συ-

354 4070 599 4179 λῷᾢξτος
622 4070 871 4177 ’.Ἦν-γὰρ
897 4101 997 4155 οὐκ
1194 4070 1920 4182 αιίτδς,πόθεννάσπάσεται;

356 4184 542 4265 Ταῦτα
571 4188 628 4240 ὲν
662 4188 826 4260 ἑαυτῇ
851 4190 1134 4264 διηπόρει,
1171 4196 1265 4249 καὶ
1289 4196 1503 4267 Ἔλεγεν.
1535 4201 1669 4255 Τότε
1710 4204 1868 4259 πάλιν
1895 4208 1924 4259 ὁ

356 4277 696 4363 ἀρχάγγελος
723 4286 1033 4352 προσφωνεῖ
1053 4285 1186 4358 αὐτῇ
1213 4288 1388 4360 χαρὰν
1415 4294 1527 4354 τοῖς
1554 4294 1687 4346 πᾶσι
1706 4295 1919 4369 πιστὴν,

359 4369 452 4422 καὶ
501 4370 805 4444 ἀδιαίρετον
828 4413 843 4439 ,
876 4378 1206 4448 προμηνύων
1250 4381 1345 4434 καὶ
1392 4381 1564 4452 λέγων
1606 4378 1775 4459 αύτῇ’·
1822 4389 1920 4460 Μὴ

354 4461 542 4529 φοϐοῦ
561 4501 576 4526 ,
605 4465 842 4535 Μαριὰμ
870 4465 991 4539 [ἀλ.
1029 4470 1203 4540 χαρὰν
1234 4472 1556 4547 ἀδιαίρετον,
1603 4479 1697 4532 καὶ
1738 4479 1916 4550 λέγει·

355 4555 451 4625 Μὴ
498 4557 708 4627 φοϐοῦ,
753 4558 1014 4632 Μαριὰμ]
1033 4605 1047 4628 ,
1086 4558 1259 4631 εὗρες
1291 4566 1403 4635 γὰρ
1439 4568 1616 4638 χάριν
1654 4574 1813 4641 παρὰ
1840 4574 1921 4642 τῷ

2024 2074 2165 2130 sicut
2190 2073 2371 2144 plures
2395 2087 2462 2128 ex
2484 2071 2764 2142 prophetis
2829 2086 2939 2127 non
2990 2071 3404 2140 reformidavit;
3456 2088 3595 2142 quo-
3643 2067 3652 2077 ’

2024 2168 2169 2222 niam
2199 2175 2254 2223 et
2284 2166 2596 2222 allinitatem
2624 2166 2914 2236 quamdam
2938 2180 3004 2221 ac
3030 2166 3439 2221 similitudinem
3460 2180 3594 2223 vera

2022 2260 2303 2331 virginitas
2333 2275 2456 2315 cum
2481 2259 2685 2330 angelis
2711 2258 2895 2314 habet.
2941 2257 3195 2314 Studiose
3229 2259 3427 2329 quippe
3468 2273 3596 2315 san-

2024 2353 2265 2408 ctissima
2331 2351 2496 2423 Virgo
2562 2351 2866 2421 lampadem
2911 2350 3238 2422 virginitatis
3294 2367 3592 2408 conserva-

2023 2445 2136 2511 bat,
2189 2452 2243 2500 et
2302 2456 2370 2497 ne
2439 2441 2873 2511 exstingueretur
2930 2449 3025 2495 aut
3069 2442 3590 2508 eommacularetur,

2024 2537 2246 2608 provide
2306 2536 2698 2605 diligenterque
2753 2533 2997 2589 curabat.
3060 2532 3124 2588 Et
3185 2533 3327 2588 sicut
3389 2534 3593 2604 aliquis

2026 2627 2303 2698 splendido
2373 2625 2604 2681 amictus
2664 2624 2990 2680 vestimento
3017 2662 3032 2689 ,
3095 2638 3349 2696 magnam
3417 2624 3589 2680 ratio-

2024 2735 2149 2775 nem
2213 2734 2279 2775 ac
2340 2733 2527 2774 curam
2593 2718 2849 2786 adhibet,
2909 2732 2980 2773 ne
3043 2731 3150 2788 qua
3217 2716 3593 2787 inquinatione

2027 2826 2091 2866 ac
2140 2811 2300 2866 sorde
2340 2811 2783 2878 contaminetur;
2842 2809 2919 2864 ita
2979 2824 3197 2880 quoque
3245 2810 3591 2865 sanctissima

2026 2903 2195 2960 Maria
2225 2906 2370 2960 intra
2415 2920 2475 2960 se
2515 2904 2788 2973 cogitabat
2847 2912 3008 2972 atque
3049 2903 3263 2958 dicebat
3291 2920 3305 2956 :
3334 2901 3592 2974 Nunquid

2028 2993 2169 3050 forte
2195 2994 2490 3050 artiﬁcium
2518 2993 2737 3063 aliquod
2765 3007 2828 3047 ac
2850 2991 3120 3059 fraudem,
3155 2991 3239 3047 vel
3262 2993 3590 3048 assentatio-

2027 3104 2152 3144 nem
2183 3090 2286 3145 iste
2315 3088 2607 3145 ministerii
2636 3099 2799 3158 atque
2826 3085 3075 3156 obsequii
3101 3095 3256 3145 actus
3282 3086 3338 3140 in
3366 3100 3426 3140 se
3452 3100 3588 3142 con-

2029 3182 2201 3237 tinet?
2223 3180 2478 3254 Nunquid
2524 3196 2617 3237 ave
2654 3181 2797 3238 istud
2844 3184 3049 3242 doloris
3076 3186 3211 3240 mibi
3250 3202 3415 3243 causa
3454 3188 3589 3256 erit,

2027 3274 2173 3331 sicut
2222 3274 2352 3330 olim
2395 3275 2587 3346 primae
2642 3276 2804 3331 matri
2848 3276 3007 3342 Evae,
3050 3278 3246 3334 blanda
3298 3280 3595 3337 divinitatis

2026 3368 2338 3439 promissio,
2367 3383 2532 3438 quam
2556 3383 2621 3423 ex
2649 3368 2967 3426 daemoniaci
2990 3373 3265 3441 serpentis.
3277 3374 3592 3443 operatione

2025 3462 2410 3533 susceperat’f?
2473 3460 2728 3533 Nunquid
2798 3478 2990 3519 rursus
3044 3467 3103 3520 in
3152 3466 3394 3535 angelum
3455 3467 3590 3521 lucis

2028 3550 2444 3620 transﬁguratus
2476 3552 2602 3605 mali
2633 3562 2819 3606 auctor
2849 3555 3116 3621 daemon’,
3155 3563 3211 3610 et
3243 3572 3364 3612 meo
3391 3570 3595 3628 sponso

2025 3655 2181 3696 suam
2236 3642 2390 3696 valde
2434 3642 2747 3712 pudicitiam
2798 3645 3073 3713 invidens,
3114 3647 3421 3718 blandoque
3466 3664 3595 3705 eum

2026 3746 2274 3787 sermone
2324 3731 2556 3789 fortasse
2597 3749 2953 3806 oppugnans,
2995 3744 3050 3791 et
3094 3751 3204 3792 non
3260 3738 3446 3795 valens
3488 3728 3607 3793 viri
3642 3727 3648 3733 ’

2027 3832 2265 3880 mentem
2301 3832 2558 3895 tanquam
2588 3827 2881 3881 ﬁrmiorem
2912 3828 3181 3897 decipere,
3214 3830 3280 3885 ad
3318 3845 3406 3885 me
3434 3831 3592 3901 quasi

2025 3914 2297 3970 teneriore
2328 3917 2638 3971 decoratam
2673 3929 2853 3973 mente
2894 3921 3155 3986 accessit;
3191 3930 3245 3975 et
3272 3921 3417 3976 istud
3451 3921 3587 3976 mihi

2021 4017 2114 4057 ave
2160 4006 2506 4063 invenustum
2530 4009 2585 4064 in
2610 4019 2888 4078 posterum
2922 4011 3463 4083 intonuithunquid
3493 4028 3592 4082 per

2023 4096 2255 4151 ironiam
2303 4098 2628 4153 beatificatio
2660 4108 2820 4170 atque
2853 4100 3107 4155 salutatio
3162 4101 3256 4157 illa
3292 4101 3433 4157 facta
3464 4103 3593 4159 est?

2021 4187 2276 4259 Nunquid
2311 4205 2580 4246 venenum
2614 4192 2717 4246 sub
2743 4192 2901 4247 melle
2932 4194 3301 4248 occultatum?
3330 4178 3588 4267 Nunquid

2023 4282 2188 4336 verba
2222 4283 2441 4352 quidem
2474 4283 2651 4339 fausta
2684 4286 3021 4353 nuntiantis;
3055 4295 3111 4341 at
3142 4302 3340 4358 scopus
3368 4298 3453 4346 est
3489 4291 3586 4346 de-

2021 4375 2353 4445 praedantis?
2398 4375 2683 4442 Quomodo
2727 4377 2871 4432 enim
2906 4393 3069 4449 quam
3113 4395 3222 4434 non
3271 4381 3421 4437 novit
3471 4383 3588 4454 ipse

2021 4466 2257 4520 salutat?
2307 4465 2433 4522 Haec
2477 4468 2617 4536 apud
2661 4482 2720 4523 se
2756 4468 2920 4531 dubia
2962 4469 3293 4542 cogitatione
3335 4474 3590 4529 versabat

2020 4564 2185 4629 atque
2209 4557 2441 4613 dicebat.
2474 4559 2626 4614 Tunc
2653 4574 2845 4615 rursus
2871 4560 3128 4631 gaudium
3159 4562 3372 4618 cunctis
3406 4565 3586 4621 credi‘
3636 4630 3645 4643 κ

356 4645 498 4714 Θεῷ.
525 4650 707 4720 Ἔχεις
738 4649 999 4722 σύντομον
1031 4653 1132 4725 τὴν
1175 4655 1281 4710 τῶν
1325 4657 1595 4730 ῥηθέντων
1621 4663 1911 4733 ἀπόδειξιν.

2022 4648 2127 4703 bile
2155 4658 2320 4719 atque
2363 4649 2716 4708 indubitabile
2747 4654 3104 4726 archangelus
3132 4656 3233 4726 ipsi
3262 4660 3585 4730 annuntiat,

94 4762 99 4773 .
192 4790 197 4794 _
285 4813 288 4816 ἢ
327 4740 429 4805 .οὺ
458 4737 618 4808 μόνον
646 4742 754 4814 γάρ
781 4759 895 4811 σοι,
928 4743 990 4797 τὸ
1019 4745 1190 4817 μηθὲν
1215 4747 1517 4817 φοϐεῖσθαι,
1540 4751 1675 4807 ἀλλά
1697 4755 1791 4809 καὶ
1816 4757 1915 4829 τῆς

353 4830 583 4900 ἀφοϐίας
615 4833 708 4887 τὸν
744 4835 943 4906 τρόπον
980 4836 1303 4910 αίνίττομαι.
1337 4842 1414 4893 Δι’
1442 4841 1575 4912 ἐμοῦ
1611 4844 1720 4916 γάρ
1747 4849 1917 4903 πᾶσαι

354 4922 410 4973 αἱ
446 4920 692 4993 οὐράνιαι
718 4923 972 4996 δυνάμεις
991 4964 1006 4990 ,
1031 4926 1092 4979 σὲ
1119 4926 1216 4999 τὴν
1249 4928 1409 5001 ἁγίαν
1434 4931 1705 5004 Παρθένον
1736 4936 1887 4991 ἀσπά
1909 4969 1918 4975 -

355 5012 533 5076 ζονται
556 5030 571 5045 θ
601 5013 761 5077 αὐτὸς
785 5015 842 5069 δὲ
877 5017 1072 5088 μᾶλλον
1098 5018 1128 5070 ὁ
1164 5010 1316 5094 κυρὶὰε
1327 5020 1432 5074 ύων
1465 5022 1653 5078 πασῶν
1692 5026 1799 5080 τῶν
1827 5030 1917 5082 ού-

316 5091 321 5094 ’
359 5103 552 5192 ρανίων
577 5104 877 5175 δυνάμεων,
917 5108 1026 5161 ἀπὸ
1065 5100 1246 5181 πάσης
1280 5091 1377 5182 iis;
1409 5112 1664 5181 κτίσεως,
1720 5118 1781 5171 σὲ
1812 5121 1911 5192 τὴν

353 5191 513 5260 ἁγίαν
538 5194 632 5247 καὶ
655 5194 989 5266 παγκόσμιον
1011 5198 1320 5253 ἐκλέλεκται
1338 5216 1352 5231 ⁸
1378 5202 1472 5255 καὶ
1493 5203 1579 5257 διὰ
1626 5207 1725 5277 τῆς
1756 5191 1918 5279 ἀγίάς

354 5284 448 5339 καὶ
467 5285 640 5357 ἀγνῆς
658 5325 673 5351 ,
701 5287 796 5341 καὶ
825 5287 1066 5359 καθαρᾶς
1085 5329 1100 5354 ,
1125 5292 1219 5345 καὶ
1242 5293 1503 5363 ἀμιάντου
1530 5312 1622 5350 σου
1648 5301 1916 5373 γαστρὸς,

349 5378 381 5430 ὁ
421 5377 741 5447 φωτιστικδς
785 5381 1127 5453 μαργαρίτης
1170 5385 1493 5456 προέρχεται
1532 5389 1611 5451 εἰς
1644 5372 1915 5461 σωτηρίαν

351 5469 532 5540 πάσης
570 5470 671 5541 τῆς
706 5472 1057 5543 οἰκουμένης·
1087 5474 1298 5547 ,ἐπειδὴ
1345 5478 1523 5549 πάσης
1572 5480 1918 5558 ἀνθρωπίνης

352 5559 565 5650 φύσεως
749 5563 1034 5635 κτίσεως),
1064 5566 1157 5618 καὶ
1194 5566 1259 5619 σὺ
1297 5570 1329 5638 ἡ
1372 5570 1501 5638 ἁγία
1522 5573 1914 5650 ,νὲνδοξοτέρα,

352 5648 445 5702 και
466 5649 843 5738 καθαρωτέρα,
875 5654 970 5709 καὶ
996 5653 1260 5725 ὁσιωτέρα
1295 5657 1649 5729 γεγέννησαι*
1682 5648 1921 5738 λαμπρο-

354 5739 514 5810 τέραν
548 5732 646 5813 μὲν
672 5743 813 5816 ὑπὲρ
850 5743 1001 5816 χιόνα
1034 5743 1379 5826 ἔχουσαιτὴν·
1407 5745 1675 5816 διάνοιαν,
1719 5732 1919 5819 παντὸς

2020 4750 2076 4797 et
2113 4742 2247 4799 dicit
2273 4762 2287 4799 :
2321 4742 2404 4797 Ne
2436 4746 2621 4799 timeas
2643 4744 2742 4817 [αι.
2770 4747 3026 4817 gaudium
3058 4749 3385 4806 indivisibile
3416 4752 3464 4806 ei
3489 4767 3587 4807 an-

2018 4838 2254 4905 nuntiat,
2289 4852 2354 4892 ac
2378 4837 2510 4893 dicit
2560 4853 2575 4890 :
2638 4837 2720 4892 Ne
2766 4839 2993 4912 timeas],
3054 4840 3233 4896 Maria
3277 4860 3297 4899 :
3345 4845 3586 4900 invenisti

2018 4930 2156 4983 enim
2189 4931 2415 5001 gratiam
2442 4931 2583 5001 apud
2614 4931 2781 4985 Deum
2798 4932 2839 4987 ⁸.
2864 4931 3043 4989 Habes
3070 4935 3285 4992 brevem
3314 4937 3581 4994 dictorum

2020 5020 2559 5078 demonstrationem.
2587 5022 2703 5078 Non
2750 5025 2926 5080 solum
2958 5028 3103 5082 enim
3139 5028 3232 5083 tibi
3273 5030 3416 5100 quod
3448 5032 3580 5087 nihil

2020 5112 2322 5168 timendum
2347 5122 2452 5180 est,
2481 5115 2573 5171 sed
2604 5124 2657 5171 et
2682 5115 2892 5174 ﬁduciae
2919 5120 3181 5175 rationem
3208 5121 3394 5175 innuo.
3441 5120 3579 5176 Nam

2018 5212 2228 5261 cunctae
2268 5221 2365 5276 per
2393 5222 2481 5262 me
2505 5208 2754 5264 caelestes
2783 5218 3075 5280 potestates
3109 5221 3160 5265 te
3185 5221 3425 5265 sanctam
3457 5209 3580 5266 Vir.

2024 5297 2204 5367 ginem
2249 5297 2487 5354 salutant
2525 5318 2541 5354 :
2583 5299 2715 5370 quin
2750 5310 2805 5355 et
2842 5302 2957 5372 ipse
2995 5301 3291 5356 etelestium
3332 5302 3576 5358 omnium

2022 5396 2350 5457 potestatum
2379 5390 2717 5459 dominator,
2758 5408 2824 5447 ex
2854 5393 3002 5447 omni
3037 5400 3315 5458 creatura,
3362 5401 3413 5452 te
3448 5409 3578 5449 san-

2012 5481 2314 5537 ctissimam
2349 5492 2404 5539 et
2438 5484 2840 5540 ornatissimam
2888 5485 3073 5556 elegit;
3112 5493 3167 5540 et
3194 5500 3288 5555 per
3326 5495 3576 5542 sanctum

2014 5590 2079 5631 ac
2100 5584 2545 5648 castum,purum
2571 5586 2733 5648 atque
2762 5577 3104 5647 impollutum
3129 5587 3370 5632 ventrem
3396 5586 3573 5647 tuum,

2014 5664 2377 5738 fu'lgidissima
2414 5668 2705 5740 margarita
2748 5668 2802 5722 in
2846 5668 3074 5723 salutem
3106 5669 3271 5723 totius
3303 5677 3573 5724 terrarum

2015 5757 2169 5813 orbis
2217 5760 2597 5832 progreditur;
2645 5759 2901 5834 quoniam
2945 5773 2997 5817 et
3046 5768 3099 5816 tu
3154 5771 3372 5829 sancta,
3423 5760 3575 5819 omni

423 5923 441 5954 ⁸
479 5920 611 5980 Luc.
641 5941 680 5996 ι,
704 5925 795 5983 28.
869 5928 892 5961 ⁸
924 5927 1060 5986 Gen.
1092 5946 1174 5987 ιιι.
1253 5914 1273 5963 ³
1307 5931 1499 5989 llCor.
1531 5948 1590 6003 ιι,
1624 5932 1707 5988 lt.
1785 5932 1806 5967 ⁸
1828 5890 2035 6003 Lucri,
2067 5934 2155 5992 50.
