4100 6390
584 485 722 544 1159

1213 481 1273 537 S.
1312 475 1639 537 GREGORII
1677 475 2038 534 THAUMAT.
2079 474 2231 532 OPP.
2273 474 2456 530 PARS
2485 470 2788 526 ALTERA.
2831 499 2902 510 --
2938 466 3168 522 ΒΠΒΙΑ.

3681 469 3809 523 1160

583 607 821 662 humana
851 607 1042 654 natura
1075 594 1186 669 [al.
1216 593 1504 666 creatura]
1535 594 1827 665 gloriosior
1862 609 1926 648 ac
1958 592 2146 663 purior

2251 589 2304 643 δὲ
2330 589 2549 659 χρυσίου
2575 583 2941 665 δοκιμωτὲρου
2978 582 3392 653 κεκαθαρμένον
3417 579 3478 633 τὸ
3510 580 3696 652 σῶμα·
3723 597 3810 650 γα·

582 690 1150 764 sanctiorque'eﬂ‘ecta
1171 704 1234 744 es
1251 706 1265 755 ;
1284 703 1349 743 ac
1376 687 1499 741 nive
1523 686 1743 756 quidem
1773 685 2144 740 candidiorem

580 789 787 845 habens
839 793 1113 848 mentem,
1160 781 1357 850 quovis
1403 787 1583 834 autem
1630 792 1766 833 auro
1795 778 2146 847 quantumvis

579 882 806 952 probato
836 877 1183 961 puriﬁcatum
1232 874 1407 942 magis
1437 887 1672 942 corpus;
1702 880 1944 928 ventrem
1992 881 2143 936 vero,

580 972 795 1043 qualem
827 968 1078 1025 Ezechiel
1106 966 1275 1032 vidit,
1322 973 1377 1020 et
1407 966 1622 1035 qualem
1672 964 1979 1031 recensuit,
2016 963 2146 1017 talia

580 1066 810 1120 dicens:
869 1060 1174 1116 Similitudo
1218 1057 1530 1113 animalium
1573 1072 1727 1127 super
1766 1070 1958 1125 caput,
1996 1057 2148 1125 quasi

581 1156 1054 1225 ﬁrmamentum,“
1076 1150 1226 1222 quasi
1245 1158 1483 1219 aspectus
1502 1146 1741 1218 crystalli
1767 1146 2142 1216 formidabilis,

581 1255 631 1301 et
656 1244 948 1301 similitudo
977 1242 1189 1307 throni,
1219 1255 1377 1310 super
1401 1254 1486 1301 ea,
1506 1239 1660 1309 quasi
1680 1246 1922 1308 aspectus
1951 1237 2145 1307 lapidis

582 1338 857 1409 sapphiri;
890 1346 940 1391 et
967 1351 1123 1406 super
1153 1333 1419 1399 thronum,
1453 1342 1704 1402 tanquam
1734 1331 2028 1386 similitudo
2060 1330 2149 1384 ho-

585 1432 772 1495 minis,
796 1439 846 1485 et
877 1429 1032 1500 quasi
1063 1436 1302 1498 aspectus
1339 1424 1560 1487 electri;
1587 1432 1636 1477 et
1664 1423 1978 1477 intrinsecus
2007 1421 2144 1492 ejus,

584 1522 718 1577 velut
750 1531 988 1591 aspectus
1018 1520 1186 1590 ignis,
1231 1533 1331 1587 per
1351 1516 1632 1570 circuitum
1648 1515 1691 1570 ⁵.
1721 1512 2012 1582 Perspicua
2043 1512 2146 1584 igi-

583 1624 673 1669 tur
696 1613 957 1687 propheta
1001 1620 1189 1665 natum
1223 1626 1293 1664 ex
1342 1607 1686 1663 sanctissima
1720 1604 1969 1676 Virgine,
2003 1604 2057 1660 in
2091 1604 2151 1658 ﬁ-

583 1721 716 1776 gura
747 1720 811 1759 ac
836 1704 1028 1757 umbra
1052 1701 1306 1757 cernebat
1331 1715 1344 1750 :
1370 1712 1529 1769 quem
1554 1705 1632 1762 tu,
1649 1704 1832 1752 sancta
1860 1694 2021 1766 Virgo
2047 1694 2144 1766 [αι.

582 1798 738 1854 beata
767 1793 949 1866 Virgo]
978 1802 1200 1865 portare
1242 1807 1351 1846 non
1385 1804 1574 1861 posses
1595 1829 1612 1855 ,
1647 1788 1753 1844 nisi
1796 1789 1947 1845 omni
1978 1788 2148 1858 gloria

2247 683 2411 754 στέρα
2452 681 2542 743 δὲ,
2593 680 2708 732 οίαν
2746 679 2775 730 6
2814 676 3073 747 Ἰεζεκιὴλ
3117 674 3403 737 ἐθεάσατο,
3437 673 3530 727 καὶ
3570 673 3722 727 ποίαν
3758 675 3809 728 δὲ

2247 769 2525 843 ζστόρησεν
2550 807 2564 831 ,
2614 764 2789 819 τοιάδε
2822 763 3023 830 λέγων’
3063 762 3342 832 Ὀμοίωμα
3372 760 3527 823 ζώων
3546 763 3693 832 ὑπὲρ
3722 780 3809 817 κε-

2245 858 2476 931 φαλῆς,
2510 858 2651 914 ὡσεί
2686 856 3009 929 στερέωμα,
3044 856 3140 910 καί
3168 856 3250 922 ὡς
3291 854 3499 923 ὅρασις
3524 854 3810 922 κρυστάλ-

2244 956 2358 1007 λου
2396 950 2668 1022 φοϐεροῦ,
2698 950 2795 1004 καὶ
2845 949 3104 1018 ὁμοίωμα
3135 947 3350 1016 θρόνου
3377 947 3469 1000 ἐπ’
3501 945 3810 1015 αὑτῶν,ὠς

2247 1038 2458 1107 ὅρασις
2483 1040 2656 1093 λίθου
2685 1038 3021 1107 σαπεοείρου
3041 1052 3054 1066 '
3085 1036 3183 1089 καί
3213 1034 3413 1090 ἐπάνω
3445 1035 3552 1091 τοῦ
3581 1038 3808 1104 θρόνου,

2246 1130 2326 1197 ὡς
2360 1130 2617 1199 ὁμοίωμα
2648 1127 2982 1196 ἀνθρώπου,
3017 1128 3115 1181 καί
3145 1127 3225 1193 ὡς
3257 1127 3464 1195 ὅρασις
3488 1126 3772 1196 ἠλέκτρου
3792 1145 3806 1158 ·

2247 1220 2343 1274 καὶ
2368 1220 2591 1275 ἔσωθεν
2621 1220 2829 1284 αὐτοῦ,
2861 1217 3175 1293 ὡς’ὄρασις
3205 1216 3430 1286 πυρὸς,
3461 1218 3682 1285 κύκλῳ.
3715 1218 3812 1270 Σα-
3856 1284 3859 1285 ν

2210 1364 2213 1369 η
2248 1311 2363 1382 φῶς
2392 1312 2449 1366 δὲ
2477 1312 2567 1365 τὸν
2601 1312 2665 1365 ὲκ
2696 1312 2793 1382 τῆς
2824 1310 2984 1381 ἁγίας
3019 1308 3295 1380 Παρθένου
3323 1307 3583 1381 τεχθέντα
3614 1310 3643 1362 6
3682 1327 3811 1382 προ-

2248 1407 2423 1479 φήτης
2447 1404 2688 1469 τυπικῶς
2714 1404 2998 1458 ὲθεάσατο’
3030 1402 3089 1456 ὃν
3118 1402 3204 1468 σὺ,
3234 1402 3368 1471 ἀγία
3404 1401 3652 1474 Παρθένε

2249 1498 2494 1571 μακαρία
2520 1496 2787 1569 Παρθένε]
2808 1535 2823 1561 ,
2864 1496 3048 1568 φέρειν
3074 1495 3174 1549 οὐκ
3208 1494 3423 1565 ῐσχυες,
3448 1496 3497 1547 εἰ
3534 1494 3610 1567 μὴ
3642 1497 3815 1567 πάσης

2246 1592 2435 1663 δόξης,
2459 1591 2552 1646 καὶ
2579 1589 2781 1662 ἀρετῆς
2811 1588 2953 1643 κατά
2981 1587 3073 1642 τὸν
3105 1588 3296 1660 χρόνον
3330 1589 3535 1642 ἐκεῖνον
3729 1586 3814 1644 τὸν

2249 1682 2438 1755 θρόνον
2469 1679 2702 1755 ἐκείνου]
2749 1681 3141 1753 ὲξήστραπτες.
3183 1679 3363 1755 Ποίοις
3401 1675 3494 1734 οὖν
3530 1679 3816 1751 ἐγκωμίων

2251 1777 2458 1847 ῥήμασι
2486 1775 2586 1845 τὴν
2630 1772 2964 1845 παρθενικὴν
2994 1770 3379 1843 διαγράφωμεν
3416 1770 3609 1837 ἀξίαν;
3644 1771 3817 1835 Ποίοις

583 1851 748 1958 atque
770 1851 1094 1955 viriuiri-pro
1119 1894 1364 1953 tempore
1385 1851 1484 1938 illo
1515 1851 1810 1953 refulgeres
1829 1879 1925 1953 [aL
1956 1851 2147 1936 contra

2251 1865 2486 1919 ἐπαίνων
2505 1864 2734 1936 νεύμασι
2767 1866 2862 1919 καὶ
2884 1852 3200 1936 κηρύγμασι
3224 1863 3315 1917 τὸν
3338 1862 3563 1918 ἄσπιλον
3590 1851 3819 1935 ἀνυμνη-
3846 1882 3849 1883 ν

585 1981 785 2036 throno
817 1978 994 2049 ipsius
1027 1974 1367 2046 coruscares]
1386 2015 1399 2028 .
1446 1973 1656 2041 Quibus
1687 1974 1851 2044 igitur
1875 1975 2151 2029 encomio-

2253 1970 2436 2025 σωμεν
2475 1952 2826 2026 χαρακτῆρας
2874 1952 3064 2018 Ποίαις
3098 1954 3491 2023 πνευματικαῖς
3528 1952 3817 2025 ὑμνῳδίαις

581 2084 707 2127 rum
774 2066 952 2122 verbis
1000 2065 1319 2136 dignitatem
1372 2064 1689 2134 virginalem
1734 2063 2152 2118 describamus?

583 2157 793 2227 Quibus
844 2156 1066 2211 laudum
1122 2155 1612 2226 signiﬁcationibus
1661 2163 1825 2225 atque
1891 2144 2155 2225 praeconii

582 2246 986 2306 immaculatum
1013 2247 1134 2318 ejus
1154 2246 1387 2302 formam
1414 2246 1791 2303 celebremus?
1812 2247 2013 2317 quibus
2040 2246 2151 2317 spi-

586 2342 833 2399 ritalibus
846 2340 1076 2396 canticis
1098 2348 1262 2410 atque
1276 2339 1680 2395 elocutionibus
1696 2339 2149 2411 gloriosissimam

585 2434 726 2490 inter
744 2435 965 2505 angelos
987 2433 1386 2504 gloriﬁcamus?
1414 2431 1562 2498 Haec,
1589 2434 1644 2487 in
1670 2433 1832 2488 domo
1858 2433 1952 2488 Dei
1978 2433 2150 2488 instar
2190 2486 2193 2487 ν

584 2525 877 2582 fructiferae
904 2525 1059 2581 olivae
1083 2526 1355 2596 plantata,
1389 2526 1476 2582 cui
1510 2524 1755 2596 Spiritus
1798 2534 2024 2580 sanctus
2060 2525 2154 2580 ob-

582 2621 885 2687 umbravit;
937 2635 1033 2690 per
1080 2633 1242 2689 quam
1292 2635 1390 2675 nos
1436 2619 1573 2674 ﬁlios
1611 2629 1665 2673 et
1711 2617 1949 2673 haeredes
1997 2618 2151 2688 regni

581 2712 787 2768 Christi
809 2713 1042 2768 vocavit.
1078 2710 1204 2767 Haec
1261 2724 1474 2780 semper
1503 2709 1692 2779 vigens
1727 2707 2151 2764 immortalitatis

586 2806 872 2876 paradisus
895 2845 911 2872 ,
957 2805 1014 2860 in
1040 2820 1147 2876 qua
1185 2804 1394 2878 lignum
1436 2805 1561 2859 vitae
1605 2804 1910 2874 plantatum
1938 2804 2151 2860 cunctis

586 2897 1010 2955 immortalitatis
1057 2895 1269 2952 fructus
1316 2894 1415 2968 [αι.
1447 2896 1982 2966 incorruptibilitatis
2027 2895 2148 2951 fru-

586 2986 769 3060 ctum]
800 2989 1127 3059 suppeditat.
1162 2987 1288 3045 Haac
1327 2989 1597 3061 virginum
1626 2988 1913 3061 gloriatio,
1939 2996 1996 3044 et
2028 3003 2151 3044 ma-

587 3113 734 3161 trum
769 3106 1040 3178 jubilatio.
1083 3104 1209 3162 Haec
1244 3107 1585 3162 credentium
1628 3106 2068 3170 ﬁrmamentum,
2097 3113 2160 3162 et

586 3197 801 3268 piorum
839 3198 1142 3268 perfectum
1173 3199 1501 3268 exemplum.
1535 3195 1659 3253 Haec
1696 3198 1837 3253 lucis
1864 3197 2152 3253 indumen-

585 3299 701 3344 tum
725 3329 742 3356 ,
781 3297 836 3345 et
867 3290 1087 3346 virtutis
1133 3289 1249 3362 [aL
1284 3288 1561 3361 veritatis]
1610 3289 1972 3345 domicilium.
2024 3287 2152 3345 Haec
2177 3294 2220 3351 C

586 3382 712 3438 fons
754 3383 1043 3454 perennis,
1068 3383 1136 3437 in
1168 3398 1278 3453 quo
1326 3398 1469 3453 aqua
1517 3382 1638 3436 viva
1682 3382 1963 3437 scaturivit
1990 3393 2152 3450 atque

586 3474 846 3547 produxit
885 3474 1102 3531 Domini
1153 3474 1211 3530 in
1238 3489 1402 3530 carne
1436 3473 1750 3529 adventum.
1776 3470 1906 3528 Haec
1926 3472 2153 3543 iustitia:

589 3565 1023 3633 munimentum;
1050 3573 1103 3621 et
1135 3565 1448 3637 quicunque
1475 3565 1595 3635 ejus
1614 3606 1631 3631 ,
1663 3580 1729 3620 ac
1760 3564 2040 3635 virginalis
2064 3565 2152 3618 in-

587 3656 881 3727 genuitatis
916 3656 1280 3728 puritatisque
1319 3665 1592 3712 amatores
1646 3655 1881 3724 fuerint,
1910 3656 2152 3726 angelica

589 3748 761 3819 gratia
814 3747 1183 3818 perfruentur.
1232 3747 1560 3817 Quicunque
1606 3762 1639 3801 a
1702 3749 1826 3801 vino
1873 3747 2153 3802 ebrietatis

591 3836 689 3910 [ιιι.
736 3853 768 3893 a
794 3839 922 3892 vino
952 3846 1006 3893 et
1038 3834 1324 3908 ebrietate]
1352 3845 1406 3891 et
1437 3837 1612 3891 sicera
1651 3834 1945 3904 voluptatis
1980 3833 2151 3888 absti-

588 3930 843 3997 nuerint,
876 3944 944 3986 ex
973 3930 1246 4002 genimine
1266 3928 1494 3984 viviﬁcae
1531 3925 1884 3998 plantationis
1912 3925 2153 3980 laetiﬁca-

586 4024 811 4081 buntur.
840 4021 1162 4094 Quicunque
1193 4022 1518 4093 virginitatis
1542 4018 1847 4090 lampadem
1890 4017 2155 4074 inexstiu-

587 4125 729 4173 ctam
757 4116 1219 4182 conservaverint,
1252 4114 1694 4171 immarcessibili
1727 4111 2153 4169 immortalitatis

587 4210 823 4265 corona“
877 4209 1310 4265 exornabuutur.
1362 4206 1686 4279 Quicunque
1748 4207 2153 4262 immaculatam

587 4301 956 4371 temperantiae
1010 4316 1076 4355 ac
1115 4300 1389 4371 pudicitiae
1425 4308 1634 4356 vestem
1684 4300 2149 4370 comparaverint,

587 4392 818 4463 mystico
853 4391 1079 4461 iustitiae
1126 4392 1365 4447 thalamo
1404 4392 1765 4462 excipientur.
1827 4391 2154 4463 Quicunque

590 4486 815 4556 propius
877 4484 946 4540 ad
1012 4484 1313 4555 angelicum
1340 4485 1567 4556 gradum
1608 4485 1980 4551 accesserint,
2023 4499 2152 4555 per-

589 4577 786 4633 fectius
814 4592 1028 4646 quoque
1055 4576 1263 4631 deliciis
1293 4577 1585 4632 Dominicaa
1619 4576 1974 4632 beatitudinis
2025 4576 2151 4630 reli-

590 4670 820 4725 cientur.
858 4667 1179 4738 Quicunque
1216 4669 1543 4739 pellucidum
1583 4670 1779 4725 mentis
1810 4669 2024 4733 oleum,
2085 4660 2150 4724 ac

577 4800 788 4859 purum
838 4783 1186 4840 conscientia:
1234 4782 1532 4854 thymiama
1584 4783 1953 4854 possederint,
2022 4784 2152 4839 boni

590 4873 849 4946 spiritalis
876 4872 1059 4929 odoris
1090 4872 1502 4944 adoptionisque
1520 4873 1614 4946 [αί.
1637 4884 1690 4929 et
1712 4875 2020 4944 adoptionis
2041 4876 2150 4945 spi-

591 4964 788 5038 ritalis]
820 4964 1235 5036 promissionem
1264 4975 1685 5036 consequentur.
1718 4965 2044 5037 Quicunque
2067 4967 2145 5022 di-

589 5075 692 5133 gne
733 5058 825 5113 Dei
864 5057 1141 5129 genitricis
1165 5058 1402 5128 Virginis
1433 5057 1620 5113 Maria:
1665 5058 2150 5113 Annuntiationem

587 5152 1008 5218 celebraverint,
1050 5151 1349 5221 pleniorem
1378 5150 1540 5206 etiam
1571 5151 1829 5222 angelicae
1863 5149 2148 5206 salutatio-

589 5246 675 5300 nis
715 5245 893 5308 illius,
943 5244 1069 5310 Ave,
1115 5244 1290 5315 gratia
1315 5242 1494 5314 plena,
1544 5242 1849 5297 mercedem
1890 5241 2146 5298 relerent.

587 5335 813 5406 Oportet
863 5334 1025 5407 igitur
1077 5350 1181 5391 nos
1234 5334 1374 5389 hanc
1427 5332 1773 5389 festivitatem
1834 5333 2148 5399 celebrare,

588 5429 844 5500 quoniam
890 5426 1085 5500 gaudio
1125 5435 1290 5497 atque
1335 5425 1519 5481 laetitia
1567 5433 1824 5481 cunctum
1878 5435 2150 5481 terrarum

592 5521 814 5592 replevit
852 5522 1059 5577 orbem.
1133 5520 1484 5577 Celebremus
1537 5520 1704 5590 igitur
1751 5534 1854 5577 nos
1915 5536 2035 5576 eam
2089 5521 2149 5575 in

593 5612 813 5682 psalmis
832 5622 887 5667 et
911 5612 1146 5683 hymnis,
1174 5628 1238 5668 ac
1268 5613 1496 5669 canticis
1519 5612 1878 5683 spiritalibus.
1901 5612 2149 5670 Celebra-

592 5705 666 5759 vit
690 5703 819 5759 olim
846 5714 899 5760 et
921 5704 1085 5762 Israel
1111 5714 1201 5761 :at
1221 5706 1277 5761 in
1296 5707 1524 5779 azymis,
1549 5714 1603 5760 et
1629 5705 1814 5760 herbis
1843 5707 2064 5775 amaris,
2080 5706 2148 5763 de

592 5796 791 5869 quibus
809 5797 885 5852 ait
898 5798 1154 5869 propheta
1175 5817 1188 5853 :
1228 5797 1536 5856 Convertam
1558 5798 1892 5869 festivitatem
1912 5801 2145 5870 ipsorum

659 5973 682 6004 ⁸
712 5969 908 6026 Ezech.
933 5987 973 6040 ι,
998 5971 1094 6041 2‘3,
1123 5973 1213 6039 26,
1246 5975 1337 6030 27.
1414 5976 1435 6009 '
1460 5975 1482 6032 Ι
1510 5976 1655 6035 Petr.
1690 5995 1743 6048 v,
1772 5980 1825 6034 4.

2179 4636 2228 4692 D

2250 2044 2345 2098 καὶ
2371 2044 2545 2111 λέξεσι
2575 2043 2882 2115 δοξάσωμεν
2917 2043 3015 2116 τὴν
3055 2042 3403 2114 ὑπερένδοξον
3445 2046 3501 2097 ὲν
3534 2044 3814 2114 ἀγγέλοιςς

2249 2136 2397 2206 Αὕτη
2430 2137 2487 2190 ὲν
2519 2135 2596 2207 τῷ
2628 2137 2761 2208 οἴκῳ
2788 2136 2880 2190 τοῦ
2907 2135 3043 2190 Θεοῦ
3082 2137 3500 2208 πεφυτευμένη,
3552 2137 3631 2201 ὡς
3660 2138 3819 2191 κατα-

2250 2245 2461 2299 καρπος
2493 2227 2647 2280 ἐλαία
2667 2268 2684 2293 ,
2719 2230 2776 2281 ἐν
2897 2228 2958 2281 τὸ
3001 2227 3224 2300 Πνεῦμα
3254 2227 3315 2281 τὸ
3347 2227 3499 2296 ἅγιον
3531 2228 3819 2281 ἑπεσκίασε
3916 2274 3925 2279 .

2252 2316 2374 2390 [ἄλ.
2410 2317 2770 2390 ἐπισκιάζει]’
2802 2319 2868 2372 δι’
2887 2314 2954 2390 ἧς
2987 2319 3134 2382 υἱοὺς
3162 2318 3254 2372 καὶ
3284 2318 3654 2392 κληρονόμους
3679 2320 3820 2390 ἡμᾶς

2250 2408 2513 2478 κέκληκεν
2542 2410 2641 2481 τῆς
2672 2408 2767 2462 τοῦ
2795 2407 3031 2480 Χριστοῦ
3069 2407 3363 2478 βασιλείας.
3387 2408 3558 2481 Αὕτη,
3588 2411 3621 2462 ὁ
3642 2410 3820 2463 ἀειθα-
3936 2434 3939 2435 ν

2250 2500 2348 2571 λὴς
2390 2500 2489 2571 τῆς
2535 2499 2842 2571 ἀφθαρσίας
2877 2499 3230 2571 παράδεισος⁸
3279 2502 3337 2554 ὲν
3380 2495 3416 2575 ᾗ
3459 2501 3520 2554 τὸ
3566 2500 3821 2564 ζωοποιὸν
3862 2516 3887 2545 ἠ

2253 2591 2405 2659 ξύλον
2434 2592 2718 2659 φυτευθὲν,
2760 2594 2870 2655 τοῖς
2897 2593 3061 2645 πᾶσιν
3092 2595 3321 2664 χορηγεῖ
3356 2591 3661 2657 ἀθανασίας
3692 2610 3815 2664 καρ⁶

2252 2647 2386 2744 πούς
2590 2647 2901 2754 ἀφθαρσίας
2932 2647 3190 2753 mpii-6v].
3218 2647 3392 2752 Ἁῦτη,
3448 2647 3732 2753 παρθένων
3761 2647 3820 2735 τὸ
3855 2668 3859 2672 ’
3947 2647 3950 2651 ν

2250 2771 2545 2844 καύχημα,
2581 2773 2827 2844 μητέρων
2866 2773 2928 2825 τὸ
2956 2758 3288 2845 ἀγαλλίαμα.
3327 2772 3511 2846 Αὕτη,
3547 2774 3821 2827 πιστευόν-

2251 2880 2358 2918 των
2383 2866 2683 2937 στήριγμα,
2709 2866 2803 2919 καὶ
2832 2864 3070 2918 εὐσεϐῶν
3092 2864 3439 2938 κατόρθωμα.
3460 2865 3636 2938 Αὕτη,
3654 2864 3821 2936 φωτὸς

2252 2951 2482 3025 ἔνδυμα,
2526 2956 2617 3007 καὶ
2645 2954 2846 3026 ἀρετῆς
3030 2954 3307 3028 ἀληθείας]
3342 2955 3609 3026 ἐφέστιον.
3645 2955 3818 3027 Αὕτη,

2254 3043 2404 3116 πηγὴ
2440 3044 2688 3109 ἀένναος,
2743 3046 2803 3098 ὲν
2849 3039 2967 3118 ᾖτδ
3007 3044 3147 3110 ζωὸν
3195 3045 3339 3118 ὕδωρ
3373 3046 3566 3101 ἓϐλυσε
3602 3049 3705 3121 τὴν
3744 3048 3821 3102 ἓν·

2253 3153 2453 3209 σαρκον
2501 3136 2593 3189 τοῦ
2638 3136 2842 3209 Κυρίου
2890 3136 3209 3208 παρουσίαν.
3267 3138 3448 3210 Αὖτη,
3485 3139 3821 3211 δικαιοσύνης

2253 3230 2532 3302 ὲχύρωμα,
2552 3230 2646 3284 καὶ
2664 3231 2776 3284 ὅσοι
2807 3229 3008 3300 ταύτης
3029 3230 3314 3299 γεγόνασιν
3340 3233 3584 3304 ἐρασταὶ,
3612 3234 3820 3304 καὶτῆς
3907 3247 3911 3252 ’

2253 3324 2586 3395 παρθενικῆς
2616 3323 2785 3395 ἐρῶσι
2816 3325 3169 3397 γνησιότητος
3196 3324 3290 3378 καὶ
3312 3324 3703 3397 καθαρότητος,
3730 3327 3822 3397 τῆς

2252 3414 2549 3485 ἀγγελικῆς
2595 3414 2990 3469 ἀπολαύσονται
3060 3416 3298 3489 χάριτος.
3342 3418 3492 3471 Ὅσοι
3539 3417 3637 3471 τοῦ
3687 3402 3847 3471 οἴνου’
3883 3406 3890 3414 ’

2250 3507 2350 3577 τῆς
2386 3505 2553 3578 μέθης
2755 3508 2897 3561 οἴνου
2938 3508 3032 3561 καὶ
3063 3508 3161 3580 τῆς
3201 3508 3445 3581 μέθης],
3488 3509 3584 3563 καλ⁸
3610 3508 3718 3564 τῶν
3744 3527 3822 3563 σι-

2255 3598 2434 3670 κέρων
2461 3599 2758 3670 ἀπέχονται
2801 3600 2898 3671 τῆς
2937 3600 3300 3671 ἡδυπαθείας,
3336 3603 3400 3655 ἐκ
3431 3602 3525 3656 τοῦ
3557 3584 3824 3676 γεννήμα-

2252 3710 2344 3757 τος
2373 3693 2836 3765 εὐφρανθήσονται
2862 3693 2960 3764 τῆς
2980 3692 3262 3767 ζωηφόρου
3288 3694 3533 3766 φυτείας.
3560 3696 3714 3750 Ὅσοι
3732 3697 3823 3765 τὴν

2253 3785 2507 3857 λαμπάδα
2546 3785 2806 3840 ἄσϐεστον
2849 3784 3177 3857 διετήρησαν
3212 3786 3311 3857 τῆς
3357 3785 3692 3858 παρθενίας,
3739 3786 3823 3841 τὸν

2253 3877 2616 3950 ἀμαράντινον
2665 3877 2926 3947 στέφανον
2968 3877 3321 3948 ἀναδήσόνται
3353 3880 3451 3950 τῆς
3499 3878 3821 3950 ἀφθαρσίας.

2256 3973 2407 4026 Ὅσοι
2442 3971 2533 4026 τὸν
2587 3971 2684 4042 τῆς
2730 3971 3085 4045 σωφροσύνης
3122 3973 3346 4027 ἄσπιλον
3380 3976 3857 4045 περιεποιήσαντο-

2253 4062 2453 4135 χιτῶνα
2476 4104 2490 4128 ,
2527 4066 2606 4129 είς
2636 4063 2724 4117 τὸν
2754 4065 3013 4135 μυστικὸν
3044 4065 3145 4135 τῆς
3186 4050 3531 4135 δικαιοσύνης
3577 4065 3823 4139 παραλη-

2257 4153 2552 4227 φθήσονται
2599 4156 2880 4227 νυμφῶνα.
2924 4155 3235 4211 Ὅσοι-τοῦθ
3280 4157 3573 4231 ἀγγελικοῦ
3620 4157 3822 4230 βαθμοῦ

2254 4244 2632 4317 πλησιαίτεροι
2682 4245 2977 4315 γεγόνασι,
3029 4247 3404 4322 γνησιαίτερον
3443 4247 3538 4302 τοῦ
3583 4249 3824 4303 δεσποτι-

2253 4336 2350 4391 κοῦ
2380 4340 2856 4409 κατατρυφήσουσι
2897 4338 3267 4411 μακαρισμοῦ.
3303 4341 3455 4394 Ὅσοι
3487 4339 3546 4393 τὺ
3572 4356 3823 4409 φωτιστι-

2253 4430 2347 4497 κον
2381 4427 2556 4483 ἔλαιον
2580 4429 2678 4500 τῆς
2706 4429 2962 4496 διανοίας,
2995 4431 3088 4484 καὶ
3119 4429 3179 4483 τὺ
3204 4431 3444 4504 καθαρὸν
3472 4430 3568 4485 τοῦ
3601 4431 3825 4485 συνειδο-

2253 4536 2344 4585 τος
2378 4520 2626 4592 θυμίαμα
2656 4522 2978 4593 κέκτηνται,
3009 4523 3107 4595 τῆς
3138 4523 3366 4589 εὐωδίας
3402 4526 3503 4597 τῆς
3527 4543 3820 4597 πνευματι-

2253 4608 2356 4679 κῆς
2379 4649 2394 4674 ,
2417 4609 2513 4662 καί¹
2531 4609 2630 4680 τῆς
2655 4609 2924 4674 υἱοθεσίας
3111 4614 3486 4684 πνευματικῆς
3517 4612 3822 4685 υίοθεσίας]

2254 4695 2722 4768 κληρονομήσουσι
2798 4698 2896 4769 τὴν
2941 4701 3288 4769 ἐπαγγελίαν.
3324 4703 3476 4757 Ὅσοι
3523 4703 3692 4771 ἀξίως
3738 4703 3821 4757 τὸν

2254 4787 2659 4860 Εὐαγγελισμόν
2696 4792 3010 4864 ἑορτάζουσι
3063 4796 3161 4867 τῆς
3226 4796 3476 4852 θεοτόκου
3545 4800 3821 4873 Παρθένου

2251 4883 2503 4955 Μαρίας,
2549 4887 2923 4960 γνησιαίτερον
2960 4890 3059 4960 τῆς
3100 4889 3394 4959 ἀγγελίας,
3459 4892 3587 4956 τοῦ,
3626 4893 3819 4962 Xaips,

2252 4975 2721 5045 κεχαριτωμένη,
2757 4978 3072 5050 κομίζονται
3116 4979 3558 5051 μισθαποδοσίαν.
3605 4985 3696 5035 Δεῖ
3735 4979 3824 5036 οὖν

2252 5067 2399 5137 ἡμᾶς
2422 5065 2519 5138 τὴν
2550 5069 2740 5141 ἑορτὴν
2762 5070 2967 5142 ταύτην
2994 5071 3292 5144 ἑορτάζειν,
3321 5073 3507 5146 ἐπειδὴ
3533 5077 3707 5147 χαρᾶς
3733 5074 3826 5128 καὶ

2255 5159 2595 5233 εὐφροσύνης
2612 5163 2791 5216 πᾶσαν
2804 5162 2898 5233 τὴν
2914 5164 3059 5216 οἰκου
3069 5163 3234 5236 μένην
3251 5161 3388 5237 ὲπλή
3397 5183 3586 5235 ρωσεν.
3608 5165 3824 5238 Ἑορτά-

2257 5244 2436 5319 ζωμεν
2457 5247 2514 5302 δὲ
2537 5252 2698 5322 ἡμεῖς
2713 5251 2770 5303 ὲν
2790 5250 3023 5321 ψαλμοῖς
3045 5253 3138 5306 καὶ
3164 5252 3374 5324 ὖμνοις,
3394 5253 3486 5306 καὶ
3501 5253 3663 5323 ᾠδαῖς
3676 5267 3825 5305 πνευ-

2259 5343 2533 5411 ματικαῖς.
2567 5341 2852 5413 Ἑόρταζεν
2881 5342 3011 5396 ποτὲ
3060 5343 3153 5398 καὶ
3195 5343 3407 5415 Ἰσραὴλ
3427 5383 3442 5408 ,
3477 5343 3671 5397 ἀλλ’·ὲν
3703 5340 3823 5406 ἀζύ-

2259 5449 2415 5511 μοις,
2474 5435 2569 5487 καὶ
2618 5433 2863 5505 ιτιικρίσι⁸
2928 5436 3056 5507 περὶ
3103 5428 3179 5492 ὧν
3225 5437 3253 5488 ὁ
3306 5438 3588 5507 προφήτης
3639 5434 3815 5501 λέγει·

2256 5524 2659 5595 Μεταστρέψω
2683 5526 2790 5593 τὰς
2810 5526 3017 5594 ἑορτὰς
3033 5528 3231 5582 αὐτῶν
3253 5530 3339 5596 είς
3364 5528 3565 5593 λύπας
3581 5567 3595 5591 ,
3613 5526 3710 5579 καὶ
3738 5526 3821 5591 είς

2254 5615 2491 5685 πένθος,
2519 5617 2615 5671 καί
2640 5617 2753 5686 τὴν
2782 5618 3089 5688 χαρμονὴν
3116 5618 3314 5674 αὐτῶν
3349 5623 3435 5687 είς
3472 5619 3815 5689 κατήφειαν.

2254 5708 2365 5773 Τὰς
2388 5710 2445 5763 δὲ
2465 5709 2737 5782 ἡμετέρας
2761 5710 2934 5776 λύπας
2959 5713 2986 5765 6
3008 5710 3209 5783 Κύριος
3236 5712 3411 5784 ἡμῶν,
3442 5711 3531 5767 διὰ
3561 5710 3666 5764 τῶν
3696 5725 3823 5779 καρ-

2255 5800 2369 5858 πῶν
2400 5803 2498 5874 τῆς
2545 5802 2977 5873 μετανοίας,·είς
3021 5805 3195 5876 χαρὰν
3238 5804 3603 5877 μεταστρέψαι
3643 5800 3818 5856 διεδε-
