4100 6374
370 483 498 538 μοι

1252 481 1536 538 HOMILIA
1573 482 1617 538 ll
1650 482 1720 537 1N
1754 480 2177 539 ANNUNTIAT.
2224 481 2403 538 VlRG.
2448 483 2739 541 MARIJE.’

3478 496 3615 552 H62

366 606 655 662 ϐαιώσατο.
701 602 859 677 Εἷχεν
902 606 997 677 μὲν
1029 604 1125 659 καὶ
1165 605 1199 676 ή
1230 605 1418 678 πρώτη
1450 606 1683 679 διαθήκη
1717 604 1919 659 δικαιόν

2038 605 2091 658 in
2114 605 2321 659 dolores
2343 616 2390 659 et
2408 606 2628 669 luctum,
2647 617 2697 661 et
2718 607 2963 663 laetitiam
2987 626 3170 665 eorum
3192 614 3247 668 in
3272 616 3548 671 tristitiam
3570 621 3613 685 ⁷,

368 716 512 771 ματα
550 697 824 770 λατρείας,
871 697 946 761 ὡς
993 696 1085 750 ἐπὶ
1126 696 1219 750 τοῦ
1262 698 1603 771 προπάτορος
1661 693 1931 769 Ἀϐραὰμ,

365 791 478 845 ἀλλ’
523 780 584 846 ἐν
622 792 804 855 πόνοις
854 791 1115 863 σαρκίνης
1160 790 1451 860 ἀλγηδόνος
1492 791 1579 846 διὰ
1609 793 1931 864 περιτομῆς,

366 881 525 953 μέχρι
538 881 741 953 χρόνων
756 898 818 933 συ
825 881 973 952 μπλη
982 879 1215 952 ρώσεως.
1233 880 1410 951 Νόμος
1422 880 1648 943 ἐκείνοις
1668 880 1753 934 διά
1777 882 1934 936 Μωῦ·

364 975 499 1037 σέως
531 977 610 1038 εἰς
659 974 903 1027 παιδείαν
951 972 1141 1045 ἐδόθη’
1190 976 1322 1045 ἡμῖν
1366 972 1421 1026 δὲ
1461 975 1493 1044 ἡ
1540 974 1717 1046 χάρις,
1762 976 1856 1029 καί⁵
1895 977 1929 1046 η

361 1067 587 1138 ἀλήθεια
615 1066 701 1121 διά
730 1065 904 1137 Ἰησοῦ
933 1065 1168 1138 Χριστοῦ
1193 1064 1488 1137 δεδώρηται
1670 1066 1928 1140 ἐγένετο].

362 1160 583 1212 Πάντων
616 1160 746 1231 ἡμῖν
770 1158 877 1212 τῶν
910 1157 1128 1226 ἀγαθῶν
1154 1157 1294 1230 ἀρχὴ
1326 1158 1548 1226 γέγονεν
1575 1159 1604 1211 6
1630 1155 1930 1226 Εὐαγγελι-

363 1248 496 1321 σμὸς
524 1250 622 1321 τῆς
647 1247 1091 1319 κεχαριτωμένης
1117 1246 1354 1318 Μαρίας,
1387 1248 1420 1317 ἡ
1446 1245 1817 1319 πολυύμνητος
1836 1246 1929 1301 τοῦ

358 1339 611 1411 Σωτῆρος
637 1338 937 1410 οἰκονομία,
973 1339 1007 1409 ἡ
1038 1337 1217 1401 ἔνθεος
1246 1337 1411 1392 αὐτοῦ
1440 1338 1535 1391 καὶ
1562 1338 1931 1410 ὑπερκόσμιος

358 1428 692 1507 διδασκαλία.
737 1429 1012 1483 Ἐντεῦθεν
1050 1430 1180 1501 ἡμῖν
1213 1428 1591 1511 ἀνατέλλουσιν
1619 1429 1712 1484 τοῦ
1741 1431 1929 1503 νοεροῦ

360 1524 537 1592 φωτὸς
586 1524 643 1575 αἰ
690 1524 924 1587 ἀκτῖνες.
968 1522 1243 1577 Ἐντεῦθεν
1292 1524 1649 1595 ἀναϐρύουσιν
1700 1528 1831 1597 ἡμῖν
1873 1528 1928 1581 αἰ

360 1615 533 1685 πηγαὶ
554 1615 653 1686 τῆς
685 1616 895 1685 σοφίας,
922 1614 1014 1669 καὶ
1040 1614 1139 1685 τῆς
1164 1614 1479 1680 ἀθανασίας,
1508 1615 1673 1688 διειδῆ
1703 1617 1797 1672 καὶ
1832 1635 1931 1671 κα-

356 1705 499 1778 θαρά
523 1707 808 1777 ἐκχέουσαι
836 1706 934 1776 τῆς
958 1706 1237 1770 εὐσεϐείας
1266 1692 1332 1760 τά
1363 1707 1598 1778 νάματα.
1646 1708 1929 1765 Ἐντεῦθεν

357 1800 488 1870 ἡμῖν
520 1798 1001 1869 ἀπαστράπτουσιν
1048 1798 1097 1851 οἰ
1140 1797 1402 1871 θησαυροὶ
1440 1799 1541 1869 τῆς
1580 1799 1925 1869 θεογνωσίας.

356 1894 477 1964 Ζωὴ
514 1891 623 1965 γὰρ
654 1891 793 1964 αῦτη
835 1893 984 1947 ἐστὶν
1026 1892 1259 1957 αἰώνιος,
1308 1894 1393 1948 ἵνα
1435 1892 1793 1966 γινώσκωμεν
1835 1896 1926 1949 τὸν

356 1981 605 2056 ἀληθινὸν
649 1982 799 2046 Θεὸν,
844 1983 938 2037 καὶ
977 1982 1036 2036 ὂν
1082 1982 1395 2037 ἀπέστειλεν
1430 1981 1637 2056 Ἰησοῦν
1666 1984 1921 2057 Χριστόν.

355 2075 465 2128 Καὶ
508 2073 704 2127 πάλιν
762 2074 1048 2145 Ἐρευνᾶτε
1088 2074 1188 2137 τάς
1224 2074 1467 2145 Γραφάς,
1514 2077 1594 2130 ὅτι
1639 2077 1698 2129 ἐν
1738 2077 1928 2141 αὑταῖς

352 2167 614 2238 εὑρήσετε
640 2165 809 2239 Δζωὴν
850 2164 1067 2220 αἰώνιον
1114 2164 1235 2238 [ἄλ.
1282 2166 1487 2220 δοκεῖτε
1526 2165 1671 2239 ζωὴν
1712 2165 1929 2222 αἰώνιον

260 2237 271 2247 ’
310 2249 321 2255 ’
352 2237 541 2330 Exeat].
579 2237 676 2312 Δίά
703 2237 861 2312 τοῦτο
890 2258 1020 2330 γάρ,
1053 2262 1164 2323 τοῖς
1194 2258 1455 2329 ἐρευνῶσι
1506 2259 1575 2313 τά
1616 2237 1735 2315 θεῖα
1772 2261 1927 2331 λόγια

352 2344 788 2403 ἀνακαλύπτεται
821 2352 849 2403 6
895 2349 1166 2423 θησαυρὸς
1200 2351 1300 2422 τῆς
1336 2352 1431 2405 τοῦ
1475 2351 1610 2406 Θεοῦ
1651 2351 1923 2423 γνώσεως.

344 2439 638 2512 Θησαυρὸν
691 2443 822 2513 ἡμῖν
869 2442 1088 2513 ῆπλωσε
1139 2443 1379 2516 σήμερον
1421 2443 1524 2515 τῆς
1572 2442 1925 2498 θεοπνεύστου

353 2530 576 2603 Γραφῆς
611 2533 640 2585 6
676 2531 1051 2604 Παράκλητος.
1096 2534 1378 2606 Θησαυρὸς
1408 2534 1464 2588 δέ
1504 2535 1636 2606 ἡμῖν
1671 2534 1810 2588 ἔστω
1840 2553 1927 2590 σο-

350 2623 502 2692 φίας,
529 2626 563 2696 ἡ
608 2627 917 2698 προφητικὴ
942 2626 1182 2696 γλῶσσα,
1213 2629 1307 2682 καὶ
1348 2630 1381 2699 η
1414 2626 1743 2700 ἀποστολικὴ
1778 2627 1927 2682 διδα-

350 2713 548 2767 σκαλία
569 2729 586 2745 ο
620 2716 680 2768 οὐ
720 2715 828 2786 γάρ
869 2716 984 2770 ἐστι
1018 2717 1186 2788 χωρὶς
1216 2718 1382 2788 νόμου
1413 2717 1507 2770 καὶ
1548 2716 1862 2788 προφητῶν,
1890 2715 1923 2789 ἦ

348 2806 748 2875 εὐαγγελιστῶν
776 2807 897 2879 [ἀλ.
917 2809 1414 2881 Εὐαγγελίων],καί
1426 2809 1755 2873 ἀποστόλων,
1782 2808 1925 2881 ἐχειν

348 2897 448 2969 τὴν
485 2899 683 2971 ἀκριϐῆ
717 2900 818 2971 τῆς
852 2902 1125 2974 σωτηρίας
1156 2901 1364 2955 ἐλπίδα.
1397 2900 1496 2955 Διά
1537 2901 1643 2973 γάρ
1676 2901 1774 2974 τῆς
1817 2901 1926 2957 τῶν

348 2990 521 3059 ἁγίων
559 2992 852 3062 προφητῶν
906 2994 1003 3047 καὶ
1035 2992 1345 3047 ἀποστόλων
1387 2992 1631 3064 γλώττης
1662 2995 1692 3048 6
1722 2992 1925 3065 Κύριος

346 3081 505 3153 ἡμῶν
542 3082 857 3153 φθέγγεται,
890 3085 982 3137 καὶ
1020 3087 1141 3148 ταῖς
1167 3084 1274 3137 τῶν
1304 3084 1473 3154 ἁγίων
1502 3087 1708 3153 φωναῖς
1732 3087 1761 3139 6
1790 3084 1922 3150 Θεὸς

348 3173 834 3256 ὲγκαλλωπίζεται,
883 3176 944 3228 οὑ
996 3175 1098 3247 τῆς
1139 3176 1335 3241 λέξεως
1377 3174 1635 3247 χρῄζων,’
1668 3175 1805 3230 ἀλλά
1854 3178 1918 3248 τῇ

2036 694 2293 752 Nostrum
2318 712 2485 767 porro
2515 698 2720 753 luctum
2756 701 3017 761 Dominus
3047 713 3257 769 noster,
3282 706 3615 774 pertractus
3678 770 3683 773 ,
3778 735 3784 740 ·

2036 786 2367 855 paenitentiae
2402 786 2454 841 in
2483 788 2739 858 gaudium
2765 804 2824 846 se
2842 805 3237 850 conversurum
3257 796 3545 856 aﬂirmavit
3565 802 3610 857 '.

2037 876 2235 933 Habuit
2258 878 2476 948 quidem
2518 888 2571 934 et
2602 880 2837 949 primum
2869 892 3255 941 testamentum
3282 889 3612 959 justillcato-

2034 969 2423 1036 rioscultus,ut
2446 974 2501 1025 in
2516 972 2694 1041 primo
2717 983 2871 1043 patre
2896 975 3195 1045 Abraham;
3215 997 3404 1036 verum
3431 982 3485 1037 in
3511 986 3619 1041 do-

2034 1062 2203 1115 lorem
2216 1062 2396 1117 carnci
2414 1064 2692 1119 cruciatus
2706 1080 2803 1133 per
2826 1067 3327 1136 circnmcisionem,
3349 1090 3522 1145 usque
3552 1082 3618 1130 ad

2030 1153 2620 1222 temporaexpletionis
2636 1156 2678 1209 ’.
2706 1155 2818 1210 Lex
2848 1158 2955 1213 illis
2988 1175 3082 1229 per
3098 1160 3338 1233 Moysen]
3372 1166 3497 1221 data
3536 1180 3616 1223 est

2031 1244 2099 1299 ad
2149 1246 2595 1314 correptionem;
2651 1248 2809 1304 nobis
2867 1260 3049 1306 autem
3092 1257 3263 1323 gratia
3308 1268 3363 1311 ct
3409 1260 3616 1316 veritas

2030 1350 2127 1404 per
2172 1334 2357 1391 Iesum
2401 1336 2685 1392 Christum
2733 1354 2997 1398 concessa
3044 1353 3128 1399 est
3162 1344 3262 1416 [aL
3296 1346 3435 1403 facta
3478 1351 3604 1421 est].

2028 1426 2363 1483 Cunctorum
2409 1429 2566 1485 nobis
2607 1430 2874 1485 bonorum
2923 1434 3254 1505 principium
3297 1440 3607 1496 Annnntia-

2028 1521 2106 1576 tie
2143 1519 2323 1576 Marize
2351 1523 2522 1592 gratia
2551 1523 2726 1593 plenze
2753 1525 2981 1592 exstitit,
3014 1527 3390 1585 laudatissima
3419 1532 3607 1587 Salva-

2029 1610 2164 1665 toris
2224 1611 2593 1681 dispensatio,
2637 1613 2929 1685 divinaque
2963 1616 3082 1685 ejus
3131 1628 3295 1689 atque
3338 1622 3605 1679 altissima

2030 1703 2267 1758 caelestis
2338 1704 2607 1759 doctrina.
2676 1703 2818 1760 Hinc
2891 1708 3051 1763 nobis
3121 1713 3382 1779 spiritalis
3465 1717 3605 1773 lucis

2027 1796 2352 1850 exoriuntur
2398 1797 2558 1851 radii.
2630 1796 2768 1853 Hinc
2824 1799 2984 1855 nobis
3039 1802 3319 1871 sapientia:
3380 1815 3435 1860 et
3505 1810 3612 1862 im-

2030 1884 2382 1941 mortalitatis
2423 1887 2732 1941 scaturiunt
2767 1885 2942 1943 tantes
2968 1907 2982 1956 ;
3013 1891 3107 1961 qui
3144 1892 3398 1963 limpidus
3424 1912 3488 1952 ac
3512 1913 3610 1967 pu-

2023 1990 2121 2049 Oros
2174 1976 2323 2031 rivos
2367 1978 2582 2048 pietatis
2603 1978 2909 2037 eﬂ'undunt.
2937 1979 3076 2037 Hinc
3099 1985 3259 2040 nobis
3283 1987 3479 2045 divinae
3507 2005 3605 2043 eo-

2030 2068 2287 2139 gnitinnis
2330 2069 2678 2139 resplendent
2717 2072 2980 2127 thesauri.
3031 2073 3159 2131 Haec
3201 2078 3345 2131 enim
3387 2082 3496 2135 vita
3521 2091 3609 2137 est

2028 2169 2248 2222 aeterna.
2306 2170 2363 2216 ut
2416 2177 2812 2232 cognoscamus
2868 2180 3056 2221 verum
3094 2168 3287 2235 Deum,
3339 2181 3391 2226 ct
3438 2189 3602 2243 quem

2029 2252 2179 2307 misit
2245 2251 2431 2309 Jesum
2462 2254 2738 2311 Christum
2770 2258 2835 2312 ⁸ο.
2872 2257 2939 2312 Et
2988 2275 3179 2315 rursus
3223 2279 3237 2316 :
3271 2260 3607 2318 Scrutamini

2030 2341 2343 2413 Scripturas
2393 2362 2408 2398 :
2463 2347 2720 2416 quoniam
2766 2349 2818 2402 in
2844 2350 2913 2405 iis
2950 2351 3237 2407 invenietis
3263 2354 3427 2407 vitam
3453 2365 3608 2409 teter-

2028 2450 2153 2490 nam
2178 2436 2275 2509 [αἱ.
2292 2438 2494 2507 putatis
2511 2440 2668 2493 vitam
2692 2450 2949 2496 aeternam
2974 2442 3196 2516 habere]
3217 2445 3281 2498 ”.
3316 2444 3608 2516 Propterea

2026 2528 2170 2581 enim
2221 2530 2622 2584 scrutatoribus
2657 2529 2968 2586 divinorum
3010 2533 3354 2603 eloquiorura
3378 2538 3605 2593 thesau-

2028 2637 2124 2677 rus
2147 2620 2346 2675 divina:
2376 2622 2650 2677 rcvelatur
2677 2624 3027 2693 cegnitionis.
3070 2610 3410 2683 Thesaurum
3442 2631 3605 2688 nobis

2028 2712 2189 2767 hodie
2237 2727 2269 2767 a
2301 2710 2411 2767 Deo
2443 2712 2716 2781 inspirata:
2747 2712 3042 2783 Scriptura;
3079 2714 3395 2772 Paracletus
3427 2718 3604 2787 expli-

2026 2805 2187 2859 cavit.
2220 2803 2536 2860 Thesaurus
2576 2820 2738 2875 porro
2781 2807 3063 2876 sapientia;
3106 2796 3265 2865 nobis
3318 2810 3390 2865 sit
3418 2812 3604 2881 lingua

2025 2895 2361 2966 prophetica,
2395 2906 2448 2950 et
2477 2895 2725 2951 doctrina
2755 2899 3061 2968 apostolica
3103 2917 3117 2954 :
3156 2916 3261 2954 non
3295 2902 3439 2955 enim
3471 2903 3598 2959 abs-

2024 3003 2133 3058 que
2179 2988 2297 3056 lege
2342 2996 2396 3042 et
2436 2988 2738 3057 prophetis,
2788 2998 2883 3044 aut
2910 2992 3257 3061 evangelistis
3285 2991 3379 3063 [αι.
3417 2992 3599 3047 Evan-

2025 3078 2239 3151 geliis],
2300 3087 2462 3149 atque
2521 3079 2813 3148 apostolis,
2870 3082 3165 3151 perlectam
3206 3083 3399 3138 salutis
3449 3099 3602 3153 spem

2026 3171 2226 3225 habere
2273 3186 2585 3241 possumus.
2635 3169 2769 3226 Nam
2812 3187 2908 3242 per
2951 3182 3268 3228 sanctorum
3304 3174 3599 3244 propheta-

348 3263 583 3319 διαθέσει
617 3266 841 3337 χαίρων,
880 3268 1032 3321 οὐδὲν
1077 3265 1136 3332 ἐξ
1164 3266 1465 3339 ἀνθρώπων
1505 3268 1919 3341 καρπούμενος,

2026 3277 2144 3315 rum
2188 3271 2244 3317 et
2290 3263 2664 3333 apostolorum
2708 3264 2949 3334 linguam
2991 3265 3255 3320 Dominus
3284 3276 3471 3322 noster
3523 3269 3599 3322 lo—

346 3356 483 3412 ἀλλά
506 3360 589 3430 τῇ-
602 3358 903 3430 εὐγνώμονι
942 3358 1087 3431 ψυχῇ
1117 3358 1225 3413 τῶν
1254 3359 1473 3413 δικαίων
1500 3344 1919 3433 ἐΜνατῖἆῦόμε-

346 3467 456 3513 νος.
501 3452 576 3505 Οὐ
608 3450 719 3524 γὰρ
756 3453 812 3517 ἐξ
848 3444 923 3505 ὧν
954 3455 1113 3523 ἡμεῖς
1153 3451 1522 3523 φθεγγόμεθα,
1562 3448 1796 3523 Χριστξὸς
1828 3468 1924 3523 μι-

348 3542 657 3613 γαλύνεται,
694 3543 807 3599 ἀλλ’
832 3545 891 3610 ἐξ
912 3536 986 3599 ὧν
1009 3544 1461 3615 εὐεργετούμεθα,
1487 3546 1585 3617 τὴν
1607 3546 1922 3617 εὐεργεσίαν

344 3635 700 3709 εὐγνωμόνως
734 3637 1074 3709 κηρύττομεν
1093 3653 1107 3666 ’
1144 3636 1241 3707 οὐχ
1270 3636 1357 3690 ἵνα
1384 3637 1482 3708 τῆς
1507 3636 1662 3703 ἀξίας
1700 3636 1924 3707 ἐφικνώ-

345 3727 504 3799 μεθα,
540 3728 654 3782 ἀλλ’
690 3728 776 3782 ἵνα
818 3727 1087 3799 τὴνκατά
1122 3727 1350 3798 δύναμιν
1389 3728 1606 3798 ὀφειλὴν
1649 3728 1921 3782 ἀποτίσω-

264 3830 269 3835 ’
347 3836 465 3891 μεν.
504 3819 668 3873 Ὀταν
689 3819 745 3872 δὲ
786 3818 1216 3887 ἀναγινώσκεται
1251 3818 1311 3871 τὸ
1336 3818 1683 3887 Εὐαγγέλιον,
1715 3819 1747 3890 ἢ
1788 3820 1922 3873 ἀπο-

344 3909 607 3976 στολικὸν,
639 3909 713 3981 μὴ
734 3912 977 3981 προσχῇς
994 3911 1060 3980 τῇ
1095 3909 1282 3980 βίϐλῳ,
1309 3907 1342 3979 ἢ
1368 3907 1446 3979 τῷ
1465 3908 1915 3978 ἀναγινώσκοντι·

341 4001 478 4054 ἀλλά
509 3999 588 4071 τῷ
618 4000 712 4053 ἀπ’
763 3999 993 4069 οὐρανοῦ
1026 3999 1380 4070 φθεγγομένῳ
1423 3998 1558 4070 Θεῷ.
1593 4000 1783 4064 Βίϐλος
1822 4000 1921 4072 μὲν

339 4091 471 4165 γὰρ,
504 4090 565 4143 τὸ
602 4089 909 4161 ὁρώμενον·
953 4090 1186 4162 Χριστὸς
1234 4087 1314 4150 δὲ,
1360 4088 1421 4140 τὸ
1466 4087 1913 4159 θεολογούμενον·

339 4181 747 4253 εὐαγγελίζεται
777 4181 1109 4252 τοίνυν-ἡμίν
1139 4179 1238 4251 τὴν
1264 4178 1636 4251 πολυύμνητον
1670 4179 1763 4234 τοῦ
1799 4181 1915 4234 Σω-

336 4275 505 4349 τῆμος
551 4268 891 4344 οἰκονομίαν·
941 4273 1022 4327 ὅτι
1063 4272 1197 4337 Θεὸς
1242 4271 1337 4337 ῶν,
1380 4271 1465 4326 διά
1513 4272 1916 4345 φιλανθρωπίαν

340 4366 623 4441 ἄνθρωπος
662 4365 879 4435 γέγονεν
902 4381 916 4397 ·
945 4365 1005 4418 οὑ
1031 4364 1127 4436 τὴν
1171 4362 1493 4435 προαιώνιον
1522 4365 1678 4431 ἀξίαν
1717 4363 1915 4418 ἀποθέ-

345 4476 524 4532 μενος,
556 4457 690 4512 ἀλλά
723 4456 819 4528 τὴν
866 4457 1139 4528 σωτηρίαν
1176 4455 1490 4525 οἰκονομίαν
1526 4455 1911 4526 ἐνδυσάμενος·

338 4550 746 4621 εὐαγγελίζεται
783 4550 915 4620 ἡμῖν
965 4547 1063 4620 τὴν
1117 4546 1489 4619 πολυύμνητον
1527 4546 1620 4600 τοῦ
1665 4547 1914 4619 Σωτῆρος

1992 3354 2211 3424 οᾳυίιιιι·
2232 3395 2246 3418 ,
2274 3366 2327 3409 et
2356 3355 2408 3408 in
2442 3364 2755 3409 sanctorum
2793 3354 3020 3411 vocibus
3044 3354 3187 3412 Deus
3216 3357 3319 3411 sibi
3348 3358 3522 3427 placet
3545 3366 3601 3413 et

2023 3447 2356 3516 acquiescit;
2404 3463 2511 3500 non
2557 3447 2701 3517 quod
2743 3447 3021 3502 locutione
3077 3457 3250 3515 egeat.
3308 3451 3401 3504 sed
3449 3453 3594 3520 quod

2023 3539 2160 3593 bona
2213 3539 2497 3594 affectione
2532 3555 2597 3593 ac
2631 3539 2989 3609 dispositione
3022 3541 3286 3611 gaudeat;
3316 3556 3423 3595 non
3451 3526 3598 3612 quod

2022 3632 2091 3687 ab
2135 3631 2355 3686 homine
2380 3631 2617 3686 fructum
2647 3630 2816 3685 ullum
2841 3632 3050 3701 capiat,
3086 3633 3180 3687 sed
3215 3634 3360 3703 quod
3390 3633 3446 3687 in
3474 3633 3599 3689 ani-

2021 3727 2217 3779 mahus
2237 3725 2510 3795 justorum
2544 3725 2713 3795 gratis
2740 3725 3116 3794 conquiescat.
3151 3724 3269 3780 Non
3299 3728 3445 3781 enim
3467 3728 3599 3797 quia

2020 3831 2120 3871 nos
2170 3817 2464 3886 loquimur,
2491 3814 2744 3871 Christus
2779 3817 3186 3887 magniﬁcatur;
3225 3819 3317 3873 sed
3349 3820 3476 3887 quia
3503 3821 3600 3875 be-

2019 3908 2229 3962 neticiis
2267 3909 2336 3962 ab
2372 3923 2439 3961 eo
2478 3906 2764 3971 uincimur,
2796 3907 3207 3963 beneﬁcentiam
3238 3910 3409 3978 ipsius
3439 3920 3596 3980 grato

2017 3997 2202 4051 animo
2247 3997 2644 4066 przedicaums;
2680 4011 2787 4051 non
2823 4007 2883 4051 ut
2921 3998 2973 4052 id
3006 4014 3102 4068 pro
3127 3998 3389 4069 dignitate
3425 3998 3594 4055 facia-

2017 4087 2337 4153 mus,..sed
2392 4099 2454 4141 ut
2500 4088 2739 4142 debitum
2796 4104 2893 4158 pro
2943 4090 3152 4145 viribus
3194 4091 3588 4159 persolvamus.

2017 4179 2247 4247 Quando
2278 4193 2442 4250 porro
2466 4178 2816 4249 Evangelium
2846 4179 3058 4248 legitur,
3089 4180 3170 4233 vel
3194 4180 3589 4249 apostolicum,

2016 4287 2125 4328 non
2153 4272 2291 4326 libro
2316 4270 2581 4335 attendas,
2616 4278 2710 4324 aut
2733 4269 2950 4337 lectori;
2984 4271 3075 4324 sed
3122 4270 3230 4324 Deo
3264 4286 3295 4326 e
3322 4271 3476 4326 cmlis
3505 4272 3591 4326 lo-

2016 4365 2224 4435 quenti.
2268 4360 2432 4416 Liber
2474 4361 2743 4431 siquidem
2789 4370 2875 4416 est
2924 4361 2978 4416 id
3020 4363 3166 4431 quod
3211 4363 3487 4426 cernitur,
3536 4373 3592 4419 at
3652 4404 3661 4409 -

2015 4458 2265 4512 Christus
2300 4464 2383 4509 cst
2415 4454 2468 4507 id
2499 4453 2566 4507 de
2600 4467 2711 4522 quo
2740 4452 3029 4508 disseritur
3056 4453 3155 4526 [αι.
3178 4455 3244 4507 de
3272 4469 3380 4523 quo
3405 4454 3588 4511 divina

2017 4544 2423 4619 praedicantur];
2454 4544 2785 4615 evangelizat
2810 4545 2975 4615 igitur
2997 4546 3151 4601 n'obis
3176 4546 3585 4602 celeberrimam

336 4645 667 4716 οἰκονομίαν,
712 4643 793 4696 ὅτι
829 4644 941 4706 τοῖς
978 4641 1273 4712 κάμνουσιν
1321 4640 1504 4711 ἰατρὸς
1543 4639 1905 4711 ἐπεδήμησεν,

2021 4646 2303 4706 Salvatoris
2331 4641 2687 4700 oeconomiam
2731 4640 2843 4694 sive
2884 4640 3346 4710 dispensationem
3391 4660 3404 4695 :
3442 4657 3582 4711 quo-

337 4739 399 4790 οὐ
445 4736 750 4808 φαρμάκοις
789 4733 1124 4807 θεραπεύων,
1171 4731 1307 4787 ἀλλά
1338 4732 1565 4803 νεύματι
1611 4729 1910 4801 φιλανθρω-

339 4829 467 4891 πίας
503 4825 745 4897 ἰώμενος.
785 4821 1209 4894 Εὑαγγελίζεται
1238 4825 1368 4894 ἡμῖν
1410 4822 1507 4896 τὴν
1535 4821 1908 4898 πολυύμνητον

338 4920 432 4974 τοῦ
470 4917 723 4988 Σωτῆρος
757 4915 1067 4988 οἰκονομίαν
1091 4931 1104 4944 ’
1146 4914 1225 4967 ὅτι
1268 4916 1379 4977 τοῖς
1412 4912 1846 4984 πεπλανημένοις
1874 4914 1907 4983 ἡ

336 5012 454 5075 ὁδὸς
492 5011 590 5081 τῆς
623 5008 893 5079 σωτηρίας
936 5005 1233 5077 ἀνεδείχθη,
1266 5007 1376 5069 τοῖς
1403 4992 1841 5076 ἀπεγνωσμένοις
1874 5007 1906 5076 ἠ

338 5103 603 5176 σωτήριος
627 5101 805 5171 χάρις,
832 5099 1099 5172 διαφόρως
1132 5098 1333 5160 πάντας
1367 5096 1748 5167 εὐεργετοῦσα,
1782 5097 1908 5159 τοὺς

336 5193 779 5266 πεπλανημένους
805 5190 1164 5263 ἀναζητοῦσα,
1200 5192 1322 5254 τοὺς
1353 5188 1767 5258 ἐσκοτισμένους
1797 5205 1907 5257 φω-

288 5272 289 5275 Ὶ
336 5290 577 5354 τίζουσα,
605 5287 729 5350 τοῦς
750 5282 1221 5354 τεθανατωμένους
1249 5280 1604 5346 ζωοποιοῦσα,
1639 5282 1765 5344 τοὺς
1792 5279 1905 5333 δού-

335 5381 459 5444 λους
495 5377 868 5449 ἐλευθεροῦσα,
890 5376 1016 5440 τοὺς
1058 5371 1431 5445 αἰχμαλώτους
1473 5371 1899 5443 ἐξαγοράζουσα,

336 5474 430 5527 καὶ
463 5474 573 5534 τοῖς
613 5471 778 5523 πᾶσιν
814 5470 943 5539 ἡμῖν
972 5465 1042 5519 τὰ
1077 5465 1255 5520 πάντα
1278 5466 1519 5535 γέγονεν,
1561 5464 1736 5535 ήὸδὸς

333 5563 414 5627 εἰς
452 5562 591 5634 ὁδὸν]
631 5561 901 5632 σωτηρίας
922 5573 937 5589 ⁸
971 5558 1031 5611 οὐ
1060 5556 1147 5609 διά
1183 5557 1281 5629 τὴν
1310 5559 1584 5629 ἡμετέραν
1614 5559 1897 5629 εὐγνωμο-

2012 4740 2157 4799 niam
2185 4756 2307 4794 cum
2339 4738 2481 4792 Deus
2515 4742 2679 4796 esset,
2721 4733 2888 4787 nimia
2926 4733 3252 4804 benignitate
3278 4749 3372 4788 sua
3406 4734 3580 4789 factus

2014 4838 2098 4887 est
2120 4830 2312 4893 homo;
2336 4841 2446 4880 non
2477 4823 2694 4893 quidem
2734 4821 3047 4892 dignitatem
3071 4837 3231 4892 quam
3269 4823 3337 4877 ab
3377 4831 3580 4877 εειει-ηο

2013 4916 2237 4981 habuit,
2275 4916 2551 4984 deponens
2583 4932 2595 4967 :
2647 4914 2741 4967 sed
2782 4913 3073 4966 salutarem
3106 4913 3467 4967 (Bconomiam
3499 4914 3583 4966 in-

2010 5009 2204 5072 duens,
2249 5006 2583 5078 evangelizat
2633 5004 2791 5060 nobis
2844 5005 3275 5060 laudatissimam
3334 5003 3583 5059 Salvato-

2014 5101 2089 5154 ris
2145 5098 2640 5168 dlSpensationem;
2682 5097 2941 5165 quoniam
2996 5095 3368 5149 laborantibus
3421 5104 3584 5163 atque

2012 5189 2402 5261 aegrotantibus
2442 5186 2687 5242 medicus
2727 5187 2967 5248 advenit,
3007 5202 3112 5240 non
3140 5185 3451 5254 pharmacis
3483 5202 3584 5239 cu-

2010 5295 2173 5347 rans,
2231 5279 2324 5335 sed
2370 5276 2507 5333 nutu
2538 5277 2884 5348 benignitatis
2924 5290 3037 5331 sua:
3075 5290 3295 5330 sanans.
3337 5274 3589 5347 Evange~

2010 5371 2137 5424 lizat
2183 5369 2338 5423 nobis
2368 5366 2854 5423 celebratissimam
2895 5364 3194 5417 Salvatoris
3220 5364 3586 5432 dispensatio-

2000 5475 2125 5517 nem
2155 5476 2169 5513 :
2210 5458 2337 5529 quia
2370 5454 2685 5511 errantibus
2712 5452 2888 5508 factus
2912 5459 2996 5506 est
3018 5451 3103 5504 via
3138 5452 3353 5531 salutis,
3386 5452 3581 5520 despc-

1997 5550 2248 5605 rantibus
2296 5547 2468 5619 gratia
2513 5543 2807 5608 salutaris,
2858 5541 3210 5597 multifariam
3248 5542 3302 5595 in
3350 5554 3580 5596 cunctus

335 5649 521 5720 σύνην,
558 5648 690 5702 ἀλλά
728 5646 814 5701 διὰ
843 5646 940 5717 τὴν
977 5643 1125 5716 αὐτῷ
1164 5644 1243 5715 τῷ
1281 5646 1541 5718 εὐεργέτῃ
1584 5647 1895 5719 πρέπουσαν

2021 5641 2256 5698 veneﬁcia
2310 5637 2629 5702 conferens,
2670 5641 2915 5689 errantes
2975 5634 3293 5708 requirens,
3339 5634 3585 5688 tenebris

329 5741 656 5812 ἀγαθὰτητα.
695 5739 876 5796 Πάντα
916 5736 1022 5808 γάρ
1066 5736 1318 5805 ἐποίησεν
1353 5735 1382 5787 6
1420 5737 1630 5809 Σωτὴρ,
1676 5739 1773 5808 οὐχ
1808 5738 1894 5791 ἵνα

1994 5732 2357 5793 circumfusos
2386 5729 2724 5791 illuminans,
2775 5734 3021 5780 mortuos
3056 5725 3358 5792 viviticans,
3388 5740 3575 5781 servos

408 5922 432 5956 ’
454 5923 639 5977 Amos.
667 5937 784 5985 vm,
812 5921 896 5975 l0.
973 5921 992 5952 ⁸
1020 5919 1130 5975 Jer.
1156 5936 1305 5975 xm.
1378 5922 1398 5953 ’
1418 5919 1574 5980 Joan.
1601 5936 1640 5978 ι.
1717 5921 1763 5955 ¹⁶
1791 5919 1919 5979 Joan

2021 5936 2084 5977 vn
2106 5961 2121 5989 ,
2148 5919 2202 5974 5.
2240 5964 2253 5980 .
2279 5918 2317 5949 ¹¹
2346 5915 2502 5972 Joan.
2540 5929 2592 5980 ν,
2620 5913 2709 5967 59.

610 6017 880 6077 Ρηιιοι..
912 6015 1029 6078 Gn.
1060 6016 1144 6076 Χ.

3219 6002 3293 6059 37
