4100 6372
554 446 692 502 “65

1187 447 1243 501 S.
1285 443 1611 501 GREGORII
1649 441 2005 499 'l‘llAUMAT.
2049 439 2197 497 OPP.
2241 439 2423 495 PARS
2472 443 2594 497 AL“!
2610 448 2775 498 una.
2809 472 2880 482 —
2917 443 3146 500 DUBIA.

3663 447 3808 504 “63

553 567 802 622 libertate
849 567 1078 633 donans,
1131 566 1370 635 captivos
1424 566 1714 630 redimens,
1761 574 1815 620 et
1868 563 2116 619 omnibus

2228 562 2403 632 ἑαυτῴ
2442 563 2642 634 ἀρετὴν
2678 564 3183 636 πραγματεύσηται,
3218 564 3330 618 ἀλλ’
3369 564 3454 618 ἵνα
3486 565 3622 637 ἡμῖν
3652 582 3812 636 περι·

551 658 711 712 nobis
762 658 943 711 omnia
982 657 1176 720 factus,
1216 657 1270 709 in
1303 657 1443 711 viam
1475 658 1667 713 salutis
1704 678 1715 711 :
1761 673 1867 712 non
1899 670 2119 728 propter

553 761 793 807 nostram
824 752 990 805 animi
1022 752 1430 821 gratitudinem.
1457 753 1552 806 sed
1582 752 1652 806 ob
1684 751 1980 806 bonitatem
2013 754 2118 822 ipsi

555 843 819 897 Salvatori
867 844 1299 899 convenientem.
1353 841 1550 898 Omnia
1597 845 1741 898 enim
1768 844 1895 899 fecit
1923 844 2116 899 Salva-

552 946 655 1000 tor,
701 950 808 990 non
850 945 909 989 ut
941 936 1044 990 sibi
1086 937 1189 1006 ipsi
1233 937 1488 992 virtutem
1520 947 1881 1006 compararet,
1925 936 2020 991 sed
2061 946 2120 991 ut

549 1027 708 1082 nobis
774 1028 939 1081 vitam
994 1027 1307 1082 conciliaret
1355 1037 1635 1081 aeternam.
1690 1026 1771 1080 Ad
1824 1026 2118 1097 imaginem

549 1121 746 1190 quippe
774 1119 869 1175 Dei
911 1121 1186 1176 hominem
1220 1120 1483 1183 formans,
1520 1120 1573 1172 in
1611 1120 1863 1188 paradiso
1894 1119 2115 1174 delicia-

550 1230 670 1267 rum
694 1214 857 1284 jussit
885 1229 1008 1269 eum
1043 1215 1238 1282 degere
1265 1234 1278 1269 :
1313 1226 1567 1268 caeterum
1600 1212 1801 1267 diaboli
1837 1212 2041 1267 invidia
2072 1212 2120 1267 is

551 1307 835 1375 deceptus,
877 1317 930 1361 et
977 1308 1146 1362 divini
1189 1305 1442 1376 praecepti
1486 1313 1854 1374 trausgressor
1905 1303 2115 1367 factus,

549 1402 711 1456 morti
753 1416 812 1457 se
852 1401 1146 1456 obnoxium
1194 1400 1446 1454 reddidit.
1476 1398 1818 1469 QuaprOpter
1840 1407 1896 1453 et
1921 1398 2017 1467 qui
2047 1413 2114 1451 ex

548 1494 665 1562 ipso
705 1493 866 1563 geniti
909 1502 1056 1559 sunt,
1097 1509 1193 1563 per
1213 1491 1619 1547 successionem
1653 1491 1997 1546 hrereditario
2022 1491 2119 1547 de-

548 1576 658 1640 bito
688 1585 956 1652 obstricti,
996 1584 1364 1641 damnationis
1403 1584 1671 1641 sententia
1695 1584 1912 1639 multati
1962 1593 2114 1639 sunt.

547 1674 796 1744 Regnavit
825 1675 968 1728 enim
1003 1690 1141 1727 mors
1187 1674 1252 1726 ab
1300 1674 1471 1727 Adam
1499 1690 1660 1744 usque
1703 1673 1773 1727 ad
1803 1671 2042 1743 Moysem
2071 1674 2112 1704 ¹²

547 1766 648 1837 jat.
666 1768 1035 1822 damnationis
1051 1767 1201 1821 abiis
1226 1767 1365 1821 ratio
1391 1765 2118 1838 exigitur].Benignissimus

546 1868 727 1913 autem
765 1858 1026 1914 Dominus
1059 1874 1289 1914 cernens
1323 1860 1532 1929 plasma
1565 1859 1842 1929 proprium
1889 1874 1920 1913 a
1943 1868 2118 1914 morte

547 1948 797 2013 detineri,
841 1964 951 2005 non
986 1950 1041 2004 in
1071 1953 1233 2005 linem
1273 1966 1452 2019 usque
1488 1960 1797 2013 ,aversatus
1831 1959 1918 2005 est
1938 1950 2118 2025 homi-

548 2056 692 2105 nem,
730 2057 890 2111 quem
923 2043 989 2097 ad
1017 2042 1307 2113 imaginem
1332 2058 1489 2099 suam
1517 2042 1745 2109 iecerat;
1774 2042 1864 2098 sed
1891 2057 1985 2112 per
2006 2042 2118 2097 sin-

553 2134 710 2204 gulas
751 2150 875 2189 eum
921 2136 1306 2205 generationes
1341 2136 1593 2201 visitans,
1637 2152 1747 2190 non
1786 2135 2031 2204 reliquit,
2064 2143 2118 2189 et

547 2234 705 2278 antea
750 2225 968 2294 quidem
1001 2224 1255 2280 Patribus
1294 2220 1570 2287 ostensus,
1601 2231 1655 2279 et
1690 2224 1746 2277 in
1784 2223 1901 2293 lege
1924 2222 2120 2293 praedi-

548 2321 723 2374 catus,
768 2326 831 2366 ac
879 2310 933 2365 in
968 2310 1248 2382 prophetis
1288 2310 1644 2376 assimilatus,
1687 2310 1979 2365 salutarem
2006 2311 2118 2365 dis-

548 2405 916 2474 pensationem
942 2420 1095 2460 suam
1118 2405 1572 2477 praesigniﬁcavit.
1592 2404 1819 2471 Quando
1832 2420 1996 2474 porro
2026 2420 2118 2460 ve-

548 2500 628 2552 nit
672 2498 954 2567 plenitudo
993 2508 1300 2568 temporum
1336 2498 1556 2568 gloriosi
1602 2499 1867 2553 adventus
1889 2497 2004 2561 sui,
2032 2514 2119 2551 ar-

547 2589 865 2656 changelum
908 2588 1168 2656 przentisit
1216 2586 1523 2642 Gabrielem
1568 2587 1633 2640 ad
1682 2585 1910 2640 Mariam
1942 2584 2117 2657 Virgi-

549 2695 692 2742 nem.
719 2681 811 2749 qui
850 2681 1031 2733 laetum
1069 2681 1170 2750 ipsi
1192 2680 1444 2734 nuntium
1470 2678 1703 2734 deferret
1728 2680 1790 2731 ".
1814 2677 1913 2733 llic
1936 2689 2118 2734 autem

551 2770 619 2823 ab
665 2768 1031 2824 ineﬂ'abilibus
1064 2769 1316 2839 supernis
1342 2768 1703 2838 potestatibus
1740 2768 1805 2821 ad
1838 2768 2117 2823 sanctissi~

551 2876 696 2915 mam
732 2858 1008 2931 Virginem
1032 2860 1344 2923 deveniens,
1369 2860 1601 2930 primum
1631 2859 1736 2913 illis
1752 2859 1931 2913 verbis
1952 2876 1968 2914 :
1993 2858 2115 2922 Ave,

548 2954 724 3022 gratia
764 2952 915 3021 plena
938 2993 953 3016 ,
1003 2952 1177 3022 ipsam
1221 2951 1568 3020 compellavit
1592 2966 1656 3005 ac
1679 2951 1933 3005 salutavit
1970 2969 1981 3003 :
2011 2965 2118 3020 qua

544 3043 769 3111 quidem
820 3043 1111 3097 verborum
1150 3056 1281 3096 voce
1321 3041 1387 3094 ad
1411 3056 1531 3094 eam
1559 3038 1725 3103 facta,
1764 3040 1818 3093 in
1842 3040 1958 3109 ipsa
1993 3054 2117 3092 mox

549 3133 827 3189 auditione
860 3132 1097 3203 Spiritus
1119 3142 1341 3186 sanctus
1367 3131 1422 3185 in
1440 3130 1851 3185 immaculatum
1879 3128 2119 3200 Virginis

546 3227 807 3297 templum
835 3226 1111 3296 ingressus
1133 3233 1245 3290 est;
1281 3235 1331 3277 et
1354 3223 1691 3279 sanctiﬁcata
1711 3232 1795 3277 est
1822 3236 1977 3277 mens
1997 3222 2117 3291 ejus

549 3317 709 3373 simul
735 3332 857 3370 cum
888 3314 1148 3369 membris
1178 3332 1194 3368 :
1218 3313 1475 3382 stetitque
1496 3320 1690 3367 natura
1713 3328 1779 3367 ex
1796 3311 2047 3377 adverso,
2062 3319 2118 3365 et

550 3405 873 3460 concubitus
916 3403 1138 3473 procul,
1167 3417 1291 3457 cum
1316 3411 1540 3472 stupore
1569 3408 1877 3471 spectantes
1906 3408 2119 3454 natura:

548 3493 838 3549 Dominum
867 3500 1061 3562 praater
1088 3503 1364 3557 naturam,
1400 3499 1562 3560 atque
1588 3490 1725 3545 adeo
1748 3505 1914 3560 supra
1944 3498 2107 3544 natu-

547 3601 693 3652 ram,
736 3599 852 3639 rem
880 3583 1258 3642 admirabilem
1303 3582 1359 3635 in
1404 3595 1632 3650 corpore
1677 3588 2112 3651 perpetrantem;

549 3687 603 3732 et
643 3692 739 3747 per
771 3691 893 3746 quae
934 3673 1186 3729 diabolus
1234 3689 1387 3727 arma
1431 3672 1821 3735 decertaverat,
1852 3685 1949 3741 per
1981 3685 2115 3724 con-

552 3769 719 3823 traria
776 3782 875 3822 nos
921 3767 1176 3822 Christus
1214 3765 1488 3832 liberavit,
1541 3773 1827 3834 assumpto
1889 3779 2118 3833 corpore

551 3858 697 3929 quod
727 3857 837 3929 pati
861 3870 1062 3927 posset,
1097 3867 1154 3913 ut
1178 3866 1462 3923 nostrum;
1486 3865 1548 3910 ut
1577 3854 1846 3910 deﬁcienti
1877 3856 2116 3909 humano

552 3952 733 4021 generi
788 3951 1047 4022 majorem
1102 3950 1330 4021 gratiam
1369 3948 1463 4020 [αι.
1507 3946 1787 4019 gaudium]
1837 3947 2113 4002 tribueret.

551 4044 617 4099 Et
649 4043 740 4098 ubi
770 4042 1065 4098 abundavit
1090 4052 1397 4111 peceatum,
1437 4040 1904 4110 superabundavit
1918 4040 2111 4112 gratia.

550 4138 947 4194 Convenienter
976 4136 1138 4207 igitur
1163 4135 1336 4206 gratia
1360 4133 1425 4188 ad
1452 4132 1857 4189 sanctissimam
1885 4142 1968 4187 est
1996 4130 2119 4186 Vir-

549 4229 730 4303 ginem
767 4228 953 4283 missa.
993 4225 1085 4283 Sic
1112 4227 1258 4281 enim
1279 4234 1334 4280 et
1366 4225 1692 4294 evangelicae
1718 4224 1961 4279 historiae
1987 4239 2117 4279 con-

553 4323 689 4375 tinet
715 4321 998 4375 oraculum
1029 4318 1215 4374 dicens
1252 4337 1265 4373 :
1298 4316 1476 4372 Hense
1512 4326 1689 4371 autem
1723 4324 1891 4379 sexto,
1920 4316 2117 4369 missus

549 4422 626 4466 est
664 4411 876 4482 angelus
919 4410 1129 4465 Gabriel
1177 4412 1244 4464 ad
1279 4412 1533 4481 virginem
1575 4409 1948 4477 desponsatam
1982 4410 2116 4476 viro,

553 4506 637 4557 cui
666 4519 849 4557 nomen
896 4512 1008 4556 erat
1042 4500 1255 4571 Ioseph,
1284 4517 1347 4555 ea:
1395 4503 1549 4555 domo
1581 4515 1629 4556 et
1662 4501 1872 4571 familia
1904 4499 2072 4553 David
2096 4517 2115 4564 ,-

2224 655 2514 725 ποιήσηται
2556 652 2700 726 ζωὴν
2742 656 2841 727 τὴν
2879 654 3113 736 αἰώνιον.
3172 657 3258 709 Ἐν
3304 657 3473 711 είκόνι
3512 656 3627 728 γὰρ
3670 655 3809 711 Θεοῦ
3859 728 3865 734 θ

2219 746 2518 809 διαπλάσας
2541 746 2630 800 τὸν
2659 746 2963 819 ἄνθρωπον,
2988 750 3046 801 ὲν
3073 748 3383 820 παραδείσῳ
3405 749 3620 821 τρυφῆς
3642 766 3809 823 προσρ

2219 840 2406 906 έταξεν
2439 840 2645 909 διάγειν
2663 856 2677 869 ·
2726 835 2879 904 οὗτος
2907 842 2964 895 δὲ
3002 841 3179 912 φθόνῳ
3204 841 3448 895 διαϐόλου
3473 843 3808 915 ἀπατηθεὶς,

2220 933 2312 986 καὶ
2357 934 2454 1005 τῆς
2498 933 2645 999 θείας
2688 935 2910 1005 ἐντολῆς
2952 920 3277 1005 παραϐάτης
3316 936 3628 1005 γενόμενος,
3675 937 3808 991 ὑπό-

2219 1023 2364 1087 δικος
2396 1023 2585 1093 γέγονε
2634 1024 2886 1079 Θανάτου.
2930 1024 3089 1091 Ὅθεν
3120 1022 3213 1078 καὶ
3240 1026 3289 1077 οἱ
3319 1026 3378 1089 ἐξ
3418 1024 3584 1079 αὑτοῦ
3626 1026 3809 1080 τικτό-ί-

2222 1130 2395 1184 μενοι,
2445 1113 2586 1167 κατά
2619 1113 2867 1185 διαδοχὴν
2910 1113 2988 1184 τῷ
3016 1111 3267 1183 πατρικῷ
3295 1112 3445 1189 χρέει
3492 1113 3807 1180 ὑπέκειντο,
3834 1184 3837 1187 _

2218 1204 2318 1274 τῆς
2356 1204 2649 1276 καταδίκης
2679 1205 2739 1258 τὸ
2770 1204 3074 1272 λογοθέσιον
3104 1204 3441 1276 ἀπῃτημένοι
3473 1203 3598 1276 [ἄλ.
3637 1207 3808 1260 ἁπαι-

2217 1295 2509 1368 τούμενοι].
2556 1297 2943 1351 Ἐϐασίλευσε
2972 1296 3079 1369 γὰρ
3106 1300 3139 1351 ό
3177 1297 3433 1363 θάνατος
3463 1297 3583 1352 ἀπὸ
3629 1297 3808 1368 Ἀδὰμ

2215 1388 2391 1458 μέχρι
2431 1390 2746 1457 Μωυσέως.
2795 1394 2853 1445 '0
2893 1392 2951 1445 δὲ
2994 1392 3370 1465 φιλάνθρωπος
3415 1394 3642 1467 Κύριος,
3682 1391 3809 1447 ἰδὼν

2219 1483 2279 1535 τὸ
2312 1483 2535 1553 πλάσμα
2569 1484 2630 1537 τὸ
2673 1483 2803 1537 ίδιον
2841 1485 2946 1539 ὑπὸ
2983 1484 3077 1538 τοῦ
3124 1484 3353 1538 θανάτου
3398 1484 3803 1559 κρατούμενον,

2218 1576 2317 1627 οὐκ
2357 1578 2435 1638 εἰς
2478 1576 2628 1639 τέλος
2663 1577 3008 1648 ἀπεστράφη,
3041 1576 3100 1630 ὃν
3130 1578 3252 1631 κατ’
3284 1576 3471 1631 είκόνα
3501 1577 3804 1649 ἐποίησεν·
3898 1632 3901 1635 ,
3980 1621 3989 1629 .

2219 1666 2352 1720 ἀλλά
2385 1666 2505 1720 καθ’
2528 1666 2983 1739 ἐκάστηνγενεάν
3006 1668 3486 1739 ἐπισκεπτόμενος,
3517 1667 3578 1721 οὐ
3611 1666 3810 1721 διέλει-
3894 1698 3905 1707 ν

2187 1790 2193 1794 -
2220 1780 2319 1818 πεν
2338 1780 2352 1795 ·
2384 1765 2477 1818 καὶ
2508 1734 2697 1857 πρῲην
2860 1766 2917 1818 ὲν
2954 1766 3067 1828 τοῖς
3101 1734 3377 1835 Πατράσιν
3409 1762 3807 1845 ὀπτανόμενος,

2220 1854 2311 1907 καὶ
2348 1856 2405 1907 ὲν
2433 1840 3040 1927 νόμῳ’κηρυττόμενος,
3081 1856 3175 1908 καὶ
3207 1856 3266 1909 ὲν
3303 1855 3616 1927 προφήταις
3656 1842 3809 1927 δμοι-
3924 1840 3927 1843 ’
3970 1898 3977 1905 ,

2150 1914 2194 1970 Β
2219 1946 2465 2017 ούμενος,
2496 1914 2604 2018 ’την
2641 1914 2904 2020 σωτήριον
2940 1914 3250 2019 οἰκονομίαν
3278 1914 3646 2019 προεμήνυεν.
3678 1914 3807 2002 δοτε
3870 2002 3873 2009 ,

2218 2039 2275 2092 δὲ
2300 2035 2463 2110 ἦλθεν
2496 2038 2557 2091 τὸ
2600 2037 2872 2111 πλήρωμα
2899 2038 3009 2091 τῶν
3041 2038 3245 2111 καιρῶν
3278 2039 3377 2110 τῆς
3410 2037 3628 2105 ἐνδόξου
3665 2056 3801 2111 παρ-

2217 2130 2403 2193 ουσίας
2447 2129 2631 2194 αὐτοῦ,
2678 2130 2769 2184 τὸν
2811 2130 3150 2201 ἀρχάγγελον
3204 2129 3443 2203 Γαϐριὴλ
3501 2129 3648 2203 πρὸς
3705 2126 3806 2201 τὴν

2217 2220 2488 2295 Παρθένον
2537 2221 2771 2294 Μαριὰμ
2794 2220 3275 2293 εὐαγγελιζόμενον
3326 2221 3804 2297 προαπέσταλκεν.
3833 2210 3846 2226 ’

2229 2314 2285 2366 '0
2313 2313 2393 2379 δὲ,
2428 2314 2536 2367 ἀπὸ
2561 2312 2684 2367 τῶν
2715 2312 3009 2384 ἀφράστων
3039 2313 3151 2367 ἀνω
3197 2312 3482 2383 δυνάμεων
3522 2312 3668 2385 πρὸς
3706 2312 3804 2383 τὴν

2216 2406 2378 2475 ἁγίαν
2413 2404 2683 2477 Παρθένον
2722 2406 3184 2477 παραγενόμενος,
3222 2405 3455 2477 πρῶτον,
3481 2405 3563 2469 τὸ,
3600 2405 3802 2474 Χαῖρε,

2217 2495 2686 2567 κεχαριτωμένη,
2731 2497 2867 2568 αὐτῇ
2917 2496 3371 2568 προσεφώνησεν·
3422 2496 3523 2567 τῆς
3579 2497 3642 2551 δὲ
3692 2514 3804 2566 φωτ

2217 2588 2336 2658 γῆς,
2357 2588 2451 2640 τοῦ
2481 2588 2676 2656 Χαῖρε,
2718 2587 3177 2658 κεχαριτωμένη,
3206 2588 3341 2659 πρὸς
3375 2587 3544 2659 αὐτὴν
3572 2586 3805 2659 γενομέο

2218 2698 2315 2751 νης
2355 2679 2444 2734 διὰ
2469 2680 2569 2751 τῆς
2583 2681 2754 2751 ἀκοῆς
2770 2681 3015 2751 εἰσῆλθεν
3035 2681 3096 2734 τὸ
3124 2680 3347 2751 Πνεῦμα
3360 2681 3421 2733 τὸ
3436 2680 3590 2750 ἁγιον
3611 2683 3694 2746 είς
3712 2679 3803 2735 τὸν

2218 2771 2479 2842 ἀμίαντον
2507 2772 2633 2826 ναὸν
2654 2772 2751 2843 τῆς
2773 2772 3073 2843 Παρθένου·
3086 2771 3191 2843 ,καὶ
3208 2772 3440 2842 ἡγιάσθη
3458 2774 3490 2843 ή
3506 2771 3689 2827 ἔννοια
3706 2772 3802 2825 σὺν

2218 2864 2328 2925 τοῖς
2350 2861 2539 2932 μέλεσι
2557 2878 2569 2891 ·
2605 2861 2698 2915 καί⁸
2727 2861 2855 2933 ἔστη
2883 2864 2915 2932 ἠ
2941 2860 3100 2929 φύσις
3121 2861 3398 2932 ἄντικρυς,
3430 2862 3526 2916 καὶ
3546 2864 3582 2933 ἡ
3623 2877 3801 2915 συνου-

2224 2952 2312 3006 σία
2334 2951 2636 3026 πόρρωθεν,
2665 2952 2801 3024 μετὰ
2818 2952 3059 3023 θάμϐους
3083 2952 3382 3024 θεωροῦσαι
3409 2953 3500 3006 τὸν
3520 2944 3802 3023 Δεσπότην

2219 3042 2318 3113 τῆς
2369 3042 2581 3112 φύσεως
2632 3042 2783 3113 παρὰ
2831 3041 3011 3111 φύσιν,
3071 3041 3270 3112 μᾶλλον
3320 3041 3379 3095 δὲ
3441 3042 3584 3112 ὑπὲρ
3639 3040 3799 3111 φύσιν

2220 3134 2451 3204 πρᾶγμα
2480 3131 2997 3203 θαυματουργοῦντα
3028 3132 3086 3184 ὲν
3117 3129 3196 3201 τῷ
3229 3129 3472 3202 σώματι·
3510 3132 3610 3185 καὶ
3635 3131 3705 3186 δι’
3724 3123 3799 3186 ὧν

2221 3224 2398 3277 ὃπλων
2445 3226 2473 3276 6
2526 3222 2767 3285 διάϐολος
2817 3220 3146 3292 ἠγωνίζετο,
3217 3221 3306 3276 διὰ
3375 3220 3485 3276 τῶν
3538 3222 3799 3278 ἐναντίων
3908 3216 3911 3219 ’

2217 3319 2246 3370 6
2274 3315 2506 3388 Χριστὸς
2557 3316 2705 3399 ημᾶς
2750 3315 2971 3376 ἔσωσεν,
3027 3312 3310 3395 ἀναλαϐὼν
3357 3314 3419 3368 τὸ
3468 3312 3798 3385 ὁμοιοπαθὲς

2217 3410 2347 3478 ἡμῖν
2379 3406 2559 3477 σῶμα,
2595 3406 2681 3460 ἵνα
2705 3404 2783 3476 τῷ
2813 3405 3051 3458 λείποντι
3087 3405 3306 3476 μείζονα
3345 3405 3502 3478 χάριν
3704 3420 3798 3474 χα-

2221 3494 2344 3568 ρὰν]
2374 3495 2701 3566 δωρήσηται.
2751 3494 2862 3548 Καὶ
2906 3494 3039 3547 ὅπου
3087 3494 3409 3547 ἐπλεόνασεν
3441 3496 3475 3566 ἡ
3509 3491 3793 3565 ἁμαρτία,

2220 3587 2740 3660 ὑπερεπερίσσευσεν
2762 3586 2983 3657 ἡχάρις.
3007 3586 3332 3657 Πρεπόντως
3351 3585 3407 3638 δὲ
3425 3586 3645 3662 napi;
3658 3581 3795 3655 πρὸς

2218 3680 2313 3753 τὴν
2372 3680 2527 3749 ἁγίαν
2562 3677 2834 3750 Παρθένον
2882 3677 3235 3731 ἀπέσταλται.
3294 3676 3481 3741 Οὕτως
3527 3676 3641 3749 γὰρ
3704 3674 3796 3730 καὶ

2220 3771 2458 3842 περιέχει
2499 3770 2597 3841 τῆς
2642 3766 3001 3837 εὐαγγελικῖπ
3049 3767 3290 3838 ἱστορίας
3338 3766 3401 3820 τὸ
3450 3766 3652 3836 λόγιον·
3712 3763 3795 3829 Τῷ

2212 3862 2360 3933 μηνὶ
2394 3861 2462 3915 δὲ
2498 3860 2579 3927 τῷ
2602 3860 2778 3928 ἕκτῳ,
2822 3858 3135 3927 ἀπεστάλη
3170 3861 3203 3913 ὀ
3234 3858 3487 3929 ἅγγελος
3527 3856 3794 3927 Γαϐριὴλ

2218 3953 2361 4023 πρὸς
2396 3952 2693 4020 παρθένον
2708 3947 3246 4021 μεμνηστευμένην
3276 3949 3480 4017 ἀνδρὶ,
3527 3940 3576 4015 ᾧ
3607 3947 3794 4017 ὄνομα
3866 4010 3877 4013 ς

2231 4045 2463 4116 Ἰωσὴφ,
2511 4044 2580 4108 ἐξ
2626 4043 2794 4099 οτκου
2852 4043 2957 4098 και
3004 4028 3253 4111 πατριᾶς
3292 4041 3508 4097 Δαϐίδ·
3563 4042 3669 4098 και
3727 4038 3789 4092 τὸ

2219 4138 2405 4208 ὄνομα
2429 4136 2539 4206 τῆς
2563 4134 2881 4204 παρθένου,
2913 4132 3168 4203 Μαριὰμ,
3201 4134 3297 4187 καὶ
3319 4132 3388 4186 τὰ
3422 4131 3608 4187 λοιπά.
3647 4129 3791 4203 Πρῶ-

2217 4248 2306 4296 τος
2345 4230 2401 4283 δὲ
2433 4230 2537 4302 μὴν
2564 4223 2716 4293 οὗτος
2748 4227 2886 4299 πρὸς
2921 4226 3019 4298 τὴν
3064 4226 3225 4295 ἁγίαν
3276 4224 3567 4298 Παρθένον·
3589 4220 3791 4286 καθώς

2219 4339 2381 4393 φησιν
2413 4324 2470 4374 ὲν
2512 4323 2575 4392 τῇ
2624 4320 2820 4389 νομικῇ
2870 4315 3064 4387 βίϐλῳ·
3129 4317 3198 4368 Ὃ
3238 4314 3365 4385 μὴν
3404 4309 3582 4381 οὗτος
3612 4312 3790 4387 ὑμῖν,

2218 4412 2372 4482 ἁρχὴ
2392 4411 2622 4481 μηνῶν,
2646 4408 2878 4479 πρῶτός
2900 4408 3071 4461 ἐστιν
3095 4404 3257 4476 ὑμῖν,
3281 4407 3351 4459 ἐν
3371 4405 3494 4471 τοῖς
3504 4406 3662 4475 μησὶ
3689 4400 3791 4457 τοῦ

2218 4506 2514 4560 ἐνιαυτοῦ.
2558 4503 2750 4573 Πάσχα
2796 4500 2951 4569 ἅγιον
2988 4498 3285 4572 ὲορτάσατε
3312 4496 3433 4570 [ἄλ.
3480 4491 3789 4568 ὲορτάσετε]

553 4605 602 4648 ει
632 4610 816 4648 nomen
837 4593 1079 4663 virginis,
1104 4592 1282 4647 Maria
1311 4594 1377 4658 ¹⁸,
1407 4602 1462 4648 et
1481 4594 1711 4663 reliqua.
1746 4593 1967 4647 Primus
1990 4606 2116 4645 vero

2221 4598 2297 4669 τῷ
2328 4595 2516 4669 Κυρίῳ
2563 4596 2643 4657 εἰς
2684 4593 2865 4655 πάσας
2895 4589 2993 4656 τὰς
3036 4590 3226 4659 γενεάς
3270 4589 3443 4660 ὑμῶν.
3490 4588 3686 4652 Ἕκτος
3734 4584 3789 4637 δὲ

554 4686 645 4739 hic
678 4693 762 4740 est
810 4686 1035 4751 mensis,
1077 4699 1185 4754 quo
1237 4685 1308 4740 ad
1374 4686 1776 4761 sanctissimam
1835 4682 2112 4754 Virginem

553 4778 759 4832 missus
780 4785 864 4831 est
901 4775 1296 4847 archangelus;
1338 4777 1477 4831 sicut
1508 4786 1562 4832 et
1593 4778 1647 4831 in
1683 4777 1840 4848 legali
1872 4777 2011 4831 libro
2040 4775 2115 4830 ait

555 4867 833 4938 Scriptura
870 4887 883 4922 :
916 4867 1111 4922 Mensis
1161 4869 1261 4922 iste
1292 4868 1434 4922 vobis
1476 4870 1795 4938 principium
1834 4870 2112 4933 mensium,

456 5025 463 5032 .
553 4960 754 5029 primus
781 4969 857 5013 est
901 4957 1042 5011 vobis
1091 4959 1147 5011 in
1189 4959 1450 5013 mensibus
1489 4960 1701 5013 anni".
1733 4958 1947 5015 Pascha
1982 4976 2114 5015 san~

554 5061 702 5106 etum
724 5051 989 5107 celebrate
1018 5048 1114 5121 [αι.
1132 5048 1498 5119 celebrabitis]
1534 5048 1786 5117 Domino,
1816 5050 2115 5113 incunctis

555 5142 997 5211 generationibus
1035 5141 1251 5196 vestris.
1296 5137 1494 5194 Sextus
1544 5155 1673 5194 vero
1727 5142 1933 5197 mensis
1971 5143 2115 5212 apud

557 5232 896 5289 Zachariam.
924 5231 1117 5286 Merito
1147 5231 1310 5301 igitur
1354 5230 1697 5285 sanctissima
1725 5230 1890 5302 Virgo
1923 5248 1989 5287 ex
2024 5248 2116 5302 ge-

557 5343 687 5383 nere
710 5325 879 5381 David
918 5323 1040 5389 fuit,
1067 5332 1121 5378 et
1148 5321 1458 5377 Bethlehem
1493 5322 1722 5390 patriam
1758 5323 2024 5392 possedit,
2053 5339 2117 5383 ac

554 5417 754 5490 Ioseph
783 5417 1083 5475 secundum
1135 5413 1624 5483 consanguinitatis
1665 5415 1808 5485 leges
1851 5415 1976 5484 jure
2020 5416 2116 5469 de-

457 5549 463 5555 .
560 5518 839 5580 sponsata.
876 5506 943 5561 Et
978 5515 1166 5561 custos
1188 5504 1307 5573 ejus
1325 5513 1442 5558 erat
1465 5519 1720 5573 sponsus,
1753 5513 1915 5573 atque
1941 5506 2118 5559 incor-

559 5599 829 5669 rnptionis
856 5598 1028 5668 ipsius
1054 5599 1387 5653 intemeratae
1412 5596 1770 5651 cohabitator.
1795 5595 1863 5651 Et
1890 5598 2119 5652 sanctis-

557 5691 712 5748 simae
740 5687 945 5759 Virgini
974 5689 1127 5744 valde
1156 5703 1314 5745 suum
1338 5688 1640 5757 quadrabat
1665 5704 1862 5745 nomen
1899 5706 1914 5743 :
1947 5688 2115 5744 Maria

2230 4689 2333 4761 μὴν
2365 4688 2497 4760 πρὸς
2529 4684 2819 4757 Ζαχαρίαν.
2853 4682 3092 4743 Εἰκότως
3122 4680 3180 4733 δὲ
3209 4683 3243 4752 ὴ
3270 4680 3399 4749 ἁγία
3430 4678 3705 4750 Παρθένος
3728 4678 3790 4727 ἐκ

2225 4781 2412 4849 γένους
2459 4777 2621 4844 Δαϐὶδ
2662 4775 2970 4845 ἐτύγχανεν,
3012 4773 3106 4826 καὶ
3137 4772 3235 4842 τὴν
3266 4769 3512 4842 Βηθλεὲμ
3557 4766 3797 4839 πατρίδι·
3856 4794 3859 4801 ι
3920 4796 3933 4803 -

2224 4869 2502 4941 ἐκέκτητο,
2533 4868 2626 4921 καὶ
2651 4865 2729 4937 τῷ
2766 4863 2962 4937 Ἰωσὴφ
2986 4863 3124 4918 κατά
3150 4862 3347 4932 νόμους
3367 4860 3685 4931 συγγενείας
3708 4857 3785 4911 δι-

2225 4960 2391 5023 καίως
2424 4958 2845 5029 ἐμεμνήστευτο.
2882 4956 2993 5008 Καὶ
3024 4951 3197 5024 φύλαξ
3222 4947 3292 5024 ἦν
3320 4954 3349 5005 6
3384 4953 3662 5023 μνήστωρ,
3696 4948 3786 5002 καὶ

2222 5052 2251 5104 6
2281 5049 2584 5122 ἀφθαρσίας
2616 5047 2894 5120 ἀκηράτου
2931 5044 3201 5108 σύνοικος,
3234 5044 3345 5096 Καὶ
3375 5045 3439 5113 τῇ
3484 5042 3616 5113 ἁγίᾳ
3638 5042 3785 5110 Παρ-
3862 5082 3867 5085 .

2222 5143 2363 5213 θένῳ
2386 5141 2505 5195 λίαν
2534 5140 2740 5212 πρέπον
2765 5140 2955 5209 ὄνομα.
2992 5135 3181 5208 Μαρία
3200 5134 3308 5207 γὰρ
3331 5134 3596 5204 ἐκέκλητο
3612 5150 3626 5163 ·
3653 5134 3785 5199 ὅπερ

2221 5236 2285 5307 δὴ
2329 5231 2628 5304 φωτισμὸς
2660 5228 3038 5303 ἑρμηνεύεται.
3076 5227 3140 5280 Τί
3191 5226 3299 5298 γὰρ
3344 5225 3437 5280 τοῦ
3474 5225 3650 5295 φωτδς
3689 5221 3783 5291 τῆς

2222 5324 2516 5397 παρθενίας
2531 5323 2903 5395 λαμπρότερον
2921 5337 2937 5385 ;
2957 5320 3114 5373 ὐθεν
3130 5319 3225 5373 καὶ
3247 5317 3344 5381 τάς
3361 5317 3560 5389 ἀρετὰς
3588 5310 3785 5387 παρθέ·
3852 5322 3861 5328 ‘
3888 5372 3893 5375 I
3952 5356 3957 5361 .
4004 5336 4015 5345 -

2222 5432 2345 5479 νους
2377 5413 2748 5485 ὀνομάζουσιν,
2765 5414 2813 5464 oi
2836 5410 2934 5475 τὰς
2945 5410 3131 5475 οὐσίας
3155 5409 3335 5463 αὐτῶν
3362 5408 3579 5477 ἁγαθῶς
3606 5418 3785 5475 στοχα-

2226 5504 2458 5576 ζόμενοι.
2494 5505 2556 5557 Εἰ
2587 5504 2643 5557 δὲ
2676 5502 2922 5557 τοσοῦτον
2942 5502 3164 5571 ἀγαθὸν,
3192 5499 3457 5573 παρθένον
3491 5501 3632 5571 ἔχειν
3653 5512 3777 5567 καθ’

2225 5598 2363 5664 δίαν,
2394 5596 2578 5668 ἡλίκον
2612 5598 2645 5667 η
2677 5594 2812 5666 σὰρξ
2842 5594 2979 5666 μετά
3019 5595 3117 5666 τῆς
3142 5595 3317 5667 ψυχῆς
3360 5593 3457 5665 τὴν
3495 5590 3782 5666 παρθενίαν

2227 5690 2544 5760 ἀσκήσασα;
2578 5686 2758 5752 Οθτως
2789 5688 2881 5741 καὶ⁸
2912 5690 2944 5757 ἡ
2974 5687 3101 5756 ἁγία
3133 5687 3321 5757 Μαρία
3346 5688 3403 5740 ἐν
3439 5685 3600 5758 σαρκὶ
3630 5678 3778 5745 οὖσα,

631 5879 674 5911 ι’
709 5876 866 5932 Rom.
899 5894 949 5943 v,
979 5878 1063 5931 Η.
1141 5878 1183 5909 ¹³
1216 5877 1344 5932 Luc.
1377 5893 1414 5930 ι.
1496 5876 1538 5908 ⁸⁵
1564 5874 1695 5930 Luc.
1721 5891 1761 5941 ι,
1790 5874 1879 5944 26,
1910 5875 2001 5929 27.
2079 5876 2116 5909 "

2219 5837 2315 5931 od.
2351 5891 2451 5942 xu,
2485 5874 2539 5928 Ξ.
2941 5861 2959 5891 ⁸
