  <div class='ocr_page' id='page_1' title='image "/cluster/home/n/w/nwhite01/storage/ocr_20150623/10/coo.31924054872894/594.png"; bbox 0 0 4100 6372; ppageno 0'>
   <div class='ocr_carea' id='block_1_1' title="bbox 396 448 532 503">
    <p class='ocr_par' dir='ltr' id='par_1_1' title="bbox 396 448 532 503">
     <span class='ocr_line' id='line_1_1' title="bbox 396 448 532 503; baseline 0 0"><span class='ocrx_word' id='word_1_1' title='bbox 396 448 532 503; x_wconf 73' lang='lat' dir='ltr'><strong>H05</strong></span> 
     </span>
    </p>
   </div>
   <div class='ocr_carea' id='block_1_2' title="bbox 1295 420 2763 490">
    <p class='ocr_par' dir='ltr' id='par_1_2' title="bbox 1295 420 2763 490">
     <span class='ocr_line' id='line_1_2' title="bbox 1295 420 2763 490; baseline -0.01 1"><span class='ocrx_word' id='word_1_2' title='bbox 1295 433 1581 490; x_wconf 76' lang='lat' dir='ltr'><strong>HOMILIA</strong></span> <span class='ocrx_word' id='word_1_3' title='bbox 1618 430 1661 485; x_wconf 85' lang='lat' dir='ltr'><strong>ll</strong></span> <span class='ocrx_word' id='word_1_4' title='bbox 1702 427 1771 485; x_wconf 86' lang='grc' dir='ltr'><strong>ΙΝ</strong></span> <span class='ocrx_word' id='word_1_5' title='bbox 1813 424 2237 484; x_wconf 69' lang='lat' dir='ltr'><strong>ANNUNTIAT.</strong></span> <span class='ocrx_word' id='word_1_6' title='bbox 2280 422 2463 478; x_wconf 83' lang='lat' dir='ltr'><strong>VIRG.</strong></span> <span class='ocrx_word' id='word_1_7' title='bbox 2501 420 2763 476; x_wconf 62' lang='grc' dir='ltr'><strong>ΜᾹΒΙᾸΕ.</strong></span> 
     </span>
    </p>
   </div>
   <div class='ocr_carea' id='block_1_3' title="bbox 3517 424 3655 480">
    <p class='ocr_par' dir='ltr' id='par_1_3' title="bbox 3517 424 3655 480">
     <span class='ocr_line' id='line_1_3' title="bbox 3517 424 3655 480; baseline 0.007 -1"><span class='ocrx_word' id='word_1_8' title='bbox 3517 424 3655 480; x_wconf 78' lang='lat'><strong>“66</strong></span> 
     </span>
    </p>
   </div>
   <div class='ocr_carea' id='block_1_4' title="bbox 393 531 1988 636">
    <p class='ocr_par' dir='ltr' id='par_1_4' title="bbox 393 531 1971 636">
     <span class='ocr_line' id='line_1_4' title="bbox 393 531 1971 636; baseline -0.011 -18"><span class='ocrx_word' id='word_1_9' title='bbox 393 562 491 636; x_wconf 76' lang='grc' dir='ltr'>τὴν</span> <span class='ocrx_word' id='word_1_10' title='bbox 522 562 793 635; x_wconf 78' lang='grc' dir='ltr'><strong>ἄφθαρτον</strong></span> <span class='ocrx_word' id='word_1_11' title='bbox 835 531 1108 630; x_wconf 75' lang='grc' dir='ltr'>πολιτείαν</span> <span class='ocrx_word' id='word_1_12' title='bbox 1146 556 1427 625; x_wconf 74' lang='grc' dir='ltr'>ἐκέκτητο,</span> <span class='ocrx_word' id='word_1_13' title='bbox 1466 554 1559 607; x_wconf 78' lang='grc' dir='ltr'><strong>καὶ</strong></span> <span class='ocrx_word' id='word_1_14' title='bbox 1589 550 1656 605; x_wconf 81' lang='grc' dir='ltr'>τὰ</span> <span class='ocrx_word' id='word_1_15' title='bbox 1690 550 1838 622; x_wconf 83' lang='grc' dir='ltr'><strong>παρά</strong></span> <span class='ocrx_word' id='word_1_16' title='bbox 1878 547 1971 601; x_wconf 74' lang='grc' dir='ltr'><strong>τοῦ</strong></span> 
     </span>
    </p>
   </div>
   <div class='ocr_carea' id='block_1_5' title="bbox 2093 531 3654 636">
    <p class='ocr_par' dir='ltr' id='par_1_5' title="bbox 2093 542 3654 613">
     <span class='ocr_line' id='line_1_5' title="bbox 2093 542 3654 613; baseline 0 -15"><span class='ocrx_word' id='word_1_17' title='bbox 2093 545 2223 598; x_wconf 66' lang='lat' dir='ltr'><strong>enim</strong></span> <span class='ocrx_word' id='word_1_18' title='bbox 2257 555 2567 613; x_wconf 89' lang='lat' dir='ltr'><strong>nuncupata</strong></span> <span class='ocrx_word' id='word_1_19' title='bbox 2599 552 2736 607; x_wconf 87' lang='lat' dir='ltr'><strong>erat,</strong></span> <span class='ocrx_word' id='word_1_20' title='bbox 2771 542 2915 611; x_wconf 88' lang='lat' dir='ltr'><strong>quod</strong></span> <span class='ocrx_word' id='word_1_21' title='bbox 2948 542 3275 597; x_wconf 85' lang='lat' dir='ltr'><strong>illuminatio</strong></span> <span class='ocrx_word' id='word_1_22' title='bbox 3326 543 3654 613; x_wconf 81' lang='lat' dir='ltr'><strong>interpreta—</strong></span> 
     </span>
    </p>
   </div>
   <div class='ocr_carea' id='block_1_6' title="bbox 397 639 1973 729">
    <p class='ocr_par' dir='ltr' id='par_1_6' title="bbox 397 639 1973 729">
     <span class='ocr_line' id='line_1_6' title="bbox 397 639 1973 729; baseline -0.011 -19"><span class='ocrx_word' id='word_1_23' title='bbox 397 655 732 729; x_wconf 74' lang='grc' dir='ltr'>ἀρχαγγέλου</span> <span class='ocrx_word' id='word_1_24' title='bbox 763 648 1053 723; x_wconf 79' lang='grc' dir='ltr'>λεχθέντα,</span> <span class='ocrx_word' id='word_1_25' title='bbox 1074 649 1251 704; x_wconf 80' lang='grc' dir='ltr'>πίστει</span> <span class='ocrx_word' id='word_1_26' title='bbox 1278 648 1509 717; x_wconf 84' lang='grc' dir='ltr'>ἐδέχετο.</span> <span class='ocrx_word' id='word_1_27' title='bbox 1538 644 1646 698; x_wconf 79' lang='grc' dir='ltr'><strong>Καὶ</strong></span> <span class='ocrx_word' id='word_1_28' title='bbox 1675 643 1797 695; x_wconf 84' lang='grc' dir='ltr'>τότε</span> <span class='ocrx_word' id='word_1_29' title='bbox 1834 639 1973 711; x_wconf 87' lang='grc' dir='ltr'><strong>μετά</strong></span> 
     </span>
    </p>
   </div>
   <div class='ocr_carea' id='block_1_7' title="bbox 400 734 1971 820">
    <p class='ocr_par' dir='ltr' id='par_1_7' title="bbox 400 734 1971 820">
     <span class='ocr_line' id='line_1_7' title="bbox 400 734 1971 820; baseline -0.011 -16"><span class='ocrx_word' id='word_1_30' title='bbox 400 750 632 820; x_wconf 75' lang='grc' dir='ltr'><strong>σπουδῆς</strong></span> <span class='ocrx_word' id='word_1_31' title='bbox 666 749 801 819; x_wconf 84' lang='grc' dir='ltr'>πρὸς</span> <span class='ocrx_word' id='word_1_32' title='bbox 844 747 941 816; x_wconf 68' lang='grc' dir='ltr'><strong>τὴν</strong></span> <span class='ocrx_word' id='word_1_33' title='bbox 986 740 1264 798; x_wconf 76' lang='grc' dir='ltr'>Ἐλισάὄετ</span> <span class='ocrx_word' id='word_1_34' title='bbox 1306 741 1404 812; x_wconf 80' lang='grc' dir='ltr'>τὴν</span> <span class='ocrx_word' id='word_1_35' title='bbox 1452 736 1738 807; x_wconf 87' lang='grc' dir='ltr'>συγγενίδα</span> <span class='ocrx_word' id='word_1_36' title='bbox 1769 734 1971 805; x_wconf 82' lang='grc' dir='ltr'>αὐτῆς,</span> 
     </span>
    </p>
   </div>
   <div class='ocr_carea' id='block_1_8' title="bbox 386 826 1976 912">
    <p class='ocr_par' dir='ltr' id='par_1_8' title="bbox 386 826 1976 912">
     <span class='ocr_line' id='line_1_8' title="bbox 386 826 1976 912; baseline -0.009 -17"><span class='ocrx_word' id='word_1_37' title='bbox 386 826 478 907; x_wconf 23' lang='grc' dir='ltr'>κείς</span> <span class='ocrx_word' id='word_1_38' title='bbox 509 842 606 912; x_wconf 85' lang='grc' dir='ltr'>τὴν</span> <span class='ocrx_word' id='word_1_39' title='bbox 633 841 843 912; x_wconf 81' lang='grc' dir='ltr'>ὀρεινὴν</span> <span class='ocrx_word' id='word_1_40' title='bbox 877 841 1187 910; x_wconf 74' lang='grc' dir='ltr'>ἐπορεύετο.</span> <span class='ocrx_word' id='word_1_41' title='bbox 1219 834 1332 890; x_wconf 77' lang='grc' dir='ltr'><strong>Καὶ</strong></span> <span class='ocrx_word' id='word_1_42' title='bbox 1353 830 1714 888; x_wconf 73' lang='grc' dir='ltr'><strong>εἰσελθοῦσα</strong></span> <span class='ocrx_word' id='word_1_43' title='bbox 1741 832 1828 896; x_wconf 82' lang='grc' dir='ltr'>εὶς</span> <span class='ocrx_word' id='word_1_44' title='bbox 1872 826 1976 881; x_wconf 82' lang='grc' dir='ltr'>τὸν</span> 
     </span>
    </p>
   </div>
   <div class='ocr_carea' id='block_1_9' title="bbox 372 923 1972 1000">
    <p class='ocr_par' dir='ltr' id='par_1_9' title="bbox 372 923 1972 1000">
     <span class='ocr_line' id='line_1_9' title="bbox 372 923 1972 1000; baseline -0.008 -12"><span class='ocrx_word' id='word_1_45' title='bbox 372 931 569 988; x_wconf 79' lang='grc' dir='ltr'>οἷκον</span> <span class='ocrx_word' id='word_1_46' title='bbox 624 932 730 986; x_wconf 81' lang='grc' dir='ltr'>τοῦ</span> <span class='ocrx_word' id='word_1_47' title='bbox 782 932 1066 1000; x_wconf 78' lang='grc' dir='ltr'><strong>Ζαχαρία,</strong></span> <span class='ocrx_word' id='word_1_48' title='bbox 1107 928 1430 997; x_wconf 77' lang='grc' dir='ltr'>ἠσπάσατο</span> <span class='ocrx_word' id='word_1_49' title='bbox 1481 925 1596 994; x_wconf 83' lang='grc' dir='ltr'><strong>τὴν</strong></span> <span class='ocrx_word' id='word_1_50' title='bbox 1638 923 1972 986; x_wconf 81' lang='grc' dir='ltr'>Ἐλισάϐετ,</span> 
     </span>
    </p>
   </div>
   <div class='ocr_carea' id='block_1_10' title="bbox 404 1016 1974 1097">
    <p class='ocr_par' dir='ltr' id='par_1_10' title="bbox 404 1016 1974 1097">
     <span class='ocr_line' id='line_1_10' title="bbox 404 1016 1974 1097; baseline -0.008 -18"><span class='ocrx_word' id='word_1_51' title='bbox 404 1022 758 1097; x_wconf 84' lang='grc' dir='ltr'>μιμησαμένη</span> <span class='ocrx_word' id='word_1_52' title='bbox 780 1023 868 1076; x_wconf 83' lang='grc' dir='ltr'><strong>τὸν</strong></span> <span class='ocrx_word' id='word_1_53' title='bbox 890 1021 1136 1090; x_wconf 85' lang='grc' dir='ltr'>ἄγγελον.</span> <span class='ocrx_word' id='word_1_54' title='bbox 1174 1020 1270 1085; x_wconf 85' lang='grc' dir='ltr'>’.Ως</span> <span class='ocrx_word' id='word_1_55' title='bbox 1286 1019 1343 1072; x_wconf 79' lang='grc' dir='ltr'><strong>δὲ</strong></span> <span class='ocrx_word' id='word_1_56' title='bbox 1363 1018 1630 1087; x_wconf 78' lang='grc' dir='ltr'><strong>ἤκουσεν</strong></span> <span class='ocrx_word' id='word_1_57' title='bbox 1650 1016 1757 1069; x_wconf 77' lang='grc' dir='ltr'>τὸν</span> <span class='ocrx_word' id='word_1_58' title='bbox 1776 1016 1974 1069; x_wconf 83' lang='grc' dir='ltr'>ἀσπα-</span> 
     </span>
    </p>
   </div>
   <div class='ocr_carea' id='block_1_11' title="bbox 401 1107 1977 1189">
    <p class='ocr_par' dir='ltr' id='par_1_11' title="bbox 401 1107 1977 1189">
     <span class='ocr_line' id='line_1_11' title="bbox 401 1107 1977 1189; baseline -0.008 -16"><span class='ocrx_word' id='word_1_59' title='bbox 401 1118 691 1189; x_wconf 66' lang='grc' dir='ltr'>σμὸντῆς</span> <span class='ocrx_word' id='word_1_60' title='bbox 720 1116 947 1184; x_wconf 81' lang='grc' dir='ltr'><em>Μαρίας</em></span> <span class='ocrx_word' id='word_1_61' title='bbox 970 1117 1010 1183; x_wconf 77' lang='grc' dir='ltr'><strong><em>ἠ</em></strong></span> <span class='ocrx_word' id='word_1_62' title='bbox 1051 1112 1378 1176; x_wconf 79' lang='grc' dir='ltr'>Ἐλισάϐετ,</span> <span class='ocrx_word' id='word_1_63' title='bbox 1401 1111 1723 1178; x_wconf 77' lang='grc' dir='ltr'><em>ἐσκίρτησε</em></span> <span class='ocrx_word' id='word_1_64' title='bbox 1753 1107 1817 1162; x_wconf 81' lang='grc' dir='ltr'>τὸ</span> <span class='ocrx_word' id='word_1_65' title='bbox 1837 1108 1977 1176; x_wconf 80' lang='grc' dir='ltr'>,ϐρέ-</span> 
     </span>
    </p>
   </div>
   <div class='ocr_carea' id='block_1_12' title="bbox 401 1202 1974 1283">
    <p class='ocr_par' dir='ltr' id='par_1_12' title="bbox 401 1202 1974 1283">
     <span class='ocr_line' id='line_1_12' title="bbox 401 1202 1974 1283; baseline -0.009 -15"><span class='ocrx_word' id='word_1_66' title='bbox 401 1232 513 1283; x_wconf 71' lang='grc' dir='ltr'>φος</span> <span class='ocrx_word' id='word_1_67' title='bbox 545 1216 602 1266; x_wconf 86' lang='grc' dir='ltr'>ὲν</span> <span class='ocrx_word' id='word_1_68' title='bbox 636 1211 952 1281; x_wconf 83' lang='grc' dir='ltr'><strong>ἀγαλλιάσει</strong></span> <span class='ocrx_word' id='word_1_69' title='bbox 986 1210 1057 1263; x_wconf 87' lang='grc' dir='ltr'>ἐν</span> <span class='ocrx_word' id='word_1_70' title='bbox 1080 1207 1155 1276; x_wconf 78' lang='grc' dir='ltr'>τῇ</span> <span class='ocrx_word' id='word_1_71' title='bbox 1174 1207 1388 1273; x_wconf 62' lang='grc' dir='ltr'>κοιλίᾳ</span> <span class='ocrx_word' id='word_1_72' title='bbox 1433 1203 1640 1271; x_wconf 82' lang='grc' dir='ltr'>αὐτῆς,</span> <span class='ocrx_word' id='word_1_73' title='bbox 1667 1202 1766 1257; x_wconf 77' lang='grc' dir='ltr'><strong>καὶ</strong></span> <span class='ocrx_word' id='word_1_74' title='bbox 1786 1202 1974 1268; x_wconf 81' lang='grc' dir='ltr'>ἐπλή-</span> 
     </span>
    </p>
   </div>
   <div class='ocr_carea' id='block_1_13' title="bbox 375 1292 1976 1373">
    <p class='ocr_par' dir='ltr' id='par_1_13' title="bbox 375 1292 1976 1373">
     <span class='ocr_line' id='line_1_13' title="bbox 375 1292 1976 1373; baseline -0.01 -13"><span class='ocrx_word' id='word_1_75' title='bbox 375 1299 379 1302; x_wconf 52' lang='grc'><em>’</em></span> <span class='ocrx_word' id='word_1_76' title='bbox 401 1309 518 1373; x_wconf 79' lang='grc' dir='ltr'><strong>σθη</strong></span> <span class='ocrx_word' id='word_1_77' title='bbox 540 1306 882 1373; x_wconf 84' lang='grc' dir='ltr'>Πνεύματος</span> <span class='ocrx_word' id='word_1_78' title='bbox 909 1301 1080 1371; x_wconf 78' lang='grc' dir='ltr'>ἁγίου</span> <span class='ocrx_word' id='word_1_79' title='bbox 1096 1301 1142 1367; x_wconf 67' lang='grc' dir='ltr'>ἡ</span> <span class='ocrx_word' id='word_1_80' title='bbox 1173 1297 1499 1352; x_wconf 78' lang='grc' dir='ltr'>Ἐλισάϐετ.</span> <span class='ocrx_word' id='word_1_81' title='bbox 1532 1292 1741 1349; x_wconf 74' lang='grc' dir='ltr'>Οὐκοῦν</span> <span class='ocrx_word' id='word_1_82' title='bbox 1770 1294 1804 1364; x_wconf 84' lang='grc' dir='ltr'>ἡ</span> <span class='ocrx_word' id='word_1_83' title='bbox 1826 1292 1976 1362; x_wconf 83' lang='grc' dir='ltr'>φωνὴ</span> 
     </span>
    </p>
   </div>
   <div class='ocr_carea' id='block_1_14' title="bbox 401 1384 1978 1470">
    <p class='ocr_par' dir='ltr' id='par_1_14' title="bbox 401 1384 1978 1470">
     <span class='ocr_line' id='line_1_14' title="bbox 401 1384 1978 1470; baseline -0.011 -17"><span class='ocrx_word' id='word_1_84' title='bbox 401 1400 498 1469; x_wconf 70' lang='grc' dir='ltr'>τῆς</span> <span class='ocrx_word' id='word_1_85' title='bbox 512 1397 731 1470; x_wconf 83' lang='grc' dir='ltr'>Μαρίας</span> <span class='ocrx_word' id='word_1_86' title='bbox 757 1397 848 1466; x_wconf 83' lang='grc' dir='ltr'><strong>ὲνή</strong></span> <span class='ocrx_word' id='word_1_87' title='bbox 859 1411 1046 1466; x_wconf 86' lang='grc' dir='ltr'>ργησε,</span> <span class='ocrx_word' id='word_1_88' title='bbox 1071 1394 1165 1446; x_wconf 74' lang='grc' dir='ltr'><strong>καὶ</strong></span> <span class='ocrx_word' id='word_1_89' title='bbox 1196 1390 1521 1470; x_wconf 62' lang='grc' dir='ltr'>Πνεύματος</span> <span class='ocrx_word' id='word_1_90' title='bbox 1540 1387 1695 1456; x_wconf 88' lang='grc' dir='ltr'>ἁγίου</span> <span class='ocrx_word' id='word_1_91' title='bbox 1713 1385 1808 1456; x_wconf 85' lang='grc' dir='ltr'>τὴν</span> <span class='ocrx_word' id='word_1_92' title='bbox 1842 1384 1978 1437; x_wconf 88' lang='grc' dir='ltr'>Ἐλι-</span> 
     </span>
    </p>
   </div>
   <div class='ocr_carea' id='block_1_15' title="bbox 351 1462 1977 1560">
    <p class='ocr_par' dir='ltr' id='par_1_15' title="bbox 351 1462 1977 1560">
     <span class='ocr_line' id='line_1_15' title="bbox 351 1462 1977 1560; baseline -0.008 -16"><span class='ocrx_word' id='word_1_93' title='bbox 351 1521 355 1525; x_wconf 58' lang='grc' dir='ltr'><strong>ν</strong></span> <span class='ocrx_word' id='word_1_94' title='bbox 405 1462 569 1544; x_wconf 79' lang='grc' dir='ltr'>σάὅετ</span> <span class='ocrx_word' id='word_1_95' title='bbox 611 1462 1052 1560; x_wconf 46' lang='grc' dir='ltr'>’ἐνέπλησε[ἇλ.</span> <span class='ocrx_word' id='word_1_96' title='bbox 1098 1481 1445 1556; x_wconf 76' lang='grc' dir='ltr'>ὲπλήρωσε]’</span> <span class='ocrx_word' id='word_1_97' title='bbox 1470 1462 1878 1550; x_wconf 50' lang='grc' dir='ltr'><strong>Γ’καὶ-καθόιειτι-ῖρ</strong></span> <span class='ocrx_word' id='word_1_98' title='bbox 1918 1477 1977 1544; x_wconf 76' lang='grc' dir='ltr'>ἐξ</span> 
     </span>
    </p>
   </div>
   <div class='ocr_carea' id='block_1_16' title="bbox 402 1572 1978 1652">
    <p class='ocr_par' dir='ltr' id='par_1_16' title="bbox 402 1572 1978 1652">
     <span class='ocr_line' id='line_1_16' title="bbox 402 1572 1978 1652; baseline -0.007 -15"><span class='ocrx_word' id='word_1_99' title='bbox 402 1584 627 1638; x_wconf 82' lang='grc' dir='ltr'>ἀεννάου</span> <span class='ocrx_word' id='word_1_100' title='bbox 666 1582 848 1652; x_wconf 79' lang='grc' dir='ltr'>πηγῆς</span> <span class='ocrx_word' id='word_1_101' title='bbox 880 1580 967 1634; x_wconf 77' lang='grc' dir='ltr'>διὰ</span> <span class='ocrx_word' id='word_1_102' title='bbox 1004 1581 1103 1650; x_wconf 83' lang='grc' dir='ltr'><strong>τῆς</strong></span> <span class='ocrx_word' id='word_1_103' title='bbox 1149 1576 1393 1646; x_wconf 84' lang='grc' dir='ltr'><strong>γλώττης</strong></span> <span class='ocrx_word' id='word_1_104' title='bbox 1425 1574 1672 1645; x_wconf 83' lang='grc' dir='ltr'>ποταμὸν</span> <span class='ocrx_word' id='word_1_105' title='bbox 1703 1572 1978 1643; x_wconf 80' lang='grc' dir='ltr'>χαρισμά-</span> 
     </span>
    </p>
   </div>
   <div class='ocr_carea' id='block_1_17' title="bbox 400 1665 1974 1746">
    <p class='ocr_par' dir='ltr' id='par_1_17' title="bbox 400 1665 1974 1746">
     <span class='ocr_line' id='line_1_17' title="bbox 400 1665 1974 1746; baseline -0.009 -16"><span class='ocrx_word' id='word_1_106' title='bbox 400 1682 531 1739; x_wconf 73' lang='grc' dir='ltr'>των,</span> <span class='ocrx_word' id='word_1_107' title='bbox 573 1676 663 1729; x_wconf 85' lang='grc' dir='ltr'><strong>διά</strong></span> <span class='ocrx_word' id='word_1_108' title='bbox 714 1675 812 1746; x_wconf 78' lang='grc' dir='ltr'>τῆς</span> <span class='ocrx_word' id='word_1_109' title='bbox 846 1672 1180 1746; x_wconf 73' lang='grc' dir='ltr'><strong>προφητείας</strong></span> <span class='ocrx_word' id='word_1_110' title='bbox 1210 1673 1276 1741; x_wconf 84' lang='grc' dir='ltr'>τῇ</span> <span class='ocrx_word' id='word_1_111' title='bbox 1323 1668 1598 1737; x_wconf 85' lang='grc' dir='ltr'>συγγενίδι</span> <span class='ocrx_word' id='word_1_112' title='bbox 1642 1665 1974 1736; x_wconf 71' lang='grc' dir='ltr'><strong>ἐξέπεμψεν·</strong></span> 
     </span>
    </p>
   </div>
   <div class='ocr_carea' id='block_1_18' title="bbox 404 1757 1980 1838">
    <p class='ocr_par' dir='ltr' id='par_1_18' title="bbox 404 1757 1980 1838">
     <span class='ocr_line' id='line_1_18' title="bbox 404 1757 1980 1838; baseline -0.01 -15"><span class='ocrx_word' id='word_1_113' title='bbox 404 1770 499 1829; x_wconf 77' lang='grc' dir='ltr'>καὶ</span> <span class='ocrx_word' id='word_1_114' title='bbox 522 1772 635 1832; x_wconf 88' lang='grc' dir='ltr'>τοῖς</span> <span class='ocrx_word' id='word_1_115' title='bbox 663 1768 788 1821; x_wconf 82' lang='grc' dir='ltr'>ποσὶ</span> <span class='ocrx_word' id='word_1_116' title='bbox 814 1765 909 1820; x_wconf 80' lang='grc' dir='ltr'><strong>τοῦ</strong></span> <span class='ocrx_word' id='word_1_117' title='bbox 928 1765 1161 1838; x_wconf 75' lang='grc' dir='ltr'><strong>βρέφους</strong></span> <span class='ocrx_word' id='word_1_118' title='bbox 1182 1766 1248 1835; x_wconf 76' lang='grc' dir='ltr'>τῇ</span> <span class='ocrx_word' id='word_1_119' title='bbox 1264 1761 1460 1832; x_wconf 74' lang='grc' dir='ltr'>γαστρὶ</span> <span class='ocrx_word' id='word_1_120' title='bbox 1484 1758 1804 1830; x_wconf 82' lang='grc' dir='ltr'>δεδεμένοις,</span> <span class='ocrx_word' id='word_1_121' title='bbox 1827 1757 1980 1810; x_wconf 80' lang='grc' dir='ltr'>ἀλλε-</span> 
     </span>
    </p>
   </div>
   <div class='ocr_carea' id='block_1_19' title="bbox 2077 634 3656 705">
    <p class='ocr_par' dir='ltr' id='par_1_19' title="bbox 2077 634 3656 705">
     <span class='ocr_line' id='line_1_19' title="bbox 2077 634 3656 705; baseline 0 -15"><span class='ocrx_word' id='word_1_122' title='bbox 2077 647 2185 690; x_wconf 88' lang='lat' dir='ltr'><strong>tur.</strong></span> <span class='ocrx_word' id='word_1_123' title='bbox 2223 635 2363 701; x_wconf 82' lang='lat' dir='ltr'><strong>Quid</strong></span> <span class='ocrx_word' id='word_1_124' title='bbox 2401 635 2547 688; x_wconf 89' lang='lat' dir='ltr'><strong>enim</strong></span> <span class='ocrx_word' id='word_1_125' title='bbox 2597 634 2888 703; x_wconf 78' lang='lat' dir='ltr'><strong>splendore</strong></span> <span class='ocrx_word' id='word_1_126' title='bbox 2947 634 3282 705; x_wconf 76' lang='lat' dir='ltr'><strong>virginitatis</strong></span> <span class='ocrx_word' id='word_1_127' title='bbox 3338 634 3656 692; x_wconf 84' lang='lat' dir='ltr'><strong>illustrius?</strong></span> 
     </span>
    </p>
   </div>
   <div class='ocr_carea' id='block_1_20' title="bbox 2077 724 3655 796">
    <p class='ocr_par' dir='ltr' id='par_1_20' title="bbox 2077 724 3655 796">
     <span class='ocr_line' id='line_1_20' title="bbox 2077 724 3655 796; baseline 0 -16"><span class='ocrx_word' id='word_1_128' title='bbox 2077 730 2423 796; x_wconf 78' lang='lat' dir='ltr'><strong>Quapropter</strong></span> <span class='ocrx_word' id='word_1_129' title='bbox 2468 735 2523 780; x_wconf 90' lang='lat' dir='ltr'><strong>et</strong></span> <span class='ocrx_word' id='word_1_130' title='bbox 2569 727 2798 780; x_wconf 83' lang='lat' dir='ltr'><strong>virtutes</strong></span> <span class='ocrx_word' id='word_1_131' title='bbox 2850 724 3090 794; x_wconf 74' lang='lat' dir='ltr'><strong>virgines</strong></span> <span class='ocrx_word' id='word_1_132' title='bbox 3132 724 3508 791; x_wconf 80' lang='lat' dir='ltr'><strong>denominant,</strong></span> <span class='ocrx_word' id='word_1_133' title='bbox 3558 727 3655 796; x_wconf 84' lang='lat' dir='ltr'><strong>qui</strong></span> 
     </span>
    </p>
   </div>
   <div class='ocr_carea' id='block_1_21' title="bbox 2077 815 3655 887">
    <p class='ocr_par' dir='ltr' id='par_1_21' title="bbox 2077 815 3655 887">
     <span class='ocr_line' id='line_1_21' title="bbox 2077 815 3655 887; baseline -0.001 -14"><span class='ocrx_word' id='word_1_134' title='bbox 2077 829 2224 874; x_wconf 90' lang='lat' dir='ltr'><strong>recte</strong></span> <span class='ocrx_word' id='word_1_135' title='bbox 2270 819 2539 874; x_wconf 87' lang='lat' dir='ltr'><strong>essentias</strong></span> <span class='ocrx_word' id='word_1_136' title='bbox 2587 833 2777 871; x_wconf 88' lang='lat' dir='ltr'><strong>earnm</strong></span> <span class='ocrx_word' id='word_1_137' title='bbox 2805 817 3128 887; x_wconf 81' lang='lat' dir='ltr'><strong>conjiciunt.</strong></span> <span class='ocrx_word' id='word_1_138' title='bbox 3164 815 3322 882; x_wconf 84' lang='lat' dir='ltr'><strong>Quod</strong></span> <span class='ocrx_word' id='word_1_139' title='bbox 3356 816 3406 872; x_wconf 90' lang='lat' dir='ltr'><strong>si</strong></span> <span class='ocrx_word' id='word_1_140' title='bbox 3443 827 3655 873; x_wconf 85' lang='lat' dir='ltr'><strong>tantum</strong></span> 
     </span>
    </p>
   </div>
   <div class='ocr_carea' id='block_1_22' title="bbox 2083 908 3658 979">
    <p class='ocr_par' dir='ltr' id='par_1_22' title="bbox 2083 908 3658 979">
     <span class='ocr_line' id='line_1_22' title="bbox 2083 908 3658 979; baseline -0.002 -13"><span class='ocrx_word' id='word_1_141' title='bbox 2083 920 2167 967; x_wconf 85' lang='lat' dir='ltr'><strong>est</strong></span> <span class='ocrx_word' id='word_1_142' title='bbox 2195 912 2400 965; x_wconf 87' lang='lat' dir='ltr'><strong>bonum</strong></span> <span class='ocrx_word' id='word_1_143' title='bbox 2433 910 2631 963; x_wconf 79' lang='lat' dir='ltr'><strong>habere</strong></span> <span class='ocrx_word' id='word_1_144' title='bbox 2657 924 2753 962; x_wconf 91' lang='lat' dir='ltr'><strong>cor</strong></span> <span class='ocrx_word' id='word_1_145' title='bbox 2784 909 3096 979; x_wconf 79' lang='lat' dir='ltr'><strong>virginitate</strong></span> <span class='ocrx_word' id='word_1_146' title='bbox 3130 908 3414 977; x_wconf 70' lang='lat' dir='ltr'><strong>praeditum</strong></span> <span class='ocrx_word' id='word_1_147' title='bbox 3435 950 3450 975; x_wconf 92' lang='lat'><strong>,</strong></span> <span class='ocrx_word' id='word_1_148' title='bbox 3477 924 3658 979; x_wconf 84' lang='lat' dir='ltr'><strong>quan-</strong></span> 
     </span>
    </p>
   </div>
   <div class='ocr_carea' id='block_1_23' title="bbox 2079 998 3660 1070">
    <p class='ocr_par' dir='ltr' id='par_1_23' title="bbox 2079 998 3660 1070">
     <span class='ocr_line' id='line_1_23' title="bbox 2079 998 3660 1070; baseline -0.001 -15"><span class='ocrx_word' id='word_1_149' title='bbox 2079 1013 2190 1057; x_wconf 91' lang='lat' dir='ltr'><strong>tum</strong></span> <span class='ocrx_word' id='word_1_150' title='bbox 2224 1002 2439 1056; x_wconf 85' lang='lat' dir='ltr'><strong>tandem</strong></span> <span class='ocrx_word' id='word_1_151' title='bbox 2475 1001 2580 1055; x_wconf 88' lang='lat' dir='ltr'><strong>erit</strong></span> <span class='ocrx_word' id='word_1_152' title='bbox 2609 1016 2761 1064; x_wconf 87' lang='lat' dir='ltr'><strong>caro,</strong></span> <span class='ocrx_word' id='word_1_153' title='bbox 2786 1015 2908 1069; x_wconf 61' lang='lat' dir='ltr'><strong>quae</strong></span> <span class='ocrx_word' id='word_1_154' title='bbox 2954 1015 3081 1054; x_wconf 91' lang='lat' dir='ltr'><strong>cum</strong></span> <span class='ocrx_word' id='word_1_155' title='bbox 3131 998 3317 1070; x_wconf 86' lang='lat' dir='ltr'><strong>animo</strong></span> <span class='ocrx_word' id='word_1_156' title='bbox 3376 998 3660 1069; x_wconf 87' lang='lat' dir='ltr'><strong>virginita-</strong></span> 
     </span>
    </p>
   </div>
   <div class='ocr_carea' id='block_1_24' title="bbox 2080 1090 3660 1150">
    <p class='ocr_par' dir='ltr' id='par_1_24' title="bbox 2080 1090 3660 1150">
     <span class='ocr_line' id='line_1_24' title="bbox 2080 1090 3660 1150; baseline -0.003 0"><span class='ocrx_word' id='word_1_157' title='bbox 2080 1107 2184 1150; x_wconf 92' lang='lat' dir='ltr'><strong>tem</strong></span> <span class='ocrx_word' id='word_1_158' title='bbox 2227 1094 2495 1149; x_wconf 86' lang='lat' dir='ltr'><strong>coluerit?</strong></span> <span class='ocrx_word' id='word_1_159' title='bbox 2553 1092 2644 1147; x_wconf 85' lang='lat' dir='ltr'><strong>Sic</strong></span> <span class='ocrx_word' id='word_1_160' title='bbox 2694 1102 2748 1146; x_wconf 88' lang='lat' dir='ltr'><strong>et</strong></span> <span class='ocrx_word' id='word_1_161' title='bbox 2798 1100 2986 1146; x_wconf 87' lang='lat' dir='ltr'><strong>sancta</strong></span> <span class='ocrx_word' id='word_1_162' title='bbox 3036 1090 3206 1146; x_wconf 86' lang='lat' dir='ltr'><strong>Maria</strong></span> <span class='ocrx_word' id='word_1_163' title='bbox 3254 1092 3310 1145; x_wconf 91' lang='lat' dir='ltr'><strong>in</strong></span> <span class='ocrx_word' id='word_1_164' title='bbox 3341 1105 3508 1146; x_wconf 89' lang='lat' dir='ltr'><strong>carne</strong></span> <span class='ocrx_word' id='word_1_165' title='bbox 3527 1091 3660 1146; x_wconf 90' lang='lat' dir='ltr'><strong>dum</strong></span> 
     </span>
    </p>
   </div>
   <div class='ocr_carea' id='block_1_25' title="bbox 2078 1182 3658 1253">
    <p class='ocr_par' dir='ltr' id='par_1_25' title="bbox 2078 1182 3658 1253">
     <span class='ocr_line' id='line_1_25' title="bbox 2078 1182 3658 1253; baseline -0.003 -12"><span class='ocrx_word' id='word_1_166' title='bbox 2078 1194 2243 1251; x_wconf 90' lang='lat' dir='ltr'><strong>esset,</strong></span> <span class='ocrx_word' id='word_1_167' title='bbox 2279 1185 2447 1238; x_wconf 90' lang='lat' dir='ltr'><strong>vitam</strong></span> <span class='ocrx_word' id='word_1_168' title='bbox 2475 1184 2848 1253; x_wconf 80' lang='lat' dir='ltr'><strong>incorruptam</strong></span> <span class='ocrx_word' id='word_1_169' title='bbox 2894 1191 3059 1251; x_wconf 88' lang='lat' dir='ltr'><strong>atque</strong></span> <span class='ocrx_word' id='word_1_170' title='bbox 3086 1182 3498 1236; x_wconf 88' lang='lat' dir='ltr'><strong>immaculatam</strong></span> <span class='ocrx_word' id='word_1_171' title='bbox 3525 1197 3658 1253; x_wconf 88' lang='lat' dir='ltr'><strong>pos-</strong></span> 
     </span>
    </p>
   </div>
   <div class='ocr_carea' id='block_1_26' title="bbox 2080 1272 3664 1342">
    <p class='ocr_par' dir='ltr' id='par_1_26' title="bbox 2080 1272 3664 1342">
     <span class='ocr_line' id='line_1_26' title="bbox 2080 1272 3664 1342; baseline -0.001 -12"><span class='ocrx_word' id='word_1_172' title='bbox 2080 1276 2310 1339; x_wconf 86' lang='lat' dir='ltr'><strong>sidebat,</strong></span> <span class='ocrx_word' id='word_1_173' title='bbox 2342 1290 2407 1328; x_wconf 92' lang='lat' dir='ltr'><strong>ac</strong></span> <span class='ocrx_word' id='word_1_174' title='bbox 2437 1275 2602 1327; x_wconf 89' lang='lat' dir='ltr'><strong>verba</strong></span> <span class='ocrx_word' id='word_1_175' title='bbox 2632 1275 2701 1328; x_wconf 89' lang='lat' dir='ltr'><strong>ab</strong></span> <span class='ocrx_word' id='word_1_176' title='bbox 2735 1274 3064 1342; x_wconf 85' lang='lat' dir='ltr'><strong>archangelo</strong></span> <span class='ocrx_word' id='word_1_177' title='bbox 3092 1273 3238 1327; x_wconf 88' lang='lat' dir='ltr'><strong>dicta</strong></span> <span class='ocrx_word' id='word_1_178' title='bbox 3264 1274 3318 1327; x_wconf 91' lang='lat' dir='ltr'><strong>in</strong></span> <span class='ocrx_word' id='word_1_179' title='bbox 3348 1272 3453 1328; x_wconf 81' lang='lat' dir='ltr'><strong>ﬁde</strong></span> <span class='ocrx_word' id='word_1_180' title='bbox 3480 1274 3664 1329; x_wconf 55' lang='lat' dir='ltr'><strong>susci‘</strong></span> 
     </span>
    </p>
   </div>
   <div class='ocr_carea' id='block_1_27' title="bbox 2079 1364 3662 1441">
    <p class='ocr_par' dir='ltr' id='par_1_27' title="bbox 2079 1364 3662 1441">
     <span class='ocr_line' id='line_1_27' title="bbox 2079 1364 3662 1441; baseline -0.002 -18"><span class='ocrx_word' id='word_1_181' title='bbox 2079 1369 2282 1441; x_wconf 86' lang='lat' dir='ltr'><strong>piebat.</strong></span> <span class='ocrx_word' id='word_1_182' title='bbox 2336 1366 2603 1436; x_wconf 88' lang='lat' dir='ltr'><strong>Tuncque</strong></span> <span class='ocrx_word' id='word_1_183' title='bbox 2674 1382 2799 1420; x_wconf 89' lang='lat' dir='ltr'><strong>cum</strong></span> <span class='ocrx_word' id='word_1_184' title='bbox 2862 1364 3214 1420; x_wconf 83' lang='lat' dir='ltr'><strong>festinatione</strong></span> <span class='ocrx_word' id='word_1_185' title='bbox 3269 1365 3338 1419; x_wconf 89' lang='lat' dir='ltr'><strong>ad</strong></span> <span class='ocrx_word' id='word_1_186' title='bbox 3384 1365 3662 1420; x_wconf 88' lang='lat' dir='ltr'><strong>Elisabeth</strong></span> 
     </span>
    </p>
   </div>
   <div class='ocr_carea' id='block_1_28' title="bbox 2087 1454 3663 1532">
    <p class='ocr_par' dir='ltr' id='par_1_28' title="bbox 2087 1454 3663 1532">
     <span class='ocr_line' id='line_1_28' title="bbox 2087 1454 3663 1532; baseline -0.004 -17"><span class='ocrx_word' id='word_1_187' title='bbox 2087 1469 2375 1532; x_wconf 80' lang='lat' dir='ltr'><strong>cognatam</strong></span> <span class='ocrx_word' id='word_1_188' title='bbox 2428 1474 2584 1514; x_wconf 88' lang='lat' dir='ltr'><strong>suam</strong></span> <span class='ocrx_word' id='word_1_189' title='bbox 2633 1457 3009 1512; x_wconf 77' lang='lat' dir='ltr'><strong>contendebat.</strong></span> <span class='ocrx_word' id='word_1_190' title='bbox 3048 1454 3118 1509; x_wconf 86' lang='lat' dir='ltr'><strong>Et</strong></span> <span class='ocrx_word' id='word_1_191' title='bbox 3168 1458 3405 1526; x_wconf 86' lang='lat' dir='ltr'><strong>ingressa</strong></span> <span class='ocrx_word' id='word_1_192' title='bbox 3446 1456 3663 1509; x_wconf 89' lang='lat' dir='ltr'><strong>domum</strong></span> 
     </span>
    </p>
   </div>
   <div class='ocr_carea' id='block_1_29' title="bbox 2089 1550 3658 1620">
    <p class='ocr_par' dir='ltr' id='par_1_29' title="bbox 2089 1550 3658 1620">
     <span class='ocr_line' id='line_1_29' title="bbox 2089 1550 3658 1620; baseline -0.002 -13"><span class='ocrx_word' id='word_1_193' title='bbox 2089 1553 2396 1620; x_wconf 74' lang='lat' dir='ltr'><strong>Zachariae,</strong></span> <span class='ocrx_word' id='word_1_194' title='bbox 2451 1553 2703 1606; x_wconf 77' lang='lat' dir='ltr'><strong>salutavit</strong></span> <span class='ocrx_word' id='word_1_195' title='bbox 2756 1550 3064 1614; x_wconf 83' lang='lat' dir='ltr'><strong>Elisabeth,</strong></span> <span class='ocrx_word' id='word_1_196' title='bbox 3124 1550 3377 1619; x_wconf 85' lang='lat' dir='ltr'><strong>angelum</strong></span> <span class='ocrx_word' id='word_1_197' title='bbox 3430 1550 3658 1604; x_wconf 88' lang='lat' dir='ltr'><strong>imitata.</strong></span> 
     </span>
    </p>
   </div>
   <div class='ocr_carea' id='block_1_30' title="bbox 2103 1640 3661 1706">
    <p class='ocr_par' dir='ltr' id='par_1_30' title="bbox 2103 1640 3661 1706">
     <span class='ocr_line' id='line_1_30' title="bbox 2103 1640 3661 1706; baseline -0.003 -7"><span class='ocrx_word' id='word_1_198' title='bbox 2103 1644 2169 1699; x_wconf 88' lang='lat' dir='ltr'><strong>Ut</strong></span> <span class='ocrx_word' id='word_1_199' title='bbox 2212 1653 2392 1699; x_wconf 88' lang='lat' dir='ltr'><strong>autem</strong></span> <span class='ocrx_word' id='word_1_200' title='bbox 2436 1644 2636 1697; x_wconf 76' lang='lat' dir='ltr'><strong>audivit</strong></span> <span class='ocrx_word' id='word_1_201' title='bbox 2702 1642 3079 1695; x_wconf 81' lang='lat' dir='ltr'><strong>salutationem</strong></span> <span class='ocrx_word' id='word_1_202' title='bbox 3132 1640 3324 1696; x_wconf 75' lang='lat' dir='ltr'><strong>Maria:</strong></span> <span class='ocrx_word' id='word_1_203' title='bbox 3363 1640 3661 1706; x_wconf 82' lang='lat' dir='ltr'><strong>Elisabeth,</strong></span> 
     </span>
    </p>
   </div>
   <div class='ocr_carea' id='block_1_31' title="bbox 2096 1735 3665 1807">
    <p class='ocr_par' dir='ltr' id='par_1_31' title="bbox 2096 1735 3665 1807">
     <span class='ocr_line' id='line_1_31' title="bbox 2096 1735 3665 1807; baseline -0.004 -12"><span class='ocrx_word' id='word_1_204' title='bbox 2096 1740 2379 1795; x_wconf 76' lang='lat' dir='ltr'><strong>exsultavit</strong></span> <span class='ocrx_word' id='word_1_205' title='bbox 2422 1739 2600 1807; x_wconf 74' lang='lat' dir='ltr'><strong>infans</strong></span> <span class='ocrx_word' id='word_1_206' title='bbox 2645 1752 2755 1806; x_wconf 68' lang='lat' dir='ltr'><strong>pra:</strong></span> <span class='ocrx_word' id='word_1_207' title='bbox 2778 1735 2952 1805; x_wconf 86' lang='lat' dir='ltr'><strong>jubilo</strong></span> <span class='ocrx_word' id='word_1_208' title='bbox 2976 1737 3031 1787; x_wconf 85' lang='lat' dir='ltr'><strong>in</strong></span> <span class='ocrx_word' id='word_1_209' title='bbox 3056 1744 3204 1787; x_wconf 84' lang='lat' dir='ltr'><strong>utero</strong></span> <span class='ocrx_word' id='word_1_210' title='bbox 3231 1735 3363 1804; x_wconf 88' lang='lat' dir='ltr'><strong>ejus,</strong></span> <span class='ocrx_word' id='word_1_211' title='bbox 3395 1744 3443 1788; x_wconf 85' lang='lat' dir='ltr'><strong>et</strong></span> <span class='ocrx_word' id='word_1_212' title='bbox 3468 1738 3665 1804; x_wconf 84' lang='lat' dir='ltr'><strong>repleta</strong></span> 
     </span>
    </p>
   </div>
   <div class='ocr_carea' id='block_1_32' title="bbox 308 1825 1988 1932">
    <p class='ocr_par' dir='ltr' id='par_1_32' title="bbox 308 1825 1980 1932">
     <span class='ocr_line' id='line_1_32' title="bbox 308 1825 1980 1932; baseline -0.008 -17"><span class='ocrx_word' id='word_1_213' title='bbox 308 1854 317 1858; x_wconf 67' lang='grc'><em>’</em></span> <span class='ocrx_word' id='word_1_214' title='bbox 405 1828 528 1916; x_wconf 84' lang='grc' dir='ltr'>σθαι</span> <span class='ocrx_word' id='word_1_215' title='bbox 561 1825 655 1914; x_wconf 72' lang='grc' dir='ltr'><strong>κοῖι</strong></span> <span class='ocrx_word' id='word_1_216' title='bbox 695 1825 1384 1932; x_wconf 40' lang='grc' dir='ltr'>σκιρτᾷνιπαρεσκειίασεν.</span> <span class='ocrx_word' id='word_1_217' title='bbox 1410 1825 1616 1924; x_wconf 43' lang='grc' dir='ltr'>’Ὅπερ</span> <span class='ocrx_word' id='word_1_218' title='bbox 1650 1847 1718 1921; x_wconf 78' lang='grc' dir='ltr'>ἧν</span> <span class='ocrx_word' id='word_1_219' title='bbox 1762 1850 1980 1921; x_wconf 87' lang='grc' dir='ltr'>χορείας</span> 
     </span>
    </p>
   </div>
   <div class='ocr_carea' id='block_1_33' title="bbox 2093 1825 3666 1932">
    <p class='ocr_par' dir='ltr' id='par_1_33' title="bbox 2093 1825 3666 1904">
     <span class='ocr_line' id='line_1_33' title="bbox 2093 1825 3666 1904; baseline -0.004 -16"><span class='ocrx_word' id='word_1_220' title='bbox 2093 1845 2158 1889; x_wconf 69' lang='grc' dir='ltr'><strong>εει</strong></span> <span class='ocrx_word' id='word_1_221' title='bbox 2212 1832 2420 1904; x_wconf 77' lang='lat' dir='ltr'><strong>Spiritu</strong></span> <span class='ocrx_word' id='word_1_222' title='bbox 2474 1840 2656 1885; x_wconf 86' lang='lat' dir='ltr'><strong>sancto</strong></span> <span class='ocrx_word' id='word_1_223' title='bbox 2690 1827 3049 1882; x_wconf 71' lang='lat' dir='ltr'><strong>Elisabeth“.</strong></span> <span class='ocrx_word' id='word_1_224' title='bbox 3091 1826 3208 1882; x_wconf 82' lang='lat' dir='ltr'><strong>Vox</strong></span> <span class='ocrx_word' id='word_1_225' title='bbox 3262 1827 3428 1897; x_wconf 84' lang='lat' dir='ltr'><strong>igitur</strong></span> <span class='ocrx_word' id='word_1_226' title='bbox 3480 1825 3666 1882; x_wconf 71' lang='lat' dir='ltr'><strong>Maria:</strong></span> 
     </span>
    </p>
   </div>
   <div class='ocr_carea' id='block_1_34' title="bbox 374 1918 1988 2023">
    <p class='ocr_par' dir='ltr' id='par_1_34' title="bbox 374 1918 1981 2023">
     <span class='ocr_line' id='line_1_34' title="bbox 374 1918 1981 2023; baseline -0.009 -18"><span class='ocrx_word' id='word_1_227' title='bbox 374 2008 381 2017; x_wconf 27' lang='grc' dir='ltr'><em>ν</em></span> <span class='ocrx_word' id='word_1_228' title='bbox 405 1951 679 2023; x_wconf 73' lang='grc' dir='ltr'>θαύματος</span> <span class='ocrx_word' id='word_1_229' title='bbox 710 1918 996 2020; x_wconf 76' lang='grc' dir='ltr'>σύμϐολον.</span> <span class='ocrx_word' id='word_1_230' title='bbox 1037 1918 1205 2000; x_wconf 49' lang='grc' dir='ltr'>ζἘνθα</span> <span class='ocrx_word' id='word_1_231' title='bbox 1234 1944 1343 2017; x_wconf 84' lang='grc' dir='ltr'><strong>γὰρ</strong></span> <span class='ocrx_word' id='word_1_232' title='bbox 1365 1946 1399 2014; x_wconf 84' lang='grc' dir='ltr'>ἡ</span> <span class='ocrx_word' id='word_1_233' title='bbox 1436 1918 1849 2014; x_wconf 65' lang='grc' dir='ltr'>κεχαριτωμένή</span> <span class='ocrx_word' id='word_1_234' title='bbox 1877 1956 1981 1993; x_wconf 91' lang='grc' dir='ltr'>πα-</span> 
     </span>
    </p>
   </div>
   <div class='ocr_carea' id='block_1_35' title="bbox 2093 1918 3665 2023">
    <p class='ocr_par' dir='ltr' id='par_1_35' title="bbox 2093 1918 3665 1992">
     <span class='ocr_line' id='line_1_35' title="bbox 2093 1918 3665 1992; baseline -0.006 -10"><span class='ocrx_word' id='word_1_235' title='bbox 2093 1926 2269 1982; x_wconf 74' lang='lat' dir='ltr'><strong>efﬁcax</strong></span> <span class='ocrx_word' id='word_1_236' title='bbox 2308 1924 2432 1991; x_wconf 85' lang='lat' dir='ltr'><strong>fuit,</strong></span> <span class='ocrx_word' id='word_1_237' title='bbox 2463 1932 2518 1978; x_wconf 90' lang='lat' dir='ltr'><strong>et</strong></span> <span class='ocrx_word' id='word_1_238' title='bbox 2541 1921 2748 1992; x_wconf 85' lang='lat' dir='ltr'><strong>Spiritu</strong></span> <span class='ocrx_word' id='word_1_239' title='bbox 2773 1928 2967 1975; x_wconf 89' lang='lat' dir='ltr'><strong>sancto</strong></span> <span class='ocrx_word' id='word_1_240' title='bbox 2996 1920 3222 1990; x_wconf 81' lang='lat' dir='ltr'><strong>replevit</strong></span> <span class='ocrx_word' id='word_1_241' title='bbox 3243 1918 3521 1975; x_wconf 88' lang='lat' dir='ltr'><strong>Elisabetb</strong></span> <span class='ocrx_word' id='word_1_242' title='bbox 3546 1935 3561 1971; x_wconf 89' lang='lat'><strong>:</strong></span> <span class='ocrx_word' id='word_1_243' title='bbox 3599 1934 3665 1973; x_wconf 89' lang='lat' dir='ltr'><strong>ac</strong></span> 
     </span>
    </p>
   </div>
   <div class='ocr_carea' id='block_1_36' title="bbox 408 2034 1979 2116">
    <p class='ocr_par' dir='ltr' id='par_1_36' title="bbox 408 2034 1979 2116">
     <span class='ocr_line' id='line_1_36' title="bbox 408 2034 1979 2116; baseline -0.008 -18"><span class='ocrx_word' id='word_1_244' title='bbox 408 2034 787 2116; x_wconf 79' lang='grc' dir='ltr'>ραγεγένηται,</span> <span class='ocrx_word' id='word_1_245' title='bbox 845 2042 1020 2114; x_wconf 83' lang='grc' dir='ltr'>χαρᾶς</span> <span class='ocrx_word' id='word_1_246' title='bbox 1070 2040 1140 2093; x_wconf 85' lang='grc' dir='ltr'>τὰ</span> <span class='ocrx_word' id='word_1_247' title='bbox 1182 2038 1361 2092; x_wconf 87' lang='grc' dir='ltr'>πάντα</span> <span class='ocrx_word' id='word_1_248' title='bbox 1406 2037 1779 2107; x_wconf 81' lang='grc' dir='ltr'><strong>πεπλήρωται.</strong></span> <span class='ocrx_word' id='word_1_249' title='bbox 1823 2034 1979 2087; x_wconf 85' lang='grc' dir='ltr'><strong>Ἀνε-</strong></span> 
     </span>
    </p>
   </div>
   <div class='ocr_carea' id='block_1_37' title="bbox 398 2121 1973 2205">
    <p class='ocr_par' dir='ltr' id='par_1_37' title="bbox 398 2121 1973 2205">
     <span class='ocr_line' id='line_1_37' title="bbox 398 2121 1973 2205; baseline -0.008 -15"><span class='ocrx_word' id='word_1_250' title='bbox 398 2134 720 2205; x_wconf 53' lang='grc' dir='ltr'>νςςώνησεδὲ</span> <span class='ocrx_word' id='word_1_251' title='bbox 753 2130 1161 2204; x_wconf 68' lang='grc' dir='ltr'><strong>φωνῇμετάλῃ</strong></span> <span class='ocrx_word' id='word_1_252' title='bbox 1216 2133 1249 2202; x_wconf 80' lang='grc' dir='ltr'>ὴ</span> <span class='ocrx_word' id='word_1_253' title='bbox 1297 2127 1596 2188; x_wconf 79' lang='grc' dir='ltr'>Ἐλισάὸετ,</span> <span class='ocrx_word' id='word_1_254' title='bbox 1647 2126 1746 2180; x_wconf 83' lang='grc' dir='ltr'>καὶ</span> <span class='ocrx_word' id='word_1_255' title='bbox 1776 2121 1973 2180; x_wconf 79' lang='grc' dir='ltr'>εἶπεν·</span> 
     </span>
    </p>
   </div>
   <div class='ocr_carea' id='block_1_38' title="bbox 408 2210 1981 2297">
    <p class='ocr_par' dir='ltr' id='par_1_38' title="bbox 408 2210 1981 2297">
     <span class='ocr_line' id='line_1_38' title="bbox 408 2210 1981 2297; baseline -0.008 -14"><span class='ocrx_word' id='word_1_256' title='bbox 408 2210 797 2297; x_wconf 70' lang='grc' dir='ltr'><strong>Εὐλογημένη</strong></span> <span class='ocrx_word' id='word_1_257' title='bbox 846 2224 927 2279; x_wconf 92' lang='grc' dir='ltr'><strong>σὺ</strong></span> <span class='ocrx_word' id='word_1_258' title='bbox 970 2223 1041 2278; x_wconf 81' lang='grc' dir='ltr'>ἐν</span> <span class='ocrx_word' id='word_1_259' title='bbox 1077 2221 1466 2293; x_wconf 77' lang='grc' dir='ltr'>τυναιξὶ,καὶ</span> <span class='ocrx_word' id='word_1_260' title='bbox 1510 2214 1916 2288; x_wconf 69' lang='grc' dir='ltr'><strong>εὐλογημένος</strong></span> <span class='ocrx_word' id='word_1_261' title='bbox 1948 2220 1981 2271; x_wconf 86' lang='grc' dir='ltr'><em>ὁ</em></span> 
     </span>
    </p>
   </div>
   <div class='ocr_carea' id='block_1_39' title="bbox 405 2311 1979 2389">
    <p class='ocr_par' dir='ltr' id='par_1_39' title="bbox 405 2311 1979 2389">
     <span class='ocr_line' id='line_1_39' title="bbox 405 2311 1979 2389; baseline -0.007 -15"><span class='ocrx_word' id='word_1_262' title='bbox 405 2320 634 2389; x_wconf 74' lang='grc' dir='ltr'>καρπὸς</span> <span class='ocrx_word' id='word_1_263' title='bbox 666 2318 776 2387; x_wconf 85' lang='grc' dir='ltr'>τῆς</span> <span class='ocrx_word' id='word_1_264' title='bbox 806 2316 1040 2383; x_wconf 75' lang='grc' dir='ltr'><strong>κοιλίας</strong></span> <span class='ocrx_word' id='word_1_265' title='bbox 1069 2330 1215 2370; x_wconf 88' lang='grc' dir='ltr'>σου·</span> <span class='ocrx_word' id='word_1_266' title='bbox 1262 2313 1363 2368; x_wconf 78' lang='grc' dir='ltr'>καὶ</span> <span class='ocrx_word' id='word_1_267' title='bbox 1406 2313 1594 2366; x_wconf 84' lang='grc' dir='ltr'>πόθεν</span> <span class='ocrx_word' id='word_1_268' title='bbox 1626 2328 1736 2381; x_wconf 84' lang='grc' dir='ltr'><strong>μοι</strong></span> <span class='ocrx_word' id='word_1_269' title='bbox 1763 2311 1941 2364; x_wconf 86' lang='grc' dir='ltr'>τοῦτο</span> <span class='ocrx_word' id='word_1_270' title='bbox 1964 2350 1979 2373; x_wconf 92' lang='grc'><strong>,</strong></span> 
     </span>
    </p>
   </div>
   <div class='ocr_carea' id='block_1_40' title="bbox 406 2403 1985 2478">
    <p class='ocr_par' dir='ltr' id='par_1_40' title="bbox 406 2403 1985 2478">
     <span class='ocr_line' id='line_1_40' title="bbox 406 2403 1985 2478; baseline -0.004 -15"><span class='ocrx_word' id='word_1_271' title='bbox 406 2408 507 2464; x_wconf 73' lang='grc' dir='ltr'>ἵνα</span> <span class='ocrx_word' id='word_1_272' title='bbox 534 2410 680 2478; x_wconf 77' lang='grc' dir='ltr'>ἔλθῃ</span> <span class='ocrx_word' id='word_1_273' title='bbox 703 2410 742 2478; x_wconf 77' lang='grc' dir='ltr'>ἡ</span> <span class='ocrx_word' id='word_1_274' title='bbox 765 2406 961 2478; x_wconf 82' lang='grc' dir='ltr'><strong>μήτηρ</strong></span> <span class='ocrx_word' id='word_1_275' title='bbox 993 2406 1100 2461; x_wconf 66' lang='grc' dir='ltr'>τοῦ</span> <span class='ocrx_word' id='word_1_276' title='bbox 1129 2407 1350 2474; x_wconf 82' lang='grc' dir='ltr'><strong>Κυρίου</strong></span> <span class='ocrx_word' id='word_1_277' title='bbox 1393 2422 1511 2474; x_wconf 83' lang='grc' dir='ltr'>μου</span> <span class='ocrx_word' id='word_1_278' title='bbox 1538 2403 1690 2473; x_wconf 81' lang='grc' dir='ltr'>πρὸς</span> <span class='ocrx_word' id='word_1_279' title='bbox 1721 2403 1836 2472; x_wconf 84' lang='grc' dir='ltr'>μέ;</span> <span class='ocrx_word' id='word_1_280' title='bbox 1870 2404 1985 2457; x_wconf 89' lang='grc' dir='ltr'><strong>Εὐ-</strong></span> 
     </span>
    </p>
   </div>
   <div class='ocr_carea' id='block_1_41' title="bbox 407 2495 1985 2572">
    <p class='ocr_par' dir='ltr' id='par_1_41' title="bbox 407 2495 1985 2572">
     <span class='ocr_line' id='line_1_41' title="bbox 407 2495 1985 2572; baseline -0.005 -16"><span class='ocrx_word' id='word_1_281' title='bbox 407 2500 822 2572; x_wconf 69' lang='grc' dir='ltr'>λογημένη-σὺ</span> <span class='ocrx_word' id='word_1_282' title='bbox 850 2500 921 2553; x_wconf 81' lang='grc' dir='ltr'>ἐν</span> <span class='ocrx_word' id='word_1_283' title='bbox 950 2496 1209 2569; x_wconf 74' lang='grc' dir='ltr'>γυναιξί.</span> <span class='ocrx_word' id='word_1_284' title='bbox 1249 2498 1321 2550; x_wconf 88' lang='grc' dir='ltr'>Σὺ</span> <span class='ocrx_word' id='word_1_285' title='bbox 1352 2495 1462 2568; x_wconf 85' lang='grc' dir='ltr'>γὰρ</span> <span class='ocrx_word' id='word_1_286' title='bbox 1494 2498 1685 2559; x_wconf 85' lang='grc' dir='ltr'>αὐταῖς</span> <span class='ocrx_word' id='word_1_287' title='bbox 1716 2496 1860 2567; x_wconf 85' lang='grc' dir='ltr'>ἀρχὴ</span> <span class='ocrx_word' id='word_1_288' title='bbox 1887 2496 1985 2566; x_wconf 81' lang='grc' dir='ltr'>τῆς</span> 
     </span>
    </p>
   </div>
   <div class='ocr_carea' id='block_1_42' title="bbox 371 2586 1973 2664">
    <p class='ocr_par' dir='ltr' id='par_1_42' title="bbox 371 2586 1973 2664">
     <span class='ocr_line' id='line_1_42' title="bbox 371 2586 1973 2664; baseline -0.005 -17"><span class='ocrx_word' id='word_1_289' title='bbox 371 2632 376 2640; x_wconf 57' lang='grc' dir='ltr'><strong>ι</strong></span> <span class='ocrx_word' id='word_1_290' title='bbox 409 2592 762 2657; x_wconf 70' lang='grc' dir='ltr'>ἀναπλάσεως</span> <span class='ocrx_word' id='word_1_291' title='bbox 1000 2586 1379 2659; x_wconf 85' lang='grc' dir='ltr'>ἀναστάσεως]</span> <span class='ocrx_word' id='word_1_292' title='bbox 1435 2588 1684 2658; x_wconf 84' lang='grc' dir='ltr'><strong>γέγονας.</strong></span> <span class='ocrx_word' id='word_1_293' title='bbox 1729 2588 1803 2640; x_wconf 82' lang='grc' dir='ltr'>Σὺ</span> <span class='ocrx_word' id='word_1_294' title='bbox 1838 2588 1973 2658; x_wconf 82' lang='grc' dir='ltr'>παῤ-</span> 
     </span>
    </p>
   </div>
   <div class='ocr_carea' id='block_1_43' title="bbox 412 2678 1989 2757">
    <p class='ocr_par' dir='ltr' id='par_1_43' title="bbox 412 2678 1989 2757">
     <span class='ocr_line' id='line_1_43' title="bbox 412 2678 1989 2757; baseline -0.02 -1"><span class='ocrx_word' id='word_1_295' title='bbox 412 2679 605 2757; x_wconf 62' lang='grc' dir='ltr'>ρὴσίαν</span> <span class='ocrx_word' id='word_1_296' title='bbox 634 2684 768 2755; x_wconf 82' lang='grc' dir='ltr'>ἡμῖν</span> <span class='ocrx_word' id='word_1_297' title='bbox 786 2683 884 2753; x_wconf 82' lang='grc' dir='ltr'>τῆς</span> <span class='ocrx_word' id='word_1_298' title='bbox 909 2683 989 2745; x_wconf 77' lang='grc' dir='ltr'><strong>εἰς</strong></span> <span class='ocrx_word' id='word_1_299' title='bbox 1018 2680 1344 2750; x_wconf 83' lang='grc' dir='ltr'>παράδεισον</span> <span class='ocrx_word' id='word_1_300' title='bbox 1374 2678 1579 2732; x_wconf 77' lang='grc' dir='ltr'>εἰσόδου</span> <span class='ocrx_word' id='word_1_301' title='bbox 1601 2678 1859 2742; x_wconf 81' lang='grc' dir='ltr'>δέδωκας,</span> <span class='ocrx_word' id='word_1_302' title='bbox 1894 2679 1989 2733; x_wconf 70' lang='grc' dir='ltr'><strong>καὶ</strong></span> 
     </span>
    </p>
   </div>
   <div class='ocr_carea' id='block_1_44' title="bbox 412 2770 1985 2850">
    <p class='ocr_par' dir='ltr' id='par_1_44' title="bbox 412 2770 1985 2850">
     <span class='ocr_line' id='line_1_44' title="bbox 412 2770 1985 2850; baseline -0.007 -17"><span class='ocrx_word' id='word_1_303' title='bbox 412 2778 507 2850; x_wconf 81' lang='grc' dir='ltr'><strong>τὴν</strong></span> <span class='ocrx_word' id='word_1_304' title='bbox 553 2777 787 2849; x_wconf 81' lang='grc' dir='ltr'>ἀρχαίαν</span> <span class='ocrx_word' id='word_1_305' title='bbox 829 2775 1017 2844; x_wconf 81' lang='grc' dir='ltr'>ὀδύνην</span> <span class='ocrx_word' id='word_1_306' title='bbox 1047 2771 1291 2838; x_wconf 80' lang='grc' dir='ltr'>ὲδίωξας.</span> <span class='ocrx_word' id='word_1_307' title='bbox 1328 2771 1524 2825; x_wconf 85' lang='grc' dir='ltr'>Οὐκέτι</span> <span class='ocrx_word' id='word_1_308' title='bbox 1565 2770 1674 2843; x_wconf 84' lang='grc' dir='ltr'><strong>γὰρ</strong></span> <span class='ocrx_word' id='word_1_309' title='bbox 1717 2771 1857 2842; x_wconf 78' lang='grc' dir='ltr'><strong>μετά</strong></span> <span class='ocrx_word' id='word_1_310' title='bbox 1891 2771 1985 2835; x_wconf 82' lang='grc' dir='ltr'><strong>σὲ,</strong></span> 
     </span>
    </p>
   </div>
   <div class='ocr_carea' id='block_1_45' title="bbox 408 2851 1990 2941">
    <p class='ocr_par' dir='ltr' id='par_1_45' title="bbox 408 2851 1990 2941">
     <span class='ocr_line' id='line_1_45' title="bbox 408 2851 1990 2941; baseline -0.006 -15"><span class='ocrx_word' id='word_1_311' title='bbox 408 2873 473 2926; x_wconf 77' lang='grc' dir='ltr'><strong>τδ</strong></span> <span class='ocrx_word' id='word_1_312' title='bbox 505 2871 659 2941; x_wconf 86' lang='grc' dir='ltr'>γένος</span> <span class='ocrx_word' id='word_1_313' title='bbox 686 2869 794 2923; x_wconf 81' lang='grc' dir='ltr'>τῶν</span> <span class='ocrx_word' id='word_1_314' title='bbox 816 2851 1090 2938; x_wconf 82' lang='grc' dir='ltr'>γυναικῶν</span> <span class='ocrx_word' id='word_1_315' title='bbox 1119 2865 1452 2932; x_wconf 81' lang='grc' dir='ltr'>ὀνειδίζεται.</span> <span class='ocrx_word' id='word_1_316' title='bbox 1488 2866 1684 2919; x_wconf 79' lang='grc' dir='ltr'><strong>Οὐκέτι</strong></span> <span class='ocrx_word' id='word_1_317' title='bbox 1709 2865 1760 2918; x_wconf 87' lang='grc' dir='ltr'><strong>οἱ</strong></span> <span class='ocrx_word' id='word_1_318' title='bbox 1794 2864 1990 2936; x_wconf 88' lang='grc' dir='ltr'>κληρο-</span> 
     </span>
    </p>
   </div>
   <div class='ocr_carea' id='block_1_46' title="bbox 415 2957 1986 3034">
    <p class='ocr_par' dir='ltr' id='par_1_46' title="bbox 415 2957 1986 3034">
     <span class='ocr_line' id='line_1_46' title="bbox 415 2957 1986 3034; baseline -0.006 -17"><span class='ocrx_word' id='word_1_319' title='bbox 415 2963 568 3034; x_wconf 83' lang='grc' dir='ltr'>νόμοι</span> <span class='ocrx_word' id='word_1_320' title='bbox 609 2962 709 3033; x_wconf 81' lang='grc' dir='ltr'>τῆς</span> <span class='ocrx_word' id='word_1_321' title='bbox 755 2959 901 3024; x_wconf 79' lang='grc' dir='ltr'>Εὔας</span> <span class='ocrx_word' id='word_1_322' title='bbox 950 2957 1239 3030; x_wconf 70' lang='grc' dir='ltr'>φοϐοῦνται</span> <span class='ocrx_word' id='word_1_323' title='bbox 1282 2957 1379 3029; x_wconf 81' lang='grc' dir='ltr'>τὴν</span> <span class='ocrx_word' id='word_1_324' title='bbox 1429 2958 1663 3029; x_wconf 84' lang='grc' dir='ltr'>ἀρχαίαν</span> <span class='ocrx_word' id='word_1_325' title='bbox 1721 2957 1986 3027; x_wconf 86' lang='grc' dir='ltr'>κατάραν,</span> 
     </span>
    </p>
   </div>
   <div class='ocr_carea' id='block_1_47' title="bbox 412 3046 1986 3122">
    <p class='ocr_par' dir='ltr' id='par_1_47' title="bbox 412 3046 1986 3122">
     <span class='ocr_line' id='line_1_47' title="bbox 412 3046 1986 3122; baseline -0.004 -14"><span class='ocrx_word' id='word_1_326' title='bbox 412 3055 534 3109; x_wconf 83' lang='grc' dir='ltr'>οὐδὲ</span> <span class='ocrx_word' id='word_1_327' title='bbox 558 3051 654 3108; x_wconf 81' lang='grc' dir='ltr'><strong>τοῦ</strong></span> <span class='ocrx_word' id='word_1_328' title='bbox 686 3050 906 3106; x_wconf 75' lang='grc' dir='ltr'>τοκετοῦ</span> <span class='ocrx_word' id='word_1_329' title='bbox 936 3050 1032 3122; x_wconf 85' lang='grc' dir='ltr'><strong>τὴν</strong></span> <span class='ocrx_word' id='word_1_330' title='bbox 1073 3050 1256 3104; x_wconf 78' lang='grc' dir='ltr'>ὠδῖνα.</span> <span class='ocrx_word' id='word_1_331' title='bbox 1310 3048 1526 3120; x_wconf 84' lang='grc' dir='ltr'>Ἐπειδὴ</span> <span class='ocrx_word' id='word_1_332' title='bbox 1554 3048 1788 3119; x_wconf 81' lang='grc' dir='ltr'>Χριστὸς</span> <span class='ocrx_word' id='word_1_333' title='bbox 1824 3049 1854 3099; x_wconf 83' lang='grc' dir='ltr'><strong>ὁ</strong></span> <span class='ocrx_word' id='word_1_334' title='bbox 1890 3046 1986 3101; x_wconf 79' lang='grc' dir='ltr'><strong>τοῦ</strong></span> 
     </span>
    </p>
   </div>
   <div class='ocr_carea' id='block_1_48' title="bbox 414 3138 1990 3215">
    <p class='ocr_par' dir='ltr' id='par_1_48' title="bbox 414 3138 1990 3215">
     <span class='ocr_line' id='line_1_48' title="bbox 414 3138 1990 3215; baseline -0.004 -17"><span class='ocrx_word' id='word_1_335' title='bbox 414 3145 604 3213; x_wconf 80' lang='grc' dir='ltr'>γένους</span> <span class='ocrx_word' id='word_1_336' title='bbox 628 3145 661 3215; x_wconf 84' lang='grc' dir='ltr'>ἡ</span> <span class='ocrx_word' id='word_1_337' title='bbox 671 3141 787 3215; x_wconf 83' lang='grc' dir='ltr'>μῶν</span> <span class='ocrx_word' id='word_1_338' title='bbox 818 3140 1132 3213; x_wconf 82' lang='grc' dir='ltr'>Λυτρωτὴς,</span> <span class='ocrx_word' id='word_1_339' title='bbox 1158 3142 1186 3194; x_wconf 85' lang='grc' dir='ltr'><strong>ὁ</strong></span> <span class='ocrx_word' id='word_1_340' title='bbox 1207 3139 1397 3211; x_wconf 86' lang='grc' dir='ltr'>Σωτὴρ</span> <span class='ocrx_word' id='word_1_341' title='bbox 1422 3138 1552 3211; x_wconf 78' lang='grc' dir='ltr'>ὅλης</span> <span class='ocrx_word' id='word_1_342' title='bbox 1572 3139 1671 3210; x_wconf 85' lang='grc' dir='ltr'>τῆς</span> <span class='ocrx_word' id='word_1_343' title='bbox 1701 3138 1934 3208; x_wconf 81' lang='grc' dir='ltr'>φύσεως,</span> <span class='ocrx_word' id='word_1_344' title='bbox 1959 3140 1990 3192; x_wconf 86' lang='grc' dir='ltr'>ὁ</span> 
     </span>
    </p>
   </div>
   <div class='ocr_carea' id='block_1_49' title="bbox 2084 2009 3664 2087">
    <p class='ocr_par' dir='ltr' id='par_1_49' title="bbox 2084 2009 3664 2087">
     <span class='ocr_line' id='line_1_49' title="bbox 2084 2009 3664 2087; baseline -0.006 -14"><span class='ocrx_word' id='word_1_345' title='bbox 2084 2020 2232 2074; x_wconf 91' lang='lat' dir='ltr'><strong>velut</strong></span> <span class='ocrx_word' id='word_1_346' title='bbox 2284 2032 2352 2071; x_wconf 82' lang='lat' dir='ltr'><strong>ex</strong></span> <span class='ocrx_word' id='word_1_347' title='bbox 2398 2016 2623 2086; x_wconf 82' lang='lat' dir='ltr'><strong>perenni</strong></span> <span class='ocrx_word' id='word_1_348' title='bbox 2658 2013 2897 2083; x_wconf 90' lang='lat' dir='ltr'><strong>quodam</strong></span> <span class='ocrx_word' id='word_1_349' title='bbox 2952 2011 3128 2076; x_wconf 89' lang='lat' dir='ltr'><strong>fonte,</strong></span> <span class='ocrx_word' id='word_1_350' title='bbox 3157 2012 3525 2087; x_wconf 81' lang='lat' dir='ltr'><strong>instrumento</strong></span> <span class='ocrx_word' id='word_1_351' title='bbox 3557 2009 3664 2064; x_wconf 88' lang='lat' dir='ltr'><strong>lin-</strong></span> 
     </span>
    </p>
   </div>
   <div class='ocr_carea' id='block_1_50' title="bbox 2083 2105 3665 2183">
    <p class='ocr_par' dir='ltr' id='par_1_50' title="bbox 2083 2105 3665 2183">
     <span class='ocr_line' id='line_1_50' title="bbox 2083 2105 3665 2183; baseline -0.006 -16"><span class='ocrx_word' id='word_1_352' title='bbox 2083 2127 2222 2183; x_wconf 63' lang='lat' dir='ltr'><strong>guae,</strong></span> <span class='ocrx_word' id='word_1_353' title='bbox 2251 2109 2456 2164; x_wconf 85' lang='lat' dir='ltr'><strong>ﬂumen</strong></span> <span class='ocrx_word' id='word_1_354' title='bbox 2486 2108 2882 2163; x_wconf 86' lang='lat' dir='ltr'><strong>charismatum</strong></span> <span class='ocrx_word' id='word_1_355' title='bbox 2929 2121 3025 2175; x_wconf 87' lang='lat' dir='ltr'><strong>per</strong></span> <span class='ocrx_word' id='word_1_356' title='bbox 3057 2105 3397 2181; x_wconf 81' lang='lat' dir='ltr'><strong>prophetiam</strong></span> <span class='ocrx_word' id='word_1_357' title='bbox 3417 2112 3665 2175; x_wconf 65' lang='lat' dir='ltr'><strong>cognatae</strong></span> 
     </span>
    </p>
   </div>
   <div class='ocr_carea' id='block_1_51' title="bbox 2085 2195 3665 2269">
    <p class='ocr_par' dir='ltr' id='par_1_51' title="bbox 2085 2195 3665 2269">
     <span class='ocr_line' id='line_1_51' title="bbox 2085 2195 3665 2269; baseline -0.006 -10"><span class='ocrx_word' id='word_1_358' title='bbox 2085 2219 2198 2259; x_wconf 75' lang='lat' dir='ltr'><strong>suae</strong></span> <span class='ocrx_word' id='word_1_359' title='bbox 2224 2201 2447 2257; x_wconf 87' lang='lat' dir='ltr'><strong>emisit:</strong></span> <span class='ocrx_word' id='word_1_360' title='bbox 2485 2209 2538 2255; x_wconf 90' lang='lat' dir='ltr'><strong>et</strong></span> <span class='ocrx_word' id='word_1_361' title='bbox 2583 2200 2812 2269; x_wconf 86' lang='lat' dir='ltr'><strong>pedibus</strong></span> <span class='ocrx_word' id='word_1_362' title='bbox 2847 2197 3079 2252; x_wconf 84' lang='lat' dir='ltr'><strong>infantis</strong></span> <span class='ocrx_word' id='word_1_363' title='bbox 3115 2198 3171 2251; x_wconf 91' lang='lat' dir='ltr'><strong>in</strong></span> <span class='ocrx_word' id='word_1_364' title='bbox 3207 2205 3364 2251; x_wconf 90' lang='lat' dir='ltr'><strong>utero</strong></span> <span class='ocrx_word' id='word_1_365' title='bbox 3393 2195 3665 2267; x_wconf 76' lang='lat' dir='ltr'><strong>colligatis</strong></span> 
     </span>
    </p>
   </div>
   <div class='ocr_carea' id='block_1_52' title="bbox 2086 2288 3666 2368">
    <p class='ocr_par' dir='ltr' id='par_1_52' title="bbox 2086 2288 3666 2368">
     <span class='ocr_line' id='line_1_52' title="bbox 2086 2288 3666 2368; baseline -0.005 -19"><span class='ocrx_word' id='word_1_366' title='bbox 2086 2293 2185 2368; x_wconf 80' lang='grc' dir='ltr'>[αι.</span> <span class='ocrx_word' id='word_1_367' title='bbox 2214 2291 2499 2364; x_wconf 84' lang='lat' dir='ltr'><strong>colligati],</strong></span> <span class='ocrx_word' id='word_1_368' title='bbox 2537 2293 2738 2347; x_wconf 88' lang='lat' dir='ltr'><strong>saltum</strong></span> <span class='ocrx_word' id='word_1_369' title='bbox 2783 2298 2839 2344; x_wconf 88' lang='lat' dir='ltr'><strong>et</strong></span> <span class='ocrx_word' id='word_1_370' title='bbox 2878 2289 3303 2345; x_wconf 86' lang='lat' dir='ltr'><strong>exsultationem</strong></span> <span class='ocrx_word' id='word_1_371' title='bbox 3350 2288 3666 2359; x_wconf 79' lang='lat' dir='ltr'><strong>suppedita-</strong></span> 
     </span>
    </p>
   </div>
   <div class='ocr_carea' id='block_1_53' title="bbox 2086 2383 3667 2454">
    <p class='ocr_par' dir='ltr' id='par_1_53' title="bbox 2086 2383 3667 2454">
     <span class='ocr_line' id='line_1_53' title="bbox 2086 2383 3667 2454; baseline -0.003 -13"><span class='ocrx_word' id='word_1_372' title='bbox 2086 2387 2181 2441; x_wconf 87' lang='lat' dir='ltr'><strong>vit.</strong></span> <span class='ocrx_word' id='word_1_373' title='bbox 2234 2384 2395 2451; x_wconf 84' lang='lat' dir='ltr'><strong>Quod</strong></span> <span class='ocrx_word' id='word_1_374' title='bbox 2446 2384 2665 2454; x_wconf 88' lang='lat' dir='ltr'><strong>quidem</strong></span> <span class='ocrx_word' id='word_1_375' title='bbox 2715 2383 3031 2438; x_wconf 89' lang='lat' dir='ltr'><strong>miraculosi</strong></span> <span class='ocrx_word' id='word_1_376' title='bbox 3079 2383 3300 2453; x_wconf 89' lang='lat' dir='ltr'><strong>tripudii</strong></span> <span class='ocrx_word' id='word_1_377' title='bbox 3356 2383 3667 2454; x_wconf 88' lang='lat' dir='ltr'><strong>symbolum</strong></span> 
     </span>
    </p>
   </div>
   <div class='ocr_carea' id='block_1_54' title="bbox 2088 2462 3665 2550">
    <p class='ocr_par' dir='ltr' id='par_1_54' title="bbox 2088 2462 3665 2550">
     <span class='ocr_line' id='line_1_54' title="bbox 2088 2462 3665 2550; baseline -0.004 -15"><span class='ocrx_word' id='word_1_378' title='bbox 2088 2462 2416 2550; x_wconf 75' lang='lat' dir='ltr'><strong>signumque</strong></span> <span class='ocrx_word' id='word_1_379' title='bbox 2469 2487 2608 2532; x_wconf 88' lang='lat' dir='ltr'><strong>erat.</strong></span> <span class='ocrx_word' id='word_1_380' title='bbox 2662 2477 2799 2530; x_wconf 77' lang='lat' dir='ltr'><strong>Nam</strong></span> <span class='ocrx_word' id='word_1_381' title='bbox 2851 2477 2943 2530; x_wconf 88' lang='lat' dir='ltr'><strong>ubi</strong></span> <span class='ocrx_word' id='word_1_382' title='bbox 2997 2477 3173 2538; x_wconf 75' lang='lat' dir='ltr'><strong>gratia</strong></span> <span class='ocrx_word' id='word_1_383' title='bbox 3226 2476 3386 2545; x_wconf 88' lang='lat' dir='ltr'><strong>plena</strong></span> <span class='ocrx_word' id='word_1_384' title='bbox 3424 2476 3665 2539; x_wconf 88' lang='lat' dir='ltr'><strong>advenit,</strong></span> 
     </span>
    </p>
   </div>
   <div class='ocr_carea' id='block_1_55' title="bbox 2090 2564 3672 2641">
    <p class='ocr_par' dir='ltr' id='par_1_55' title="bbox 2090 2564 3672 2641">
     <span class='ocr_line' id='line_1_55' title="bbox 2090 2564 3672 2641; baseline -0.003 -18"><span class='ocrx_word' id='word_1_385' title='bbox 2090 2568 2288 2641; x_wconf 80' lang='lat' dir='ltr'><strong>gaudio</strong></span> <span class='ocrx_word' id='word_1_386' title='bbox 2310 2575 2507 2621; x_wconf 87' lang='lat' dir='ltr'><strong>cuncta</strong></span> <span class='ocrx_word' id='word_1_387' title='bbox 2536 2567 2745 2636; x_wconf 37' lang='lat' dir='ltr'><strong>repleta.</strong></span> <span class='ocrx_word' id='word_1_388' title='bbox 2767 2574 2914 2621; x_wconf 91' lang='lat' dir='ltr'><strong>sunt.</strong></span> <span class='ocrx_word' id='word_1_389' title='bbox 2962 2564 3298 2619; x_wconf 72' lang='lat' dir='ltr'><strong>Exclamavit</strong></span> <span class='ocrx_word' id='word_1_390' title='bbox 3335 2573 3517 2621; x_wconf 88' lang='lat' dir='ltr'><strong>autem</strong></span> <span class='ocrx_word' id='word_1_391' title='bbox 3556 2582 3672 2619; x_wconf 87' lang='lat' dir='ltr'><strong>ma-</strong></span> 
     </span>
    </p>
   </div>
   <div class='ocr_carea' id='block_1_56' title="bbox 2089 2657 3673 2732">
    <p class='ocr_par' dir='ltr' id='par_1_56' title="bbox 2089 2657 3673 2732">
     <span class='ocr_line' id='line_1_56' title="bbox 2089 2657 3673 2732; baseline -0.002 -18"><span class='ocrx_word' id='word_1_392' title='bbox 2089 2678 2197 2732; x_wconf 87' lang='lat' dir='ltr'><strong>gna</strong></span> <span class='ocrx_word' id='word_1_393' title='bbox 2224 2676 2343 2715; x_wconf 84' lang='lat' dir='ltr'><strong>vace</strong></span> <span class='ocrx_word' id='word_1_394' title='bbox 2374 2658 2647 2713; x_wconf 79' lang='lat' dir='ltr'><strong>Elisabetb</strong></span> <span class='ocrx_word' id='word_1_395' title='bbox 2681 2700 2695 2723; x_wconf 91' lang='lat'><strong>,</strong></span> <span class='ocrx_word' id='word_1_396' title='bbox 2730 2675 2792 2710; x_wconf 87' lang='lat' dir='ltr'><strong>ac</strong></span> <span class='ocrx_word' id='word_1_397' title='bbox 2824 2658 2962 2710; x_wconf 73' lang='lat' dir='ltr'><strong>dixit</strong></span> <span class='ocrx_word' id='word_1_398' title='bbox 2987 2671 3004 2708; x_wconf 87' lang='lat'><strong>.&#39;</strong></span> <span class='ocrx_word' id='word_1_399' title='bbox 3025 2657 3315 2711; x_wconf 74' lang='lat' dir='ltr'><strong>Benedicta</strong></span> <span class='ocrx_word' id='word_1_400' title='bbox 3357 2667 3415 2711; x_wconf 89' lang='lat' dir='ltr'><strong>tu</strong></span> <span class='ocrx_word' id='word_1_401' title='bbox 3456 2659 3512 2711; x_wconf 87' lang='lat' dir='ltr'><strong>in</strong></span> <span class='ocrx_word' id='word_1_402' title='bbox 3556 2673 3673 2711; x_wconf 83' lang='lat' dir='ltr'><strong>mu-</strong></span> 
     </span>
    </p>
   </div>
   <div class='ocr_carea' id='block_1_57' title="bbox 2090 2748 3672 2818">
    <p class='ocr_par' dir='ltr' id='par_1_57' title="bbox 2090 2748 3672 2818">
     <span class='ocr_line' id='line_1_57' title="bbox 2090 2748 3672 2818; baseline -0.003 -12"><span class='ocrx_word' id='word_1_403' title='bbox 2090 2753 2330 2815; x_wconf 86' lang='lat' dir='ltr'><strong>lieribus,</strong></span> <span class='ocrx_word' id='word_1_404' title='bbox 2373 2761 2423 2805; x_wconf 89' lang='lat' dir='ltr'><strong>et</strong></span> <span class='ocrx_word' id='word_1_405' title='bbox 2460 2752 2760 2804; x_wconf 82' lang='lat' dir='ltr'><strong>benedictus</strong></span> <span class='ocrx_word' id='word_1_406' title='bbox 2788 2749 2996 2818; x_wconf 76' lang='lat' dir='ltr'><strong>[ructus</strong></span> <span class='ocrx_word' id='word_1_407' title='bbox 3036 2751 3231 2803; x_wconf 82' lang='lat' dir='ltr'><strong>ventris</strong></span> <span class='ocrx_word' id='word_1_408' title='bbox 3271 2751 3371 2802; x_wconf 87' lang='lat' dir='ltr'><strong>tui.</strong></span> <span class='ocrx_word' id='word_1_409' title='bbox 3426 2748 3497 2802; x_wconf 87' lang='lat' dir='ltr'><strong>Et</strong></span> <span class='ocrx_word' id='word_1_410' title='bbox 3530 2748 3672 2802; x_wconf 82' lang='lat' dir='ltr'><strong>unde</strong></span> 
     </span>
    </p>
   </div>
   <div class='ocr_carea' id='block_1_58' title="bbox 2091 2839 3675 2908">
    <p class='ocr_par' dir='ltr' id='par_1_58' title="bbox 2091 2839 3675 2908">
     <span class='ocr_line' id='line_1_58' title="bbox 2091 2839 3675 2908; baseline -0.003 -11"><span class='ocrx_word' id='word_1_411' title='bbox 2091 2848 2186 2897; x_wconf 75' lang='lat' dir='ltr'><strong>hoc</strong></span> <span class='ocrx_word' id='word_1_412' title='bbox 2222 2843 2372 2908; x_wconf 84' lang='lat' dir='ltr'><strong>mihi,</strong></span> <span class='ocrx_word' id='word_1_413' title='bbox 2396 2851 2454 2895; x_wconf 87' lang='lat' dir='ltr'><strong>ut</strong></span> <span class='ocrx_word' id='word_1_414' title='bbox 2490 2842 2662 2895; x_wconf 83' lang='lat' dir='ltr'><strong>veniat</strong></span> <span class='ocrx_word' id='word_1_415' title='bbox 2686 2852 2856 2895; x_wconf 87' lang='lat' dir='ltr'><strong>mater</strong></span> <span class='ocrx_word' id='word_1_416' title='bbox 2882 2841 3094 2894; x_wconf 86' lang='lat' dir='ltr'><strong>Domini</strong></span> <span class='ocrx_word' id='word_1_417' title='bbox 3137 2841 3239 2894; x_wconf 79' lang='lat' dir='ltr'><strong>mei</strong></span> <span class='ocrx_word' id='word_1_418' title='bbox 3267 2842 3336 2894; x_wconf 88' lang='lat' dir='ltr'><strong>ad</strong></span> <span class='ocrx_word' id='word_1_419' title='bbox 3360 2857 3439 2895; x_wconf 89' lang='lat' dir='ltr'><strong>me</strong></span> <span class='ocrx_word' id='word_1_420' title='bbox 3462 2841 3503 2871; x_wconf 83' lang='lat'>”</span> <span class='ocrx_word' id='word_1_421' title='bbox 3525 2840 3549 2894; x_wconf 68' lang='grc' dir='ltr'>Υ</span> <span class='ocrx_word' id='word_1_422' title='bbox 3575 2839 3675 2894; x_wconf 73' lang='lat' dir='ltr'><strong>Be-</strong></span> 
     </span>
    </p>
   </div>
   <div class='ocr_carea' id='block_1_59' title="bbox 2093 2931 3674 3003">
    <p class='ocr_par' dir='ltr' id='par_1_59' title="bbox 2093 2931 3674 3003">
     <span class='ocr_line' id='line_1_59' title="bbox 2093 2931 3674 3003; baseline -0.003 -14"><span class='ocrx_word' id='word_1_423' title='bbox 2093 2935 2304 2989; x_wconf 86' lang='lat' dir='ltr'><strong>nedicta</strong></span> <span class='ocrx_word' id='word_1_424' title='bbox 2353 2943 2409 2987; x_wconf 87' lang='lat' dir='ltr'><strong>tu</strong></span> <span class='ocrx_word' id='word_1_425' title='bbox 2439 2934 2497 2986; x_wconf 87' lang='lat' dir='ltr'><strong>in</strong></span> <span class='ocrx_word' id='word_1_426' title='bbox 2528 2933 2863 2987; x_wconf 82' lang='lat' dir='ltr'><strong>mulieribus.</strong></span> <span class='ocrx_word' id='word_1_427' title='bbox 2891 2932 2971 2988; x_wconf 92' lang='lat' dir='ltr'><strong>Tu</strong></span> <span class='ocrx_word' id='word_1_428' title='bbox 3025 2933 3228 3003; x_wconf 84' lang='lat' dir='ltr'><strong>quippe</strong></span> <span class='ocrx_word' id='word_1_429' title='bbox 3286 2933 3420 3002; x_wconf 88' lang='lat' dir='ltr'><strong>ipsis</strong></span> <span class='ocrx_word' id='word_1_430' title='bbox 3468 2931 3674 3003; x_wconf 87' lang='lat' dir='ltr'><strong>princi-</strong></span> 
     </span>
    </p>
   </div>
   <div class='ocr_carea' id='block_1_60' title="bbox 2092 3022 3673 3097">
    <p class='ocr_par' dir='ltr' id='par_1_60' title="bbox 2092 3022 3673 3097">
     <span class='ocr_line' id='line_1_60' title="bbox 2092 3022 3673 3097; baseline -0.001 -17"><span class='ocrx_word' id='word_1_431' title='bbox 2092 3026 2243 3097; x_wconf 91' lang='lat' dir='ltr'><strong>pium</strong></span> <span class='ocrx_word' id='word_1_432' title='bbox 2298 3024 2662 3096; x_wconf 79' lang='lat' dir='ltr'><strong>reparationis</strong></span> <span class='ocrx_word' id='word_1_433' title='bbox 2714 3022 2813 3096; x_wconf 84' lang='grc' dir='ltr'>[αι.</span> <span class='ocrx_word' id='word_1_434' title='bbox 2867 3023 3311 3095; x_wconf 74' lang='lat' dir='ltr'><strong>resurrectionis]</strong></span> <span class='ocrx_word' id='word_1_435' title='bbox 3364 3022 3553 3079; x_wconf 76' lang='lat' dir='ltr'><strong>eﬂ&#39;ecta</strong></span> <span class='ocrx_word' id='word_1_436' title='bbox 3590 3037 3673 3079; x_wconf 85' lang='lat' dir='ltr'><strong>es.</strong></span> 
     </span>
    </p>
   </div>
   <div class='ocr_carea' id='block_1_61' title="bbox 2096 3114 3674 3186">
    <p class='ocr_par' dir='ltr' id='par_1_61' title="bbox 2096 3114 3674 3186">
     <span class='ocr_line' id='line_1_61' title="bbox 2096 3114 3674 3186; baseline -0.002 -13"><span class='ocrx_word' id='word_1_437' title='bbox 2096 3116 2179 3173; x_wconf 86' lang='lat' dir='ltr'><strong>Tu</strong></span> <span class='ocrx_word' id='word_1_438' title='bbox 2213 3118 2468 3173; x_wconf 79' lang='lat' dir='ltr'><strong>ﬁduciam</strong></span> <span class='ocrx_word' id='word_1_439' title='bbox 2500 3117 2556 3171; x_wconf 90' lang='lat' dir='ltr'><strong>in</strong></span> <span class='ocrx_word' id='word_1_440' title='bbox 2591 3116 2909 3186; x_wconf 87' lang='lat' dir='ltr'><strong>paradisum</strong></span> <span class='ocrx_word' id='word_1_441' title='bbox 2944 3116 3202 3171; x_wconf 89' lang='lat' dir='ltr'><strong>introitus</strong></span> <span class='ocrx_word' id='word_1_442' title='bbox 3234 3116 3395 3171; x_wconf 87' lang='lat' dir='ltr'><strong>nobis</strong></span> <span class='ocrx_word' id='word_1_443' title='bbox 3450 3114 3674 3181; x_wconf 86' lang='lat' dir='ltr'><strong>dedisti,</strong></span> 
     </span>
    </p>
   </div>
   <div class='ocr_carea' id='block_1_62' title="bbox 416 3205 1988 3313">
    <p class='ocr_par' dir='ltr' id='par_1_62' title="bbox 416 3205 1988 3308">
     <span class='ocr_line' id='line_1_62' title="bbox 416 3205 1988 3308; baseline -0.006 -18"><span class='ocrx_word' id='word_1_444' title='bbox 416 3205 780 3308; x_wconf 69' lang='grc' dir='ltr'>πνευματίκὺς</span> <span class='ocrx_word' id='word_1_445' title='bbox 812 3205 1004 3304; x_wconf 77' lang='grc' dir='ltr'>Ἀδὰμ,</span> <span class='ocrx_word' id='word_1_446' title='bbox 1030 3205 1170 3285; x_wconf 63' lang='grc' dir='ltr'><strong>ἀτοῦ</strong></span> <span class='ocrx_word' id='word_1_447' title='bbox 1201 3205 1386 3302; x_wconf 67' lang='grc' dir='ltr'>χοϊκού</span> <span class='ocrx_word' id='word_1_448' title='bbox 1401 3205 1737 3303; x_wconf 31' lang='grc' dir='ltr'>τὴν-πληγὴν</span> <span class='ocrx_word' id='word_1_449' title='bbox 1767 3229 1988 3299; x_wconf 79' lang='grc' dir='ltr'>ἰασάμε-</span> 
     </span>
    </p>
   </div>
   <div class='ocr_carea' id='block_1_63' title="bbox 2093 3205 3671 3313">
    <p class='ocr_par' dir='ltr' id='par_1_63' title="bbox 2095 3205 3671 3280">
     <span class='ocr_line' id='line_1_63' title="bbox 2095 3205 3671 3280; baseline -0.003 -14"><span class='ocrx_word' id='word_1_450' title='bbox 2095 3219 2150 3266; x_wconf 86' lang='lat' dir='ltr'><strong>et</strong></span> <span class='ocrx_word' id='word_1_451' title='bbox 2176 3211 2462 3280; x_wconf 90' lang='lat' dir='ltr'><strong>antiquum</strong></span> <span class='ocrx_word' id='word_1_452' title='bbox 2490 3209 2732 3264; x_wconf 88' lang='lat' dir='ltr'><strong>dolorem</strong></span> <span class='ocrx_word' id='word_1_453' title='bbox 2764 3208 3084 3278; x_wconf 87' lang='lat' dir='ltr'><strong>luctumque</strong></span> <span class='ocrx_word' id='word_1_454' title='bbox 3115 3206 3339 3279; x_wconf 75' lang='lat' dir='ltr'><strong>iugasti.</strong></span> <span class='ocrx_word' id='word_1_455' title='bbox 3368 3205 3491 3262; x_wconf 89' lang='lat' dir='ltr'><strong>Non</strong></span> <span class='ocrx_word' id='word_1_456' title='bbox 3521 3207 3671 3263; x_wconf 92' lang='lat' dir='ltr'><strong>enim</strong></span> 
     </span>
    </p>
   </div>
   <div class='ocr_carea' id='block_1_64' title="bbox 416 3320 1991 3395">
    <p class='ocr_par' dir='ltr' id='par_1_64' title="bbox 416 3320 1991 3395">
     <span class='ocr_line' id='line_1_64' title="bbox 416 3320 1991 3395; baseline -0.007 -15"><span class='ocrx_word' id='word_1_457' title='bbox 416 3342 505 3390; x_wconf 81' lang='grc' dir='ltr'><strong>νος</strong></span> <span class='ocrx_word' id='word_1_458' title='bbox 531 3328 596 3380; x_wconf 82' lang='grc' dir='ltr'>ὲκ</span> <span class='ocrx_word' id='word_1_459' title='bbox 618 3325 719 3395; x_wconf 82' lang='grc' dir='ltr'><strong>τῆς</strong></span> <span class='ocrx_word' id='word_1_460' title='bbox 750 3323 918 3392; x_wconf 80' lang='grc' dir='ltr'>ἁγίας</span> <span class='ocrx_word' id='word_1_461' title='bbox 947 3320 1182 3392; x_wconf 85' lang='grc' dir='ltr'>γαστρός</span> <span class='ocrx_word' id='word_1_462' title='bbox 1210 3337 1304 3373; x_wconf 91' lang='grc' dir='ltr'>σου</span> <span class='ocrx_word' id='word_1_463' title='bbox 1340 3320 1686 3392; x_wconf 87' lang='grc' dir='ltr'>προέρχεται.</span> <span class='ocrx_word' id='word_1_464' title='bbox 1719 3321 1991 3387; x_wconf 70' lang='grc' dir='ltr'>Εὐλογη-</span> 
     </span>
    </p>
   </div>
   <div class='ocr_carea' id='block_1_65' title="bbox 415 3409 1992 3490">
    <p class='ocr_par' dir='ltr' id='par_1_65' title="bbox 415 3409 1992 3490">
     <span class='ocr_line' id='line_1_65' title="bbox 415 3409 1992 3490; baseline -0.008 -16"><span class='ocrx_word' id='word_1_465' title='bbox 415 3418 567 3490; x_wconf 68' lang='grc' dir='ltr'>μένη</span> <span class='ocrx_word' id='word_1_466' title='bbox 598 3417 692 3481; x_wconf 86' lang='grc' dir='ltr'><strong>σὺ</strong></span> <span class='ocrx_word' id='word_1_467' title='bbox 719 3416 789 3471; x_wconf 70' lang='grc' dir='ltr'>ἐκ</span> <span class='ocrx_word' id='word_1_468' title='bbox 816 3413 1075 3486; x_wconf 71' lang='grc' dir='ltr'>γυναιξὶ,</span> <span class='ocrx_word' id='word_1_469' title='bbox 1132 3412 1232 3467; x_wconf 77' lang='grc' dir='ltr'>καὶ</span> <span class='ocrx_word' id='word_1_470' title='bbox 1260 3410 1664 3482; x_wconf 76' lang='grc' dir='ltr'><strong>εὐλογημένος</strong></span> <span class='ocrx_word' id='word_1_471' title='bbox 1691 3414 1724 3465; x_wconf 82' lang='grc' dir='ltr'><em>ὁ</em></span> <span class='ocrx_word' id='word_1_472' title='bbox 1764 3409 1992 3478; x_wconf 74' lang='grc' dir='ltr'>καρπὸς</span> 
     </span>
    </p>
   </div>
   <div class='ocr_carea' id='block_1_66' title="bbox 346 3502 1992 3582">
    <p class='ocr_par' dir='ltr' id='par_1_66' title="bbox 346 3502 1992 3582">
     <span class='ocr_line' id='line_1_66' title="bbox 346 3502 1992 3582; baseline -0.008 -14"><span class='ocrx_word' id='word_1_473' title='bbox 346 3515 352 3522; x_wconf 81' lang='grc'><em>’</em></span> <span class='ocrx_word' id='word_1_474' title='bbox 380 3516 391 3520; x_wconf 64' lang='grc'><em>”</em></span> <span class='ocrx_word' id='word_1_475' title='bbox 418 3511 529 3582; x_wconf 77' lang='grc' dir='ltr'>τῆς</span> <span class='ocrx_word' id='word_1_476' title='bbox 560 3511 793 3577; x_wconf 78' lang='grc' dir='ltr'>κοιλίας</span> <span class='ocrx_word' id='word_1_477' title='bbox 825 3523 963 3562; x_wconf 88' lang='grc' dir='ltr'>σου.</span> <span class='ocrx_word' id='word_1_478' title='bbox 1010 3507 1066 3559; x_wconf 88' lang='lat'><strong>&#39;0</strong></span> <span class='ocrx_word' id='word_1_479' title='bbox 1097 3504 1204 3579; x_wconf 83' lang='grc' dir='ltr'>γὰρ</span> <span class='ocrx_word' id='word_1_480' title='bbox 1237 3505 1457 3562; x_wconf 83' lang='grc' dir='ltr'>πάντων</span> <span class='ocrx_word' id='word_1_481' title='bbox 1487 3503 1596 3558; x_wconf 86' lang='grc' dir='ltr'><strong>τῶν</strong></span> <span class='ocrx_word' id='word_1_482' title='bbox 1639 3502 1861 3572; x_wconf 84' lang='grc' dir='ltr'>ἀγαθῶν</span> <span class='ocrx_word' id='word_1_483' title='bbox 1889 3520 1992 3572; x_wconf 82' lang='grc' dir='ltr'><strong>φυ-</strong></span> 
     </span>
    </p>
   </div>
   <div class='ocr_carea' id='block_1_67' title="bbox 409 3592 1994 3675">
    <p class='ocr_par' dir='ltr' id='par_1_67' title="bbox 409 3592 1994 3675">
     <span class='ocr_line' id='line_1_67' title="bbox 409 3592 1994 3675; baseline -0.005 -21"><span class='ocrx_word' id='word_1_484' title='bbox 409 3601 678 3675; x_wconf 75' lang='grc' dir='ltr'>τουργὸς,</span> <span class='ocrx_word' id='word_1_485' title='bbox 729 3599 822 3663; x_wconf 82' lang='grc' dir='ltr'><strong>σὸς</strong></span> <span class='ocrx_word' id='word_1_486' title='bbox 885 3595 1094 3670; x_wconf 78' lang='grc' dir='ltr'>καρπὸς</span> <span class='ocrx_word' id='word_1_487' title='bbox 1147 3594 1538 3649; x_wconf 86' lang='grc' dir='ltr'>ἀναδέδεικται.</span> <span class='ocrx_word' id='word_1_488' title='bbox 1596 3592 1840 3665; x_wconf 82' lang='grc' dir='ltr'>Λαμπρά</span> <span class='ocrx_word' id='word_1_489' title='bbox 1896 3594 1994 3664; x_wconf 82' lang='grc' dir='ltr'>μὲν</span> 
     </span>
    </p>
   </div>
   <div class='ocr_carea' id='block_1_68' title="bbox 418 3681 1996 3766">
    <p class='ocr_par' dir='ltr' id='par_1_68' title="bbox 418 3681 1996 3766">
     <span class='ocr_line' id='line_1_68' title="bbox 418 3681 1996 3766; baseline -0.006 -20"><span class='ocrx_word' id='word_1_490' title='bbox 418 3694 631 3766; x_wconf 77' lang='grc' dir='ltr'>ὁρῶμεν</span> <span class='ocrx_word' id='word_1_491' title='bbox 664 3694 757 3747; x_wconf 78' lang='grc' dir='ltr'>καὶ</span> <span class='ocrx_word' id='word_1_492' title='bbox 789 3691 887 3763; x_wconf 82' lang='grc' dir='ltr'>τῆς</span> <span class='ocrx_word' id='word_1_493' title='bbox 918 3688 1141 3761; x_wconf 89' lang='grc' dir='ltr'>στείρας</span> <span class='ocrx_word' id='word_1_494' title='bbox 1171 3686 1240 3740; x_wconf 88' lang='grc' dir='ltr'><strong>τά</strong></span> <span class='ocrx_word' id='word_1_495' title='bbox 1273 3688 1516 3758; x_wconf 77' lang='grc' dir='ltr'>ῥήματα·</span> <span class='ocrx_word' id='word_1_496' title='bbox 1539 3681 1908 3757; x_wconf 73' lang='grc' dir='ltr'>¹λαμπρότερα</span> <span class='ocrx_word' id='word_1_497' title='bbox 1936 3684 1996 3737; x_wconf 87' lang='grc' dir='ltr'>δὲ</span> 
     </span>
    </p>
   </div>
   <div class='ocr_carea' id='block_1_69' title="bbox 421 3776 1998 3854">
    <p class='ocr_par' dir='ltr' id='par_1_69' title="bbox 421 3776 1998 3854">
     <span class='ocr_line' id='line_1_69' title="bbox 421 3776 1998 3854; baseline -0.004 -17"><span class='ocrx_word' id='word_1_498' title='bbox 421 3786 581 3839; x_wconf 75' lang='grc' dir='ltr'>πάλιν</span> <span class='ocrx_word' id='word_1_499' title='bbox 626 3784 660 3854; x_wconf 81' lang='grc' dir='ltr'>ὴ</span> <span class='ocrx_word' id='word_1_500' title='bbox 707 3782 839 3850; x_wconf 84' lang='grc' dir='ltr'>ἁγία</span> <span class='ocrx_word' id='word_1_501' title='bbox 889 3779 1190 3850; x_wconf 76' lang='grc' dir='ltr'>ἐφθέγξατο</span> <span class='ocrx_word' id='word_1_502' title='bbox 1239 3776 1538 3849; x_wconf 85' lang='grc' dir='ltr'>Παρθένος,</span> <span class='ocrx_word' id='word_1_503' title='bbox 1587 3778 1682 3831; x_wconf 77' lang='grc' dir='ltr'><strong>καὶ</strong></span> <span class='ocrx_word' id='word_1_504' title='bbox 1729 3777 1875 3849; x_wconf 82' lang='grc' dir='ltr'>ᾠδὴν</span> <span class='ocrx_word' id='word_1_505' title='bbox 1920 3776 1998 3848; x_wconf 83' lang='grc' dir='ltr'>τῷ</span> 
     </span>
    </p>
   </div>
   <div class='ocr_carea' id='block_1_70' title="bbox 420 3869 1998 3950">
    <p class='ocr_par' dir='ltr' id='par_1_70' title="bbox 420 3869 1998 3950">
     <span class='ocr_line' id='line_1_70' title="bbox 420 3869 1998 3950; baseline -0.006 -19"><span class='ocrx_word' id='word_1_506' title='bbox 420 3878 539 3950; x_wconf 83' lang='grc' dir='ltr'><strong>Θεῷ</strong></span> <span class='ocrx_word' id='word_1_507' title='bbox 563 3874 934 3948; x_wconf 85' lang='grc' dir='ltr'>εὐχαριστίας,</span> <span class='ocrx_word' id='word_1_508' title='bbox 973 3872 1067 3925; x_wconf 78' lang='grc' dir='ltr'><strong>καὶ</strong></span> <span class='ocrx_word' id='word_1_509' title='bbox 1093 3870 1342 3935; x_wconf 86' lang='grc' dir='ltr'>εὐωδίας,</span> <span class='ocrx_word' id='word_1_510' title='bbox 1371 3872 1467 3925; x_wconf 75' lang='grc' dir='ltr'>καὶ</span> <span class='ocrx_word' id='word_1_511' title='bbox 1493 3869 1771 3938; x_wconf 87' lang='grc' dir='ltr'>θεολογίας</span> <span class='ocrx_word' id='word_1_512' title='bbox 1799 3869 1998 3940; x_wconf 78' lang='grc' dir='ltr'>γέμου-</span> 
     </span>
    </p>
   </div>
   <div class='ocr_carea' id='block_1_71' title="bbox 423 3961 2001 4038">
    <p class='ocr_par' dir='ltr' id='par_1_71' title="bbox 423 3961 2001 4038">
     <span class='ocr_line' id='line_1_71' title="bbox 423 3961 2001 4038; baseline -0.004 -15"><span class='ocrx_word' id='word_1_513' title='bbox 423 3985 523 4023; x_wconf 88' lang='grc' dir='ltr'><strong>σαν</strong></span> <span class='ocrx_word' id='word_1_514' title='bbox 560 3966 638 4038; x_wconf 83' lang='grc' dir='ltr'><strong>τῷ</strong></span> <span class='ocrx_word' id='word_1_515' title='bbox 668 3965 788 4035; x_wconf 80' lang='grc' dir='ltr'><strong>Θεῷ</strong></span> <span class='ocrx_word' id='word_1_516' title='bbox 820 3964 1164 4035; x_wconf 65' lang='grc' dir='ltr'>ἀνατίθησινξ</span> <span class='ocrx_word' id='word_1_517' title='bbox 1202 3963 1340 4033; x_wconf 88' lang='grc' dir='ltr'><strong>μετά</strong></span> <span class='ocrx_word' id='word_1_518' title='bbox 1369 3962 1479 4015; x_wconf 84' lang='grc' dir='ltr'>τῶν</span> <span class='ocrx_word' id='word_1_519' title='bbox 1518 3962 1760 4035; x_wconf 87' lang='grc' dir='ltr'>ἀρχαίων</span> <span class='ocrx_word' id='word_1_520' title='bbox 1796 3961 1866 4015; x_wconf 84' lang='grc' dir='ltr'>τὰ</span> <span class='ocrx_word' id='word_1_521' title='bbox 1904 3962 2001 4016; x_wconf 87' lang='grc' dir='ltr'><strong>νέα</strong></span> 
     </span>
    </p>
   </div>
   <div class='ocr_carea' id='block_1_72' title="bbox 422 4053 2003 4128">
    <p class='ocr_par' dir='ltr' id='par_1_72' title="bbox 422 4053 2003 4128">
     <span class='ocr_line' id='line_1_72' title="bbox 422 4053 2003 4128; baseline -0.006 -12"><span class='ocrx_word' id='word_1_522' title='bbox 422 4058 892 4128; x_wconf 81' lang='grc' dir='ltr'>καταγγέλλουσα’</span> <span class='ocrx_word' id='word_1_523' title='bbox 928 4055 1068 4127; x_wconf 86' lang='grc' dir='ltr'><strong>μετά</strong></span> <span class='ocrx_word' id='word_1_524' title='bbox 1099 4054 1207 4108; x_wconf 77' lang='grc' dir='ltr'>τῶν</span> <span class='ocrx_word' id='word_1_525' title='bbox 1242 4056 1337 4108; x_wconf 80' lang='grc' dir='ltr'>ἀπ’</span> <span class='ocrx_word' id='word_1_526' title='bbox 1365 4053 1560 4117; x_wconf 80' lang='grc' dir='ltr'>αἰῶνος</span> <span class='ocrx_word' id='word_1_527' title='bbox 1590 4053 1662 4106; x_wconf 85' lang='grc' dir='ltr'>τὰ</span> <span class='ocrx_word' id='word_1_528' title='bbox 1690 4055 1786 4108; x_wconf 75' lang='grc' dir='ltr'><strong>ἐπὶ</strong></span> <span class='ocrx_word' id='word_1_529' title='bbox 1821 4071 2003 4107; x_wconf 85' lang='grc' dir='ltr'>συντε-</span> 
     </span>
    </p>
   </div>
   <div class='ocr_carea' id='block_1_73' title="bbox 423 4141 2000 4219">
    <p class='ocr_par' dir='ltr' id='par_1_73' title="bbox 423 4141 2000 4219">
     <span class='ocr_line' id='line_1_73' title="bbox 423 4141 2000 4219; baseline -0.003 -18"><span class='ocrx_word' id='word_1_530' title='bbox 423 4148 541 4219; x_wconf 80' lang='grc' dir='ltr'>λείᾳ</span> <span class='ocrx_word' id='word_1_531' title='bbox 573 4145 679 4199; x_wconf 87' lang='grc' dir='ltr'><strong>τῶν</strong></span> <span class='ocrx_word' id='word_1_532' title='bbox 701 4142 911 4201; x_wconf 81' lang='grc' dir='ltr'>αἰώνων</span> <span class='ocrx_word' id='word_1_533' title='bbox 938 4141 1300 4215; x_wconf 84' lang='grc' dir='ltr'>κηρύττουσα,</span> <span class='ocrx_word' id='word_1_534' title='bbox 1318 4143 1409 4195; x_wconf 79' lang='grc' dir='ltr'><strong>καὶ</strong></span> <span class='ocrx_word' id='word_1_535' title='bbox 1438 4142 1495 4195; x_wconf 84' lang='grc' dir='ltr'>ὲν</span> <span class='ocrx_word' id='word_1_536' title='bbox 1526 4141 1719 4213; x_wconf 85' lang='grc' dir='ltr'>βραχεῖ</span> <span class='ocrx_word' id='word_1_537' title='bbox 1746 4142 1824 4214; x_wconf 82' lang='grc' dir='ltr'>τῷ</span> <span class='ocrx_word' id='word_1_538' title='bbox 1857 4143 2000 4215; x_wconf 85' lang='grc' dir='ltr'>λόγῳ</span> 
     </span>
    </p>
   </div>
   <div class='ocr_carea' id='block_1_74' title="bbox 423 4230 1999 4308">
    <p class='ocr_par' dir='ltr' id='par_1_74' title="bbox 423 4230 1999 4308">
     <span class='ocr_line' id='line_1_74' title="bbox 423 4230 1999 4308; baseline -0.005 -13"><span class='ocrx_word' id='word_1_539' title='bbox 423 4234 1024 4308; x_wconf 81' lang='grc' dir='ltr'>ἀνακεφαλαιωσαμένη</span> <span class='ocrx_word' id='word_1_540' title='bbox 1068 4230 1163 4286; x_wconf 81' lang='grc' dir='ltr'><strong>τοῦ</strong></span> <span class='ocrx_word' id='word_1_541' title='bbox 1184 4232 1427 4304; x_wconf 81' lang='grc' dir='ltr'>Χριστοῦ</span> <span class='ocrx_word' id='word_1_542' title='bbox 1459 4231 1529 4285; x_wconf 84' lang='grc' dir='ltr'>τὰ</span> <span class='ocrx_word' id='word_1_543' title='bbox 1563 4234 1856 4304; x_wconf 82' lang='grc' dir='ltr'>μυστήρια.</span> <span class='ocrx_word' id='word_1_544' title='bbox 1898 4230 1999 4288; x_wconf 82' lang='lat' dir='ltr'><strong>El-</strong></span> 
     </span>
    </p>
   </div>
   <div class='ocr_carea' id='block_1_75' title="bbox 425 4318 2004 4398">
    <p class='ocr_par' dir='ltr' id='par_1_75' title="bbox 425 4318 2004 4398">
     <span class='ocr_line' id='line_1_75' title="bbox 425 4318 2004 4398; baseline -0.013 -10"><span class='ocrx_word' id='word_1_545' title='bbox 425 4348 540 4388; x_wconf 73' lang='grc' dir='ltr'><strong>πεν</strong></span> <span class='ocrx_word' id='word_1_546' title='bbox 568 4332 626 4386; x_wconf 85' lang='grc' dir='ltr'>δὲ</span> <span class='ocrx_word' id='word_1_547' title='bbox 656 4318 892 4398; x_wconf 80' lang='grc' dir='ltr'>Μαριάμ</span> <span class='ocrx_word' id='word_1_548' title='bbox 911 4344 925 4359; x_wconf 82' lang='grc'><em>’</em></span> <span class='ocrx_word' id='word_1_549' title='bbox 967 4327 1300 4397; x_wconf 63' lang='grc' dir='ltr'>Μεγαλύνει</span> <span class='ocrx_word' id='word_1_550' title='bbox 1342 4328 1382 4395; x_wconf 79' lang='grc' dir='ltr'><strong><em>ἡ</em></strong></span> <span class='ocrx_word' id='word_1_551' title='bbox 1415 4326 1586 4396; x_wconf 72' lang='grc' dir='ltr'>ψυχή</span> <span class='ocrx_word' id='word_1_552' title='bbox 1607 4344 1726 4396; x_wconf 79' lang='grc' dir='ltr'><strong>μου</strong></span> <span class='ocrx_word' id='word_1_553' title='bbox 1750 4326 1859 4380; x_wconf 85' lang='grc' dir='ltr'>τὸν</span> <span class='ocrx_word' id='word_1_554' title='bbox 1893 4330 2004 4383; x_wconf 87' lang='grc' dir='ltr'><strong>Κύ-</strong></span> 
     </span>
    </p>
   </div>
   <div class='ocr_carea' id='block_1_76' title="bbox 420 4418 2004 4496">
    <p class='ocr_par' dir='ltr' id='par_1_76' title="bbox 420 4418 2004 4496">
     <span class='ocr_line' id='line_1_76' title="bbox 420 4418 2004 4496; baseline -0.004 -13"><span class='ocrx_word' id='word_1_555' title='bbox 420 4418 571 4496; x_wconf 77' lang='grc' dir='ltr'>ριον.</span> <span class='ocrx_word' id='word_1_556' title='bbox 603 4425 712 4481; x_wconf 79' lang='grc' dir='ltr'><strong>Καὶ</strong></span> <span class='ocrx_word' id='word_1_557' title='bbox 730 4423 1106 4493; x_wconf 69' lang='grc' dir='ltr'>ἠγαλλίασεν</span> <span class='ocrx_word' id='word_1_558' title='bbox 1123 4421 1189 4474; x_wconf 84' lang='grc' dir='ltr'>τὸ</span> <span class='ocrx_word' id='word_1_559' title='bbox 1217 4420 1454 4490; x_wconf 78' lang='grc' dir='ltr'>πνεῦμά</span> <span class='ocrx_word' id='word_1_560' title='bbox 1477 4437 1596 4490; x_wconf 84' lang='grc' dir='ltr'><strong>μου</strong></span> <span class='ocrx_word' id='word_1_561' title='bbox 1625 4421 1725 4474; x_wconf 76' lang='grc' dir='ltr'><strong>ἐπὶ</strong></span> <span class='ocrx_word' id='word_1_562' title='bbox 1758 4420 1838 4487; x_wconf 86' lang='grc' dir='ltr'>τῷ</span> <span class='ocrx_word' id='word_1_563' title='bbox 1881 4421 2004 4488; x_wconf 84' lang='grc' dir='ltr'><strong>Θεῷ</strong></span> 
     </span>
    </p>
   </div>
   <div class='ocr_carea' id='block_1_77' title="bbox 426 4512 2005 4587">
    <p class='ocr_par' dir='ltr' id='par_1_77' title="bbox 426 4512 2005 4587">
     <span class='ocr_line' id='line_1_77' title="bbox 426 4512 2005 4587; baseline -0.004 -12"><span class='ocrx_word' id='word_1_564' title='bbox 426 4519 508 4586; x_wconf 85' lang='grc' dir='ltr'>τῷ</span> <span class='ocrx_word' id='word_1_565' title='bbox 535 4517 758 4587; x_wconf 84' lang='grc' dir='ltr'>σωτῆρῖ</span> <span class='ocrx_word' id='word_1_566' title='bbox 776 4533 916 4587; x_wconf 86' lang='grc' dir='ltr'>μου,</span> <span class='ocrx_word' id='word_1_567' title='bbox 941 4515 1037 4569; x_wconf 55' lang='grc' dir='ltr'><strong>καὶ⁵</strong></span> <span class='ocrx_word' id='word_1_568' title='bbox 1061 4513 1131 4568; x_wconf 86' lang='grc' dir='ltr'>τὰ</span> <span class='ocrx_word' id='word_1_569' title='bbox 1157 4512 1301 4585; x_wconf 78' lang='grc' dir='ltr'>ἑξῆς.</span> <span class='ocrx_word' id='word_1_570' title='bbox 1342 4512 1714 4568; x_wconf 81' lang='grc' dir='ltr'>Ἀντελάϐετο</span> <span class='ocrx_word' id='word_1_571' title='bbox 1756 4514 2005 4582; x_wconf 81' lang='grc' dir='ltr'>Ἰσραὴλ</span> 
     </span>
    </p>
   </div>
   <div class='ocr_carea' id='block_1_78' title="bbox 2096 3300 3679 3372">
    <p class='ocr_par' dir='ltr' id='par_1_78' title="bbox 2096 3300 3679 3372">
     <span class='ocr_line' id='line_1_78' title="bbox 2096 3300 3679 3372; baseline -0.002 -15"><span class='ocrx_word' id='word_1_572' title='bbox 2096 3302 2334 3372; x_wconf 85' lang='lat' dir='ltr'><strong>amplius</strong></span> <span class='ocrx_word' id='word_1_573' title='bbox 2362 3310 2487 3372; x_wconf 86' lang='lat' dir='ltr'><strong>post</strong></span> <span class='ocrx_word' id='word_1_574' title='bbox 2543 3310 2596 3355; x_wconf 90' lang='lat' dir='ltr'><strong>te</strong></span> <span class='ocrx_word' id='word_1_575' title='bbox 2629 3300 2922 3355; x_wconf 88' lang='lat' dir='ltr'><strong>mulierum</strong></span> <span class='ocrx_word' id='word_1_576' title='bbox 2956 3315 3130 3371; x_wconf 87' lang='lat' dir='ltr'><strong>genus</strong></span> <span class='ocrx_word' id='word_1_577' title='bbox 3164 3300 3541 3369; x_wconf 83' lang='lat' dir='ltr'><strong>vituperatur;</strong></span> <span class='ocrx_word' id='word_1_578' title='bbox 3566 3313 3679 3354; x_wconf 90' lang='lat' dir='ltr'><strong>non</strong></span> 
     </span>
    </p>
   </div>
   <div class='ocr_carea' id='block_1_79' title="bbox 2097 3389 3682 3468">
    <p class='ocr_par' dir='ltr' id='par_1_79' title="bbox 2097 3389 3682 3468">
     <span class='ocr_line' id='line_1_79' title="bbox 2097 3389 3682 3468; baseline -0.006 -15"><span class='ocrx_word' id='word_1_579' title='bbox 2097 3398 2335 3468; x_wconf 81' lang='lat' dir='ltr'><strong>amplius</strong></span> <span class='ocrx_word' id='word_1_580' title='bbox 2384 3394 2627 3451; x_wconf 70' lang='lat' dir='ltr'><strong>haeredes</strong></span> <span class='ocrx_word' id='word_1_581' title='bbox 2657 3393 2784 3447; x_wconf 63' lang='lat' dir='ltr'><strong>Eva;</strong></span> <span class='ocrx_word' id='word_1_582' title='bbox 2822 3391 3104 3462; x_wconf 91' lang='lat' dir='ltr'><strong>antiquam</strong></span> <span class='ocrx_word' id='word_1_583' title='bbox 3136 3390 3580 3445; x_wconf 90' lang='lat' dir='ltr'><strong>maledictionem</strong></span> <span class='ocrx_word' id='word_1_584' title='bbox 3612 3389 3682 3443; x_wconf 79' lang='lat' dir='ltr'><strong>ti-</strong></span> 
     </span>
    </p>
   </div>
   <div class='ocr_carea' id='block_1_80' title="bbox 2100 3482 3681 3559">
    <p class='ocr_par' dir='ltr' id='par_1_80' title="bbox 2100 3482 3681 3559">
     <span class='ocr_line' id='line_1_80' title="bbox 2100 3482 3681 3559; baseline -0.006 -14"><span class='ocrx_word' id='word_1_585' title='bbox 2100 3500 2467 3559; x_wconf 87' lang='lat' dir='ltr'><strong>ment,ueque</strong></span> <span class='ocrx_word' id='word_1_586' title='bbox 2495 3496 2685 3559; x_wconf 89' lang='lat' dir='ltr'><strong>partus</strong></span> <span class='ocrx_word' id='word_1_587' title='bbox 2714 3486 2960 3541; x_wconf 88' lang='lat' dir='ltr'><strong>dolorem</strong></span> <span class='ocrx_word' id='word_1_588' title='bbox 2986 3485 3382 3552; x_wconf 86' lang='lat' dir='ltr'><strong>reformidant;</strong></span> <span class='ocrx_word' id='word_1_589' title='bbox 3417 3482 3681 3553; x_wconf 89' lang='lat' dir='ltr'><strong>quoniam</strong></span> 
     </span>
    </p>
   </div>
   <div class='ocr_carea' id='block_1_81' title="bbox 2098 3573 3682 3651">
    <p class='ocr_par' dir='ltr' id='par_1_81' title="bbox 2098 3573 3682 3651">
     <span class='ocr_line' id='line_1_81' title="bbox 2098 3573 3682 3651; baseline -0.005 -15"><span class='ocrx_word' id='word_1_590' title='bbox 2098 3582 2353 3637; x_wconf 83' lang='lat' dir='ltr'><strong>Christus</strong></span> <span class='ocrx_word' id='word_1_591' title='bbox 2384 3580 2612 3635; x_wconf 91' lang='lat' dir='ltr'><strong>humani</strong></span> <span class='ocrx_word' id='word_1_592' title='bbox 2641 3580 2857 3651; x_wconf 88' lang='lat' dir='ltr'><strong>generis</strong></span> <span class='ocrx_word' id='word_1_593' title='bbox 2884 3576 3235 3646; x_wconf 81' lang='lat' dir='ltr'><strong>Redemptor,</strong></span> <span class='ocrx_word' id='word_1_594' title='bbox 3270 3574 3524 3629; x_wconf 88' lang='lat' dir='ltr'><strong>Salvator</strong></span> <span class='ocrx_word' id='word_1_595' title='bbox 3557 3573 3682 3628; x_wconf 85' lang='lat' dir='ltr'><strong>uni-</strong></span> 
     </span>
    </p>
   </div>
   <div class='ocr_carea' id='block_1_82' title="bbox 2101 3665 3685 3740">
    <p class='ocr_par' dir='ltr' id='par_1_82' title="bbox 2101 3665 3685 3740">
     <span class='ocr_line' id='line_1_82' title="bbox 2101 3665 3685 3740; baseline -0.005 -13"><span class='ocrx_word' id='word_1_596' title='bbox 2101 3687 2271 3737; x_wconf 67' lang='lat' dir='ltr'><strong>versae</strong></span> <span class='ocrx_word' id='word_1_597' title='bbox 2328 3680 2559 3735; x_wconf 88' lang='lat' dir='ltr'><strong>naturae,</strong></span> <span class='ocrx_word' id='word_1_598' title='bbox 2612 3669 2875 3740; x_wconf 89' lang='lat' dir='ltr'><strong>spiritalis</strong></span> <span class='ocrx_word' id='word_1_599' title='bbox 2941 3668 3137 3732; x_wconf 85' lang='lat' dir='ltr'><strong>Adam,</strong></span> <span class='ocrx_word' id='word_1_600' title='bbox 3188 3667 3389 3721; x_wconf 89' lang='lat' dir='ltr'><strong>terreni</strong></span> <span class='ocrx_word' id='word_1_601' title='bbox 3443 3665 3685 3731; x_wconf 81' lang='lat' dir='ltr'><strong>hominis</strong></span> 
     </span>
    </p>
   </div>
   <div class='ocr_carea' id='block_1_83' title="bbox 2100 3756 3683 3830">
    <p class='ocr_par' dir='ltr' id='par_1_83' title="bbox 2100 3756 3683 3830">
     <span class='ocr_line' id='line_1_83' title="bbox 2100 3756 3683 3830; baseline -0.006 -11"><span class='ocrx_word' id='word_1_602' title='bbox 2100 3766 2301 3820; x_wconf 73' lang='lat' dir='ltr'><strong>vulnus</strong></span> <span class='ocrx_word' id='word_1_603' title='bbox 2336 3780 2557 3828; x_wconf 90' lang='lat' dir='ltr'><strong>curans,</strong></span> <span class='ocrx_word' id='word_1_604' title='bbox 2593 3779 2660 3819; x_wconf 84' lang='lat' dir='ltr'><strong>ex</strong></span> <span class='ocrx_word' id='word_1_605' title='bbox 2695 3770 2887 3817; x_wconf 91' lang='lat' dir='ltr'><strong>sancto</strong></span> <span class='ocrx_word' id='word_1_606' title='bbox 2941 3771 3037 3816; x_wconf 92' lang='lat' dir='ltr'><strong>tuo</strong></span> <span class='ocrx_word' id='word_1_607' title='bbox 3080 3770 3236 3815; x_wconf 87' lang='lat' dir='ltr'><strong>utero</strong></span> <span class='ocrx_word' id='word_1_608' title='bbox 3279 3758 3543 3830; x_wconf 89' lang='lat' dir='ltr'><strong>procedit.</strong></span> <span class='ocrx_word' id='word_1_609' title='bbox 3576 3756 3683 3811; x_wconf 80' lang='lat' dir='ltr'><strong>Be-</strong></span> 
     </span>
    </p>
   </div>
   <div class='ocr_carea' id='block_1_84' title="bbox 2102 3853 3680 3921">
    <p class='ocr_par' dir='ltr' id='par_1_84' title="bbox 2102 3853 3680 3921">
     <span class='ocr_line' id='line_1_84' title="bbox 2102 3853 3680 3921; baseline -0.005 -10"><span class='ocrx_word' id='word_1_610' title='bbox 2102 3858 2312 3911; x_wconf 78' lang='lat' dir='ltr'><strong>nedicta</strong></span> <span class='ocrx_word' id='word_1_611' title='bbox 2341 3867 2397 3909; x_wconf 87' lang='lat' dir='ltr'><strong>tu</strong></span> <span class='ocrx_word' id='word_1_612' title='bbox 2440 3857 2496 3909; x_wconf 86' lang='lat' dir='ltr'><strong>in</strong></span> <span class='ocrx_word' id='word_1_613' title='bbox 2530 3854 2861 3918; x_wconf 82' lang='lat' dir='ltr'><strong>mulieribus,</strong></span> <span class='ocrx_word' id='word_1_614' title='bbox 2885 3862 2935 3908; x_wconf 86' lang='lat' dir='ltr'><strong>et</strong></span> <span class='ocrx_word' id='word_1_615' title='bbox 2967 3854 3270 3907; x_wconf 83' lang='lat' dir='ltr'><strong>benedictus</strong></span> <span class='ocrx_word' id='word_1_616' title='bbox 3319 3853 3527 3921; x_wconf 78' lang='lat' dir='ltr'><strong>fructus</strong></span> <span class='ocrx_word' id='word_1_617' title='bbox 3564 3866 3680 3904; x_wconf 76' lang='lat' dir='ltr'><strong>ven-</strong></span> 
     </span>
    </p>
   </div>
   <div class='ocr_carea' id='block_1_85' title="bbox 2104 3943 3684 4012">
    <p class='ocr_par' dir='ltr' id='par_1_85' title="bbox 2104 3943 3684 4012">
     <span class='ocr_line' id='line_1_85' title="bbox 2104 3943 3684 4012; baseline -0.003 -11"><span class='ocrx_word' id='word_1_618' title='bbox 2104 3949 2202 4001; x_wconf 82' lang='lat' dir='ltr'><strong>tris</strong></span> <span class='ocrx_word' id='word_1_619' title='bbox 2263 3948 2365 4001; x_wconf 86' lang='lat' dir='ltr'><strong>tui.</strong></span> <span class='ocrx_word' id='word_1_620' title='bbox 2411 3944 2669 4000; x_wconf 88' lang='lat' dir='ltr'><strong>Omnium</strong></span> <span class='ocrx_word' id='word_1_621' title='bbox 2725 3946 2874 4000; x_wconf 90' lang='lat' dir='ltr'><strong>enim</strong></span> <span class='ocrx_word' id='word_1_622' title='bbox 2915 3945 3185 3999; x_wconf 89' lang='lat' dir='ltr'><strong>honorum</strong></span> <span class='ocrx_word' id='word_1_623' title='bbox 3237 3943 3512 4012; x_wconf 89' lang='lat' dir='ltr'><strong>plantator</strong></span> <span class='ocrx_word' id='word_1_624' title='bbox 3556 3949 3684 3996; x_wconf 82' lang='lat' dir='ltr'><strong>tuus</strong></span> 
     </span>
    </p>
   </div>
   <div class='ocr_carea' id='block_1_86' title="bbox 2104 4031 3684 4102">
    <p class='ocr_par' dir='ltr' id='par_1_86' title="bbox 2104 4031 3684 4102">
     <span class='ocr_line' id='line_1_86' title="bbox 2104 4031 3684 4102; baseline -0.003 -12"><span class='ocrx_word' id='word_1_625' title='bbox 2104 4037 2315 4092; x_wconf 83' lang='lat' dir='ltr'><strong>fructus</strong></span> <span class='ocrx_word' id='word_1_626' title='bbox 2362 4035 2590 4091; x_wconf 78' lang='lat' dir='ltr'><strong>effectus</strong></span> <span class='ocrx_word' id='word_1_627' title='bbox 2647 4042 2750 4090; x_wconf 90' lang='lat' dir='ltr'><strong>est.</strong></span> <span class='ocrx_word' id='word_1_628' title='bbox 2804 4033 3082 4088; x_wconf 85' lang='lat' dir='ltr'><strong>Praeclara</strong></span> <span class='ocrx_word' id='word_1_629' title='bbox 3133 4032 3357 4102; x_wconf 90' lang='lat' dir='ltr'><strong>quidem</strong></span> <span class='ocrx_word' id='word_1_630' title='bbox 3412 4031 3684 4094; x_wconf 79' lang='lat' dir='ltr'><strong>videmus,</strong></span> 
     </span>
    </p>
   </div>
   <div class='ocr_carea' id='block_1_87' title="bbox 2103 4125 3684 4194">
    <p class='ocr_par' dir='ltr' id='par_1_87' title="bbox 2103 4125 3684 4194">
     <span class='ocr_line' id='line_1_87' title="bbox 2103 4125 3684 4194; baseline -0.005 -6"><span class='ocrx_word' id='word_1_631' title='bbox 2103 4135 2269 4189; x_wconf 84' lang='lat' dir='ltr'><strong>etiam</strong></span> <span class='ocrx_word' id='word_1_632' title='bbox 2300 4131 2504 4186; x_wconf 90' lang='lat' dir='ltr'><strong>sterilis</strong></span> <span class='ocrx_word' id='word_1_633' title='bbox 2534 4129 2814 4183; x_wconf 88' lang='lat' dir='ltr'><strong>Elisabeth</strong></span> <span class='ocrx_word' id='word_1_634' title='bbox 2865 4127 3067 4194; x_wconf 87' lang='lat' dir='ltr'><strong>verba;</strong></span> <span class='ocrx_word' id='word_1_635' title='bbox 3098 4137 3155 4180; x_wconf 90' lang='lat' dir='ltr'><strong>at</strong></span> <span class='ocrx_word' id='word_1_636' title='bbox 3194 4126 3492 4180; x_wconf 86' lang='lat' dir='ltr'><strong>illustriora</strong></span> <span class='ocrx_word' id='word_1_637' title='bbox 3516 4125 3684 4180; x_wconf 83' lang='lat' dir='ltr'><strong>vicis-</strong></span> 
     </span>
    </p>
   </div>
   <div class='ocr_carea' id='block_1_88' title="bbox 2056 4217 3686 4292">
    <p class='ocr_par' dir='ltr' id='par_1_88' title="bbox 2056 4217 3686 4292">
     <span class='ocr_line' id='line_1_88' title="bbox 2056 4217 3686 4292; baseline -0.006 -11"><span class='ocrx_word' id='word_1_638' title='bbox 2056 4259 2060 4262; x_wconf 65' lang='grc'>‹</span> <span class='ocrx_word' id='word_1_639' title='bbox 2114 4226 2221 4281; x_wconf 88' lang='lat' dir='ltr'><strong>sim</strong></span> <span class='ocrx_word' id='word_1_640' title='bbox 2276 4222 2628 4279; x_wconf 88' lang='lat' dir='ltr'><strong>sanctissima</strong></span> <span class='ocrx_word' id='word_1_641' title='bbox 2682 4222 2969 4292; x_wconf 86' lang='lat' dir='ltr'><strong>prolocuta</strong></span> <span class='ocrx_word' id='word_1_642' title='bbox 2999 4228 3082 4275; x_wconf 90' lang='lat' dir='ltr'><strong>est</strong></span> <span class='ocrx_word' id='word_1_643' title='bbox 3113 4217 3302 4291; x_wconf 84' lang='lat' dir='ltr'><strong>Virgo,</strong></span> <span class='ocrx_word' id='word_1_644' title='bbox 3328 4227 3383 4273; x_wconf 91' lang='lat' dir='ltr'><strong>et</strong></span> <span class='ocrx_word' id='word_1_645' title='bbox 3408 4218 3686 4276; x_wconf 82' lang='lat' dir='ltr'><strong>canticum</strong></span> 
     </span>
    </p>
   </div>
   <div class='ocr_carea' id='block_1_89' title="bbox 2106 4311 3690 4387">
    <p class='ocr_par' dir='ltr' id='par_1_89' title="bbox 2106 4311 3690 4387">
     <span class='ocr_line' id='line_1_89' title="bbox 2106 4311 3690 4387; baseline -0.001 -18"><span class='ocrx_word' id='word_1_646' title='bbox 2106 4316 2218 4371; x_wconf 84' lang='lat' dir='ltr'><strong>Deo</strong></span> <span class='ocrx_word' id='word_1_647' title='bbox 2289 4316 2594 4387; x_wconf 77' lang='lat' dir='ltr'><strong>gratiarum</strong></span> <span class='ocrx_word' id='word_1_648' title='bbox 2669 4313 2937 4377; x_wconf 85' lang='lat' dir='ltr'><strong>actionis,</strong></span> <span class='ocrx_word' id='word_1_649' title='bbox 3010 4312 3253 4383; x_wconf 84' lang='lat' dir='ltr'><strong>bonique</strong></span> <span class='ocrx_word' id='word_1_650' title='bbox 3312 4311 3549 4375; x_wconf 77' lang='lat' dir='ltr'><strong>,odoris,</strong></span> <span class='ocrx_word' id='word_1_651' title='bbox 3622 4326 3690 4367; x_wconf 90' lang='lat' dir='ltr'><strong>ac</strong></span> 
     </span>
    </p>
   </div>
   <div class='ocr_carea' id='block_1_90' title="bbox 2106 4402 3690 4479">
    <p class='ocr_par' dir='ltr' id='par_1_90' title="bbox 2106 4402 3690 4479">
     <span class='ocr_line' id='line_1_90' title="bbox 2106 4402 3690 4479; baseline -0.004 -17"><span class='ocrx_word' id='word_1_652' title='bbox 2106 4408 2398 4479; x_wconf 76' lang='lat' dir='ltr'><strong>theologia:</strong></span> <span class='ocrx_word' id='word_1_653' title='bbox 2426 4407 2647 4477; x_wconf 90' lang='lat' dir='ltr'><strong>plenum</strong></span> <span class='ocrx_word' id='word_1_654' title='bbox 2680 4405 2953 4472; x_wconf 84' lang='lat' dir='ltr'><strong>retribuit,</strong></span> <span class='ocrx_word' id='word_1_655' title='bbox 2979 4419 3102 4459; x_wconf 93' lang='lat' dir='ltr'><strong>cum</strong></span> <span class='ocrx_word' id='word_1_656' title='bbox 3141 4402 3381 4473; x_wconf 88' lang='lat' dir='ltr'><strong>antiquis</strong></span> <span class='ocrx_word' id='word_1_657' title='bbox 3416 4417 3556 4457; x_wconf 86' lang='lat' dir='ltr'><strong>nova</strong></span> <span class='ocrx_word' id='word_1_658' title='bbox 3590 4417 3690 4457; x_wconf 83' lang='lat' dir='ltr'><strong>an-</strong></span> 
     </span>
    </p>
   </div>
   <div class='ocr_carea' id='block_1_91' title="bbox 2113 4494 3688 4566">
    <p class='ocr_par' dir='ltr' id='par_1_91' title="bbox 2113 4494 3688 4566">
     <span class='ocr_line' id='line_1_91' title="bbox 2113 4494 3688 4566; baseline -0.004 -13"><span class='ocrx_word' id='word_1_659' title='bbox 2113 4499 2399 4566; x_wconf 86' lang='lat' dir='ltr'><strong>nuntians,</strong></span> <span class='ocrx_word' id='word_1_660' title='bbox 2446 4513 2570 4552; x_wconf 92' lang='lat' dir='ltr'><strong>cum</strong></span> <span class='ocrx_word' id='word_1_661' title='bbox 2620 4497 2689 4551; x_wconf 91' lang='lat' dir='ltr'><strong>iis</strong></span> <span class='ocrx_word' id='word_1_662' title='bbox 2730 4512 2854 4566; x_wconf 86' lang='lat' dir='ltr'><strong>quae</strong></span> <span class='ocrx_word' id='word_1_663' title='bbox 2886 4511 2917 4550; x_wconf 87' lang='lat' dir='ltr'><strong>a</strong></span> <span class='ocrx_word' id='word_1_664' title='bbox 2960 4495 3162 4551; x_wconf 86' lang='lat' dir='ltr'><strong>saeculo</strong></span> <span class='ocrx_word' id='word_1_665' title='bbox 3205 4502 3260 4549; x_wconf 86' lang='lat' dir='ltr'><strong>et</strong></span> <span class='ocrx_word' id='word_1_666' title='bbox 3302 4495 3371 4548; x_wconf 88' lang='lat' dir='ltr'><strong>ab</strong></span> <span class='ocrx_word' id='word_1_667' title='bbox 3416 4494 3594 4559; x_wconf 84' lang='lat' dir='ltr'><strong>initio,</strong></span> <span class='ocrx_word' id='word_1_668' title='bbox 3624 4509 3688 4548; x_wconf 91' lang='lat' dir='ltr'><strong>ea</strong></span> 
     </span>
    </p>
   </div>
   <div class='ocr_carea' id='block_1_92' title="bbox 428 4582 1988 4680">
    <p class='ocr_par' dir='ltr' id='par_1_92' title="bbox 428 4582 1988 4680">
     <span class='ocr_line' id='line_1_92' title="bbox 428 4582 1988 4680; baseline -0.006 -13"><span class='ocrx_word' id='word_1_669' title='bbox 428 4582 640 4677; x_wconf 75' lang='grc' dir='ltr'>παιδὸς</span> <span class='ocrx_word' id='word_1_670' title='bbox 670 4582 876 4673; x_wconf 66' lang='grc' dir='ltr'>αὐτοῦ,</span> <span class='ocrx_word' id='word_1_671' title='bbox 902 4582 1251 4678; x_wconf 63' lang='grc' dir='ltr'>μνησθῆναι</span> <span class='ocrx_word' id='word_1_672' title='bbox 1287 4604 1500 4680; x_wconf 82' lang='grc' dir='ltr'>ἐλέους</span> <span class='ocrx_word' id='word_1_673' title='bbox 1525 4604 1713 4659; x_wconf 84' lang='grc' dir='ltr'>αὐτοῦ</span> <span class='ocrx_word' id='word_1_674' title='bbox 1736 4644 1751 4670; x_wconf 92' lang='grc'><strong>,</strong></span> <span class='ocrx_word' id='word_1_675' title='bbox 1799 4606 1900 4661; x_wconf 82' lang='grc' dir='ltr'>καὶ</span> <span class='ocrx_word' id='word_1_676' title='bbox 1927 4602 1988 4677; x_wconf 78' lang='grc' dir='ltr'>ἧς</span> 
     </span>
    </p>
   </div>
   <div class='ocr_carea' id='block_1_93' title="bbox 2093 4582 3693 4680">
    <p class='ocr_par' dir='ltr' id='par_1_93' title="bbox 2113 4582 3693 4659">
     <span class='ocr_line' id='line_1_93' title="bbox 2113 4582 3693 4659; baseline -0.003 -16"><span class='ocrx_word' id='word_1_677' title='bbox 2113 4582 2241 4659; x_wconf 63' lang='lat' dir='ltr'><strong>quae</strong></span> <span class='ocrx_word' id='word_1_678' title='bbox 2310 4589 2367 4642; x_wconf 89' lang='lat' dir='ltr'><strong>in</strong></span> <span class='ocrx_word' id='word_1_679' title='bbox 2425 4587 2781 4643; x_wconf 85' lang='lat' dir='ltr'><strong>saeculorum-</strong></span> <span class='ocrx_word' id='word_1_680' title='bbox 2835 4585 3314 4641; x_wconf 85' lang='lat' dir='ltr'><strong>consummatione</strong></span> <span class='ocrx_word' id='word_1_681' title='bbox 3372 4582 3693 4640; x_wconf 87' lang='lat' dir='ltr'><strong>acciderunt</strong></span> 
     </span>
    </p>
   </div>
   <div class='ocr_carea' id='block_1_94' title="bbox 268 4683 2006 4775">
    <p class='ocr_par' dir='ltr' id='par_1_94' title="bbox 268 4683 2006 4775">
     <span class='ocr_line' id='line_1_94' title="bbox 268 4683 2006 4775; baseline -0.004 -14"><span class='ocrx_word' id='word_1_682' title='bbox 268 4744 290 4761; x_wconf 77' lang='lat'><strong>.</strong></span> <span class='ocrx_word' id='word_1_683' title='bbox 354 4748 357 4749; x_wconf 47' lang='grc' dir='ltr'><em>ν</em></span> <span class='ocrx_word' id='word_1_684' title='bbox 428 4706 593 4763; x_wconf 71' lang='grc' dir='ltr'>ἔθετο</span> <span class='ocrx_word' id='word_1_685' title='bbox 625 4703 735 4775; x_wconf 78' lang='grc' dir='ltr'>[ἀλ.</span> <span class='ocrx_word' id='word_1_686' title='bbox 772 4698 1021 4772; x_wconf 83' lang='grc' dir='ltr'>διέθετο]</span> <span class='ocrx_word' id='word_1_687' title='bbox 1053 4697 1343 4767; x_wconf 80' lang='grc' dir='ltr'>διαθήκης</span> <span class='ocrx_word' id='word_1_688' title='bbox 1370 4696 1452 4763; x_wconf 83' lang='grc' dir='ltr'>τῷ</span> <span class='ocrx_word' id='word_1_689' title='bbox 1494 4696 1770 4771; x_wconf 79' lang='grc' dir='ltr'>Ἀϐραὰμ,</span> <span class='ocrx_word' id='word_1_690' title='bbox 1805 4700 1903 4754; x_wconf 83' lang='grc' dir='ltr'>καὶ</span> <span class='ocrx_word' id='word_1_691' title='bbox 1926 4683 2006 4767; x_wconf 65' lang='grc' dir='ltr'>τῷ</span> 
     </span>
    </p>
   </div>
   <div class='ocr_carea' id='block_1_95' title="bbox 430 4776 2007 4865">
    <p class='ocr_par' dir='ltr' id='par_1_95' title="bbox 430 4776 2007 4865">
     <span class='ocr_line' id='line_1_95' title="bbox 430 4776 2007 4865; baseline -0.004 -14"><span class='ocrx_word' id='word_1_692' title='bbox 430 4794 723 4865; x_wconf 80' lang='grc' dir='ltr'>σπέρματι</span> <span class='ocrx_word' id='word_1_693' title='bbox 746 4790 955 4857; x_wconf 84' lang='grc' dir='ltr'>αὐτοῦ,</span> <span class='ocrx_word' id='word_1_694' title='bbox 987 4790 1099 4857; x_wconf 78' lang='grc' dir='ltr'>ἕως</span> <span class='ocrx_word' id='word_1_695' title='bbox 1123 4776 1356 4855; x_wconf 75' lang='grc' dir='ltr'>αἰῶνος.</span> <span class='ocrx_word' id='word_1_696' title='bbox 1388 4790 1625 4859; x_wconf 86' lang='grc' dir='ltr'>Θεωρεῖς</span> <span class='ocrx_word' id='word_1_697' title='bbox 1658 4788 1776 4853; x_wconf 84' lang='grc' dir='ltr'><strong>πῶς</strong></span> <span class='ocrx_word' id='word_1_698' title='bbox 1807 4792 1840 4862; x_wconf 83' lang='grc' dir='ltr'>ἡ</span> <span class='ocrx_word' id='word_1_699' title='bbox 1877 4791 2007 4859; x_wconf 86' lang='grc' dir='ltr'>ἁγία</span> 
     </span>
    </p>
   </div>
   <div class='ocr_carea' id='block_1_96' title="bbox 319 4876 2006 4958">
    <p class='ocr_par' dir='ltr' id='par_1_96' title="bbox 319 4876 2006 4958">
     <span class='ocr_line' id='line_1_96' title="bbox 319 4876 2006 4958; baseline -0.005 -15"><span class='ocrx_word' id='word_1_700' title='bbox 319 4879 329 4885; x_wconf 60' lang='grc'><strong>’</strong></span> <span class='ocrx_word' id='word_1_701' title='bbox 432 4876 725 4958; x_wconf 81' lang='grc' dir='ltr'>Παρθένος,</span> <span class='ocrx_word' id='word_1_702' title='bbox 749 4884 844 4938; x_wconf 80' lang='grc' dir='ltr'><strong>καὶ</strong></span> <span class='ocrx_word' id='word_1_703' title='bbox 875 4884 973 4955; x_wconf 82' lang='grc' dir='ltr'><strong>τὴν</strong></span> <span class='ocrx_word' id='word_1_704' title='bbox 999 4880 1402 4952; x_wconf 81' lang='grc' dir='ltr'>πατριαρχικὴν</span> <span class='ocrx_word' id='word_1_705' title='bbox 1436 4879 1769 4951; x_wconf 80' lang='grc' dir='ltr'>ὑπερέϐαλεν</span> <span class='ocrx_word' id='word_1_706' title='bbox 1800 4881 2006 4935; x_wconf 83' lang='grc' dir='ltr'>τελειό-</span> 
     </span>
    </p>
   </div>
   <div class='ocr_carea' id='block_1_97' title="bbox 433 4971 2009 5063">
    <p class='ocr_par' dir='ltr' id='par_1_97' title="bbox 433 4971 2009 5063">
     <span class='ocr_line' id='line_1_97' title="bbox 433 4971 2009 5063; baseline -0.004 -30"><span class='ocrx_word' id='word_1_707' title='bbox 433 4997 592 5050; x_wconf 83' lang='grc' dir='ltr'>τητα,</span> <span class='ocrx_word' id='word_1_708' title='bbox 620 4980 717 5063; x_wconf 73' lang='grc' dir='ltr'><strong>καὶ</strong></span> <span class='ocrx_word' id='word_1_709' title='bbox 745 4976 949 5049; x_wconf 78' lang='grc' dir='ltr'>βεϐαιοῖ</span> <span class='ocrx_word' id='word_1_710' title='bbox 976 4975 1075 5047; x_wconf 78' lang='grc' dir='ltr'><strong>τὴν</strong></span> <span class='ocrx_word' id='word_1_711' title='bbox 1118 4975 1256 5046; x_wconf 86' lang='grc' dir='ltr'>πρὸς</span> <span class='ocrx_word' id='word_1_712' title='bbox 1304 4971 1555 5043; x_wconf 80' lang='grc' dir='ltr'>Ἀϐραὰμ</span> <span class='ocrx_word' id='word_1_713' title='bbox 1586 4971 1680 5025; x_wconf 81' lang='grc' dir='ltr'><strong>τοῦ</strong></span> <span class='ocrx_word' id='word_1_714' title='bbox 1723 4971 1860 5025; x_wconf 79' lang='grc' dir='ltr'><strong>Θεοῦ</strong></span> <span class='ocrx_word' id='word_1_715' title='bbox 1895 4973 2009 5028; x_wconf 88' lang='grc' dir='ltr'>δια-</span> 
     </span>
    </p>
   </div>
   <div class='ocr_carea' id='block_1_98' title="bbox 435 5062 2010 5151">
    <p class='ocr_par' dir='ltr' id='par_1_98' title="bbox 435 5062 2010 5151">
     <span class='ocr_line' id='line_1_98' title="bbox 435 5062 2010 5151; baseline -0.004 -26"><span class='ocrx_word' id='word_1_716' title='bbox 435 5062 642 5151; x_wconf 75' lang='grc' dir='ltr'>θήκην,</span> <span class='ocrx_word' id='word_1_717' title='bbox 666 5069 673 5075; x_wconf 80' lang='grc'>’</span> <span class='ocrx_word' id='word_1_718' title='bbox 694 5070 974 5137; x_wconf 81' lang='grc' dir='ltr'>λέγοντος·</span> <span class='ocrx_word' id='word_1_719' title='bbox 1026 5068 1190 5134; x_wconf 80' lang='grc' dir='ltr'><strong>Αὕτη</strong></span> <span class='ocrx_word' id='word_1_720' title='bbox 1221 5068 1263 5138; x_wconf 67' lang='grc' dir='ltr'><em>ἠ</em></span> <span class='ocrx_word' id='word_1_721' title='bbox 1290 5064 1542 5132; x_wconf 80' lang='grc' dir='ltr'>διαθήκη</span> <span class='ocrx_word' id='word_1_722' title='bbox 1561 5107 1576 5131; x_wconf 90' lang='grc'><strong>,</strong></span> <span class='ocrx_word' id='word_1_723' title='bbox 1619 5062 1701 5132; x_wconf 75' lang='grc' dir='ltr'>ἣν</span> <span class='ocrx_word' id='word_1_724' title='bbox 1727 5063 2010 5131; x_wconf 73' lang='grc' dir='ltr'><strong>διᾶθῆσο-</strong></span> 
     </span>
    </p>
   </div>
   <div class='ocr_carea' id='block_1_99' title="bbox 430 5152 2011 5235">
    <p class='ocr_par' dir='ltr' id='par_1_99' title="bbox 430 5152 2011 5235">
     <span class='ocr_line' id='line_1_99' title="bbox 430 5152 2011 5235; baseline -0.007 -17"><span class='ocrx_word' id='word_1_725' title='bbox 430 5156 540 5234; x_wconf 70' lang='grc' dir='ltr'><strong>μαι</strong></span> <span class='ocrx_word' id='word_1_726' title='bbox 591 5160 899 5235; x_wconf 78' lang='grc' dir='ltr'>ἀναμέσον</span> <span class='ocrx_word' id='word_1_727' title='bbox 947 5158 1093 5228; x_wconf 72' lang='grc' dir='ltr'><strong>ἐμοῦ</strong></span> <span class='ocrx_word' id='word_1_728' title='bbox 1131 5158 1231 5212; x_wconf 80' lang='grc' dir='ltr'>καὶ</span> <span class='ocrx_word' id='word_1_729' title='bbox 1274 5155 1410 5211; x_wconf 87' lang='grc' dir='ltr'>σοῦ.</span> <span class='ocrx_word' id='word_1_730' title='bbox 1476 5155 1569 5209; x_wconf 88' lang='grc' dir='ltr'><strong>Διὸ</strong></span> <span class='ocrx_word' id='word_1_731' title='bbox 1621 5154 1790 5209; x_wconf 78' lang='grc' dir='ltr'>ἐλθὼν</span> <span class='ocrx_word' id='word_1_732' title='bbox 1820 5152 2011 5226; x_wconf 53' lang='grc' dir='ltr'><strong>Ἢῖύροί</strong></span> 
     </span>
    </p>
   </div>
   <div class='ocr_carea' id='block_1_100' title="bbox 206 5246 2011 5333">
    <p class='ocr_par' dir='ltr' id='par_1_100' title="bbox 206 5246 2011 5333">
     <span class='ocr_line' id='line_1_100' title="bbox 206 5246 2011 5333; baseline 0 -32"><span class='ocrx_word' id='word_1_733' title='bbox 206 5257 213 5265; x_wconf 88' lang='lat'><strong>‘</strong></span> <span class='ocrx_word' id='word_1_734' title='bbox 310 5246 343 5301; x_wconf 46' lang='grc'>⁷.</span> <span class='ocrx_word' id='word_1_735' title='bbox 604 5252 838 5325; x_wconf 72' lang='grc' dir='ltr'>πληροῖ]</span> <span class='ocrx_word' id='word_1_736' title='bbox 871 5251 1137 5323; x_wconf 36' lang='grc' dir='ltr'>τὴνοπρὺς</span> <span class='ocrx_word' id='word_1_737' title='bbox 1194 5248 1445 5320; x_wconf 79' lang='grc' dir='ltr'>Ἀϐραὰμ</span> <span class='ocrx_word' id='word_1_738' title='bbox 1481 5247 1770 5320; x_wconf 85' lang='grc' dir='ltr'>διαθήκην,</span> <span class='ocrx_word' id='word_1_739' title='bbox 1817 5265 2011 5319; x_wconf 86' lang='grc' dir='ltr'>μυστι-</span> 
     </span>
    </p>
   </div>
   <div class='ocr_carea' id='block_1_101' title="bbox 2111 4676 3691 4754">
    <p class='ocr_par' dir='ltr' id='par_1_101' title="bbox 2111 4676 3691 4754">
     <span class='ocr_line' id='line_1_101' title="bbox 2111 4676 3691 4754; baseline -0.003 -19"><span class='ocrx_word' id='word_1_740' title='bbox 2111 4681 2447 4754; x_wconf 82' lang='lat' dir='ltr'><strong>praedicans,</strong></span> <span class='ocrx_word' id='word_1_741' title='bbox 2517 4680 2811 4750; x_wconf 80' lang='lat' dir='ltr'><strong>brevique,</strong></span> <span class='ocrx_word' id='word_1_742' title='bbox 2845 4693 3097 4734; x_wconf 86' lang='lat' dir='ltr'><strong>sermone</strong></span> <span class='ocrx_word' id='word_1_743' title='bbox 3171 4676 3379 4732; x_wconf 86' lang='lat' dir='ltr'><strong>Christi</strong></span> <span class='ocrx_word' id='word_1_744' title='bbox 3428 4676 3691 4748; x_wconf 86' lang='lat' dir='ltr'><strong>mysteria</strong></span> 
     </span>
    </p>
   </div>
   <div class='ocr_carea' id='block_1_102' title="bbox 2113 4766 3693 4842">
    <p class='ocr_par' dir='ltr' id='par_1_102' title="bbox 2113 4766 3693 4842">
     <span class='ocr_line' id='line_1_102' title="bbox 2113 4766 3693 4842; baseline -0.006 -13"><span class='ocrx_word' id='word_1_745' title='bbox 2113 4775 2428 4829; x_wconf 88' lang='lat' dir='ltr'><strong>summatim</strong></span> <span class='ocrx_word' id='word_1_746' title='bbox 2468 4772 2863 4842; x_wconf 87' lang='lat' dir='ltr'><strong>perstringens.</strong></span> <span class='ocrx_word' id='word_1_747' title='bbox 2899 4771 2988 4823; x_wconf 86' lang='lat' dir='ltr'><strong>Ait</strong></span> <span class='ocrx_word' id='word_1_748' title='bbox 3022 4778 3204 4823; x_wconf 90' lang='lat' dir='ltr'><strong>autem</strong></span> <span class='ocrx_word' id='word_1_749' title='bbox 3235 4767 3413 4821; x_wconf 82' lang='lat' dir='ltr'><strong>Maria</strong></span> <span class='ocrx_word' id='word_1_750' title='bbox 3434 4784 3454 4822; x_wconf 89' lang='lat'><strong><em>:</em></strong></span> <span class='ocrx_word' id='word_1_751' title='bbox 3478 4766 3693 4838; x_wconf 82' lang='lat' dir='ltr'><strong>Magni-</strong></span> 
     </span>
    </p>
   </div>
   <div class='ocr_carea' id='block_1_103' title="bbox 2111 4862 3692 4941">
    <p class='ocr_par' dir='ltr' id='par_1_103' title="bbox 2111 4862 3692 4941">
     <span class='ocr_line' id='line_1_103' title="bbox 2111 4862 3692 4941; baseline -0.008 -17"><span class='ocrx_word' id='word_1_752' title='bbox 2111 4872 2237 4941; x_wconf 84' lang='lat' dir='ltr'><strong>ﬁcat</strong></span> <span class='ocrx_word' id='word_1_753' title='bbox 2288 4870 2471 4923; x_wconf 88' lang='lat' dir='ltr'><strong>anima</strong></span> <span class='ocrx_word' id='word_1_754' title='bbox 2528 4884 2645 4922; x_wconf 87' lang='lat' dir='ltr'><strong>mea</strong></span> <span class='ocrx_word' id='word_1_755' title='bbox 2676 4866 3008 4941; x_wconf 12' lang='lat' dir='ltr'><strong>‘Dominum.</strong></span> <span class='ocrx_word' id='word_1_756' title='bbox 3035 4863 3106 4917; x_wconf 83' lang='lat' dir='ltr'><strong>Et</strong></span> <span class='ocrx_word' id='word_1_757' title='bbox 3156 4864 3440 4917; x_wconf 75' lang='lat' dir='ltr'><strong>exsultavit</strong></span> <span class='ocrx_word' id='word_1_758' title='bbox 3472 4862 3692 4930; x_wconf 79' lang='lat' dir='ltr'><strong>spiritus</strong></span> 
     </span>
    </p>
   </div>
   <div class='ocr_carea' id='block_1_104' title="bbox 2112 4940 3695 5025">
    <p class='ocr_par' dir='ltr' id='par_1_104' title="bbox 2112 4940 3695 5025">
     <span class='ocr_line' id='line_1_104' title="bbox 2112 4940 3695 5025; baseline -0.007 -11"><span class='ocrx_word' id='word_1_759' title='bbox 2112 4976 2257 5014; x_wconf 77' lang='lat' dir='ltr'><strong>meus</strong></span> <span class='ocrx_word' id='word_1_760' title='bbox 2304 4959 2359 5012; x_wconf 90' lang='lat' dir='ltr'><strong>in</strong></span> <span class='ocrx_word' id='word_1_761' title='bbox 2402 4958 2512 5012; x_wconf 87' lang='lat' dir='ltr'><strong>Deo</strong></span> <span class='ocrx_word' id='word_1_762' title='bbox 2554 4957 2785 5011; x_wconf 86' lang='lat' dir='ltr'><strong>salutari</strong></span> <span class='ocrx_word' id='word_1_763' title='bbox 2812 4972 2946 5018; x_wconf 87' lang='lat' dir='ltr'><strong>meo,</strong></span> <span class='ocrx_word' id='word_1_764' title='bbox 2969 4964 3022 5010; x_wconf 91' lang='lat' dir='ltr'><strong>et</strong></span> <span class='ocrx_word' id='word_1_765' title='bbox 3044 4940 3169 5025; x_wconf 58' lang='lat' dir='ltr'><strong>quae</strong></span> <span class='ocrx_word' id='word_1_766' title='bbox 3211 4960 3536 5025; x_wconf 82' lang='lat' dir='ltr'><strong>sequuntur.</strong></span> <span class='ocrx_word' id='word_1_767' title='bbox 3566 4948 3695 5004; x_wconf 80' lang='lat' dir='ltr'><strong>Sus-</strong></span> 
     </span>
    </p>
   </div>
   <div class='ocr_carea' id='block_1_105' title="bbox 2112 5042 3695 5124">
    <p class='ocr_par' dir='ltr' id='par_1_105' title="bbox 2112 5042 3695 5124">
     <span class='ocr_line' id='line_1_105' title="bbox 2112 5042 3695 5124; baseline -0.008 -17"><span class='ocrx_word' id='word_1_768' title='bbox 2112 5056 2246 5124; x_wconf 80' lang='lat' dir='ltr'><strong>cepit</strong></span> <span class='ocrx_word' id='word_1_769' title='bbox 2307 5050 2481 5107; x_wconf 84' lang='lat' dir='ltr'><strong>Israel</strong></span> <span class='ocrx_word' id='word_1_770' title='bbox 2508 5067 2727 5120; x_wconf 85' lang='lat' dir='ltr'><strong>puerum</strong></span> <span class='ocrx_word' id='word_1_771' title='bbox 2757 5066 2936 5115; x_wconf 84' lang='lat' dir='ltr'><strong>suum,</strong></span> <span class='ocrx_word' id='word_1_772' title='bbox 2975 5047 3283 5106; x_wconf 81' lang='lat' dir='ltr'><strong>recordatus</strong></span> <span class='ocrx_word' id='word_1_773' title='bbox 3315 5042 3695 5098; x_wconf 56' lang='lat' dir='ltr'><strong>misericordia,</strong></span> 
     </span>
    </p>
   </div>
   <div class='ocr_carea' id='block_1_106' title="bbox 2111 5133 3694 5212">
    <p class='ocr_par' dir='ltr' id='par_1_106' title="bbox 2111 5133 3694 5212">
     <span class='ocr_line' id='line_1_106' title="bbox 2111 5133 3694 5212; baseline -0.01 -11"><span class='ocrx_word' id='word_1_774' title='bbox 2111 5164 2263 5211; x_wconf 66' lang='lat' dir='ltr'><strong>sua,</strong></span> <span class='ocrx_word' id='word_1_775' title='bbox 2304 5161 2366 5199; x_wconf 90' lang='lat' dir='ltr'><strong>ac</strong></span> <span class='ocrx_word' id='word_1_776' title='bbox 2411 5143 2710 5198; x_wconf 78' lang='lat' dir='ltr'><strong>testamenti</strong></span> <span class='ocrx_word' id='word_1_777' title='bbox 2756 5142 2896 5212; x_wconf 85' lang='lat' dir='ltr'><strong>quod</strong></span> <span class='ocrx_word' id='word_1_778' title='bbox 2935 5140 3195 5210; x_wconf 80' lang='lat' dir='ltr'><strong>disposuit</strong></span> <span class='ocrx_word' id='word_1_779' title='bbox 3255 5152 3374 5190; x_wconf 85' lang='lat' dir='ltr'><strong>cum</strong></span> <span class='ocrx_word' id='word_1_780' title='bbox 3422 5133 3694 5187; x_wconf 82' lang='lat' dir='ltr'><strong>Abraham</strong></span> 
     </span>
    </p>
   </div>
   <div class='ocr_carea' id='block_1_107' title="bbox 2111 5226 3693 5306">
    <p class='ocr_par' dir='ltr' id='par_1_107' title="bbox 2111 5226 3693 5306">
     <span class='ocr_line' id='line_1_107' title="bbox 2111 5226 3693 5306; baseline -0.009 -12"><span class='ocrx_word' id='word_1_781' title='bbox 2111 5249 2162 5294; x_wconf 86' lang='lat' dir='ltr'><strong>et</strong></span> <span class='ocrx_word' id='word_1_782' title='bbox 2195 5239 2387 5294; x_wconf 87' lang='lat' dir='ltr'><strong>semine</strong></span> <span class='ocrx_word' id='word_1_783' title='bbox 2410 5236 2522 5306; x_wconf 83' lang='lat' dir='ltr'><strong>ejus</strong></span> <span class='ocrx_word' id='word_1_784' title='bbox 2551 5238 2605 5290; x_wconf 88' lang='lat' dir='ltr'><strong>in</strong></span> <span class='ocrx_word' id='word_1_785' title='bbox 2629 5234 2828 5290; x_wconf 58' lang='lat' dir='ltr'><strong>sarcula</strong></span> <span class='ocrx_word' id='word_1_786' title='bbox 2853 5233 2917 5287; x_wconf 83' lang='grc'>¹⁸.</span> <span class='ocrx_word' id='word_1_787' title='bbox 2946 5231 3103 5287; x_wconf 85' lang='lat' dir='ltr'><strong>Vides</strong></span> <span class='ocrx_word' id='word_1_788' title='bbox 3130 5245 3240 5300; x_wconf 90' lang='lat' dir='ltr'><strong>quo</strong></span> <span class='ocrx_word' id='word_1_789' title='bbox 3272 5237 3431 5299; x_wconf 89' lang='lat' dir='ltr'><strong>pacto</strong></span> <span class='ocrx_word' id='word_1_790' title='bbox 3457 5226 3693 5282; x_wconf 89' lang='lat' dir='ltr'><strong>sanctis-</strong></span> 
     </span>
    </p>
   </div>
   <div class='ocr_carea' id='block_1_108' title="bbox 439 5320 1988 5416">
    <p class='ocr_par' dir='ltr' id='par_1_108' title="bbox 439 5320 1986 5416">
     <span class='ocr_line' id='line_1_108' title="bbox 439 5320 1986 5416; baseline -0.006 -13"><span class='ocrx_word' id='word_1_791' title='bbox 439 5320 554 5412; x_wconf 61' lang='grc' dir='ltr'>κῶς</span> <span class='ocrx_word' id='word_1_792' title='bbox 579 5346 659 5401; x_wconf 75' lang='grc' dir='ltr'>ιτὺ</span> <span class='ocrx_word' id='word_1_793' title='bbox 697 5320 935 5416; x_wconf 61' lang='grc' dir='ltr'><strong>σημεῖον⁷</strong></span> <span class='ocrx_word' id='word_1_794' title='bbox 965 5320 1064 5413; x_wconf 81' lang='grc' dir='ltr'>τῆς</span> <span class='ocrx_word' id='word_1_795' title='bbox 1096 5341 1411 5415; x_wconf 59' lang='lat' dir='ltr'><strong>aspirati-71;</strong></span> <span class='ocrx_word' id='word_1_796' title='bbox 1437 5339 1867 5411; x_wconf 77' lang='grc' dir='ltr'>ἀναδεξάμενος,</span> <span class='ocrx_word' id='word_1_797' title='bbox 1916 5358 1986 5393; x_wconf 86' lang='grc' dir='ltr'><strong>κα</strong></span> 
     </span>
    </p>
   </div>
   <div class='ocr_carea' id='block_1_109' title="bbox 2093 5320 3691 5416">
    <p class='ocr_par' dir='ltr' id='par_1_109' title="bbox 2115 5320 3691 5403">
     <span class='ocr_line' id='line_1_109' title="bbox 2115 5320 3691 5403; baseline -0.011 -15"><span class='ocrx_word' id='word_1_798' title='bbox 2115 5334 2255 5388; x_wconf 89' lang='lat' dir='ltr'><strong>sima</strong></span> <span class='ocrx_word' id='word_1_799' title='bbox 2285 5329 2454 5403; x_wconf 80' lang='lat' dir='ltr'><strong>Virgo</strong></span> <span class='ocrx_word' id='word_1_800' title='bbox 2510 5331 2675 5384; x_wconf 87' lang='lat' dir='ltr'><strong>etiam</strong></span> <span class='ocrx_word' id='word_1_801' title='bbox 2724 5325 3147 5397; x_wconf 88' lang='lat' dir='ltr'><strong>patriarchicam</strong></span> <span class='ocrx_word' id='word_1_802' title='bbox 3200 5320 3541 5391; x_wconf 88' lang='lat' dir='ltr'><strong>superaverit</strong></span> <span class='ocrx_word' id='word_1_803' title='bbox 3566 5333 3691 5388; x_wconf 83' lang='lat' dir='ltr'><strong>per-</strong></span> 
     </span>
    </p>
   </div>
   <div class='ocr_carea' id='block_1_110' title="bbox 440 5410 1988 5512">
    <p class='ocr_par' dir='ltr' id='par_1_110' title="bbox 440 5410 1988 5512">
     <span class='ocr_line' id='line_1_110' title="bbox 440 5410 1988 5512; baseline -0.009 -15"><span class='ocrx_word' id='word_1_804' title='bbox 440 5410 924 5512; x_wconf 44' lang='grc' dir='ltr'>πλήρωμα-’νόμου</span> <span class='ocrx_word' id='word_1_805' title='bbox 987 5410 1078 5491; x_wconf 77' lang='grc' dir='ltr'><strong>καὶ</strong></span> <span class='ocrx_word' id='word_1_806' title='bbox 1156 5410 1451 5508; x_wconf 62' lang='grc' dir='ltr'>προιρητῶν</span> <span class='ocrx_word' id='word_1_807' title='bbox 1499 5410 1812 5503; x_wconf 87' lang='grc' dir='ltr'>γενόμενος.</span> <span class='ocrx_word' id='word_1_808' title='bbox 1863 5431 1988 5484; x_wconf 85' lang='grc' dir='ltr'><strong>Ταύ-</strong></span> 
     </span>
    </p>
   </div>
   <div class='ocr_carea' id='block_1_111' title="bbox 2093 5410 3695 5512">
    <p class='ocr_par' dir='ltr' id='par_1_111' title="bbox 2115 5410 3695 5490">
     <span class='ocr_line' id='line_1_111' title="bbox 2115 5410 3695 5490; baseline -0.009 -12"><span class='ocrx_word' id='word_1_809' title='bbox 2115 5424 2428 5490; x_wconf 72' lang='lat' dir='ltr'><strong>lectionem,</strong></span> <span class='ocrx_word' id='word_1_810' title='bbox 2455 5420 2972 5488; x_wconf 81' lang='lat' dir='ltr'><strong>conﬁrmaveritque</strong></span> <span class='ocrx_word' id='word_1_811' title='bbox 3024 5422 3413 5471; x_wconf 90' lang='lat' dir='ltr'><strong>testamentum</strong></span> <span class='ocrx_word' id='word_1_812' title='bbox 3470 5410 3566 5466; x_wconf 89' lang='lat' dir='ltr'><strong>Dei</strong></span> <span class='ocrx_word' id='word_1_813' title='bbox 3625 5410 3695 5464; x_wconf 89' lang='lat' dir='ltr'><strong>ad</strong></span> 
     </span>
    </p>
   </div>
   <div class='ocr_carea' id='block_1_112' title="bbox 439 5503 1988 5601">
    <p class='ocr_par' dir='ltr' id='par_1_112' title="bbox 439 5503 1978 5601">
     <span class='ocr_line' id='line_1_112' title="bbox 439 5503 1978 5601; baseline -0.003 -18"><span class='ocrx_word' id='word_1_814' title='bbox 439 5503 661 5601; x_wconf 41' lang='lat' dir='ltr'><strong>tne-oi)&quot;:</strong></span> <span class='ocrx_word' id='word_1_815' title='bbox 706 5503 836 5598; x_wconf 66' lang='grc' dir='ltr'><strong>τῆς⁷</strong></span> <span class='ocrx_word' id='word_1_816' title='bbox 860 5503 1210 5597; x_wconf 36' lang='grc' dir='ltr'>προφητείας-</span> <span class='ocrx_word' id='word_1_817' title='bbox 1244 5503 1367 5596; x_wconf 77' lang='grc' dir='ltr'>[ἄλ.</span> <span class='ocrx_word' id='word_1_818' title='bbox 1428 5525 1633 5595; x_wconf 84' lang='grc' dir='ltr'>ταύτην</span> <span class='ocrx_word' id='word_1_819' title='bbox 1697 5519 1791 5577; x_wconf 81' lang='grc' dir='ltr'>οὖν</span> <span class='ocrx_word' id='word_1_820' title='bbox 1835 5523 1978 5597; x_wconf 80' lang='grc' dir='ltr'>ᾠδὴν</span> 
     </span>
    </p>
   </div>
   <div class='ocr_carea' id='block_1_113' title="bbox 2093 5503 3697 5601">
    <p class='ocr_par' dir='ltr' id='par_1_113' title="bbox 2120 5503 3697 5583">
     <span class='ocr_line' id='line_1_113' title="bbox 2120 5503 3697 5583; baseline -0.01 -11"><span class='ocrx_word' id='word_1_821' title='bbox 2120 5518 2420 5583; x_wconf 81' lang='lat' dir='ltr'><strong>Abraham,</strong></span> <span class='ocrx_word' id='word_1_822' title='bbox 2451 5514 2681 5571; x_wconf 88' lang='lat' dir='ltr'><strong>dicentis</strong></span> <span class='ocrx_word' id='word_1_823' title='bbox 2716 5531 2731 5566; x_wconf 86' lang='lat'><strong>:</strong></span> <span class='ocrx_word' id='word_1_824' title='bbox 2767 5511 2882 5564; x_wconf 87' lang='lat' dir='ltr'><strong>Iloc</strong></span> <span class='ocrx_word' id='word_1_825' title='bbox 2910 5521 2988 5564; x_wconf 86' lang='lat' dir='ltr'><strong>est</strong></span> <span class='ocrx_word' id='word_1_826' title='bbox 3016 5515 3407 5571; x_wconf 84' lang='lat' dir='ltr'><strong>testamentum,</strong></span> <span class='ocrx_word' id='word_1_827' title='bbox 3425 5503 3564 5577; x_wconf 83' lang='lat' dir='ltr'><strong>quod</strong></span> <span class='ocrx_word' id='word_1_828' title='bbox 3585 5512 3697 5558; x_wconf 84' lang='lat' dir='ltr'><strong>sta-</strong></span> 
     </span>
    </p>
   </div>
   <div class='ocr_carea' id='block_1_114' title="bbox 439 5598 1988 5695">
    <p class='ocr_par' dir='ltr' id='par_1_114' title="bbox 439 5598 1988 5695">
     <span class='ocr_line' id='line_1_114' title="bbox 439 5598 1988 5695; baseline -0.006 -19"><span class='ocrx_word' id='word_1_829' title='bbox 439 5598 539 5695; x_wconf 66' lang='grc' dir='ltr'>τῆν</span> <span class='ocrx_word' id='word_1_830' title='bbox 599 5620 741 5693; x_wconf 77' lang='grc' dir='ltr'>ᾠδὴν</span> <span class='ocrx_word' id='word_1_831' title='bbox 784 5620 817 5690; x_wconf 82' lang='grc' dir='ltr'><strong>ἡ</strong></span> <span class='ocrx_word' id='word_1_832' title='bbox 862 5618 993 5688; x_wconf 83' lang='grc' dir='ltr'>ἁγία</span> <span class='ocrx_word' id='word_1_833' title='bbox 1055 5617 1315 5679; x_wconf 85' lang='grc' dir='ltr'>Θεοτόκος</span> <span class='ocrx_word' id='word_1_834' title='bbox 1382 5614 1458 5686; x_wconf 85' lang='grc' dir='ltr'>τῷ</span> <span class='ocrx_word' id='word_1_835' title='bbox 1521 5614 1639 5685; x_wconf 81' lang='grc' dir='ltr'>Θεῷ</span> <span class='ocrx_word' id='word_1_836' title='bbox 1694 5614 1988 5684; x_wconf 79' lang='grc' dir='ltr'>ἀνέπεμπε</span> 
     </span>
    </p>
   </div>
   <div class='ocr_carea' id='block_1_115' title="bbox 2093 5598 3699 5695">
    <p class='ocr_par' dir='ltr' id='par_1_115' title="bbox 2126 5598 3699 5675">
     <span class='ocr_line' id='line_1_115' title="bbox 2126 5598 3699 5675; baseline -0.009 -8"><span class='ocrx_word' id='word_1_837' title='bbox 2126 5625 2273 5669; x_wconf 86' lang='lat' dir='ltr'><strong>tuam</strong></span> <span class='ocrx_word' id='word_1_838' title='bbox 2320 5616 2458 5668; x_wconf 86' lang='lat' dir='ltr'><strong>inter</strong></span> <span class='ocrx_word' id='word_1_839' title='bbox 2500 5627 2578 5664; x_wconf 85' lang='lat' dir='ltr'><strong>me</strong></span> <span class='ocrx_word' id='word_1_840' title='bbox 2613 5618 2663 5663; x_wconf 88' lang='lat' dir='ltr'><strong>et</strong></span> <span class='ocrx_word' id='word_1_841' title='bbox 2700 5617 2749 5661; x_wconf 86' lang='lat' dir='ltr'><strong>te</strong></span> <span class='ocrx_word' id='word_1_842' title='bbox 2772 5608 2836 5661; x_wconf 68' lang='grc' dir='ltr'><strong>ίαν.</strong></span> <span class='ocrx_word' id='word_1_843' title='bbox 2870 5604 3108 5675; x_wconf 85' lang='lat' dir='ltr'><strong>Ideoque</strong></span> <span class='ocrx_word' id='word_1_844' title='bbox 3150 5602 3400 5669; x_wconf 86' lang='lat' dir='ltr'><strong>veniens,</strong></span> <span class='ocrx_word' id='word_1_845' title='bbox 3427 5615 3589 5657; x_wconf 90' lang='lat' dir='ltr'><strong>suum</strong></span> <span class='ocrx_word' id='word_1_846' title='bbox 3629 5598 3699 5654; x_wconf 84' lang='lat' dir='ltr'><strong>ad</strong></span> 
     </span>
    </p>
   </div>
   <div class='ocr_carea' id='block_1_116' title="bbox 443 5695 1988 5797">
    <p class='ocr_par' dir='ltr' id='par_1_116' title="bbox 443 5709 1988 5797">
     <span class='ocr_line' id='line_1_116' title="bbox 443 5709 1988 5797; baseline -0.007 -29"><span class='ocrx_word' id='word_1_847' title='bbox 443 5713 575 5785; x_wconf 76' lang='grc' dir='ltr'>[ἀλ.</span> <span class='ocrx_word' id='word_1_848' title='bbox 618 5710 954 5797; x_wconf 42' lang='lat' dir='ltr'><strong>hastatus],</strong></span> <span class='ocrx_word' id='word_1_849' title='bbox 1013 5709 1277 5780; x_wconf 83' lang='grc' dir='ltr'>λέγουσα·</span> <span class='ocrx_word' id='word_1_850' title='bbox 1337 5709 1675 5778; x_wconf 76' lang='grc' dir='ltr'>Μεγαλύνει</span> <span class='ocrx_word' id='word_1_851' title='bbox 1738 5709 1807 5791; x_wconf 34' lang='grc' dir='ltr'><strong>ἡ.</strong></span> <span class='ocrx_word' id='word_1_852' title='bbox 1839 5710 1988 5776; x_wconf 55' lang='lat' dir='ltr'><strong>mli</strong></span> 
     </span>
    </p>
   </div>
   <div class='ocr_carea' id='block_1_117' title="bbox 2093 5695 3707 5797">
    <p class='ocr_par' dir='ltr' id='par_1_117' title="bbox 2123 5695 3707 5771">
     <span class='ocr_line' id='line_1_117' title="bbox 2123 5695 3707 5771; baseline -0.009 -10"><span class='ocrx_word' id='word_1_853' title='bbox 2123 5698 2397 5761; x_wconf 87' lang='lat' dir='ltr'><strong>Abraham</strong></span> <span class='ocrx_word' id='word_1_854' title='bbox 2454 5703 2741 5759; x_wconf 82' lang='lat' dir='ltr'><strong>conﬁrmat</strong></span> <span class='ocrx_word' id='word_1_855' title='bbox 2785 5698 2884 5771; x_wconf 82' lang='grc' dir='ltr'>[αι.</span> <span class='ocrx_word' id='word_1_856' title='bbox 2935 5695 3217 5770; x_wconf 87' lang='lat' dir='ltr'><strong>adimplet]</strong></span> <span class='ocrx_word' id='word_1_857' title='bbox 3289 5700 3707 5765; x_wconf 58' lang='lat' dir='ltr'><strong>testamentum,</strong></span> 
     </span>
    </p>
   </div>
   <div class='ocr_carea' id='block_1_118' title="bbox 516 5885 1988 5963">
    <p class='ocr_par' dir='ltr' id='par_1_118' title="bbox 516 5890 1988 5962">
     <span class='ocr_line' id='line_1_118' title="bbox 516 5890 1988 5962; baseline -0.001 -12"><span class='ocrx_word' id='word_1_858' title='bbox 516 5898 556 5927; x_wconf 78' lang='grc' dir='ltr'><strong>ισ</strong></span> <span class='ocrx_word' id='word_1_859' title='bbox 581 5895 711 5950; x_wconf 88' lang='lat' dir='ltr'><strong>Luc.</strong></span> <span class='ocrx_word' id='word_1_860' title='bbox 748 5911 783 5962; x_wconf 89' lang='grc' dir='ltr'><strong>ι,</strong></span> <span class='ocrx_word' id='word_1_861' title='bbox 812 5894 901 5962; x_wconf 78' lang='grc' dir='ltr'><strong>ιο,</strong></span> <span class='ocrx_word' id='word_1_862' title='bbox 932 5895 1019 5948; x_wconf 79' lang='grc' dir='ltr'><strong>ιι.</strong></span> <span class='ocrx_word' id='word_1_863' title='bbox 1103 5894 1143 5925; x_wconf 78' lang='grc' dir='ltr'><strong>ιτ</strong></span> <span class='ocrx_word' id='word_1_864' title='bbox 1170 5890 1303 5948; x_wconf 88' lang='lat' dir='ltr'><strong>lbid.</strong></span> <span class='ocrx_word' id='word_1_865' title='bbox 1341 5892 1426 5959; x_wconf 71' lang='lat' dir='ltr'><strong>te,</strong></span> <span class='ocrx_word' id='word_1_866' title='bbox 1460 5892 1547 5948; x_wconf 74' lang='lat' dir='ltr'><strong>is.</strong></span> <span class='ocrx_word' id='word_1_867' title='bbox 1632 5892 1676 5925; x_wconf 76' lang='grc' dir='ltr'><strong>ιο</strong></span> <span class='ocrx_word' id='word_1_868' title='bbox 1710 5891 1843 5946; x_wconf 62' lang='lat' dir='ltr'><strong>una.</strong></span> <span class='ocrx_word' id='word_1_869' title='bbox 1878 5891 1945 5946; x_wconf 71' lang='lat' dir='ltr'><strong>is</strong></span> <span class='ocrx_word' id='word_1_870' title='bbox 1974 5908 1988 5948; x_wconf 83' lang='grc' dir='ltr'>ε</span> 
     </span>
    </p>
   </div>
   <div class='ocr_carea' id='block_1_119' title="bbox 2093 5885 3101 5963">
    <p class='ocr_par' dir='ltr' id='par_1_119' title="bbox 2093 5885 3101 5963">
     <span class='ocr_line' id='line_1_119' title="bbox 2093 5885 3101 5963; baseline -0.007 -17"><span class='ocrx_word' id='word_1_871' title='bbox 2093 5909 2126 5963; x_wconf 83' lang='grc' dir='ltr'>ι.</span> <span class='ocrx_word' id='word_1_872' title='bbox 2209 5895 2248 5925; x_wconf 77' lang='grc'><strong>¹⁹</strong></span> <span class='ocrx_word' id='word_1_873' title='bbox 2278 5893 2413 5949; x_wconf 87' lang='lat' dir='ltr'><strong>Gen.</strong></span> <span class='ocrx_word' id='word_1_874' title='bbox 2441 5907 2572 5958; x_wconf 73' lang='lat' dir='ltr'><strong>xvu,</strong></span> <span class='ocrx_word' id='word_1_875' title='bbox 2601 5889 2657 5943; x_wconf 78' lang='lat' dir='ltr'><strong>ll</strong></span> <span class='ocrx_word' id='word_1_876' title='bbox 2686 5888 2879 5956; x_wconf 80' lang='lat' dir='ltr'><strong>;Rom.</strong></span> <span class='ocrx_word' id='word_1_877' title='bbox 2909 5903 2982 5956; x_wconf 86' lang='lat' dir='ltr'><strong>tv,</strong></span> <span class='ocrx_word' id='word_1_878' title='bbox 3012 5885 3101 5940; x_wconf 77' lang='lat' dir='ltr'><strong>il.</strong></span> 
     </span>
    </p>
   </div>
  </div>
