4100 6380
470 439 603 493 1167

1129 439 1182 492 S.
1225 437 1550 494 GREGORII
1589 437 1951 495 THAUMAT.
1991 438 2140 493 ΟΡΡ.
2184 437 2367 492 PARS
2406 435 2710 493 ALTERA.
2751 466 2822 478 -—
2861 438 3092 496 DUBIA.

3506 469 3508 472 ν
3599 439 3781 495 Ηίῖ8’

471 559 694 631 mystice
725 560 940 632 signum
976 560 1411 617 circumcisionis
1458 562 1752 633 accipiens,
1794 573 1848 618 et
1877 564 2046 634 pleni-

2151 580 2268 630 μου
2333 561 2440 614 τὸν
2493 563 2732 630 Κύριον.
2784 562 2894 616 Καὶ
2955 564 3333 633 ἠγαλλίασεν
3378 561 3446 618 τὸ
3498 555 3744 632 πνεῦμά

469 655 602 707 tudo
652 653 786 722 legis
831 669 892 707 ac
937 653 1328 723 prophetarum
1380 653 1626 710 eﬂectus.
1665 654 1840 722 Hujus
1883 657 2050 728 igitur

467 746 768 815 prophetia:
801 746 1069 798 canticum
1101 743 1197 816 [αί.
1232 745 1337 800 hoc
1363 746 1527 816 igitur
1551 747 1856 820 canticum]
1925 765 2051 805 san-

466 848 553 891 cta
575 837 918 891 DeiGenitrix
937 836 1044 891 Deo
1065 837 1372 892 remittebat
1398 837 1495 910 [αι.
1515 840 1811 912 retribuit],
1829 842 2048 896 dicens:

471 929 787 1001 Magniﬁcat
830 930 1008 982 anima
1039 945 1153 981 mea
1190 927 1499 986 Dominum.
1527 930 1596 984 Et
1630 933 1913 986 exsultavit
1938 934 2045 1001 spi-

469 1026 604 1078 ritus
639 1041 782 1077 meus
811 1026 863 1076 in
907 1022 1012 1077 Deo
1042 1023 1272 1077 salutari
1305 1040 1438 1078 meo.
1471 1023 1610 1088 Quia
1637 1025 1759 1092 fecit
1792 1024 1922 1078 mihi
1945 1041 2053 1078 ma-

467 1135 570 1188 gna
591 1119 682 1187 qui
704 1127 886 1186 potens
914 1126 1012 1181 est,
1050 1126 1098 1170 et
1125 1126 1368 1170 sanctum
1393 1134 1575 1170 nomen
1618 1118 1731 1186 ejus
1750 1118 1816 1170 ²⁰.
1846 1117 2046 1187 Deipa--

465 1228 582 1267 ram
612 1212 809 1280 quippe
827 1226 911 1264 me
934 1209 1161 1273 faciens,
1177 1210 1417 1265 vicissim
1439 1226 1526 1264 me
1542 1211 1804 1280 virginem
1831 1225 2052 1265 conser-

465 1303 646 1370 vavit;
673 1316 726 1357 et
759 1319 853 1373 per
877 1319 1056 1358 meum
1095 1313 1361 1369 ventrem,
1390 1311 1710 1357 cunctarum
1748 1301 2053 1372 generatio-

465 1414 620 1463 uum,
665 1397 716 1451 in
752 1397 1266 1463 sanctiticationem,
1291 1399 1606 1451 summatim
1637 1396 1924 1466 colligatur
1946 1395 2054 1464 ple-

465 1490 678 1546 nitudo.
706 1487 869 1544 Omni
901 1491 1045 1543 enim
1084 1490 1228 1544 aetati
1279 1489 1580 1551 benedixit,
1617 1488 1862 1542 virorum
1907 1488 2054 1558 pari-

465 1594 546 1638 ter
589 1599 654 1638 ac
688 1581 983 1636 mulierum
1007 1623 1021 1646 ,
1065 1580 1600 1636 adolescentulorum
1651 1594 1716 1634 ac
1747 1579 2011 1647 iuvenum
2035 1617 2049 1641 ,

463 1689 787 1745 senumque.
831 1671 980 1726 Fecit
1012 1673 1303 1741 potentiam
1350 1673 1403 1725 in
1445 1671 1661 1724 brachio
1695 1688 1790 1724 suo
1828 1671 1871 1701 "
1895 1711 1908 1734 ,
1954 1686 2054 1740 pro

465 1765 624 1820 nobis
650 1765 920 1819 adversus
955 1771 1186 1818 mortem
1217 1773 1270 1817 et
1295 1761 1600 1827 diabolum,
1630 1770 2054 1830 nostrorumque

466 1867 813 1926 peccatorum
841 1857 1190 1926 disrumpens
1225 1852 1568 1926 [al.dirupit]
1595 1854 2048 1924 chirographum.

465 1951 724 2020 Dispersit
757 1953 1005 2018 superbos
1034 1957 1202 2002 mente
1235 1949 1410 2002 cordis
1435 1950 1480 1979 ”
1503 1949 1738 2018 ipsorum
1767 1963 1785 2011 ;
1834 1949 2049 2018 disper—

466 2045 538 2098 sit
562 2043 744 2114 ipsum
773 2041 1071 2104 diabolum,
1101 2049 1154 2095 et
1183 2048 1418 2096 cunctos
1445 2041 1494 2096 ei
1513 2040 1812 2094 militantes
1845 2039 2050 2093 dzcmo—

466 2151 587 2190 nes.
611 2134 706 2190 Ille
725 2134 926 2205 quippe
957 2134 1175 2203 proprie
1213 2134 1379 2189 corde
1406 2132 1676 2203 superbus
1720 2141 1860 2196 erat,
1907 2147 2048 2201 quo-

465 2229 613 2284 niam
651 2228 834 2284 dicere
856 2227 1125 2282 audebat:
1158 2225 1335 2296 Supra
1362 2225 1524 2280 nubes
1571 2225 1689 2278 coeli
1741 2239 1937 2294 ponam
1960 2239 2041 2277 so-

461 2321 598 2374 lium
627 2336 822 2382 meum,
873 2328 920 2372 et
962 2335 1050 2371 ero
1109 2319 1299 2372 similis
1353 2317 1631 2370 Altissimo
1662 2315 1727 2370 ”.
1760 2312 2050 2381 Quomodo

464 2426 594 2466 vero
624 2425 770 2465 nunc
796 2409 970 2479 ipsum
1004 2407 1305 2478 dissiparit,
1333 2413 1736 2476 consequenter
1783 2404 2048 2475 propheta

466 2505 783 2567 declaravit,
818 2504 1007 2558 dicens
1039 2518 1052 2555 :
1084 2500 1242 2554 Nunc
1270 2509 1446 2554 autent
1469 2501 1523 2552 in
1549 2498 1814 2568 infernum
1840 2497 2053 2550 descen-

466 2597 554 2652 des
587 2597 634 2628 ”
663 2595 760 2668 [al.
789 2591 1160 2665 deprimeris],
1186 2601 1238 2646 et
1265 2593 1447 2648 cuncti
1484 2591 1759 2646 exercitus
1799 2589 1898 2642 tui.
1924 2586 2050 2642 Ubi-

466 2702 571 2758 que
604 2688 748 2743 enim
781 2702 905 2741 aras
928 2725 944 2750 ,
1003 2693 1169 2755 atque
1200 2684 1448 2740 delubra
1483 2684 1640 2752 ejus,
1691 2681 2048 2750 inaniumque

467 2783 693 2834 deorum
735 2778 916 2833 cultus
944 2776 1222 2846 dispersit,
1270 2785 1326 2830 et
1376 2791 1443 2829 ex
1479 2773 1734 2845 gentibus
1787 2771 2048 2843 p0pu|um

467 2871 569 2926 sibi
603 2870 936 2941 peculiarem
974 2877 1136 2940 atque
1183 2875 1470 2937 acceptum
1521 2863 1826 2920 constituit.
1876 2863 2050 2933 Depo-

465 2965 571 3018 suit
596 2972 828 3033 potentes
867 2962 930 3015 de
959 2961 1098 3023 sede,
1127 2969 1176 3014 et
1197 2959 1457 3014 exultavit
1487 2956 1713 3010 humiles
1745 2957 1814 3012 ".
1839 2954 2049 3022 Quibus

467 3070 598 3109 sane
624 3053 826 3118 verbis,
855 3051 1168 3107 Iudaeorum
1218 3048 1537 3120 ejeCtionem
1580 3058 1646 3102 et
1677 3048 1919 3118 gentium
1961 3049 2049 3102 in-

461 3147 866 3203 troductionem
901 3146 1140 3200 breviter
1187 3141 1386 3197 innuit.
1424 3139 1736 3195 Judmorum
1784 3140 1928 3194 enim
1965 3154 2051 3195 se-

469 3240 675 3303 niores,
711 3253 778 3294 ac
801 3237 995 3294 scribae
1019 3237 1072 3290 in
1098 3237 1236 3305 lege,
1278 3242 1332 3288 et
1367 3233 1460 3304 qui
1491 3234 1542 3286 in
1577 3233 1803 3303 reliquis
1844 3247 2049 3304 praero-

469 3331 667 3402 gativis
700 3344 764 3384 ac
793 3326 1094 3400 privilegiis
1118 3327 1315 3383 divites
1345 3333 1521 3391 erant,
1555 3325 1699 3396 quod
1733 3325 1874 3379 male
1929 3324 2048 3379 suis

467 3424 674 3479 divitiis
701 3432 757 3478 et
776 3421 1037 3491 potentiis
1064 3420 1150 3474 usi
1191 3427 1411 3483 essent,
1455 3419 1582 3473 hinc
1627 3432 1724 3472 eos
1770 3417 1840 3472 ab
1892 3417 2045 3472 omni

469 3515 599 3570 sede
621 3513 896 3584 deposuit,
928 3512 1220 3581 prophetia:
1251 3511 1513 3564 nimirum
1546 3525 1611 3564 ac
1633 3507 1953 3574 sacerdotii,
1976 3507 2050 3563 le-

467 3608 744 3678 gislaturae
783 3616 947 3674 atque
991 3605 1286 3674 doctrinae,
1331 3602 1623 3671 opulentia:
1665 3599 2047 3662 bmreditariae.

468 3697 863 3754 sacrificiorum
894 3711 956 3750 ac
995 3695 1353 3750 festivitatum
1391 3693 1599 3763 copiae,
1653 3691 2050 3763 dignitatisque

466 3791 651 3862 regiae.
678 3787 776 3844 His
805 3789 1059 3844 omnibus
1089 3787 1166 3842 illi
1195 3786 1434 3856 spoliati,
1469 3784 1689 3856 profugi
1717 3800 1782 3836 ac
1830 3784 1962 3837 nudi
1993 3784 2046 3838 in

465 3883 836 3953 captivitatem
864 3881 1019 3952 ejecti
1053 3891 1215 3948 sunt;
1247 3890 1300 3935 ct
1339 3880 1556 3934 illorum
1618 3881 1763 3942 loco.
1810 3879 2045 3934 humiles

468 3991 533 4029 ex
566 3974 819 4047 gentibus
852 3973 1058 4044 populi,
1093 3973 1186 4043 qui
1211 3973 1481 4042 justitiam
1515 3971 1868 4037 esuriebant,
1899 3971 2048 4025 exal-

467 4072 561 4124 tati
596 4079 760 4125 sunt:
795 4070 1057 4139 quoniam
1102 4067 1464 4121 humilitatem
1520 4079 1700 4129 suam,
1750 4074 1804 4118 et
1848 4063 2046 4119 divinae

463 4160 794 4231 cognitionis
819 4158 1042 4223 famem,
1067 4173 1176 4229 qua
1211 4156 1617 4222 detinebantur,
1659 4157 2040 4223 ostendentes,

463 4253 706 4306 divinum
747 4250 1008 4318 Verbum,
1041 4251 1184 4306 sicut
1210 4249 1520 4304 Chananma
1547 4249 1719 4304 micas
1747 4248 1818 4315 ",
1853 4249 2040 4318 depre-

464 4345 771 4410 cabantur;
838 4351 892 4398 et
948 4352 1233 4413 propterea
1287 4341 1598 4396 divinorum
1649 4339 2038 4410 mysteriorum

462 4437 649 4506 repleti
680 4444 809 4490 sunt
834 4434 1058 4490 divitiis.
1089 4431 1225 4488 Nam
1251 4434 1568 4488 universam
1605 4431 1920 4487 divinorum
1951 4431 2043 4486 bo-

465 4544 661 4582 norum
692 4535 918 4588 sortem,
949 4527 1042 4596 qui
1090 4542 1156 4580 ex
1202 4524 1424 4596 Virgine
1453 4533 1617 4580 natus
1667 4534 1752 4580 est
1783 4525 2037 4581 Christus

2145 673 2299 724 μου,
2357 656 2454 708 ἐπὶ
2507 655 2587 720 τῷ
2617 653 2764 720 θεῷ
2815 653 3037 723 σωτῆρί
3084 672 3224 725 μου.
3272 655 3402 745 ’Ὅτε
3446 655 3744 725 ἐποίησέν

2147 765 2249 817 μοι
2297 746 2588 817 μεγαλεῖα
2638 749 2672 801 δ
2732 746 2988 813 δυνατὸς
3017 788 3032 812 ,
3080 748 3180 801 καὶ
3253 746 3423 817 ἅγιον
3485 747 3551 800 τὸ
3607 747 3743 801 ὄνο-

2147 856 2233 908 μα
2255 838 2457 892 αὐτοῦ.
2479 839 2752 907 ,Θεοτόκον
2780 838 2890 911 γὰρ
2913 841 3148 911 ποιήσας
3171 857 3257 910 με,
3283 839 3444 894 πάλιν
3472 839 3742 911 παρθένον

2150 929 2468 997 διετύλαξεν
2484 946 2497 958 ι
2518 931 2618 983 καὶ
2641 929 2730 983 διὰ
2752 929 2853 1000 τῆς
2873 931 3019 1002 ⁸ἐμῆς
3043 931 3298 1002 γαστρὸς,
3324 930 3513 984 πασῶν
3535 930 3746 998 γενεῶν

2152 1021 2230 1081 εἰς
2264 1019 2534 1090 ἀγιασμὸν
2568 1019 3068 1088 ἀκακεφαλαιοῦται
3107 1021 3169 1074 τὸ
3215 1016 3511 1092 πλήρωμα.
3548 1021 3745 1075 Πᾶσαν

2151 1108 2260 1180 γὰρ
2307 1107 2519 1179 ἠλικίαν
2566 1108 2902 1179 ηὑλόγησεν,
2954 1109 3161 1182 ἀνδρῶν
3211 1128 3270 1163 τε
3304 1111 3400 1165 καὶ
3442 1112 3744 1180 γυναικῶν,

2151 1201 2448 1255 νεανίσκων
2491 1200 2585 1254 καὶ
2635 1200 2868 1266 παίδων,
2925 1203 3019 1256 καὶ
3077 1203 3366 1275 γερόντων.
3417 1205 3748 1272 Ἐποίησεν

2154 1290 2377 1360 κράτος
2407 1292 2477 1344 ἐν
2500 1293 2783 1360 βραχίονι
2816 1293 3028 1358 αὐτοῦ,
3072 1285 3212 1368 ὑπὲρ
3245 1279 3424 1366 ἡμῶν,
3471 1296 3610 1349 κατὰ
3645 1297 3744 1350 τοῦ

2154 1385 2408 1447 θανάτου,
2437 1385 2533 1438 καὶ
2575 1384 2716 1438 κατὰ
2754 1385 2848 1438 τοῦ
2880 1384 3168 1450 massica,
3187 1388 3280 1441 καὶ
3310 1387 3420 1442 τῶν
3453 1377 3746 1461 ἡμετέρων

2153 1475 2435 1548 ἁμαρτιῶν
2463 1476 2761 1548 διαρρήξας
2952 1477 3226 1552 διέρρηξε]
3259 1481 3319 1533 τὸ
3353 1481 3741 1552 χειρόγραφον.

2154 1571 2582 1638 Διεσκόρπισεν
2618 1569 3043 1639 ὑπερηφάνους
3083 1571 3180 1625 διὰ
3216 1572 3452 1638 ἐννοίας
3492 1572 3750 1641 καρδίας

2155 1657 2264 1729 [ἄλ.
2295 1654 2528 1725 διανοίᾳ
2546 1657 2655 1725 τῆς
2669 1659 2942 1732 καρδίας]
2966 1659 3185 1716 αὐτῶν
3223 1661 3384 1716 αὐτόν
3413 1680 3470 1715 τε
3501 1663 3592 1716 τὸν
3623 1663 3748 1717 διὰ-

2155 1749 2308 1801 6ολον
2355 1749 2753 1822 διεσκόρπισεν,
2789 1751 2882 1804 καὶ
2926 1751 3134 1816 πάντας
3168 1754 3294 1818 τοὺς
3341 1754 3536 1827 ἐκείνῳ
3578 1773 3749 1830 στρα-
3829 1751 3838 1755 λ

2154 1839 2408 1902 τεύοντας
2456 1840 2731 1911 δαίμονας.
2776 1843 3011 1904 Ἐκεῖνος
3052 1842 3160 1915 γὰρ
3195 1847 3262 1916 τῇ
3303 1844 3505 1918 καρδία
3535 1848 3749 1919 κυρίως

2085 1925 2125 1978 Β
2154 1929 2222 2002 ἦν
2268 1932 2639 2003 ὑπερήφανος,
2681 1933 2870 2005 ἐπειδὴ
2919 1933 3097 2003 λέγειν
3145 1937 3460 2010 ἐτόλμησεν·
3512 1940 3748 1995 Ἐπάνω

2156 2023 2276 2078 τῶν
2307 2023 2580 2093 νεφελῶν
2605 2025 2710 2079 τοῦ
2738 2025 2999 2093 οὐρανοῦ
3031 2024 3198 2093 θήσω
3229 2028 3336 2082 τὸν
3363 2030 3580 2097 θρόνιν
3594 2049 3742 2100 μου,

2158 2117 2254 2171 καὶ
2294 2119 2508 2186 ἔσομαι
2535 2118 2735 2187 ὅμοιος
2763 2119 2842 2184 τῷ
2885 2120 3160 2188 Ὑψίστῳ.
3197 2121 3322 2186 Πῶς
3351 2122 3410 2176 δέ
3446 2124 3540 2177 νῦν
3574 2121 3744 2177 αὐτὸν

2155 2212 2467 2274 διέσπασεν,
2500 2209 2588 2264 διὰ
2629 2209 2737 2263 τῶν
2781 2212 2908 2283 ἑξῆς
2938 2213 2966 2264 ὁ
3008 2219 3293 2285 προφήτης
3331 2215 3629 2286 ἐδήλωσεν,
3664 2216 3745 2268 εί-

2159 2306 2296 2358 πὼν·
2326 2304 2456 2359 Νῦν
2481 2303 2549 2357 δὲ
2577 2306 2662 2371 είς
2692 2305 2846 2373 ᾅδην
2870 2306 3181 2376 καταϐήσῃ
3210 2306 3318 2378 id).
3345 2311 3432 2374 είς
3464 2308 3612 2375 ᾅδου
3638 2326 3742 2362 κα-

2157 2394 2614 2468 ταϐιϐασθήσῃ],
2671 2387 2764 2451 κα)⁸
2815 2398 2994 2452 πάντα
3047 2399 3116 2452 τὰ
3182 2399 3569 2471 στρατεύματα
3621 2419 3737 2456 σου.

2157 2488 2441 2559 Πανταχοῦ
2472 2489 2578 2561 γὰρ
2609 2490 2733 2553 τοὺς
2762 2490 2978 2562 βωμοὺς
3011 2491 3195 2556 αὑτοῦ,
3230 2493 3322 2545 καὶ
3361 2491 3460 2556 τὰς
3499 2494 3607 2547 τῶν
3643 2513 3742 2565 μαο

2155 2581 2322 2634 ταίων
2366 2579 2502 2632 θεῶν
2554 2581 2809 2652 λατρείας
2862 2583 3268 2655 διεσκόρπισεν·
3316 2587 3410 2639 καὶ
3456 2587 3516 2654 ἐξ
3569 2588 3741 2642 ἐθνῶν

2155 2673 2284 2726 λαὸν
2313 2672 2621 2744 περιούσιον
2650 2674 2828 2746 ἐαυτῷ
2873 2676 3291 2732 κατεσκεύασεν.
3322 2679 3610 2734 Καθεῖλεν
3635 2679 3742 2734 δυ-

2155 2762 2386 2829 νάστας
2412 2763 2528 2817 ἀπὸ
2555 2763 2804 2831 θρόνων,
2836 2765 2934 2819 καὶ
2961 2750 3212 2835 ὕψωσεν
3246 2771 3583 2835 ταπεινούς.
3617 2771 3742 2823 Τοι-

2156 2855 2359 2927 γαροῦν
2401 2855 2501 2926 τὴν
2543 2855 2648 2910 τῶν
2713 2856 2981 2912 Ἰουδαίων
3027 2858 3286 2931 ἐκϐολὴν,
3337 2861 3434 2916 καὶΙ
3476 2861 3575 2932 τὴν
3628 2862 3740 2915 τῶν

2158 2948 2330 3003 ἐθνῶν
2374 2949 2683 3032 εἰσαγωγὴν
2732 2951 2790 3002 ἐν
2837 2951 3084 3022 ἐπιτὸμῳ
3119 2954 3408 3024 ἐμήνυσεν.
3472 2954 3740 3009 Ἰουδαίων

2158 3038 2266 3111 γὰρ
2317 3037 2643 3116 πρεσᾷόται,
2695 3041 2792 3094 καὶ
2842 3046 3190 3113 γραμματεῖς
3237 3044 3295 3096 ἐν
3347 3044 3520 3114 νόμῳ,
3573 3045 3667 3098 καὶ
3684 3045 3736 3099 οἳ

2157 3135 2277 3196 ταῖς
2297 3119 2542 3196 ’λοιπαῖς
2605 3132 2922 3206 πρεσϐείαις
2992 3134 3346 3199 πλουτοῦντες
3419 3137 3736 3207 ἐτύγχανον,
3793 3115 3799 3124 ⁵

2156 3221 2348 3296 ὄτύπερ
2375 3224 2562 3289 κακῶς
2593 3225 2673 3296 τῷ
2707 3225 2921 3296 πλούτῳ
2948 3227 3041 3280 καὶ
3067 3229 3134 3297 τῇ
3184 3226 3472 3299 δυναστείᾳ
3497 3230 3741 3295 παρανό-

2160 3313 2276 3387 ptui;
2308 3317 2623 3389 ἐκέχρηντο,
2660 3318 2910 3371 ἐντεῦθεν
2942 3320 3138 3384 αὐτοὺς
3175 3320 3284 3374 ἀπὸ
3316 3321 3519 3386 παντὸς
3548 3320 3738 3394 θρόνου

2156 3409 2428 3475 καθεῖλεν,
2461 3412 2795 3483 προφητείας
2827 3429 2886 3464 τε
2924 3413 3016 3466 καὶ
3053 3412 3371 3484 ἱερωσύνης,
3418 3413 3739 3485 νομοθεσίας
3821 3475 3830 3478 _

2152 3517 2211 3553 τε
2269 3503 2366 3556 καὶ
2397 3503 2768 3570 διδασκαλίας,
2795 3505 2889 3558 καὶ
2911 3504 3164 3578 πατρῴου
3183 3507 3432 3571 πλούτου,
3457 3506 3653 3560 θυσιῶν
3679 3524 3739 3560 τε

2155 3595 2251 3647 καὶ
2282 3594 2520 3665 πλήθους
2547 3596 2768 3667 ἐορτῶν,
2796 3597 2891 3651 καὶ
2923 3596 3016 3650 τοῦ
3048 3598 3148 3669 τῆς
3183 3599 3458 3670 βασιλείας
3495 3598 3742 3670 ἀξιώμα-

2153 3704 2261 3749 τος.
2306 3685 2524 3740 Τούτων
2572 3688 2830 3741 ἁπάντων
2869 3690 3064 3742 ἐκεῖνοι
3111 3690 3292 3755 κενοὶ,
3343 3689 3439 3743 καὶ
3480 3689 3737 3769 φυγάδες,

2153 3782 2246 3834 καὶ
2279 3781 2477 3853 γυμνοὶ
2501 3783 2598 3846 είς
2638 3782 3012 3854 αἰχμαλωσίαν
3038 3783 3504 3856 ἐξαπεστάλησαν·
3543 3801 3734 3836 ταπει-

2152 3875 2232 3927 νοὶ
2275 3873 2353 3939 δὲ,
2391 3874 2505 3927 ἀντ’
2548 3873 2748 3939 αὐτῶν,
2789 3877 2836 3928 οἱ
2886 3875 2944 3942 ἐξ
2989 3875 3167 3932 ἐθνῶν.
3201 3876 3342 3941 λαοὶ,
3393 3876 3741 3948 δικαιοσύνην

2151 3965 2464 4030 πεινῶντες,
2497 3965 2809 4036 ὑψώθησαν·
2841 3968 3029 4039 ἐπειδὴ
3078 3968 3177 4040 τὴν
3223 3967 3432 4022 ἑαυτῶν
3472 3970 3739 4048 ταπξίνῶ-

2154 4076 2260 4124 σιν,
2288 4060 2386 4112 καὶ
2415 4060 2504 4112 τὸν
2551 4058 2844 4130 συνέχοντα
2878 4060 3077 4125 αὐτοὺς
3104 4061 3206 4130 τῆς
3233 4059 3560 4129 θεογνωσίας
3584 4061 3740 4131 λιμὸν
3774 4054 3776 4056 ⁷
3855 4085 3870 4100 ε

2152 4150 2542 4215 ἐπιδείξαντες,
2577 4149 2672 4203 τοῦ
2713 4150 2855 4204 θείου
2901 4150 3081 4218 λόγου,
3124 4150 3279 4220 δίκην
3321 4150 3537 4221 ψιχίων,
3572 4150 3738 4204 καθά-

2151 4262 2258 4316 περ
2283 4245 2588 4308 Χαναναία,
2621 4243 2972 4316 ἐπρέσϐευον·
3004 4243 3098 4297 καὶ
3122 4243 3211 4297 διὰ
3242 4242 3418 4308 τοῦτο,
3456 4243 3550 4296 τοῦ
3578 4239 3738 4297 πλούέ

2149 4355 2242 4389 του
2285 4337 2392 4391 τῶν
2439 4337 2599 4390 θείων
2657 4335 2972 4408 μυστηρίων
3023 4333 3403 4406 ἐπλήσθησαν·
3461 4335 3581 4389 ὅλον
3629 4334 3737 4406 γὰρ

2149 4430 2238 4482 τὸν
2273 4430 2476 4501 κλῆρον
2511 4430 2618 4483 τῶν
2643 4428 2805 4484 θείων
2830 4427 3052 4498 ἀγαθῶν
3076 4430 3104 4482 ό
3133 4429 3198 4480 ἐκ
3220 4426 3497 4499 Παρθένου
3529 4426 3737 4498 τεχθεὶς

2151 4523 2384 4594 Χριστὸς
2448 4525 2476 4576 ό
2521 4522 2654 4585 Θεὸς
2698 4520 2888 4592 ἡμῶν,
2936 4523 3016 4585 εἰς
3062 4519 3131 4596 τᾲ
3179 4518 3305 4588 ἔθνη
3349 4519 3732 4589 μετατέθηκεν.

464 4618 602 4674 Deus
646 4626 851 4684 noster,
896 4618 949 4672 in
1000 4628 1186 4689 gentes
1233 4609 1531 4674 transtulit.
1575 4618 1816 4688 Suscepit
1869 4618 2042 4675 Israel

2166 4615 2539 4669 Ἀηελάὄετο
2609 4614 2845 4681 Ἰσραὴλ
2899 4611 3112 4678 παιδὸς
3157 4611 3363 4665 αὑτοῦ·
3409 4613 3501 4666 καὶ
3541 4613 3600 4665 οὐ
3644 4609 3735 4665 τοῦ

459 4726 682 4778 puerum
713 4725 867 4763 suum
893 4711 970 4774 ’⁷,
1025 4720 1078 4764 et
1135 4727 1242 4765 non
1297 4711 1546 4781 quemvis
1601 4710 1898 4776 lsraelem,
1953 4714 2046 4768 sed

2151 4709 2401 4780 τυχόντος
2445 4707 2682 4779 Ἰσραήλε
2721 4706 2856 4760 ἀλλὰ
2902 4705 2997 4758 τοῦ
3033 4705 3222 4770 παιδὸς
3257 4704 3443 4770 αὐτοῦ,
3483 4706 3630 4768 ὅστις
3660 4703 3737 4774 τῷ

459 4816 694 4872 puerum
722 4815 918 4865 suum;
945 4800 1038 4870 qui
1087 4802 1260 4869 reipsa
1300 4800 1515 4857 lsraelis
1543 4801 1882 4857 nobilitatem
1918 4804 2048 4857 illu-

460 4901 636 4948 strat:
671 4900 834 4962 atque
864 4894 984 4948 ideo
1020 4895 1197 4962 ipsum
1225 4892 1391 4946 ﬁlium
1417 4901 1471 4947 et
1517 4895 1782 4947 heredem
1815 4890 1908 4948 Dei
1943 4893 2045 4949 Ge-

456 4985 624 5040 nitri:
657 4983 949 5055 appellavit
981 4983 1078 5056 [ιιι.
1106 4982 1445 5056 declaravit].
1475 4985 1613 5038 Cum
1657 4985 1804 5037 enim
1844 4986 1898 5038 in
1955 4985 2044 5038 lit-

458 5088 570 5132 tera
617 5085 672 5132 ct
743 5077 860 5146 lege
926 5075 1074 5130 illum
1137 5076 1473 5149 laborantem
1541 5075 1879 5139 invenisset,
1945 5090 2042 5144 per

457 5170 686 5238 gratiam
715 5170 950 5224 vocavit.
975 5166 1160 5222 Talem
1198 5167 1362 5238 igitur
1392 5166 1648 5221 lsraelem
1676 5181 1901 5228 vocans,
1926 5183 2047 5220 sus-

455 5263 610 5329 cepit,
637 5261 945 5315 recordatus
982 5260 1360 5313 miscricordiw
1387 5276 1517 5314 sua).
1546 5256 1697 5312 Sicut
1725 5255 1931 5310 locutus
1961 5267 2040 5311 est

457 5354 526 5406 ad
553 5363 731 5421 patres
757 5361 983 5418 nostros,
1019 5352 1321 5415 Abraham,
1364 5363 1414 5406 et
1460 5350 1648 5405 semini
1687 5351 1798 5420 ejus
1832 5353 1888 5404 iu
1933 5368 2040 5406 ste-

456 5446 577 5499 cula
601 5448 666 5499 ’⁸.
701 5445 760 5499 In
791 5447 980 5516 paucis
1020 5447 1185 5516 igitur
1229 5445 1382 5502 hisce
1423 5443 1782 5508 dictionibus,
1822 5445 2043 5500 univer-

458 5552 580 5592 sum
635 5538 1060 5607 dispensationis
1104 5539 1488 5608 complectitur
1533 5535 1874 5606 mysterium.
1925 5535 2040 5590 Sal-

459 5641 587 5682 vare
625 5629 823 5698 quippe
850 5644 1022 5699 genus
1044 5630 1371 5693 humanum,
1397 5639 1451 5684 et
1489 5635 1879 5684 testamentum
1912 5644 2034 5684 cum

2150 4800 2298 4872 ἔργῳ
2345 4798 2672 4868 ἐξευγενίζει
2727 4799 2822 4852 τοῦ
2875 4799 3090 4870 Ἰσραὴλ
3133 4798 3231 4868 τήν
3277 4799 3572 4868 εὐγένειαν.
3629 4797 3737 4851 Καὶ

2145 4891 2236 4944 διὰ
2276 4889 2454 4955 τοῦτο,
2491 4890 2655 4944 παῖδα
2709 4890 2802 4944 καὶ
2852 4888 3188 4960 κληρονόμον
3226 4888 3387 4943 αὑτὸν
3422 4888 3736 4961 ήΘευτόκος

2147 4986 2410 5062 ἐκάλεσεν
2453 4983 2574 5055 [ἀλ.
2623 4981 2935 5055 ἐδήλωσεν].
2977 4980 3272 5050 Κάρ-νοντα
3321 4981 3434 5055 γὰρ
3463 4979 3636 5053 εὑρὼν
3659 4977 3736 5049 τῷ

2153 5077 2464 5150 γράμματι,
2497 5074 2592 5128 καὶ
2619 5075 2694 5146 τῷ
2716 5075 2866 5145 νόμῳ
2897 5072 3193 5135 κοπιῶντα,
3241 5075 3307 5143 τῇ
3347 5072 3526 5142 χάριτι
3569 5085 3738 5140 παρε-

2152 5169 2401 5224 κάλεσεν·
2437 5166 2636 5220 οὐκοῦν
2658 5167 2748 5218 τὸν
2772 5158 3008 5218 τοιοῦτον
3050 5163 3264 5235 Ἰσραὴλ
3292 5164 3548 5226 καλέσας,
3575 5163 3739 5216 ἀντε-

2152 5262 2370 5318 λάϐετο
2397 5303 2410 5324 ,
2461 5259 2808 5330 μνησθῆναι
2865 5257 3112 5335 ἐλέους.
3178 5257 3382 5323 Καθὼς
3431 5255 3737 5330 ἐλάλησεν

2153 5355 2306 5422 πρὸς
2336 5351 2765 5419 τοὺς-πατέρας
2798 5348 2985 5418 ἡμῶν,
3012 5350 3094 5416 τῷ
3130 5348 3404 5419 Ἀϐραὰμ,
3428 5347 3526 5402 καὶ
3553 5346 3736 5414 ἀπέρέ

2148 5463 2289 5514 ματι
2321 5445 2528 5508 αὐτοῦ,
2567 5444 2679 5508 ἕως
2701 5441 2960 5506 ·αἱῶνος.
2988 5437 3090 5495 ’Ἔν
3125 5441 3348 5505 ταύταις
3395 5440 3451 5495 δὲ
3475 5440 3596 5503 ταῖς
3633 5438 3737 5532 ὀλί-

2152 5557 2276 5607 γαις
2309 5538 2541 5604 λέξεσιν,
2589 5536 2708 5588 ὅλον
2752 5533 2815 5586 τὸ
2861 5534 2962 5604 τῆς
3010 5534 3322 5604 οἰκονομίας
3371 5531 3738 5603 ἀναλαμϐάνει

2155 5631 2473 5700 μυστήριον.
2519 5626 2797 5681 Διασῶσαι
2842 5624 2950 5697 γὰρ
2980 5625 3040 5678 τδ
3073 5625 3228 5692 γένος
3272 5639 3381 5676 των
3415 5621 3735 5693 ἀνθρώπων,

532 5839 576 5866 ὀ
610 5834 741 5888 Luc.
778 5849 814 5894 ι,
842 5835 910 5888 46
946 5850 1097 5904 seqq.
1169 5837 1209 5866 ²¹
1234 5835 1372 5889 lhid.
1407 5838 1493 5890 5t.
1572 5836 1615 5865 "
1642 5834 1773 5888 Ibid.
1846 5837 1892 5867 ’³
1922 5835 2024 5889 lsa.

2157 5835 2284 5901 ,ιιι
2365 5802 2687 5888 nimus.
2767 5832 2964 5888 "Luc.
3004 5849 3042 5899 ι,
3074 5833 3161 5888 52.
3237 5829 3490 5885 “Matth.
3527 5845 3618 5896 xv,
3648 5827 3736 5886 ει.
3825 5865 3827 5867 ι

461 5905 504 5939 ³⁷
535 5907 666 5960 Luc.
709 5919 746 5971 ι,
777 5905 864 5960 54.
943 5905 1145 5960 "Ibid.
1174 5905 1241 5959 54
1291 5906 1358 5960 55
