  <div class='ocr_page' id='page_1' title='image "/cluster/home/n/w/nwhite01/storage/ocr_20150623/10/coo.31924054872894/596.png"; bbox 0 0 4100 6378; ppageno 0'>
   <div class='ocr_carea' id='block_1_1' title="bbox 418 427 679 499">
    <p class='ocr_par' dir='ltr' id='par_1_1' title="bbox 418 427 679 499">
     <span class='ocr_line' id='line_1_1' title="bbox 418 427 679 499; baseline 0 0"><span class='ocrx_word' id='word_1_1' title='bbox 418 440 554 499; x_wconf 74' lang='grc'><strong>1169</strong></span> <span class='ocrx_word' id='word_1_2' title='bbox 660 427 679 439; x_wconf 76' lang='lat'>“</span> 
     </span>
    </p>
   </div>
   <div class='ocr_carea' id='block_1_2' title="bbox 1312 432 2759 492">
    <p class='ocr_par' dir='ltr' id='par_1_2' title="bbox 1312 432 2759 492">
     <span class='ocr_line' id='line_1_2' title="bbox 1312 432 2759 492; baseline -0.002 0"><span class='ocrx_word' id='word_1_3' title='bbox 1312 436 1592 492; x_wconf 79' lang='lat' dir='ltr'><strong>HOMILIA</strong></span> <span class='ocrx_word' id='word_1_4' title='bbox 1631 435 1675 489; x_wconf 86' lang='lat' dir='ltr'><strong>ll</strong></span> <span class='ocrx_word' id='word_1_5' title='bbox 1709 435 1775 490; x_wconf 77' lang='lat' dir='ltr'><strong>1N</strong></span> <span class='ocrx_word' id='word_1_6' title='bbox 1814 432 2239 490; x_wconf 75' lang='lat' dir='ltr'><strong>ANNUNTIAT.</strong></span> <span class='ocrx_word' id='word_1_7' title='bbox 2276 432 2459 491; x_wconf 79' lang='lat' dir='ltr'><strong>VIRG.</strong></span> <span class='ocrx_word' id='word_1_8' title='bbox 2499 432 2759 489; x_wconf 64' lang='lat' dir='ltr'><strong>MANE.</strong></span> 
     </span>
    </p>
   </div>
   <div class='ocr_carea' id='block_1_3' title="bbox 3522 424 3659 485">
    <p class='ocr_par' dir='ltr' id='par_1_3' title="bbox 3522 424 3659 485">
     <span class='ocr_line' id='line_1_3' title="bbox 3522 424 3659 485; baseline 0 -5"><span class='ocrx_word' id='word_1_9' title='bbox 3522 424 3659 485; x_wconf 81' lang='lat' dir='ltr'><strong>H70</strong></span> 
     </span>
    </p>
   </div>
   <div class='ocr_carea' id='block_1_4' title="bbox 415 516 1987 639">
    <p class='ocr_par' dir='ltr' id='par_1_4' title="bbox 415 516 1983 639">
     <span class='ocr_line' id='line_1_4' title="bbox 415 516 1983 639; baseline -0.01 -18"><span class='ocrx_word' id='word_1_10' title='bbox 415 564 511 622; x_wconf 71' lang='grc' dir='ltr'><strong>καὶ</strong></span> <span class='ocrx_word' id='word_1_11' title='bbox 539 563 637 633; x_wconf 80' lang='grc' dir='ltr'>τὴν</span> <span class='ocrx_word' id='word_1_12' title='bbox 667 561 929 633; x_wconf 77' lang='grc' dir='ltr'>διαθήκην</span> <span class='ocrx_word' id='word_1_13' title='bbox 1095 556 1229 629; x_wconf 76' lang='grc' dir='ltr'>πρὸς</span> <span class='ocrx_word' id='word_1_14' title='bbox 1272 560 1396 621; x_wconf 72' lang='grc' dir='ltr'>τοὺς</span> <span class='ocrx_word' id='word_1_15' title='bbox 1428 556 1666 628; x_wconf 81' lang='grc' dir='ltr'>πατέρας</span> <span class='ocrx_word' id='word_1_16' title='bbox 1701 554 1983 628; x_wconf 78' lang='grc' dir='ltr'>πληρῶσαι</span> 
     </span>
    </p>
   </div>
   <div class='ocr_carea' id='block_1_5' title="bbox 2088 516 3657 639">
    <p class='ocr_par' dir='ltr' id='par_1_5' title="bbox 2088 550 3657 625">
     <span class='ocr_line' id='line_1_5' title="bbox 2088 550 3657 625; baseline -0.003 -16"><span class='ocrx_word' id='word_1_17' title='bbox 2088 554 2329 625; x_wconf 99' lang='lat' dir='ltr'><strong>patribus</strong></span> <span class='ocrx_word' id='word_1_18' title='bbox 2377 556 2735 611; x_wconf 88' lang='lat' dir='ltr'><strong>constitutum</strong></span> <span class='ocrx_word' id='word_1_19' title='bbox 2804 553 3099 624; x_wconf 83' lang='lat' dir='ltr'><strong>adimplere</strong></span> <span class='ocrx_word' id='word_1_20' title='bbox 3134 551 3388 608; x_wconf 79' lang='lat' dir='ltr'><strong>Christus</strong></span> <span class='ocrx_word' id='word_1_21' title='bbox 3433 550 3657 613; x_wconf 73' lang='lat' dir='ltr'><strong>volens.</strong></span> 
     </span>
    </p>
   </div>
   <div class='ocr_carea' id='block_1_6' title="bbox 417 651 1985 734">
    <p class='ocr_par' dir='ltr' id='par_1_6' title="bbox 417 651 1985 734">
     <span class='ocr_line' id='line_1_6' title="bbox 417 651 1985 734; baseline -0.009 -18"><span class='ocrx_word' id='word_1_22' title='bbox 417 661 734 734; x_wconf 80' lang='grc' dir='ltr'>βουλόμενος</span> <span class='ocrx_word' id='word_1_23' title='bbox 780 660 810 713; x_wconf 87' lang='grc' dir='ltr'><strong>ό</strong></span> <span class='ocrx_word' id='word_1_24' title='bbox 846 655 1098 728; x_wconf 67' lang='grc' dir='ltr'>Χριστὸς,</span> <span class='ocrx_word' id='word_1_25' title='bbox 1150 652 1458 734; x_wconf 7' lang='grc' dir='ltr'>οὐρανοὺς,</span> <span class='ocrx_word' id='word_1_26' title='bbox 1480 652 1621 706; x_wconf 82' lang='grc' dir='ltr'>ποτὲ</span> <span class='ocrx_word' id='word_1_27' title='bbox 1669 652 1765 722; x_wconf 81' lang='grc' dir='ltr'>μὲν</span> <span class='ocrx_word' id='word_1_28' title='bbox 1823 651 1985 704; x_wconf 72' lang='grc' dir='ltr'>ἐκλι-</span> 
     </span>
    </p>
   </div>
   <div class='ocr_carea' id='block_1_7' title="bbox 418 732 1988 819">
    <p class='ocr_par' dir='ltr' id='par_1_7' title="bbox 418 732 1988 819">
     <span class='ocr_line' id='line_1_7' title="bbox 418 732 1988 819; baseline -0.008 -11"><span class='ocrx_word' id='word_1_29' title='bbox 418 732 547 819; x_wconf 57' lang='grc' dir='ltr'>κεν,</span> <span class='ocrx_word' id='word_1_30' title='bbox 584 732 693 806; x_wconf 77' lang='grc' dir='ltr'>καὶ</span> <span class='ocrx_word' id='word_1_31' title='bbox 747 748 985 816; x_wconf 79' lang='grc' dir='ltr'>κατέϐη,</span> <span class='ocrx_word' id='word_1_32' title='bbox 1040 748 1224 811; x_wconf 74' lang='grc' dir='ltr'>Οὕτως</span> <span class='ocrx_word' id='word_1_33' title='bbox 1266 747 1321 801; x_wconf 90' lang='grc' dir='ltr'><strong>δέ</strong></span> <span class='ocrx_word' id='word_1_34' title='bbox 1375 732 1462 810; x_wconf 75' lang='grc' dir='ltr'><strong>ὡς</strong></span> <span class='ocrx_word' id='word_1_35' title='bbox 1501 745 1781 818; x_wconf 78' lang='grc' dir='ltr'>χωροῦμεν</span> <span class='ocrx_word' id='word_1_36' title='bbox 1826 745 1988 817; x_wconf 78' lang='grc' dir='ltr'>ἡμεῖς</span> 
     </span>
    </p>
   </div>
   <div class='ocr_carea' id='block_1_8' title="bbox 417 837 1987 923">
    <p class='ocr_par' dir='ltr' id='par_1_8' title="bbox 417 837 1987 923">
     <span class='ocr_line' id='line_1_8' title="bbox 417 837 1987 923; baseline -0.006 -25"><span class='ocrx_word' id='word_1_37' title='bbox 417 844 808 917; x_wconf 82' lang='grc' dir='ltr'>ἐμφανίζεται,</span> <span class='ocrx_word' id='word_1_38' title='bbox 860 845 945 897; x_wconf 85' lang='grc' dir='ltr'><strong>ῐνα</strong></span> <span class='ocrx_word' id='word_1_39' title='bbox 994 843 1117 897; x_wconf 87' lang='grc' dir='ltr'>ἰδεῖν</span> <span class='ocrx_word' id='word_1_40' title='bbox 1151 841 1333 906; x_wconf 84' lang='grc' dir='ltr'>αὐτὸν,</span> <span class='ocrx_word' id='word_1_41' title='bbox 1366 840 1461 895; x_wconf 74' lang='grc' dir='ltr'><strong>καὶ</strong></span> <span class='ocrx_word' id='word_1_42' title='bbox 1504 838 1844 923; x_wconf 62' lang='grc' dir='ltr'>ψηλαφῆσαι,</span> <span class='ocrx_word' id='word_1_43' title='bbox 1894 837 1987 890; x_wconf 77' lang='grc' dir='ltr'><strong>καὶ</strong></span> 
     </span>
    </p>
   </div>
   <div class='ocr_carea' id='block_1_9' title="bbox 417 928 1987 1007">
    <p class='ocr_par' dir='ltr' id='par_1_9' title="bbox 417 928 1987 1007">
     <span class='ocr_line' id='line_1_9' title="bbox 417 928 1987 1007; baseline -0.006 -17"><span class='ocrx_word' id='word_1_44' title='bbox 417 936 647 990; x_wconf 73' lang='grc' dir='ltr'>ἀκοῦσαι</span> <span class='ocrx_word' id='word_1_45' title='bbox 672 935 958 1000; x_wconf 75' lang='grc' dir='ltr'>λαλοῦντος</span> <span class='ocrx_word' id='word_1_46' title='bbox 1000 934 1325 1007; x_wconf 74' lang='grc' dir='ltr'><strong>ἰσχύσωμεν.</strong></span> <span class='ocrx_word' id='word_1_47' title='bbox 1359 933 1467 986; x_wconf 77' lang='grc' dir='ltr'>Καὶ</span> <span class='ocrx_word' id='word_1_48' title='bbox 1498 932 1586 986; x_wconf 77' lang='grc' dir='ltr'><strong>διὰ</strong></span> <span class='ocrx_word' id='word_1_49' title='bbox 1613 931 1769 985; x_wconf 86' lang='grc' dir='ltr'>τοῦτο</span> <span class='ocrx_word' id='word_1_50' title='bbox 1798 931 1827 983; x_wconf 85' lang='grc' dir='ltr'><strong>ό</strong></span> <span class='ocrx_word' id='word_1_51' title='bbox 1857 928 1987 994; x_wconf 80' lang='grc' dir='ltr'>Θεὸς</span> 
     </span>
    </p>
   </div>
   <div class='ocr_carea' id='block_1_10' title="bbox 330 1019 1987 1099">
    <p class='ocr_par' dir='ltr' id='par_1_10' title="bbox 330 1019 1987 1099">
     <span class='ocr_line' id='line_1_10' title="bbox 330 1019 1987 1099; baseline -0.004 -20"><span class='ocrx_word' id='word_1_52' title='bbox 330 1092 335 1097; x_wconf 21' lang='grc'><strong><em>⁸</em></strong></span> <span class='ocrx_word' id='word_1_53' title='bbox 418 1025 586 1095; x_wconf 83' lang='grc' dir='ltr'><strong>Λόγος</strong></span> <span class='ocrx_word' id='word_1_54' title='bbox 606 1025 785 1099; x_wconf 83' lang='grc' dir='ltr'><strong>σάρκα</strong></span> <span class='ocrx_word' id='word_1_55' title='bbox 810 1026 902 1081; x_wconf 75' lang='grc' dir='ltr'>καὶ</span> <span class='ocrx_word' id='word_1_56' title='bbox 929 1026 1129 1079; x_wconf 87' lang='grc' dir='ltr'>τέλειον</span> <span class='ocrx_word' id='word_1_57' title='bbox 1154 1023 1434 1097; x_wconf 77' lang='grc' dir='ltr'>ἄνθρωπον</span> <span class='ocrx_word' id='word_1_58' title='bbox 1459 1025 1524 1077; x_wconf 90' lang='grc' dir='ltr'><strong>ἐκ</strong></span> <span class='ocrx_word' id='word_1_59' title='bbox 1550 1021 1805 1091; x_wconf 85' lang='grc' dir='ltr'>γυναικὸς</span> <span class='ocrx_word' id='word_1_60' title='bbox 1829 1019 1987 1088; x_wconf 81' lang='grc' dir='ltr'>ἁγίας</span> 
     </span>
    </p>
   </div>
   <div class='ocr_carea' id='block_1_11' title="bbox 421 1114 1989 1192">
    <p class='ocr_par' dir='ltr' id='par_1_11' title="bbox 421 1114 1989 1192">
     <span class='ocr_line' id='line_1_11' title="bbox 421 1114 1989 1192; baseline -0.002 -20"><span class='ocrx_word' id='word_1_61' title='bbox 421 1118 693 1192; x_wconf 78' lang='grc' dir='ltr'><strong>Παρθένου</strong></span> <span class='ocrx_word' id='word_1_62' title='bbox 731 1117 1021 1173; x_wconf 78' lang='grc' dir='ltr'>ἀναλαϐεῖν</span> <span class='ocrx_word' id='word_1_63' title='bbox 1056 1117 1413 1189; x_wconf 79' lang='grc' dir='ltr'><strong>κατηξίωσεν,</strong></span> <span class='ocrx_word' id='word_1_64' title='bbox 1448 1116 1544 1171; x_wconf 72' lang='grc' dir='ltr'><strong>καὶ</strong></span> <span class='ocrx_word' id='word_1_65' title='bbox 1593 1114 1854 1187; x_wconf 75' lang='grc' dir='ltr'>ἐγεννήθη</span> <span class='ocrx_word' id='word_1_66' title='bbox 1897 1115 1989 1169; x_wconf 82' lang='grc' dir='ltr'>άν-</span> 
     </span>
    </p>
   </div>
   <div class='ocr_carea' id='block_1_12' title="bbox 418 1207 1985 1285">
    <p class='ocr_par' dir='ltr' id='par_1_12' title="bbox 418 1207 1985 1285">
     <span class='ocr_line' id='line_1_12' title="bbox 418 1207 1985 1285; baseline -0.002 -21"><span class='ocrx_word' id='word_1_67' title='bbox 418 1211 653 1283; x_wconf 88' lang='grc' dir='ltr'>θρωπος,</span> <span class='ocrx_word' id='word_1_68' title='bbox 689 1212 776 1266; x_wconf 84' lang='grc' dir='ltr'>ἵνα</span> <span class='ocrx_word' id='word_1_69' title='bbox 809 1211 999 1283; x_wconf 79' lang='grc' dir='ltr'><strong>ἐκτίσῃ</strong></span> <span class='ocrx_word' id='word_1_70' title='bbox 1041 1210 1103 1264; x_wconf 81' lang='grc' dir='ltr'>τὸ</span> <span class='ocrx_word' id='word_1_71' title='bbox 1134 1209 1400 1285; x_wconf 76' lang='grc' dir='ltr'>ἡμέτερον</span> <span class='ocrx_word' id='word_1_72' title='bbox 1439 1210 1688 1280; x_wconf 73' lang='grc' dir='ltr'>ὄφλημα,</span> <span class='ocrx_word' id='word_1_73' title='bbox 1722 1209 1818 1263; x_wconf 77' lang='grc' dir='ltr'>καὶ</span> <span class='ocrx_word' id='word_1_74' title='bbox 1850 1207 1985 1279; x_wconf 80' lang='grc' dir='ltr'><strong>πλη⁹</strong></span> 
     </span>
    </p>
   </div>
   <div class='ocr_carea' id='block_1_13' title="bbox 420 1298 1983 1376">
    <p class='ocr_par' dir='ltr' id='par_1_13' title="bbox 420 1298 1983 1376">
     <span class='ocr_line' id='line_1_13' title="bbox 420 1298 1983 1376; baseline -0.002 -19"><span class='ocrx_word' id='word_1_75' title='bbox 420 1301 570 1376; x_wconf 84' lang='grc' dir='ltr'>ρώσῃ</span> <span class='ocrx_word' id='word_1_76' title='bbox 608 1303 800 1376; x_wconf 79' lang='grc' dir='ltr'><strong>μέχρις</strong></span> <span class='ocrx_word' id='word_1_77' title='bbox 842 1300 1206 1373; x_wconf 50' lang='grc' dir='ltr'>ἐαυτοῦ,,τῆς</span> <span class='ocrx_word' id='word_1_78' title='bbox 1249 1302 1385 1374; x_wconf 78' lang='grc' dir='ltr'>πρὸς</span> <span class='ocrx_word' id='word_1_79' title='bbox 1429 1301 1677 1375; x_wconf 74' lang='grc' dir='ltr'>Ἀϐραὰμ</span> <span class='ocrx_word' id='word_1_80' title='bbox 1699 1298 1983 1374; x_wconf 81' lang='grc' dir='ltr'><strong>διαθήκης,</strong></span> 
     </span>
    </p>
   </div>
   <div class='ocr_carea' id='block_1_14' title="bbox 418 1394 1983 1467">
    <p class='ocr_par' dir='ltr' id='par_1_14' title="bbox 418 1394 1983 1467">
     <span class='ocr_line' id='line_1_14' title="bbox 418 1394 1983 1467; baseline 0.002 -20"><span class='ocrx_word' id='word_1_81' title='bbox 418 1394 719 1466; x_wconf 77' lang='grc' dir='ltr'><strong>περιτομῆς</strong></span> <span class='ocrx_word' id='word_1_82' title='bbox 745 1411 805 1448; x_wconf 89' lang='grc' dir='ltr'><strong>τε</strong></span> <span class='ocrx_word' id='word_1_83' title='bbox 832 1395 928 1448; x_wconf 69' lang='grc' dir='ltr'>καὶ</span> <span class='ocrx_word' id='word_1_84' title='bbox 948 1394 1054 1448; x_wconf 86' lang='grc' dir='ltr'>τῶν</span> <span class='ocrx_word' id='word_1_85' title='bbox 1078 1394 1274 1467; x_wconf 85' lang='grc' dir='ltr'>ἐφεξῆς</span> <span class='ocrx_word' id='word_1_86' title='bbox 1297 1395 1540 1467; x_wconf 83' lang='grc' dir='ltr'>νομίμων</span> <span class='ocrx_word' id='word_1_87' title='bbox 1568 1394 1635 1449; x_wconf 81' lang='grc' dir='ltr'><strong>τά</strong></span> <span class='ocrx_word' id='word_1_88' title='bbox 1658 1394 1983 1465; x_wconf 79' lang='grc' dir='ltr'>ἐντάλματα.</span> 
     </span>
    </p>
   </div>
   <div class='ocr_carea' id='block_1_15' title="bbox 417 1486 1987 1560">
    <p class='ocr_par' dir='ltr' id='par_1_15' title="bbox 417 1486 1987 1560">
     <span class='ocr_line' id='line_1_15' title="bbox 417 1486 1987 1560; baseline 0 -20"><span class='ocrx_word' id='word_1_89' title='bbox 417 1486 571 1540; x_wconf 77' lang='grc' dir='ltr'>Μετὰ</span> <span class='ocrx_word' id='word_1_90' title='bbox 610 1486 666 1540; x_wconf 81' lang='grc' dir='ltr'>δὲ</span> <span class='ocrx_word' id='word_1_91' title='bbox 710 1489 837 1551; x_wconf 82' lang='grc' dir='ltr'>τοὺς</span> <span class='ocrx_word' id='word_1_92' title='bbox 879 1487 1072 1556; x_wconf 82' lang='grc' dir='ltr'>λόγους</span> <span class='ocrx_word' id='word_1_93' title='bbox 1106 1486 1347 1552; x_wconf 86' lang='grc' dir='ltr'>τούτους,</span> <span class='ocrx_word' id='word_1_94' title='bbox 1382 1489 1416 1560; x_wconf 81' lang='grc' dir='ltr'><strong>ἡ</strong></span> <span class='ocrx_word' id='word_1_95' title='bbox 1451 1487 1580 1556; x_wconf 85' lang='grc' dir='ltr'>ἁγία</span> <span class='ocrx_word' id='word_1_96' title='bbox 1610 1488 1880 1560; x_wconf 85' lang='grc' dir='ltr'>Παρθένος</span> <span class='ocrx_word' id='word_1_97' title='bbox 1907 1489 1987 1551; x_wconf 88' lang='grc' dir='ltr'><strong>εἰς</strong></span> 
     </span>
    </p>
   </div>
   <div class='ocr_carea' id='block_1_16' title="bbox 322 1572 1987 1652">
    <p class='ocr_par' dir='ltr' id='par_1_16' title="bbox 322 1572 1987 1652">
     <span class='ocr_line' id='line_1_16' title="bbox 322 1572 1987 1652; baseline 0.001 -20"><span class='ocrx_word' id='word_1_98' title='bbox 322 1592 327 1597; x_wconf 83' lang='lat'><strong>&#39;</strong></span> <span class='ocrx_word' id='word_1_99' title='bbox 415 1578 514 1649; x_wconf 78' lang='grc' dir='ltr'><strong>τὴν</strong></span> <span class='ocrx_word' id='word_1_100' title='bbox 572 1577 827 1650; x_wconf 78' lang='grc' dir='ltr'>Ναζαρὲτ</span> <span class='ocrx_word' id='word_1_101' title='bbox 869 1572 1218 1652; x_wconf 60' lang='grc' dir='ltr'>ἐπορεύετοοῖ</span> <span class='ocrx_word' id='word_1_102' title='bbox 1232 1578 1440 1634; x_wconf 82' lang='grc' dir='ltr'>ἐκεῖθεν</span> <span class='ocrx_word' id='word_1_103' title='bbox 1493 1580 1550 1633; x_wconf 81' lang='grc' dir='ltr'><strong>δὲ</strong></span> <span class='ocrx_word' id='word_1_104' title='bbox 1601 1579 1760 1633; x_wconf 86' lang='grc' dir='ltr'>πάλιν</span> <span class='ocrx_word' id='word_1_105' title='bbox 1814 1580 1987 1651; x_wconf 86' lang='grc' dir='ltr'>δόγμα</span> 
     </span>
    </p>
   </div>
   <div class='ocr_carea' id='block_1_17' title="bbox 417 1654 1985 1743">
    <p class='ocr_par' dir='ltr' id='par_1_17' title="bbox 417 1654 1985 1743">
     <span class='ocr_line' id='line_1_17' title="bbox 417 1654 1985 1743; baseline 0.003 -23"><span class='ocrx_word' id='word_1_106' title='bbox 417 1668 694 1740; x_wconf 87' lang='grc' dir='ltr'>Καίσαρος</span> <span class='ocrx_word' id='word_1_107' title='bbox 753 1670 832 1733; x_wconf 91' lang='grc' dir='ltr'><strong>είς</strong></span> <span class='ocrx_word' id='word_1_108' title='bbox 876 1671 977 1741; x_wconf 83' lang='grc' dir='ltr'>τὴν</span> <span class='ocrx_word' id='word_1_109' title='bbox 1026 1654 1274 1742; x_wconf 77' lang='grc' dir='ltr'>Βηθλεέμ</span> <span class='ocrx_word' id='word_1_110' title='bbox 1317 1670 1557 1725; x_wconf 77' lang='grc' dir='ltr'>ἀνελθεῖν</span> <span class='ocrx_word' id='word_1_111' title='bbox 1606 1671 1773 1743; x_wconf 80' lang='grc' dir='ltr'>αὐτὴν</span> <span class='ocrx_word' id='word_1_112' title='bbox 1814 1688 1985 1743; x_wconf 87' lang='grc' dir='ltr'>παρε-</span> 
     </span>
    </p>
   </div>
   <div class='ocr_carea' id='block_1_18' title="bbox 417 1758 1986 1834">
    <p class='ocr_par' dir='ltr' id='par_1_18' title="bbox 417 1758 1986 1834">
     <span class='ocr_line' id='line_1_18' title="bbox 417 1758 1986 1834; baseline 0.004 -23"><span class='ocrx_word' id='word_1_113' title='bbox 417 1758 703 1813; x_wconf 74' lang='grc' dir='ltr'>σκεύασεψ</span> <span class='ocrx_word' id='word_1_114' title='bbox 755 1758 892 1831; x_wconf 87' lang='grc' dir='ltr'>α’ύτη</span> <span class='ocrx_word' id='word_1_115' title='bbox 932 1760 989 1814; x_wconf 84' lang='grc' dir='ltr'>δὲ</span> <span class='ocrx_word' id='word_1_116' title='bbox 1034 1761 1110 1826; x_wconf 89' lang='grc' dir='ltr'><strong>ώς</strong></span> <span class='ocrx_word' id='word_1_117' title='bbox 1157 1761 1264 1816; x_wconf 79' lang='grc' dir='ltr'><strong>ἀπὸ</strong></span> <span class='ocrx_word' id='word_1_118' title='bbox 1300 1761 1400 1833; x_wconf 89' lang='grc' dir='ltr'><strong>τῆς</strong></span> <span class='ocrx_word' id='word_1_119' title='bbox 1442 1762 1723 1832; x_wconf 80' lang='grc' dir='ltr'>βασιλικῆς</span> <span class='ocrx_word' id='word_1_120' title='bbox 1751 1764 1986 1834; x_wconf 78' lang='grc' dir='ltr'>πατριᾶς</span> 
     </span>
    </p>
   </div>
   <div class='ocr_carea' id='block_1_19' title="bbox 415 1853 1986 1928">
    <p class='ocr_par' dir='ltr' id='par_1_19' title="bbox 415 1853 1986 1928">
     <span class='ocr_line' id='line_1_19' title="bbox 415 1853 1986 1928; baseline 0.003 -25"><span class='ocrx_word' id='word_1_121' title='bbox 415 1853 865 1925; x_wconf 83' lang='grc' dir='ltr'>προϋπάρχουσα,</span> <span class='ocrx_word' id='word_1_122' title='bbox 899 1855 978 1917; x_wconf 89' lang='grc' dir='ltr'><strong>εἰς</strong></span> <span class='ocrx_word' id='word_1_123' title='bbox 1000 1853 1097 1926; x_wconf 84' lang='grc' dir='ltr'>τὴν</span> <span class='ocrx_word' id='word_1_124' title='bbox 1127 1853 1409 1928; x_wconf 79' lang='grc' dir='ltr'>βασιλικὴν</span> <span class='ocrx_word' id='word_1_125' title='bbox 1434 1855 1527 1909; x_wconf 81' lang='grc' dir='ltr'>τοῦ</span> <span class='ocrx_word' id='word_1_126' title='bbox 1552 1855 1718 1910; x_wconf 77' lang='grc' dir='ltr'><strong>Δαὸὶδ</strong></span> <span class='ocrx_word' id='word_1_127' title='bbox 1742 1855 1986 1928; x_wconf 21' lang='grc' dir='ltr'>,πατριὰν</span> 
     </span>
    </p>
   </div>
   <div class='ocr_carea' id='block_1_20' title="bbox 417 1943 1987 2019">
    <p class='ocr_par' dir='ltr' id='par_1_20' title="bbox 417 1943 1987 2019">
     <span class='ocr_line' id='line_1_20' title="bbox 417 1943 1987 2019; baseline 0.003 -21"><span class='ocrx_word' id='word_1_128' title='bbox 417 1943 555 2016; x_wconf 78' lang='grc' dir='ltr'>μετὰ</span> <span class='ocrx_word' id='word_1_129' title='bbox 599 1944 797 2019; x_wconf 86' lang='grc' dir='ltr'>Ἰωσὴφ</span> <span class='ocrx_word' id='word_1_130' title='bbox 842 1944 938 1999; x_wconf 79' lang='grc' dir='ltr'>τοῦ</span> <span class='ocrx_word' id='word_1_131' title='bbox 988 1946 1297 2019; x_wconf 82' lang='grc' dir='ltr'>μνηστῆρος</span> <span class='ocrx_word' id='word_1_132' title='bbox 1343 1947 1640 2002; x_wconf 85' lang='grc' dir='ltr'>ἐστέλλετο.</span> <span class='ocrx_word' id='word_1_133' title='bbox 1669 1948 1780 2003; x_wconf 81' lang='grc' dir='ltr'><strong>Καὶ</strong></span> <span class='ocrx_word' id='word_1_134' title='bbox 1806 1947 1866 2002; x_wconf 81' lang='grc' dir='ltr'><strong>τὸ</strong></span> <span class='ocrx_word' id='word_1_135' title='bbox 1892 1946 1987 2003; x_wconf 81' lang='grc' dir='ltr'>τοῦ</span> 
     </span>
    </p>
   </div>
   <div class='ocr_carea' id='block_1_21' title="bbox 350 2030 1985 2114">
    <p class='ocr_par' dir='ltr' id='par_1_21' title="bbox 350 2030 1985 2114">
     <span class='ocr_line' id='line_1_21' title="bbox 350 2030 1985 2114; baseline 0.004 -24"><span class='ocrx_word' id='word_1_136' title='bbox 350 2030 351 2033; x_wconf 34' lang='grc'><em>“</em></span> <span class='ocrx_word' id='word_1_137' title='bbox 414 2036 614 2101; x_wconf 76' lang='grc' dir='ltr'>παντὸς</span> <span class='ocrx_word' id='word_1_138' title='bbox 660 2037 918 2093; x_wconf 83' lang='grc' dir='ltr'>ἐπέκεινα</span> <span class='ocrx_word' id='word_1_139' title='bbox 980 2037 1255 2110; x_wconf 78' lang='grc' dir='ltr'>θαύματος</span> <span class='ocrx_word' id='word_1_140' title='bbox 1324 2039 1605 2111; x_wconf 77' lang='grc' dir='ltr'>ἠκολούθει</span> <span class='ocrx_word' id='word_1_141' title='bbox 1671 2042 1985 2114; x_wconf 82' lang='grc' dir='ltr'>μυστήριον.</span> 
     </span>
    </p>
   </div>
   <div class='ocr_carea' id='block_1_22' title="bbox 302 2124 1990 2209">
    <p class='ocr_par' dir='ltr' id='par_1_22' title="bbox 302 2124 1990 2209">
     <span class='ocr_line' id='line_1_22' title="bbox 302 2124 1990 2209; baseline 0.002 -24"><span class='ocrx_word' id='word_1_142' title='bbox 302 2126 307 2131; x_wconf 64' lang='grc'><strong>’</strong></span> <span class='ocrx_word' id='word_1_143' title='bbox 367 2124 373 2133; x_wconf 79' lang='grc'><em>’</em></span> <span class='ocrx_word' id='word_1_144' title='bbox 412 2129 687 2202; x_wconf 84' lang='grc' dir='ltr'>Παρθένος</span> <span class='ocrx_word' id='word_1_145' title='bbox 730 2131 1010 2197; x_wconf 86' lang='grc' dir='ltr'>τίκτουσα,</span> <span class='ocrx_word' id='word_1_146' title='bbox 1063 2132 1158 2186; x_wconf 73' lang='grc' dir='ltr'><strong>καὶ</strong></span> <span class='ocrx_word' id='word_1_147' title='bbox 1202 2134 1361 2205; x_wconf 80' lang='grc' dir='ltr'>χερσί</span> <span class='ocrx_word' id='word_1_148' title='bbox 1397 2134 1735 2205; x_wconf 80' lang='grc' dir='ltr'>βαστάζουσα</span> <span class='ocrx_word' id='word_1_149' title='bbox 1762 2136 1855 2190; x_wconf 85' lang='grc' dir='ltr'><strong>τὸν</strong></span> <span class='ocrx_word' id='word_1_150' title='bbox 1894 2138 1990 2209; x_wconf 83' lang='grc' dir='ltr'><strong>ρή-</strong></span> 
     </span>
    </p>
   </div>
   <div class='ocr_carea' id='block_1_23' title="bbox 320 2225 1990 2304">
    <p class='ocr_par' dir='ltr' id='par_1_23' title="bbox 320 2225 1990 2304">
     <span class='ocr_line' id='line_1_23' title="bbox 320 2225 1990 2304; baseline 0.004 -27"><span class='ocrx_word' id='word_1_151' title='bbox 320 2270 329 2277; x_wconf 36' lang='grc' dir='ltr'><strong>κ</strong></span> <span class='ocrx_word' id='word_1_152' title='bbox 416 2239 544 2294; x_wconf 90' lang='grc' dir='ltr'>ματι</span> <span class='ocrx_word' id='word_1_153' title='bbox 582 2226 764 2304; x_wconf 71' lang='grc' dir='ltr'>πᾷσαν</span> <span class='ocrx_word' id='word_1_154' title='bbox 801 2225 899 2298; x_wconf 77' lang='grc' dir='ltr'>τὴν</span> <span class='ocrx_word' id='word_1_155' title='bbox 949 2225 1125 2281; x_wconf 86' lang='grc' dir='ltr'>κτίσιν</span> <span class='ocrx_word' id='word_1_156' title='bbox 1167 2226 1522 2298; x_wconf 76' lang='grc' dir='ltr'>βαστάζοντα.</span> <span class='ocrx_word' id='word_1_157' title='bbox 1568 2228 1680 2283; x_wconf 80' lang='grc' dir='ltr'><strong>Καὶ</strong></span> <span class='ocrx_word' id='word_1_158' title='bbox 1726 2228 1868 2284; x_wconf 84' lang='grc' dir='ltr'>οὐδὲ</span> <span class='ocrx_word' id='word_1_159' title='bbox 1894 2232 1990 2283; x_wconf 87' lang='grc' dir='ltr'>τό-</span> 
     </span>
    </p>
   </div>
   <div class='ocr_carea' id='block_1_24' title="bbox 306 2312 1990 2392">
    <p class='ocr_par' dir='ltr' id='par_1_24' title="bbox 306 2312 1990 2392">
     <span class='ocr_line' id='line_1_24' title="bbox 306 2312 1990 2392; baseline -0.005 -8"><span class='ocrx_word' id='word_1_160' title='bbox 411 2331 525 2382; x_wconf 86' lang='grc' dir='ltr'><strong>πος</strong></span> <span class='ocrx_word' id='word_1_161' title='bbox 567 2312 648 2388; x_wconf 75' lang='grc' dir='ltr'><strong><em>ἦν</em></strong></span> <span class='ocrx_word' id='word_1_162' title='bbox 695 2318 901 2385; x_wconf 82' lang='grc' dir='ltr'>αὐτοῖς</span> <span class='ocrx_word' id='word_1_163' title='bbox 946 2319 1017 2373; x_wconf 80' lang='grc' dir='ltr'>ἐν</span> <span class='ocrx_word' id='word_1_164' title='bbox 1065 2318 1147 2387; x_wconf 84' lang='grc' dir='ltr'>τῷ</span> <span class='ocrx_word' id='word_1_165' title='bbox 1203 2322 1592 2391; x_wconf 73' lang='grc' dir='ltr'>καταλύματι.</span> <span class='ocrx_word' id='word_1_166' title='bbox 1657 2322 1832 2377; x_wconf 87' lang='grc' dir='ltr'>Τόπον</span> <span class='ocrx_word' id='word_1_167' title='bbox 1889 2324 1990 2377; x_wconf 77' lang='grc' dir='ltr'><strong>οὐκ</strong></span> 
     </span>
    </p>
   </div>
   <div class='ocr_carea' id='block_1_25' title="bbox 410 2402 1989 2486">
    <p class='ocr_par' dir='ltr' id='par_1_25' title="bbox 410 2402 1989 2486">
     <span class='ocr_line' id='line_1_25' title="bbox 410 2402 1989 2486; baseline 0.007 -27"><span class='ocrx_word' id='word_1_168' title='bbox 410 2402 553 2478; x_wconf 76' lang='grc' dir='ltr'>εἶχεν</span> <span class='ocrx_word' id='word_1_169' title='bbox 576 2411 605 2463; x_wconf 83' lang='grc' dir='ltr'>ὁ</span> <span class='ocrx_word' id='word_1_170' title='bbox 632 2410 812 2465; x_wconf 80' lang='grc' dir='ltr'>πᾶσαν</span> <span class='ocrx_word' id='word_1_171' title='bbox 852 2412 950 2483; x_wconf 89' lang='grc' dir='ltr'><strong>τῆν</strong></span> <span class='ocrx_word' id='word_1_172' title='bbox 982 2408 1083 2484; x_wconf 78' lang='grc' dir='ltr'><strong>γῆν</strong></span> <span class='ocrx_word' id='word_1_173' title='bbox 1119 2412 1198 2484; x_wconf 80' lang='grc' dir='ltr'>τῷ</span> <span class='ocrx_word' id='word_1_174' title='bbox 1238 2415 1437 2486; x_wconf 80' lang='grc' dir='ltr'>ῥήματι</span> <span class='ocrx_word' id='word_1_175' title='bbox 1501 2414 1853 2486; x_wconf 85' lang='grc' dir='ltr'>θεμελιώσας.</span> <span class='ocrx_word' id='word_1_176' title='bbox 1886 2416 1989 2470; x_wconf 77' lang='grc' dir='ltr'><strong>Γάο</strong></span> 
     </span>
    </p>
   </div>
   <div class='ocr_carea' id='block_1_26' title="bbox 409 2498 1990 2578">
    <p class='ocr_par' dir='ltr' id='par_1_26' title="bbox 409 2498 1990 2578">
     <span class='ocr_line' id='line_1_26' title="bbox 409 2498 1990 2578; baseline 0.005 -25"><span class='ocrx_word' id='word_1_177' title='bbox 409 2498 567 2555; x_wconf 90' lang='grc' dir='ltr'>λακτι</span> <span class='ocrx_word' id='word_1_178' title='bbox 609 2500 881 2574; x_wconf 87' lang='grc' dir='ltr'>τρέφουσα</span> <span class='ocrx_word' id='word_1_179' title='bbox 922 2502 1010 2556; x_wconf 76' lang='grc' dir='ltr'><strong>τὸν</strong></span> <span class='ocrx_word' id='word_1_180' title='bbox 1055 2506 1235 2559; x_wconf 82' lang='grc' dir='ltr'>πᾶσαν</span> <span class='ocrx_word' id='word_1_181' title='bbox 1278 2506 1445 2578; x_wconf 79' lang='grc' dir='ltr'>πνοὴν</span> <span class='ocrx_word' id='word_1_182' title='bbox 1476 2506 1864 2578; x_wconf 81' lang='grc' dir='ltr'>διατρέφοντα,</span> <span class='ocrx_word' id='word_1_183' title='bbox 1894 2507 1990 2562; x_wconf 78' lang='grc' dir='ltr'><strong>καὶ</strong></span> 
     </span>
    </p>
   </div>
   <div class='ocr_carea' id='block_1_27' title="bbox 410 2590 1989 2669">
    <p class='ocr_par' dir='ltr' id='par_1_27' title="bbox 410 2590 1989 2669">
     <span class='ocr_line' id='line_1_27' title="bbox 410 2590 1989 2669; baseline 0.005 -24"><span class='ocrx_word' id='word_1_184' title='bbox 410 2591 796 2661; x_wconf 82' lang='grc' dir='ltr'>ζωογονοῦντα.</span> <span class='ocrx_word' id='word_1_185' title='bbox 831 2590 1173 2664; x_wconf 85' lang='grc' dir='ltr'>Σπαργάνοις</span> <span class='ocrx_word' id='word_1_186' title='bbox 1198 2595 1469 2668; x_wconf 83' lang='grc' dir='ltr'>δεσμοῦσα</span> <span class='ocrx_word' id='word_1_187' title='bbox 1521 2595 1613 2650; x_wconf 74' lang='grc' dir='ltr'><strong>τὸν</strong></span> <span class='ocrx_word' id='word_1_188' title='bbox 1644 2596 1786 2669; x_wconf 88' lang='grc' dir='ltr'>λόγῳ</span> <span class='ocrx_word' id='word_1_189' title='bbox 1809 2598 1989 2653; x_wconf 78' lang='grc' dir='ltr'>πᾶσαν</span> 
     </span>
    </p>
   </div>
   <div class='ocr_carea' id='block_1_28' title="bbox 410 2682 1990 2759">
    <p class='ocr_par' dir='ltr' id='par_1_28' title="bbox 410 2682 1990 2759">
     <span class='ocr_line' id='line_1_28' title="bbox 410 2682 1990 2759; baseline 0.005 -24"><span class='ocrx_word' id='word_1_190' title='bbox 410 2682 506 2753; x_wconf 69' lang='grc' dir='ltr'>τὴν</span> <span class='ocrx_word' id='word_1_191' title='bbox 552 2682 729 2738; x_wconf 76' lang='grc' dir='ltr'>κτίσιν</span> <span class='ocrx_word' id='word_1_192' title='bbox 784 2684 1133 2756; x_wconf 88' lang='grc' dir='ltr'>δεσμεύοντα.</span> <span class='ocrx_word' id='word_1_193' title='bbox 1187 2686 1275 2739; x_wconf 93' lang='grc' dir='ltr'>Ἐν</span> <span class='ocrx_word' id='word_1_194' title='bbox 1332 2687 1506 2759; x_wconf 80' lang='grc' dir='ltr'>φάτνῃ</span> <span class='ocrx_word' id='word_1_195' title='bbox 1565 2687 1840 2742; x_wconf 87' lang='grc' dir='ltr'>ἀνέκλινεν</span> <span class='ocrx_word' id='word_1_196' title='bbox 1900 2688 1990 2743; x_wconf 80' lang='grc' dir='ltr'><strong>τδν</strong></span> 
     </span>
    </p>
   </div>
   <div class='ocr_carea' id='block_1_29' title="bbox 332 2776 1988 2853">
    <p class='ocr_par' dir='ltr' id='par_1_29' title="bbox 332 2776 1988 2853">
     <span class='ocr_line' id='line_1_29' title="bbox 332 2776 1988 2853; baseline 0.003 -25"><span class='ocrx_word' id='word_1_197' title='bbox 332 2788 335 2791; x_wconf 77' lang='lat'><strong><em>&#39;</em></strong></span> <span class='ocrx_word' id='word_1_198' title='bbox 410 2779 504 2830; x_wconf 73' lang='grc' dir='ltr'><strong>ἐπὶ</strong></span> <span class='ocrx_word' id='word_1_199' title='bbox 531 2776 799 2848; x_wconf 84' lang='grc' dir='ltr'>καθέδρας</span> <span class='ocrx_word' id='word_1_200' title='bbox 822 2777 1087 2850; x_wconf 77' lang='grc' dir='ltr'>χερουὸὶμ</span> <span class='ocrx_word' id='word_1_201' title='bbox 1114 2779 1497 2851; x_wconf 81' lang='grc' dir='ltr'>ἐποχούμενον.</span> <span class='ocrx_word' id='word_1_202' title='bbox 1525 2778 1644 2844; x_wconf 78' lang='grc' dir='ltr'><strong>Φῶς</strong></span> <span class='ocrx_word' id='word_1_203' title='bbox 1670 2779 1728 2847; x_wconf 78' lang='grc' dir='ltr'>ἐξ</span> <span class='ocrx_word' id='word_1_204' title='bbox 1757 2777 1988 2853; x_wconf 82' lang='grc' dir='ltr'>ούρανοῦ</span> 
     </span>
    </p>
   </div>
   <div class='ocr_carea' id='block_1_30' title="bbox 359 2869 1991 2945">
    <p class='ocr_par' dir='ltr' id='par_1_30' title="bbox 359 2869 1991 2945">
     <span class='ocr_line' id='line_1_30' title="bbox 359 2869 1991 2945; baseline 0.002 -22"><span class='ocrx_word' id='word_1_205' title='bbox 359 2889 362 2893; x_wconf 68' lang='lat'><strong>&#39;</strong></span> <span class='ocrx_word' id='word_1_206' title='bbox 410 2869 751 2941; x_wconf 83' lang='grc' dir='ltr'>περιέλαμπε</span> <span class='ocrx_word' id='word_1_207' title='bbox 805 2869 897 2924; x_wconf 74' lang='grc' dir='ltr'>τὸν</span> <span class='ocrx_word' id='word_1_208' title='bbox 924 2870 1104 2924; x_wconf 85' lang='grc' dir='ltr'>πᾶσαν</span> <span class='ocrx_word' id='word_1_209' title='bbox 1131 2870 1230 2943; x_wconf 84' lang='grc' dir='ltr'>τὴν</span> <span class='ocrx_word' id='word_1_210' title='bbox 1261 2872 1439 2926; x_wconf 86' lang='grc' dir='ltr'>κτίσιν</span> <span class='ocrx_word' id='word_1_211' title='bbox 1467 2872 1796 2943; x_wconf 88' lang='grc' dir='ltr'>φωτίσαντα.</span> <span class='ocrx_word' id='word_1_212' title='bbox 1821 2873 1991 2945; x_wconf 81' lang='grc' dir='ltr'>Στρα-</span> 
     </span>
    </p>
   </div>
   <div class='ocr_carea' id='block_1_31' title="bbox 407 2962 1990 3037">
    <p class='ocr_par' dir='ltr' id='par_1_31' title="bbox 407 2962 1990 3037">
     <span class='ocr_line' id='line_1_31' title="bbox 407 2962 1990 3037; baseline 0.001 -19"><span class='ocrx_word' id='word_1_213' title='bbox 407 2964 520 3018; x_wconf 76' lang='grc' dir='ltr'>τιαὶ</span> <span class='ocrx_word' id='word_1_214' title='bbox 545 2962 792 3035; x_wconf 81' lang='grc' dir='ltr'>οὐράνιαι</span> <span class='ocrx_word' id='word_1_215' title='bbox 809 2962 1182 3031; x_wconf 82' lang='grc' dir='ltr'>δοξολογοῦσαι</span> <span class='ocrx_word' id='word_1_216' title='bbox 1204 2964 1538 3037; x_wconf 83' lang='grc' dir='ltr'>παρίσταντο</span> <span class='ocrx_word' id='word_1_217' title='bbox 1555 2964 1633 3036; x_wconf 81' lang='grc' dir='ltr'>τῷ</span> <span class='ocrx_word' id='word_1_218' title='bbox 1651 2965 1758 3037; x_wconf 82' lang='grc' dir='ltr'><strong>πρὸ</strong></span> <span class='ocrx_word' id='word_1_219' title='bbox 1777 2964 1990 3021; x_wconf 84' lang='grc' dir='ltr'>αἰώνων</span> 
     </span>
    </p>
   </div>
   <div class='ocr_carea' id='block_1_32' title="bbox 409 3044 1988 3127">
    <p class='ocr_par' dir='ltr' id='par_1_32' title="bbox 409 3044 1988 3127">
     <span class='ocr_line' id='line_1_32' title="bbox 409 3044 1988 3127; baseline 0.001 -20"><span class='ocrx_word' id='word_1_220' title='bbox 409 3055 467 3108; x_wconf 79' lang='grc' dir='ltr'><strong>ἐν</strong></span> <span class='ocrx_word' id='word_1_221' title='bbox 505 3044 754 3125; x_wconf 76' lang='grc' dir='ltr'>οὐρανοῖς</span> <span class='ocrx_word' id='word_1_222' title='bbox 792 3052 1153 3124; x_wconf 74' lang='grc' dir='ltr'>δοξαζομένῳ.</span> <span class='ocrx_word' id='word_1_223' title='bbox 1202 3052 1401 3125; x_wconf 75' lang='grc' dir='ltr'>Ἀστὴρ</span> <span class='ocrx_word' id='word_1_224' title='bbox 1439 3054 1711 3127; x_wconf 82' lang='grc' dir='ltr'>δᾳδουχῶν</span> <span class='ocrx_word' id='word_1_225' title='bbox 1745 3056 1988 3127; x_wconf 78' lang='grc' dir='ltr'>κατεμή-</span> 
     </span>
    </p>
   </div>
   <div class='ocr_carea' id='block_1_33' title="bbox 409 3143 1989 3217">
    <p class='ocr_par' dir='ltr' id='par_1_33' title="bbox 409 3143 1989 3217">
     <span class='ocr_line' id='line_1_33' title="bbox 409 3143 1989 3217; baseline 0.001 -17"><span class='ocrx_word' id='word_1_226' title='bbox 409 3162 533 3200; x_wconf 86' lang='grc' dir='ltr'>νυεν</span> <span class='ocrx_word' id='word_1_227' title='bbox 564 3146 688 3210; x_wconf 78' lang='grc' dir='ltr'>τοὺς</span> <span class='ocrx_word' id='word_1_228' title='bbox 718 3148 783 3200; x_wconf 82' lang='grc' dir='ltr'><strong>ἐκ</strong></span> <span class='ocrx_word' id='word_1_229' title='bbox 812 3146 918 3216; x_wconf 86' lang='grc' dir='ltr'><strong>γῆς</strong></span> <span class='ocrx_word' id='word_1_230' title='bbox 950 3143 1230 3217; x_wconf 72' lang='grc' dir='ltr'>πόρρωθεν</span> <span class='ocrx_word' id='word_1_231' title='bbox 1256 3144 1510 3210; x_wconf 84' lang='grc' dir='ltr'>ἐλθόντας</span> <span class='ocrx_word' id='word_1_232' title='bbox 1539 3147 1675 3216; x_wconf 84' lang='grc' dir='ltr'>πρὸς</span> <span class='ocrx_word' id='word_1_233' title='bbox 1703 3147 1794 3201; x_wconf 87' lang='grc' dir='ltr'><strong>τὸν</strong></span> <span class='ocrx_word' id='word_1_234' title='bbox 1823 3146 1989 3212; x_wconf 76' lang='grc' dir='ltr'>ὅντως</span> 
     </span>
    </p>
   </div>
   <div class='ocr_carea' id='block_1_34' title="bbox 2090 642 3658 712">
    <p class='ocr_par' dir='ltr' id='par_1_34' title="bbox 2090 642 3658 712">
     <span class='ocr_line' id='line_1_34' title="bbox 2090 642 3658 712; baseline -0.004 -11"><span class='ocrx_word' id='word_1_235' title='bbox 2090 647 2242 701; x_wconf 68' lang='lat' dir='ltr'><strong>caelos</strong></span> <span class='ocrx_word' id='word_1_236' title='bbox 2271 646 2490 703; x_wconf 80' lang='lat' dir='ltr'><strong>tandem</strong></span> <span class='ocrx_word' id='word_1_237' title='bbox 2533 648 2819 712; x_wconf 77' lang='lat' dir='ltr'><strong>inclinavit,</strong></span> <span class='ocrx_word' id='word_1_238' title='bbox 2840 656 2892 700; x_wconf 71' lang='lat' dir='ltr'><strong>et</strong></span> <span class='ocrx_word' id='word_1_239' title='bbox 2931 646 3200 702; x_wconf 73' lang='lat' dir='ltr'><strong>descendit</strong></span> <span class='ocrx_word' id='word_1_240' title='bbox 3226 646 3291 700; x_wconf 78' lang='grc'><strong>¹⁹.</strong></span> <span class='ocrx_word' id='word_1_241' title='bbox 3330 642 3424 707; x_wconf 79' lang='lat' dir='ltr'><strong>Sic</strong></span> <span class='ocrx_word' id='word_1_242' title='bbox 3477 650 3658 698; x_wconf 76' lang='lat' dir='ltr'><strong>autem</strong></span> 
     </span>
    </p>
   </div>
   <div class='ocr_carea' id='block_1_35' title="bbox 2088 733 3657 809">
    <p class='ocr_par' dir='ltr' id='par_1_35' title="bbox 2088 733 3657 809">
     <span class='ocr_line' id='line_1_35' title="bbox 2088 733 3657 809; baseline -0.004 -15"><span class='ocrx_word' id='word_1_243' title='bbox 2088 740 2386 794; x_wconf 86' lang='lat' dir='ltr'><strong>secundum</strong></span> <span class='ocrx_word' id='word_1_244' title='bbox 2416 742 3045 809; x_wconf 78' lang='lat' dir='ltr'><strong>capacitatemnostram</strong></span> <span class='ocrx_word' id='word_1_245' title='bbox 3086 754 3146 795; x_wconf 88' lang='lat' dir='ltr'><strong>se</strong></span> <span class='ocrx_word' id='word_1_246' title='bbox 3196 738 3354 794; x_wconf 88' lang='lat' dir='ltr'><strong>nobis</strong></span> <span class='ocrx_word' id='word_1_247' title='bbox 3398 733 3657 795; x_wconf 84' lang='lat' dir='ltr'><strong>ostendit,</strong></span> 
     </span>
    </p>
   </div>
   <div class='ocr_carea' id='block_1_36' title="bbox 2090 827 3660 905">
    <p class='ocr_par' dir='ltr' id='par_1_36' title="bbox 2090 827 3660 905">
     <span class='ocr_line' id='line_1_36' title="bbox 2090 827 3660 905; baseline -0.002 -20"><span class='ocrx_word' id='word_1_248' title='bbox 2090 839 2150 886; x_wconf 91' lang='lat' dir='ltr'><strong>ut</strong></span> <span class='ocrx_word' id='word_1_249' title='bbox 2175 832 2353 900; x_wconf 85' lang='lat' dir='ltr'><strong>ipsum</strong></span> <span class='ocrx_word' id='word_1_250' title='bbox 2382 831 2566 887; x_wconf 85' lang='lat' dir='ltr'><strong>videre</strong></span> <span class='ocrx_word' id='word_1_251' title='bbox 2617 847 2683 888; x_wconf 88' lang='lat' dir='ltr'><strong>ac</strong></span> <span class='ocrx_word' id='word_1_252' title='bbox 2712 840 2968 905; x_wconf 87' lang='lat' dir='ltr'><strong>tangere,</strong></span> <span class='ocrx_word' id='word_1_253' title='bbox 3011 840 3067 887; x_wconf 91' lang='lat' dir='ltr'><strong>et</strong></span> <span class='ocrx_word' id='word_1_254' title='bbox 3110 832 3420 901; x_wconf 76' lang='lat' dir='ltr'><strong>loquentem</strong></span> <span class='ocrx_word' id='word_1_255' title='bbox 3473 827 3660 883; x_wconf 85' lang='lat' dir='ltr'><strong>audire</strong></span> 
     </span>
    </p>
   </div>
   <div class='ocr_carea' id='block_1_37' title="bbox 2088 923 3659 996">
    <p class='ocr_par' dir='ltr' id='par_1_37' title="bbox 2088 923 3659 996">
     <span class='ocr_line' id='line_1_37' title="bbox 2088 923 3659 996; baseline -0.004 -16"><span class='ocrx_word' id='word_1_256' title='bbox 2088 926 2385 995; x_wconf 84' lang='lat' dir='ltr'><strong>possimus.</strong></span> <span class='ocrx_word' id='word_1_257' title='bbox 2433 924 2511 981; x_wconf 69' lang='grc' dir='ltr'><strong>Εἰ·</strong></span> <span class='ocrx_word' id='word_1_258' title='bbox 2546 938 2828 996; x_wconf 74' lang='lat' dir='ltr'><strong>propterea</strong></span> <span class='ocrx_word' id='word_1_259' title='bbox 2878 925 3023 981; x_wconf 87' lang='lat' dir='ltr'><strong>Deus</strong></span> <span class='ocrx_word' id='word_1_260' title='bbox 3065 923 3302 979; x_wconf 72' lang='lat' dir='ltr'><strong>Verbum</strong></span> <span class='ocrx_word' id='word_1_261' title='bbox 3355 936 3573 978; x_wconf 89' lang='lat' dir='ltr'><strong>carnem</strong></span> <span class='ocrx_word' id='word_1_262' title='bbox 3607 929 3659 975; x_wconf 89' lang='lat' dir='ltr'><strong>et</strong></span> 
     </span>
    </p>
   </div>
   <div class='ocr_carea' id='block_1_38' title="bbox 2091 1013 3660 1087">
    <p class='ocr_par' dir='ltr' id='par_1_38' title="bbox 2091 1013 3660 1087">
     <span class='ocr_line' id='line_1_38' title="bbox 2091 1013 3660 1087; baseline -0.003 -14"><span class='ocrx_word' id='word_1_263' title='bbox 2091 1016 2383 1087; x_wconf 78' lang='lat' dir='ltr'><strong>perfectam</strong></span> <span class='ocrx_word' id='word_1_264' title='bbox 2419 1018 2712 1073; x_wconf 87' lang='lat' dir='ltr'><strong>humanam</strong></span> <span class='ocrx_word' id='word_1_265' title='bbox 2745 1028 2997 1074; x_wconf 86' lang='lat' dir='ltr'><strong>naturam</strong></span> <span class='ocrx_word' id='word_1_266' title='bbox 3043 1034 3111 1073; x_wconf 79' lang='lat' dir='ltr'><strong>ex</strong></span> <span class='ocrx_word' id='word_1_267' title='bbox 3152 1016 3378 1071; x_wconf 87' lang='lat' dir='ltr'><strong>muliere</strong></span> <span class='ocrx_word' id='word_1_268' title='bbox 3426 1013 3660 1070; x_wconf 80' lang='lat' dir='ltr'><strong>sanctis-</strong></span> 
     </span>
    </p>
   </div>
   <div class='ocr_carea' id='block_1_39' title="bbox 2088 1108 3661 1182">
    <p class='ocr_par' dir='ltr' id='par_1_39' title="bbox 2088 1108 3661 1182">
     <span class='ocr_line' id='line_1_39' title="bbox 2088 1108 3661 1182; baseline -0.003 -17"><span class='ocrx_word' id='word_1_269' title='bbox 2088 1111 2229 1165; x_wconf 88' lang='lat' dir='ltr'><strong>sima</strong></span> <span class='ocrx_word' id='word_1_270' title='bbox 2267 1108 2484 1180; x_wconf 83' lang='lat' dir='ltr'><strong>Virgine</strong></span> <span class='ocrx_word' id='word_1_271' title='bbox 2510 1125 2793 1166; x_wconf 88' lang='lat' dir='ltr'><strong>assumere</strong></span> <span class='ocrx_word' id='word_1_272' title='bbox 2810 1109 3070 1182; x_wconf 87' lang='lat' dir='ltr'><strong>dignatus</strong></span> <span class='ocrx_word' id='word_1_273' title='bbox 3090 1118 3197 1178; x_wconf 82' lang='lat' dir='ltr'><strong>est,</strong></span> <span class='ocrx_word' id='word_1_274' title='bbox 3225 1117 3281 1165; x_wconf 90' lang='lat' dir='ltr'><strong>et</strong></span> <span class='ocrx_word' id='word_1_275' title='bbox 3311 1109 3476 1164; x_wconf 89' lang='lat' dir='ltr'><strong>homo</strong></span> <span class='ocrx_word' id='word_1_276' title='bbox 3497 1113 3661 1162; x_wconf 82' lang='lat' dir='ltr'><strong>natus</strong></span> 
     </span>
    </p>
   </div>
   <div class='ocr_carea' id='block_1_40' title="bbox 2066 1201 3661 1274">
    <p class='ocr_par' dir='ltr' id='par_1_40' title="bbox 2066 1201 3661 1274">
     <span class='ocr_line' id='line_1_40' title="bbox 2066 1201 3661 1274; baseline -0.001 -17"><span class='ocrx_word' id='word_1_277' title='bbox 2066 1208 2192 1267; x_wconf 75' lang='lat' dir='ltr'><strong>est,</strong></span> <span class='ocrx_word' id='word_1_278' title='bbox 2221 1211 2282 1258; x_wconf 89' lang='lat' dir='ltr'><strong>ut</strong></span> <span class='ocrx_word' id='word_1_279' title='bbox 2310 1204 2549 1259; x_wconf 90' lang='lat' dir='ltr'><strong>debitum</strong></span> <span class='ocrx_word' id='word_1_280' title='bbox 2581 1213 2851 1261; x_wconf 81' lang='lat' dir='ltr'><strong>nostrum—</strong></span> <span class='ocrx_word' id='word_1_281' title='bbox 2877 1204 3230 1274; x_wconf 82' lang='lat' dir='ltr'><strong>persolveret,</strong></span> <span class='ocrx_word' id='word_1_282' title='bbox 3275 1211 3331 1258; x_wconf 91' lang='lat' dir='ltr'><strong>et</strong></span> <span class='ocrx_word' id='word_1_283' title='bbox 3363 1216 3540 1271; x_wconf 87' lang='lat' dir='ltr'><strong>usque</strong></span> <span class='ocrx_word' id='word_1_284' title='bbox 3590 1201 3661 1256; x_wconf 86' lang='lat' dir='ltr'><strong>ad</strong></span> 
     </span>
    </p>
   </div>
   <div class='ocr_carea' id='block_1_41' title="bbox 2089 1293 3658 1365">
    <p class='ocr_par' dir='ltr' id='par_1_41' title="bbox 2089 1293 3658 1365">
     <span class='ocr_line' id='line_1_41' title="bbox 2089 1293 3658 1365; baseline -0.001 -16"><span class='ocrx_word' id='word_1_285' title='bbox 2089 1309 2148 1349; x_wconf 91' lang='lat' dir='ltr'><strong>se</strong></span> <span class='ocrx_word' id='word_1_286' title='bbox 2179 1295 2378 1365; x_wconf 85' lang='lat' dir='ltr'><strong>ipsum,</strong></span> <span class='ocrx_word' id='word_1_287' title='bbox 2417 1305 2799 1351; x_wconf 81' lang='lat' dir='ltr'><strong>testamentum</strong></span> <span class='ocrx_word' id='word_1_288' title='bbox 2829 1311 2954 1350; x_wconf 87' lang='lat' dir='ltr'><strong>cum</strong></span> <span class='ocrx_word' id='word_1_289' title='bbox 2978 1294 3256 1350; x_wconf 77' lang='lat' dir='ltr'><strong>Abraham</strong></span> <span class='ocrx_word' id='word_1_290' title='bbox 3309 1293 3658 1364; x_wconf 77' lang='lat' dir='ltr'><strong>dispositum,</strong></span> 
     </span>
    </p>
   </div>
   <div class='ocr_carea' id='block_1_42' title="bbox 2087 1388 3662 1460">
    <p class='ocr_par' dir='ltr' id='par_1_42' title="bbox 2087 1388 3662 1460">
     <span class='ocr_line' id='line_1_42' title="bbox 2087 1388 3662 1460; baseline -0.001 -19"><span class='ocrx_word' id='word_1_291' title='bbox 2087 1388 2546 1455; x_wconf 87' lang='lat' dir='ltr'><strong>circumcisionis,</strong></span> <span class='ocrx_word' id='word_1_292' title='bbox 2599 1404 2664 1443; x_wconf 91' lang='lat' dir='ltr'><strong>ac</strong></span> <span class='ocrx_word' id='word_1_293' title='bbox 2701 1399 3022 1443; x_wconf 68' lang='lat' dir='ltr'><strong>cancrorum</strong></span> <span class='ocrx_word' id='word_1_294' title='bbox 3058 1388 3315 1460; x_wconf 80' lang='lat' dir='ltr'><strong>legalium</strong></span> <span class='ocrx_word' id='word_1_295' title='bbox 3363 1392 3662 1459; x_wconf 67' lang='lat' dir='ltr'><strong>praecepto-</strong></span> 
     </span>
    </p>
   </div>
   <div class='ocr_carea' id='block_1_43' title="bbox 2088 1480 3663 1551">
    <p class='ocr_par' dir='ltr' id='par_1_43' title="bbox 2088 1480 3663 1551">
     <span class='ocr_line' id='line_1_43' title="bbox 2088 1480 3663 1551; baseline -0.001 -18"><span class='ocrx_word' id='word_1_296' title='bbox 2088 1495 2212 1534; x_wconf 90' lang='lat' dir='ltr'><strong>rum</strong></span> <span class='ocrx_word' id='word_1_297' title='bbox 2236 1480 2557 1551; x_wconf 89' lang='lat' dir='ltr'><strong>adimpleret</strong></span> <span class='ocrx_word' id='word_1_298' title='bbox 2591 1481 2659 1535; x_wconf 82' lang='grc'><strong>³⁸.</strong></span> <span class='ocrx_word' id='word_1_299' title='bbox 2699 1480 2829 1536; x_wconf 88' lang='lat' dir='ltr'><strong>Post</strong></span> <span class='ocrx_word' id='word_1_300' title='bbox 2862 1481 2963 1536; x_wconf 86' lang='lat' dir='ltr'><strong>hos</strong></span> <span class='ocrx_word' id='word_1_301' title='bbox 3007 1496 3172 1551; x_wconf 89' lang='lat' dir='ltr'><strong>porro</strong></span> <span class='ocrx_word' id='word_1_302' title='bbox 3214 1494 3496 1536; x_wconf 89' lang='lat' dir='ltr'><strong>sermones</strong></span> <span class='ocrx_word' id='word_1_303' title='bbox 3538 1493 3663 1534; x_wconf 90' lang='lat' dir='ltr'><strong>con-</strong></span> 
     </span>
    </p>
   </div>
   <div class='ocr_carea' id='block_1_44' title="bbox 2087 1571 3664 1651">
    <p class='ocr_par' dir='ltr' id='par_1_44' title="bbox 2087 1571 3664 1651">
     <span class='ocr_line' id='line_1_44' title="bbox 2087 1571 3664 1651; baseline -0.001 -23"><span class='ocrx_word' id='word_1_304' title='bbox 2087 1573 2253 1629; x_wconf 89' lang='lat' dir='ltr'><strong>cessit</strong></span> <span class='ocrx_word' id='word_1_305' title='bbox 2304 1573 2360 1628; x_wconf 92' lang='lat' dir='ltr'><strong>in</strong></span> <span class='ocrx_word' id='word_1_306' title='bbox 2417 1572 2687 1629; x_wconf 84' lang='lat' dir='ltr'><strong>Nazareth</strong></span> <span class='ocrx_word' id='word_1_307' title='bbox 2741 1574 3088 1629; x_wconf 83' lang='lat' dir='ltr'><strong>sanctissima</strong></span> <span class='ocrx_word' id='word_1_308' title='bbox 3120 1571 3315 1643; x_wconf 68' lang='lat' dir='ltr'><strong>Virgo;</strong></span> <span class='ocrx_word' id='word_1_309' title='bbox 3360 1571 3485 1651; x_wconf 87' lang='lat' dir='ltr'><strong>inde</strong></span> <span class='ocrx_word' id='word_1_310' title='bbox 3532 1586 3664 1626; x_wconf 86' lang='lat' dir='ltr'><strong>vero</strong></span> 
     </span>
    </p>
   </div>
   <div class='ocr_carea' id='block_1_45' title="bbox 2089 1664 3664 1739">
    <p class='ocr_par' dir='ltr' id='par_1_45' title="bbox 2089 1664 3664 1739">
     <span class='ocr_line' id='line_1_45' title="bbox 2089 1664 3664 1739; baseline -0.001 -19"><span class='ocrx_word' id='word_1_311' title='bbox 2089 1683 2285 1723; x_wconf 87' lang='lat' dir='ltr'><strong>rursus</strong></span> <span class='ocrx_word' id='word_1_312' title='bbox 2308 1668 2361 1722; x_wconf 90' lang='lat' dir='ltr'><strong>in</strong></span> <span class='ocrx_word' id='word_1_313' title='bbox 2392 1667 2704 1724; x_wconf 82' lang='lat' dir='ltr'><strong>Bethlehem</strong></span> <span class='ocrx_word' id='word_1_314' title='bbox 2731 1683 2825 1739; x_wconf 87' lang='lat' dir='ltr'><strong>per</strong></span> <span class='ocrx_word' id='word_1_315' title='bbox 2847 1667 3085 1723; x_wconf 89' lang='lat' dir='ltr'><strong>edictum</strong></span> <span class='ocrx_word' id='word_1_316' title='bbox 3117 1666 3347 1722; x_wconf 71' lang='lat' dir='ltr'><strong>Caesaris</strong></span> <span class='ocrx_word' id='word_1_317' title='bbox 3369 1664 3664 1721; x_wconf 87' lang='lat' dir='ltr'><strong>ascendere</strong></span> 
     </span>
    </p>
   </div>
   <div class='ocr_carea' id='block_1_46' title="bbox 2089 1757 3658 1831">
    <p class='ocr_par' dir='ltr' id='par_1_46' title="bbox 2089 1757 3658 1831">
     <span class='ocr_line' id='line_1_46' title="bbox 2089 1757 3658 1831; baseline -0.001 -17"><span class='ocrx_word' id='word_1_318' title='bbox 2089 1769 2279 1814; x_wconf 89' lang='lat' dir='ltr'><strong>coacta</strong></span> <span class='ocrx_word' id='word_1_319' title='bbox 2314 1770 2435 1824; x_wconf 86' lang='lat' dir='ltr'><strong>est;</strong></span> <span class='ocrx_word' id='word_1_320' title='bbox 2466 1761 2581 1831; x_wconf 83' lang='lat' dir='ltr'><strong>ipsa</strong></span> <span class='ocrx_word' id='word_1_321' title='bbox 2619 1771 2798 1816; x_wconf 89' lang='lat' dir='ltr'><strong>autem</strong></span> <span class='ocrx_word' id='word_1_322' title='bbox 2835 1771 3097 1831; x_wconf 87' lang='lat' dir='ltr'><strong>tanquam</strong></span> <span class='ocrx_word' id='word_1_323' title='bbox 3151 1775 3225 1816; x_wconf 75' lang='lat' dir='ltr'><strong>ex</strong></span> <span class='ocrx_word' id='word_1_324' title='bbox 3266 1759 3414 1830; x_wconf 84' lang='lat' dir='ltr'><strong>regia</strong></span> <span class='ocrx_word' id='word_1_325' title='bbox 3446 1757 3658 1813; x_wconf 80' lang='lat' dir='ltr'><strong>familia</strong></span> 
     </span>
    </p>
   </div>
   <div class='ocr_carea' id='block_1_47' title="bbox 2088 1850 3663 1927">
    <p class='ocr_par' dir='ltr' id='par_1_47' title="bbox 2088 1850 3663 1927">
     <span class='ocr_line' id='line_1_47' title="bbox 2088 1850 3663 1927; baseline -0.002 -20"><span class='ocrx_word' id='word_1_326' title='bbox 2088 1853 2409 1923; x_wconf 84' lang='lat' dir='ltr'><strong>procedens,</strong></span> <span class='ocrx_word' id='word_1_327' title='bbox 2456 1854 2510 1908; x_wconf 92' lang='lat' dir='ltr'><strong>in</strong></span> <span class='ocrx_word' id='word_1_328' title='bbox 2558 1854 2764 1927; x_wconf 77' lang='lat' dir='ltr'><strong>regiam</strong></span> <span class='ocrx_word' id='word_1_329' title='bbox 2816 1852 2983 1908; x_wconf 86' lang='lat' dir='ltr'><strong>David</strong></span> <span class='ocrx_word' id='word_1_330' title='bbox 3031 1853 3261 1923; x_wconf 88' lang='lat' dir='ltr'><strong>patriam</strong></span> <span class='ocrx_word' id='word_1_331' title='bbox 3301 1868 3426 1908; x_wconf 88' lang='lat' dir='ltr'><strong>cum</strong></span> <span class='ocrx_word' id='word_1_332' title='bbox 3462 1850 3663 1920; x_wconf 86' lang='lat' dir='ltr'><strong>Joseph</strong></span> 
     </span>
    </p>
   </div>
   <div class='ocr_carea' id='block_1_48' title="bbox 2090 1945 3681 2019">
    <p class='ocr_par' dir='ltr' id='par_1_48' title="bbox 2090 1945 3681 2019">
     <span class='ocr_line' id='line_1_48' title="bbox 2090 1945 3681 2019; baseline -0.003 -18"><span class='ocrx_word' id='word_1_333' title='bbox 2090 1962 2293 2016; x_wconf 90' lang='lat' dir='ltr'><strong>sponso</strong></span> <span class='ocrx_word' id='word_1_334' title='bbox 2320 1948 2655 2003; x_wconf 83' lang='lat' dir='ltr'><strong>mittebatur.</strong></span> <span class='ocrx_word' id='word_1_335' title='bbox 2681 1946 2746 2001; x_wconf 83' lang='lat' dir='ltr'><strong>Et</strong></span> <span class='ocrx_word' id='word_1_336' title='bbox 2764 1946 3082 2019; x_wconf 77' lang='lat' dir='ltr'><strong>mysterium</strong></span> <span class='ocrx_word' id='word_1_337' title='bbox 3116 1945 3261 2017; x_wconf 90' lang='lat' dir='ltr'><strong>quod</strong></span> <span class='ocrx_word' id='word_1_338' title='bbox 3301 1960 3465 2000; x_wconf 90' lang='lat' dir='ltr'><strong>omne</strong></span> <span class='ocrx_word' id='word_1_339' title='bbox 3506 1947 3681 1999; x_wconf 84' lang='lat' dir='ltr'><strong>mira--</strong></span> 
     </span>
    </p>
   </div>
   <div class='ocr_carea' id='block_1_49' title="bbox 2089 2037 3674 2110">
    <p class='ocr_par' dir='ltr' id='par_1_49' title="bbox 2089 2037 3674 2110">
     <span class='ocr_line' id='line_1_49' title="bbox 2089 2037 3674 2110; baseline -0.003 -15"><span class='ocrx_word' id='word_1_340' title='bbox 2089 2039 2272 2095; x_wconf 88' lang='lat' dir='ltr'><strong>culum</strong></span> <span class='ocrx_word' id='word_1_341' title='bbox 2323 2049 2544 2110; x_wconf 90' lang='lat' dir='ltr'><strong>superat</strong></span> <span class='ocrx_word' id='word_1_342' title='bbox 2586 2050 2936 2095; x_wconf 85' lang='lat' dir='ltr'><strong>consecutum</strong></span> <span class='ocrx_word' id='word_1_343' title='bbox 2990 2047 3077 2094; x_wconf 91' lang='lat' dir='ltr'><strong>est</strong></span> <span class='ocrx_word' id='word_1_344' title='bbox 3108 2050 3125 2093; x_wconf 86' lang='lat'><strong>:</strong></span> <span class='ocrx_word' id='word_1_345' title='bbox 3153 2037 3320 2110; x_wconf 80' lang='lat' dir='ltr'><strong>Virgo</strong></span> <span class='ocrx_word' id='word_1_346' title='bbox 3380 2037 3561 2109; x_wconf 72' lang='lat' dir='ltr'><strong>parit,</strong></span> <span class='ocrx_word' id='word_1_347' title='bbox 3610 2044 3674 2091; x_wconf 79' lang='lat' dir='ltr'><strong>et</strong></span> 
     </span>
    </p>
   </div>
   <div class='ocr_carea' id='block_1_50' title="bbox 2090 2130 3689 2202">
    <p class='ocr_par' dir='ltr' id='par_1_50' title="bbox 2090 2130 3689 2202">
     <span class='ocr_line' id='line_1_50' title="bbox 2090 2130 3689 2202; baseline -0.001 -17"><span class='ocrx_word' id='word_1_348' title='bbox 2090 2131 2343 2186; x_wconf 85' lang='lat' dir='ltr'><strong>manibus</strong></span> <span class='ocrx_word' id='word_1_349' title='bbox 2368 2140 2545 2202; x_wconf 85' lang='lat' dir='ltr'><strong>gestat</strong></span> <span class='ocrx_word' id='word_1_350' title='bbox 2567 2146 2692 2186; x_wconf 88' lang='lat' dir='ltr'><strong>eum</strong></span> <span class='ocrx_word' id='word_1_351' title='bbox 2716 2130 2812 2201; x_wconf 90' lang='lat' dir='ltr'><strong>qui</strong></span> <span class='ocrx_word' id='word_1_352' title='bbox 2865 2131 3035 2186; x_wconf 81' lang='lat' dir='ltr'><strong>verbo</strong></span> <span class='ocrx_word' id='word_1_353' title='bbox 3085 2146 3175 2186; x_wconf 89' lang='lat' dir='ltr'><strong>res</strong></span> <span class='ocrx_word' id='word_1_354' title='bbox 3217 2144 3410 2184; x_wconf 90' lang='lat' dir='ltr'><strong>omnes</strong></span> <span class='ocrx_word' id='word_1_355' title='bbox 3451 2135 3689 2183; x_wconf 84' lang='lat' dir='ltr'><strong>creatas</strong></span> 
     </span>
    </p>
   </div>
   <div class='ocr_carea' id='block_1_51' title="bbox 2089 2220 3662 2292">
    <p class='ocr_par' dir='ltr' id='par_1_51' title="bbox 2089 2220 3662 2292">
     <span class='ocr_line' id='line_1_51' title="bbox 2089 2220 3662 2292; baseline -0.003 -14"><span class='ocrx_word' id='word_1_356' title='bbox 2089 2230 2283 2292; x_wconf 78' lang='lat' dir='ltr'><strong>gestat.</strong></span> <span class='ocrx_word' id='word_1_357' title='bbox 2309 2220 2491 2292; x_wconf 78' lang='lat' dir='ltr'><strong>Neque</strong></span> <span class='ocrx_word' id='word_1_358' title='bbox 2520 2223 2663 2277; x_wconf 81' lang='lat' dir='ltr'><strong>locus</strong></span> <span class='ocrx_word' id='word_1_359' title='bbox 2691 2232 2805 2277; x_wconf 84' lang='lat' dir='ltr'><strong>erat</strong></span> <span class='ocrx_word' id='word_1_360' title='bbox 2841 2225 2915 2279; x_wconf 78' lang='lat' dir='ltr'><strong>eis</strong></span> <span class='ocrx_word' id='word_1_361' title='bbox 2949 2223 3006 2277; x_wconf 81' lang='lat' dir='ltr'><strong>in</strong></span> <span class='ocrx_word' id='word_1_362' title='bbox 3034 2224 3322 2279; x_wconf 78' lang='lat' dir='ltr'><strong>diversorio</strong></span> <span class='ocrx_word' id='word_1_363' title='bbox 3345 2224 3411 2277; x_wconf 70' lang='lat'><strong>“.</strong></span> <span class='ocrx_word' id='word_1_364' title='bbox 3456 2221 3662 2277; x_wconf 86' lang='lat' dir='ltr'><strong>Locum</strong></span> 
     </span>
    </p>
   </div>
   <div class='ocr_carea' id='block_1_52' title="bbox 2089 2312 3661 2384">
    <p class='ocr_par' dir='ltr' id='par_1_52' title="bbox 2089 2312 3661 2384">
     <span class='ocr_line' id='line_1_52' title="bbox 2089 2312 3661 2384; baseline 0.001 -17"><span class='ocrx_word' id='word_1_365' title='bbox 2089 2327 2200 2367; x_wconf 90' lang='lat' dir='ltr'><strong>non</strong></span> <span class='ocrx_word' id='word_1_366' title='bbox 2233 2312 2508 2377; x_wconf 86' lang='lat' dir='ltr'><strong>habebat,</strong></span> <span class='ocrx_word' id='word_1_367' title='bbox 2554 2312 2649 2384; x_wconf 83' lang='lat' dir='ltr'><strong>qui</strong></span> <span class='ocrx_word' id='word_1_368' title='bbox 2704 2322 2874 2368; x_wconf 90' lang='lat' dir='ltr'><strong>totam</strong></span> <span class='ocrx_word' id='word_1_369' title='bbox 2922 2321 3124 2369; x_wconf 88' lang='lat' dir='ltr'><strong>terram</strong></span> <span class='ocrx_word' id='word_1_370' title='bbox 3172 2314 3339 2369; x_wconf 89' lang='lat' dir='ltr'><strong>verbo</strong></span> <span class='ocrx_word' id='word_1_371' title='bbox 3390 2312 3661 2369; x_wconf 75' lang='lat' dir='ltr'><strong>fundavit.</strong></span> 
     </span>
    </p>
   </div>
   <div class='ocr_carea' id='block_1_53' title="bbox 2090 2400 3665 2474">
    <p class='ocr_par' dir='ltr' id='par_1_53' title="bbox 2090 2400 3665 2474">
     <span class='ocr_line' id='line_1_53' title="bbox 2090 2400 3665 2474; baseline 0.001 -18"><span class='ocrx_word' id='word_1_372' title='bbox 2090 2400 2255 2458; x_wconf 90' lang='lat' dir='ltr'><strong>Lacte</strong></span> <span class='ocrx_word' id='word_1_373' title='bbox 2287 2401 2440 2474; x_wconf 87' lang='lat' dir='ltr'><strong>virgo</strong></span> <span class='ocrx_word' id='word_1_374' title='bbox 2470 2411 2643 2457; x_wconf 85' lang='lat' dir='ltr'><strong>mater</strong></span> <span class='ocrx_word' id='word_1_375' title='bbox 2665 2403 2922 2473; x_wconf 86' lang='lat' dir='ltr'><strong>pascebat</strong></span> <span class='ocrx_word' id='word_1_376' title='bbox 2948 2419 3097 2469; x_wconf 90' lang='lat' dir='ltr'><strong>eum,</strong></span> <span class='ocrx_word' id='word_1_377' title='bbox 3123 2405 3215 2474; x_wconf 91' lang='lat' dir='ltr'><strong>qui</strong></span> <span class='ocrx_word' id='word_1_378' title='bbox 3244 2418 3462 2459; x_wconf 88' lang='lat' dir='ltr'><strong>omnem</strong></span> <span class='ocrx_word' id='word_1_379' title='bbox 3495 2403 3665 2457; x_wconf 85' lang='lat' dir='ltr'><strong>nutrit</strong></span> 
     </span>
    </p>
   </div>
   <div class='ocr_carea' id='block_1_54' title="bbox 2089 2495 3683 2567">
    <p class='ocr_par' dir='ltr' id='par_1_54' title="bbox 2089 2495 3683 2567">
     <span class='ocr_line' id='line_1_54' title="bbox 2089 2495 3683 2567; baseline 0.001 -18"><span class='ocrx_word' id='word_1_380' title='bbox 2089 2495 2385 2566; x_wconf 86' lang='lat' dir='ltr'><strong>vivumque</strong></span> <span class='ocrx_word' id='word_1_381' title='bbox 2442 2496 2695 2565; x_wconf 88' lang='lat' dir='ltr'><strong>producit</strong></span> <span class='ocrx_word' id='word_1_382' title='bbox 2752 2496 3026 2567; x_wconf 88' lang='lat' dir='ltr'><strong>spiritum.</strong></span> <span class='ocrx_word' id='word_1_383' title='bbox 3089 2495 3299 2552; x_wconf 89' lang='lat' dir='ltr'><strong>Fasciis</strong></span> <span class='ocrx_word' id='word_1_384' title='bbox 3356 2496 3683 2551; x_wconf 68' lang='lat' dir='ltr'><strong>involvebat</strong></span> 
     </span>
    </p>
   </div>
   <div class='ocr_carea' id='block_1_55' title="bbox 2089 2587 3669 2661">
    <p class='ocr_par' dir='ltr' id='par_1_55' title="bbox 2089 2587 3669 2661">
     <span class='ocr_line' id='line_1_55' title="bbox 2089 2587 3669 2661; baseline 0.001 -20"><span class='ocrx_word' id='word_1_385' title='bbox 2089 2602 2237 2654; x_wconf 88' lang='lat' dir='ltr'><strong>eum,</strong></span> <span class='ocrx_word' id='word_1_386' title='bbox 2271 2587 2366 2658; x_wconf 92' lang='lat' dir='ltr'><strong>qui</strong></span> <span class='ocrx_word' id='word_1_387' title='bbox 2398 2589 2566 2645; x_wconf 88' lang='lat' dir='ltr'><strong>verbo</strong></span> <span class='ocrx_word' id='word_1_388' title='bbox 2588 2603 2805 2645; x_wconf 88' lang='lat' dir='ltr'><strong>omnem</strong></span> <span class='ocrx_word' id='word_1_389' title='bbox 2834 2590 2967 2660; x_wconf 87' lang='lat' dir='ltr'><strong>ligat</strong></span> <span class='ocrx_word' id='word_1_390' title='bbox 2993 2598 3322 2645; x_wconf 86' lang='lat' dir='ltr'><strong>creaturam.</strong></span> <span class='ocrx_word' id='word_1_391' title='bbox 3368 2588 3427 2645; x_wconf 83' lang='lat' dir='ltr'><strong>in</strong></span> <span class='ocrx_word' id='word_1_392' title='bbox 3472 2603 3669 2661; x_wconf 81' lang='lat' dir='ltr'><strong>praese-</strong></span> 
     </span>
    </p>
   </div>
   <div class='ocr_carea' id='block_1_56' title="bbox 2090 2678 3669 2751">
    <p class='ocr_par' dir='ltr' id='par_1_56' title="bbox 2090 2678 3669 2751">
     <span class='ocr_line' id='line_1_56' title="bbox 2090 2678 3669 2751; baseline 0.001 -18"><span class='ocrx_word' id='word_1_393' title='bbox 2090 2680 2180 2749; x_wconf 91' lang='lat' dir='ltr'><strong>pio</strong></span> <span class='ocrx_word' id='word_1_394' title='bbox 2202 2678 2678 2747; x_wconf 89' lang='lat' dir='ltr'><strong>reclinabateum,</strong></span> <span class='ocrx_word' id='word_1_395' title='bbox 2706 2681 2802 2750; x_wconf 87' lang='lat' dir='ltr'><strong>qui</strong></span> <span class='ocrx_word' id='word_1_396' title='bbox 2850 2680 2906 2734; x_wconf 90' lang='lat' dir='ltr'><strong>in</strong></span> <span class='ocrx_word' id='word_1_397' title='bbox 2956 2680 3215 2736; x_wconf 87' lang='lat' dir='ltr'><strong>cathedra</strong></span> <span class='ocrx_word' id='word_1_398' title='bbox 3271 2696 3437 2751; x_wconf 86' lang='lat' dir='ltr'><strong>supra</strong></span> <span class='ocrx_word' id='word_1_399' title='bbox 3477 2682 3669 2737; x_wconf 89' lang='lat' dir='ltr'><strong>cheru-</strong></span> 
     </span>
    </p>
   </div>
   <div class='ocr_carea' id='block_1_57' title="bbox 2088 2769 3677 2844">
    <p class='ocr_par' dir='ltr' id='par_1_57' title="bbox 2088 2769 3677 2844">
     <span class='ocr_line' id='line_1_57' title="bbox 2088 2769 3677 2844; baseline 0.001 -17"><span class='ocrx_word' id='word_1_400' title='bbox 2088 2772 2201 2827; x_wconf 85' lang='lat' dir='ltr'><strong>bim</strong></span> <span class='ocrx_word' id='word_1_401' title='bbox 2230 2770 2448 2827; x_wconf 90' lang='lat' dir='ltr'><strong>vehitur</strong></span> <span class='ocrx_word' id='word_1_402' title='bbox 2480 2772 2546 2826; x_wconf 83' lang='grc'><strong>³³.</strong></span> <span class='ocrx_word' id='word_1_403' title='bbox 2595 2769 2715 2826; x_wconf 80' lang='lat' dir='ltr'><strong>Lux</strong></span> <span class='ocrx_word' id='word_1_404' title='bbox 2753 2786 2784 2827; x_wconf 90' lang='lat' dir='ltr'><strong>e</strong></span> <span class='ocrx_word' id='word_1_405' title='bbox 2825 2771 2980 2827; x_wconf 64' lang='lat' dir='ltr'><strong>caelis</strong></span> <span class='ocrx_word' id='word_1_406' title='bbox 3023 2771 3476 2844; x_wconf 79' lang='lat' dir='ltr'><strong>circnmfulgebat</strong></span> <span class='ocrx_word' id='word_1_407' title='bbox 3517 2789 3677 2837; x_wconf 56' lang='lat' dir='ltr'><strong>eum,</strong></span> 
     </span>
    </p>
   </div>
   <div class='ocr_carea' id='block_1_58' title="bbox 2089 2862 3671 2932">
    <p class='ocr_par' dir='ltr' id='par_1_58' title="bbox 2089 2862 3671 2932">
     <span class='ocr_line' id='line_1_58' title="bbox 2089 2862 3671 2932; baseline 0.002 -14"><span class='ocrx_word' id='word_1_408' title='bbox 2089 2863 2185 2932; x_wconf 85' lang='lat' dir='ltr'><strong>qui</strong></span> <span class='ocrx_word' id='word_1_409' title='bbox 2215 2878 2432 2918; x_wconf 89' lang='lat' dir='ltr'><strong>omnem</strong></span> <span class='ocrx_word' id='word_1_410' title='bbox 2459 2864 2731 2919; x_wconf 88' lang='lat' dir='ltr'><strong>illuminat</strong></span> <span class='ocrx_word' id='word_1_411' title='bbox 2758 2872 3090 2919; x_wconf 84' lang='lat' dir='ltr'><strong>creaturam.</strong></span> <span class='ocrx_word' id='word_1_412' title='bbox 3110 2862 3372 2920; x_wconf 75' lang='lat' dir='ltr'><strong>Ctelestes</strong></span> <span class='ocrx_word' id='word_1_413' title='bbox 3394 2865 3671 2921; x_wconf 81' lang='lat' dir='ltr'><strong>exercitus</strong></span> 
     </span>
    </p>
   </div>
   <div class='ocr_carea' id='block_1_59' title="bbox 2090 2955 3668 3029">
    <p class='ocr_par' dir='ltr' id='par_1_59' title="bbox 2090 2955 3668 3029">
     <span class='ocr_line' id='line_1_59' title="bbox 2090 2955 3668 3029; baseline 0.001 -20"><span class='ocrx_word' id='word_1_414' title='bbox 2090 2955 2457 3025; x_wconf 76' lang='lat' dir='ltr'><strong>gloriﬁcantes</strong></span> <span class='ocrx_word' id='word_1_415' title='bbox 2499 2956 2831 3012; x_wconf 86' lang='lat' dir='ltr'><strong>assistebant</strong></span> <span class='ocrx_word' id='word_1_416' title='bbox 2865 2956 2937 3023; x_wconf 88' lang='lat' dir='ltr'><strong>ei,</strong></span> <span class='ocrx_word' id='word_1_417' title='bbox 2969 2956 3062 3027; x_wconf 91' lang='lat' dir='ltr'><strong>qui</strong></span> <span class='ocrx_word' id='word_1_418' title='bbox 3091 2966 3217 3012; x_wconf 88' lang='lat' dir='ltr'><strong>ante</strong></span> <span class='ocrx_word' id='word_1_419' title='bbox 3256 2958 3456 3013; x_wconf 68' lang='lat' dir='ltr'><strong>saecula</strong></span> <span class='ocrx_word' id='word_1_420' title='bbox 3500 2957 3668 3029; x_wconf 85' lang='lat' dir='ltr'><strong>glori-</strong></span> 
     </span>
    </p>
   </div>
   <div class='ocr_carea' id='block_1_60' title="bbox 2089 3046 3669 3123">
    <p class='ocr_par' dir='ltr' id='par_1_60' title="bbox 2089 3046 3669 3123">
     <span class='ocr_line' id='line_1_60' title="bbox 2089 3046 3669 3123; baseline 0.002 -20"><span class='ocrx_word' id='word_1_421' title='bbox 2089 3046 2285 3103; x_wconf 84' lang='lat' dir='ltr'><strong>ﬁcatur</strong></span> <span class='ocrx_word' id='word_1_422' title='bbox 2306 3048 2361 3102; x_wconf 91' lang='lat' dir='ltr'><strong>in</strong></span> <span class='ocrx_word' id='word_1_423' title='bbox 2386 3049 2558 3106; x_wconf 71' lang='lat' dir='ltr'><strong>cretis.</strong></span> <span class='ocrx_word' id='word_1_424' title='bbox 2591 3049 2757 3105; x_wconf 83' lang='lat' dir='ltr'><strong>Stella</strong></span> <span class='ocrx_word' id='word_1_425' title='bbox 2811 3050 3114 3120; x_wconf 68' lang='lat' dir='ltr'><strong>praelucens</strong></span> <span class='ocrx_word' id='word_1_426' title='bbox 3153 3050 3414 3106; x_wconf 90' lang='lat' dir='ltr'><strong>ducatum</strong></span> <span class='ocrx_word' id='word_1_427' title='bbox 3446 3060 3669 3123; x_wconf 66' lang='lat' dir='ltr'><strong>praesta-</strong></span> 
     </span>
    </p>
   </div>
   <div class='ocr_carea' id='block_1_61' title="bbox 2090 3139 3665 3213">
    <p class='ocr_par' dir='ltr' id='par_1_61' title="bbox 2090 3139 3665 3213">
     <span class='ocr_line' id='line_1_61' title="bbox 2090 3139 3665 3213; baseline 0.002 -19"><span class='ocrx_word' id='word_1_428' title='bbox 2090 3139 2183 3194; x_wconf 90' lang='lat' dir='ltr'><strong>bat</strong></span> <span class='ocrx_word' id='word_1_429' title='bbox 2205 3140 2285 3195; x_wconf 85' lang='lat' dir='ltr'><strong>eis</strong></span> <span class='ocrx_word' id='word_1_430' title='bbox 2309 3139 2378 3208; x_wconf 80' lang='grc'><strong>³³,</strong></span> <span class='ocrx_word' id='word_1_431' title='bbox 2408 3141 2504 3212; x_wconf 91' lang='lat' dir='ltr'><strong>qui</strong></span> <span class='ocrx_word' id='word_1_432' title='bbox 2535 3156 2602 3196; x_wconf 83' lang='lat' dir='ltr'><strong>ex</strong></span> <span class='ocrx_word' id='word_1_433' title='bbox 2627 3141 2949 3213; x_wconf 73' lang='lat' dir='ltr'><strong>longinquis</strong></span> <span class='ocrx_word' id='word_1_434' title='bbox 2968 3152 3233 3198; x_wconf 85' lang='lat' dir='ltr'><strong>venerant</strong></span> <span class='ocrx_word' id='word_1_435' title='bbox 3258 3141 3572 3212; x_wconf 75' lang='lat' dir='ltr'><strong>regionibus</strong></span> <span class='ocrx_word' id='word_1_436' title='bbox 3597 3145 3665 3198; x_wconf 79' lang='lat' dir='ltr'><strong>ad</strong></span> 
     </span>
    </p>
   </div>
   <div class='ocr_carea' id='block_1_62' title="bbox 408 3231 1987 3321">
    <p class='ocr_par' dir='ltr' id='par_1_62' title="bbox 408 3237 1987 3312">
     <span class='ocr_line' id='line_1_62' title="bbox 408 3237 1987 3312; baseline 0.001 -19"><span class='ocrx_word' id='word_1_437' title='bbox 408 3238 691 3311; x_wconf 86' lang='grc' dir='ltr'>ἀνατολήν.</span> <span class='ocrx_word' id='word_1_438' title='bbox 734 3239 824 3306; x_wconf 74' lang='grc' dir='ltr'><strong>ἘΞ</strong></span> <span class='ocrx_word' id='word_1_439' title='bbox 849 3237 1144 3295; x_wconf 78' lang='grc' dir='ltr'>Ἀνατολῶν</span> <span class='ocrx_word' id='word_1_440' title='bbox 1158 3241 1322 3311; x_wconf 80' lang='grc' dir='ltr'>ῆκασι</span> <span class='ocrx_word' id='word_1_441' title='bbox 1354 3237 1789 3312; x_wconf 82' lang='grc' dir='ltr'>δωροφοροῦντες</span> <span class='ocrx_word' id='word_1_442' title='bbox 1816 3240 1894 3312; x_wconf 83' lang='grc' dir='ltr'>τῷ</span> <span class='ocrx_word' id='word_1_443' title='bbox 1921 3240 1987 3295; x_wconf 84' lang='grc' dir='ltr'>δι’</span> 
     </span>
    </p>
   </div>
   <div class='ocr_carea' id='block_1_63' title="bbox 2088 3231 3759 3321">
    <p class='ocr_par' dir='ltr' id='par_1_63' title="bbox 2092 3231 3759 3321">
     <span class='ocr_line' id='line_1_63' title="bbox 2092 3231 3759 3321; baseline 0.004 -36"><span class='ocrx_word' id='word_1_444' title='bbox 2092 3246 2216 3286; x_wconf 82' lang='grc' dir='ltr'>ειιιιι</span> <span class='ocrx_word' id='word_1_445' title='bbox 2244 3231 2339 3301; x_wconf 90' lang='lat' dir='ltr'><strong>qui</strong></span> <span class='ocrx_word' id='word_1_446' title='bbox 2360 3247 2488 3288; x_wconf 76' lang='lat' dir='ltr'><strong>vere</strong></span> <span class='ocrx_word' id='word_1_447' title='bbox 2518 3233 2704 3288; x_wconf 89' lang='lat' dir='ltr'><strong>oriens</strong></span> <span class='ocrx_word' id='word_1_448' title='bbox 2724 3243 2861 3289; x_wconf 89' lang='lat' dir='ltr'><strong>erat.</strong></span> <span class='ocrx_word' id='word_1_449' title='bbox 2901 3233 2980 3289; x_wconf 80' lang='lat' dir='ltr'><strong>Ex</strong></span> <span class='ocrx_word' id='word_1_450' title='bbox 3005 3235 3230 3295; x_wconf 87' lang='lat' dir='ltr'><strong>Oriente</strong></span> <span class='ocrx_word' id='word_1_451' title='bbox 3257 3234 3507 3304; x_wconf 84' lang='lat' dir='ltr'><strong>veniunt,</strong></span> <span class='ocrx_word' id='word_1_452' title='bbox 3548 3252 3669 3291; x_wconf 77' lang='lat' dir='ltr'><strong>mu-</strong></span> <span class='ocrx_word' id='word_1_453' title='bbox 3740 3303 3759 3321; x_wconf 51' lang='lat'><strong><em>.</em></strong></span> 
     </span>
    </p>
   </div>
   <div class='ocr_carea' id='block_1_64' title="bbox 409 3330 1988 3409">
    <p class='ocr_par' dir='ltr' id='par_1_64' title="bbox 409 3330 1988 3409">
     <span class='ocr_line' id='line_1_64' title="bbox 409 3330 1988 3409; baseline 0.001 -24"><span class='ocrx_word' id='word_1_454' title='bbox 409 3332 557 3409; x_wconf 77' lang='grc' dir='ltr'>ἡμᾶς</span> <span class='ocrx_word' id='word_1_455' title='bbox 589 3330 987 3402; x_wconf 85' lang='grc' dir='ltr'>πτωχεύσαντι·</span> <span class='ocrx_word' id='word_1_456' title='bbox 1017 3332 1050 3403; x_wconf 82' lang='grc' dir='ltr'>ὴ</span> <span class='ocrx_word' id='word_1_457' title='bbox 1080 3331 1136 3384; x_wconf 85' lang='grc' dir='ltr'>δὲ</span> <span class='ocrx_word' id='word_1_458' title='bbox 1163 3331 1295 3400; x_wconf 84' lang='grc' dir='ltr'>ἁγία</span> <span class='ocrx_word' id='word_1_459' title='bbox 1321 3330 1581 3395; x_wconf 88' lang='grc' dir='ltr'>Θεοτόκος</span> <span class='ocrx_word' id='word_1_460' title='bbox 1612 3336 1892 3405; x_wconf 85' lang='grc' dir='ltr'>συνετήρει</span> <span class='ocrx_word' id='word_1_461' title='bbox 1917 3333 1988 3388; x_wconf 82' lang='grc' dir='ltr'>τὰ</span> 
     </span>
    </p>
   </div>
   <div class='ocr_carea' id='block_1_65' title="bbox 412 3418 1984 3495">
    <p class='ocr_par' dir='ltr' id='par_1_65' title="bbox 412 3418 1984 3495">
     <span class='ocr_line' id='line_1_65' title="bbox 412 3418 1984 3495; baseline 0.001 -22"><span class='ocrx_word' id='word_1_462' title='bbox 412 3423 632 3495; x_wconf 65' lang='grc' dir='ltr'>ῥήματα</span> <span class='ocrx_word' id='word_1_463' title='bbox 676 3420 869 3485; x_wconf 82' lang='grc' dir='ltr'>ταῦτα,</span> <span class='ocrx_word' id='word_1_464' title='bbox 918 3418 1302 3491; x_wconf 75' lang='grc' dir='ltr'>συμϐάλλουσα</span> <span class='ocrx_word' id='word_1_465' title='bbox 1347 3420 1403 3473; x_wconf 82' lang='grc' dir='ltr'><strong>ἐν</strong></span> <span class='ocrx_word' id='word_1_466' title='bbox 1447 3421 1514 3491; x_wconf 82' lang='grc' dir='ltr'>τῇ</span> <span class='ocrx_word' id='word_1_467' title='bbox 1561 3420 1758 3493; x_wconf 76' lang='grc' dir='ltr'>καρδία</span> <span class='ocrx_word' id='word_1_468' title='bbox 1795 3422 1984 3493; x_wconf 80' lang='grc' dir='ltr'>αὐτῆς,</span> 
     </span>
    </p>
   </div>
   <div class='ocr_carea' id='block_1_66' title="bbox 339 3510 1987 3584">
    <p class='ocr_par' dir='ltr' id='par_1_66' title="bbox 339 3510 1987 3584">
     <span class='ocr_line' id='line_1_66' title="bbox 339 3510 1987 3584; baseline 0.001 -20"><span class='ocrx_word' id='word_1_469' title='bbox 339 3573 343 3576; x_wconf 21' lang='grc' dir='ltr'>ν</span> <span class='ocrx_word' id='word_1_470' title='bbox 408 3512 485 3576; x_wconf 78' lang='grc' dir='ltr'>ὡς</span> <span class='ocrx_word' id='word_1_471' title='bbox 533 3511 669 3566; x_wconf 86' lang='grc' dir='ltr'>ὅλων</span> <span class='ocrx_word' id='word_1_472' title='bbox 721 3512 832 3565; x_wconf 84' lang='grc' dir='ltr'><strong>τῶν</strong></span> <span class='ocrx_word' id='word_1_473' title='bbox 885 3511 1198 3584; x_wconf 87' lang='grc' dir='ltr'>μυστηρίων</span> <span class='ocrx_word' id='word_1_474' title='bbox 1243 3510 1566 3582; x_wconf 81' lang='grc' dir='ltr'>ὑπάρχουσα</span> <span class='ocrx_word' id='word_1_475' title='bbox 1614 3510 1842 3582; x_wconf 89' lang='grc' dir='ltr'>δοχεῖον.</span> <span class='ocrx_word' id='word_1_476' title='bbox 1884 3511 1987 3565; x_wconf 75' lang='grc' dir='ltr'><strong>Σοῦ</strong></span> 
     </span>
    </p>
   </div>
   <div class='ocr_carea' id='block_1_67' title="bbox 315 3595 1990 3674">
    <p class='ocr_par' dir='ltr' id='par_1_67' title="bbox 315 3595 1990 3674">
     <span class='ocr_line' id='line_1_67' title="bbox 315 3595 1990 3674; baseline -0.001 -18"><span class='ocrx_word' id='word_1_477' title='bbox 315 3631 323 3640; x_wconf 87' lang='lat'><strong>-</strong></span> <span class='ocrx_word' id='word_1_478' title='bbox 414 3602 532 3671; x_wconf 85' lang='grc' dir='ltr'>μὲν,</span> <span class='ocrx_word' id='word_1_479' title='bbox 559 3595 604 3656; x_wconf 81' lang='grc' dir='ltr'><strong>ὧ</strong></span> <span class='ocrx_word' id='word_1_480' title='bbox 646 3602 886 3671; x_wconf 88' lang='grc' dir='ltr'>παναγία</span> <span class='ocrx_word' id='word_1_481' title='bbox 913 3599 1178 3674; x_wconf 76' lang='grc' dir='ltr'>Παρθένε,</span> <span class='ocrx_word' id='word_1_482' title='bbox 1216 3600 1485 3673; x_wconf 86' lang='grc' dir='ltr'>ἁνώτερος</span> <span class='ocrx_word' id='word_1_483' title='bbox 1512 3601 1691 3674; x_wconf 85' lang='grc' dir='ltr'>πάσης</span> <span class='ocrx_word' id='word_1_484' title='bbox 1713 3601 1990 3673; x_wconf 78' lang='grc' dir='ltr'>εὐφημίας</span> 
     </span>
    </p>
   </div>
   <div class='ocr_carea' id='block_1_68' title="bbox 259 3685 1991 3790">
    <p class='ocr_par' dir='ltr' id='par_1_68' title="bbox 259 3685 1991 3790">
     <span class='ocr_line' id='line_1_68' title="bbox 259 3685 1991 3790; baseline -0.001 -43"><span class='ocrx_word' id='word_1_485' title='bbox 259 3698 290 3728; x_wconf 56' lang='grc' dir='ltr'>ν’</span> <span class='ocrx_word' id='word_1_486' title='bbox 374 3734 380 3740; x_wconf 92' lang='grc'><strong>-</strong></span> <span class='ocrx_word' id='word_1_487' title='bbox 408 3696 437 3748; x_wconf 78' lang='grc' dir='ltr'>ὁ</span> <span class='ocrx_word' id='word_1_488' title='bbox 466 3693 703 3760; x_wconf 80' lang='grc' dir='ltr'>ἔπαινος,</span> <span class='ocrx_word' id='word_1_489' title='bbox 739 3693 825 3747; x_wconf 77' lang='grc' dir='ltr'>διὰ</span> <span class='ocrx_word' id='word_1_490' title='bbox 853 3694 944 3748; x_wconf 81' lang='grc' dir='ltr'><strong>τὸν</strong></span> <span class='ocrx_word' id='word_1_491' title='bbox 971 3697 1036 3749; x_wconf 82' lang='grc' dir='ltr'><strong>ἐκ</strong></span> <span class='ocrx_word' id='word_1_492' title='bbox 1057 3692 1151 3749; x_wconf 82' lang='grc' dir='ltr'>σοῦ</span> <span class='ocrx_word' id='word_1_493' title='bbox 1175 3692 1307 3747; x_wconf 78' lang='grc' dir='ltr'>Θεὸν</span> <span class='ocrx_word' id='word_1_494' title='bbox 1335 3692 1514 3765; x_wconf 89' lang='grc' dir='ltr'>σάρκα</span> <span class='ocrx_word' id='word_1_495' title='bbox 1539 3685 1862 3790; x_wconf 52' lang='grc' dir='ltr'>φορβσαντα,</span> <span class='ocrx_word' id='word_1_496' title='bbox 1895 3692 1991 3746; x_wconf 71' lang='grc' dir='ltr'><strong>καὶ</strong></span> 
     </span>
    </p>
   </div>
   <div class='ocr_carea' id='block_1_69' title="bbox 341 3785 1989 3859">
    <p class='ocr_par' dir='ltr' id='par_1_69' title="bbox 341 3785 1989 3859">
     <span class='ocr_line' id='line_1_69' title="bbox 341 3785 1989 3859; baseline -0.001 -17"><span class='ocrx_word' id='word_1_497' title='bbox 341 3835 349 3842; x_wconf 94' lang='grc'><em>.</em></span> <span class='ocrx_word' id='word_1_498' title='bbox 407 3787 734 3859; x_wconf 79' lang='grc' dir='ltr'>γεννηθέντα</span> <span class='ocrx_word' id='word_1_499' title='bbox 781 3787 1085 3858; x_wconf 84' lang='grc' dir='ltr'>ἄνθρωπον.</span> <span class='ocrx_word' id='word_1_500' title='bbox 1134 3788 1226 3841; x_wconf 71' lang='grc' dir='ltr'>Σοὶ</span> <span class='ocrx_word' id='word_1_501' title='bbox 1271 3788 1421 3841; x_wconf 84' lang='grc' dir='ltr'>πᾶσα</span> <span class='ocrx_word' id='word_1_502' title='bbox 1456 3785 1989 3857; x_wconf 68' lang='grc' dir='ltr'>φύσιςέπουρανίων</span> 
     </span>
    </p>
   </div>
   <div class='ocr_carea' id='block_1_70' title="bbox 278 3865 1991 3954">
    <p class='ocr_par' dir='ltr' id='par_1_70' title="bbox 278 3865 1991 3954">
     <span class='ocr_line' id='line_1_70' title="bbox 278 3865 1991 3954; baseline -0.003 -18"><span class='ocrx_word' id='word_1_503' title='bbox 278 3941 285 3954; x_wconf 40' lang='grc' dir='ltr'><strong><em>ε</em></strong></span> <span class='ocrx_word' id='word_1_504' title='bbox 320 3940 325 3945; x_wconf 55' lang='grc'><strong>,</strong></span> <span class='ocrx_word' id='word_1_505' title='bbox 361 3865 365 3869; x_wconf 30' lang='grc'><em>’</em></span> <span class='ocrx_word' id='word_1_506' title='bbox 408 3879 504 3935; x_wconf 79' lang='grc' dir='ltr'>καὶ</span> <span class='ocrx_word' id='word_1_507' title='bbox 529 3881 809 3949; x_wconf 80' lang='grc' dir='ltr'>ἐπιγείων,</span> <span class='ocrx_word' id='word_1_508' title='bbox 842 3880 937 3934; x_wconf 64' lang='grc' dir='ltr'><strong>καί¹</strong></span> <span class='ocrx_word' id='word_1_509' title='bbox 965 3880 1332 3951; x_wconf 87' lang='grc' dir='ltr'>καταχθονίων</span> <span class='ocrx_word' id='word_1_510' title='bbox 1363 3879 1475 3951; x_wconf 82' lang='grc' dir='ltr'><strong>[ῒσ.</strong></span> <span class='ocrx_word' id='word_1_511' title='bbox 1518 3877 1873 3951; x_wconf 84' lang='grc' dir='ltr'>ὑποχθονίων]</span> <span class='ocrx_word' id='word_1_512' title='bbox 1904 3878 1991 3932; x_wconf 85' lang='grc' dir='ltr'>σέ-</span> 
     </span>
    </p>
   </div>
   <div class='ocr_carea' id='block_1_71' title="bbox 300 3970 1990 4055">
    <p class='ocr_par' dir='ltr' id='par_1_71' title="bbox 300 3970 1990 4055">
     <span class='ocr_line' id='line_1_71' title="bbox 300 3970 1990 4055; baseline -0.001 -30"><span class='ocrx_word' id='word_1_513' title='bbox 300 4016 309 4025; x_wconf 88' lang='grc'><strong>,</strong></span> <span class='ocrx_word' id='word_1_514' title='bbox 353 4037 359 4046; x_wconf 34' lang='grc' dir='ltr'><em>ι</em></span> <span class='ocrx_word' id='word_1_515' title='bbox 409 3971 511 4055; x_wconf 71' lang='grc' dir='ltr'><strong>δας</strong></span> <span class='ocrx_word' id='word_1_516' title='bbox 539 3973 838 4046; x_wconf 77' lang='grc' dir='ltr'>προσφέρει</span> <span class='ocrx_word' id='word_1_517' title='bbox 862 3971 923 4025; x_wconf 78' lang='grc' dir='ltr'><strong>τὸ</strong></span> <span class='ocrx_word' id='word_1_518' title='bbox 956 3971 1283 4044; x_wconf 81' lang='grc' dir='ltr'>πρόσφορον.</span> <span class='ocrx_word' id='word_1_519' title='bbox 1311 3972 1382 4025; x_wconf 76' lang='grc' dir='ltr'><strong>Σὺ</strong></span> <span class='ocrx_word' id='word_1_520' title='bbox 1412 3970 1521 4043; x_wconf 87' lang='grc' dir='ltr'><strong>γάρ</strong></span> <span class='ocrx_word' id='word_1_521' title='bbox 1549 3970 1762 4043; x_wconf 84' lang='grc' dir='ltr'>άληθῶς</span> <span class='ocrx_word' id='word_1_522' title='bbox 1802 3970 1990 4039; x_wconf 88' lang='grc' dir='ltr'>θρόνος</span> 
     </span>
    </p>
   </div>
   <div class='ocr_carea' id='block_1_72' title="bbox 408 4061 1990 4136">
    <p class='ocr_par' dir='ltr' id='par_1_72' title="bbox 408 4061 1990 4136">
     <span class='ocr_line' id='line_1_72' title="bbox 408 4061 1990 4136; baseline -0.001 -19"><span class='ocrx_word' id='word_1_523' title='bbox 408 4063 726 4136; x_wconf 75' lang='grc' dir='ltr'>χερουϐικδς</span> <span class='ocrx_word' id='word_1_524' title='bbox 770 4063 1230 4128; x_wconf 78' lang='grc' dir='ltr'>άναδέδειξαι.’Σὺ</span> <span class='ocrx_word' id='word_1_525' title='bbox 1275 4064 1333 4117; x_wconf 86' lang='grc' dir='ltr'><strong>ἐν</strong></span> <span class='ocrx_word' id='word_1_526' title='bbox 1366 4065 1478 4128; x_wconf 87' lang='grc' dir='ltr'>τοῖς</span> <span class='ocrx_word' id='word_1_527' title='bbox 1515 4061 1705 4136; x_wconf 75' lang='grc' dir='ltr'>ἄκροις</span> <span class='ocrx_word' id='word_1_528' title='bbox 1731 4062 1841 4115; x_wconf 84' lang='grc' dir='ltr'><strong>τῶν</strong></span> <span class='ocrx_word' id='word_1_529' title='bbox 1867 4079 1990 4134; x_wconf 89' lang='grc' dir='ltr'>νοη-</span> 
     </span>
    </p>
   </div>
   <div class='ocr_carea' id='block_1_73' title="bbox 356 4128 1990 4232">
    <p class='ocr_par' dir='ltr' id='par_1_73' title="bbox 356 4128 1990 4232">
     <span class='ocr_line' id='line_1_73' title="bbox 356 4128 1990 4232; baseline -0.001 -23"><span class='ocrx_word' id='word_1_530' title='bbox 356 4140 385 4170; x_wconf 40' lang='grc'><strong>”’</strong></span> <span class='ocrx_word' id='word_1_531' title='bbox 700 4153 876 4226; x_wconf 87' lang='grc' dir='ltr'>νότουΙ</span> <span class='ocrx_word' id='word_1_532' title='bbox 906 4153 1210 4225; x_wconf 82' lang='grc' dir='ltr'>βασιλειῶν,</span> <span class='ocrx_word' id='word_1_533' title='bbox 1256 4152 1432 4223; x_wconf 85' lang='grc' dir='ltr'>φωτὸς</span> <span class='ocrx_word' id='word_1_534' title='bbox 1468 4128 1810 4232; x_wconf 39' lang='lat' dir='ltr'><strong>dmi-iactat</strong></span> <span class='ocrx_word' id='word_1_535' title='bbox 1850 4128 1990 4207; x_wconf 78' lang='grc' dir='ltr'>άπα-</span> 
     </span>
    </p>
   </div>
   <div class='ocr_carea' id='block_1_74' title="bbox 214 4240 1987 4320">
    <p class='ocr_par' dir='ltr' id='par_1_74' title="bbox 214 4240 1987 4320">
     <span class='ocr_line' id='line_1_74' title="bbox 214 4240 1987 4320; baseline -0.01 -13"><span class='ocrx_word' id='word_1_536' title='bbox 214 4244 219 4247; x_wconf 62' lang='grc'><em>’</em></span> <span class='ocrx_word' id='word_1_537' title='bbox 291 4272 313 4320; x_wconf 61' lang='grc' dir='ltr'><strong>χ</strong></span> <span class='ocrx_word' id='word_1_538' title='bbox 410 4246 738 4320; x_wconf 86' lang='grc' dir='ltr'>στράπτεις·</span> <span class='ocrx_word' id='word_1_539' title='bbox 790 4245 917 4300; x_wconf 80' lang='grc' dir='ltr'>ἔνθα</span> <span class='ocrx_word' id='word_1_540' title='bbox 963 4244 1245 4310; x_wconf 74' lang='grc' dir='ltr'>δοξάζεται</span> <span class='ocrx_word' id='word_1_541' title='bbox 1292 4244 1480 4318; x_wconf 82' lang='grc' dir='ltr'>Πατὴρ</span> <span class='ocrx_word' id='word_1_542' title='bbox 1530 4245 1562 4298; x_wconf 83' lang='grc' dir='ltr'><strong>ό</strong></span> <span class='ocrx_word' id='word_1_543' title='bbox 1614 4246 1867 4318; x_wconf 80' lang='grc' dir='ltr'>ἄναρχος,</span> <span class='ocrx_word' id='word_1_544' title='bbox 1927 4240 1987 4301; x_wconf 71' lang='grc' dir='ltr'>οὗ</span> 
     </span>
    </p>
   </div>
   <div class='ocr_carea' id='block_1_75' title="bbox 408 4336 1989 4410">
    <p class='ocr_par' dir='ltr' id='par_1_75' title="bbox 408 4336 1989 4410">
     <span class='ocr_line' id='line_1_75' title="bbox 408 4336 1989 4410; baseline 0 -18"><span class='ocrx_word' id='word_1_545' title='bbox 408 4338 508 4410; x_wconf 85' lang='grc' dir='ltr'>τὴν</span> <span class='ocrx_word' id='word_1_546' title='bbox 555 4336 782 4409; x_wconf 81' lang='grc' dir='ltr'>δύναμιν</span> <span class='ocrx_word' id='word_1_547' title='bbox 826 4336 985 4408; x_wconf 75' lang='grc' dir='ltr'>ἔσχες</span> <span class='ocrx_word' id='word_1_548' title='bbox 1030 4336 1474 4403; x_wconf 77' lang='grc' dir='ltr'>ἐπισκιάζουσαν·</span> <span class='ocrx_word' id='word_1_549' title='bbox 1533 4340 1915 4410; x_wconf 85' lang='grc' dir='ltr'>προσκυνεῖται</span> <span class='ocrx_word' id='word_1_550' title='bbox 1959 4342 1989 4392; x_wconf 90' lang='grc' dir='ltr'>ὁ</span> 
     </span>
    </p>
   </div>
   <div class='ocr_carea' id='block_1_76' title="bbox 409 4418 1983 4501">
    <p class='ocr_par' dir='ltr' id='par_1_76' title="bbox 409 4418 1983 4501">
     <span class='ocr_line' id='line_1_76' title="bbox 409 4418 1983 4501; baseline -0.001 -17"><span class='ocrx_word' id='word_1_551' title='bbox 409 4429 572 4495; x_wconf 80' lang='grc' dir='ltr'>Υίδς,</span> <span class='ocrx_word' id='word_1_552' title='bbox 600 4428 668 4487; x_wconf 78' lang='grc' dir='ltr'><strong>δν</strong></span> <span class='ocrx_word' id='word_1_553' title='bbox 698 4418 840 4483; x_wconf 83' lang='grc' dir='ltr'>κατὰ</span> <span class='ocrx_word' id='word_1_554' title='bbox 873 4428 1051 4501; x_wconf 89' lang='grc' dir='ltr'>σάρκα</span> <span class='ocrx_word' id='word_1_555' title='bbox 1093 4428 1157 4481; x_wconf 74' lang='grc' dir='ltr'><strong>σὺ</strong></span> <span class='ocrx_word' id='word_1_556' title='bbox 1188 4429 1431 4492; x_wconf 83' lang='grc' dir='ltr'>τέτοκας·</span> <span class='ocrx_word' id='word_1_557' title='bbox 1477 4427 1832 4497; x_wconf 78' lang='grc' dir='ltr'>δοξολογεῖται</span> <span class='ocrx_word' id='word_1_558' title='bbox 1863 4427 1983 4500; x_wconf 75' lang='grc' dir='ltr'><strong>[ἄλ.</strong></span> 
     </span>
    </p>
   </div>
   <div class='ocr_carea' id='block_1_77' title="bbox 407 4519 1982 4593">
    <p class='ocr_par' dir='ltr' id='par_1_77' title="bbox 407 4519 1982 4593">
     <span class='ocr_line' id='line_1_77' title="bbox 407 4519 1982 4593; baseline -0.001 -18"><span class='ocrx_word' id='word_1_559' title='bbox 407 4519 711 4593; x_wconf 80' lang='grc' dir='ltr'>δοξάζεται]</span> <span class='ocrx_word' id='word_1_560' title='bbox 738 4520 962 4592; x_wconf 80' lang='grc' dir='ltr'>Πνεῦμα</span> <span class='ocrx_word' id='word_1_561' title='bbox 987 4519 1050 4574; x_wconf 81' lang='grc' dir='ltr'><strong>τὸ</strong></span> <span class='ocrx_word' id='word_1_562' title='bbox 1083 4520 1257 4588; x_wconf 80' lang='grc' dir='ltr'>ἆγιον,</span> <span class='ocrx_word' id='word_1_563' title='bbox 1292 4520 1429 4591; x_wconf 84' lang='grc' dir='ltr'>ὅπερ</span> <span class='ocrx_word' id='word_1_564' title='bbox 1460 4520 1518 4574; x_wconf 86' lang='grc' dir='ltr'><strong>ἐν</strong></span> <span class='ocrx_word' id='word_1_565' title='bbox 1543 4521 1610 4591; x_wconf 78' lang='grc' dir='ltr'>τῇ</span> <span class='ocrx_word' id='word_1_566' title='bbox 1641 4519 1837 4592; x_wconf 88' lang='grc' dir='ltr'>γαστρί</span> <span class='ocrx_word' id='word_1_567' title='bbox 1865 4537 1982 4585; x_wconf 89' lang='grc' dir='ltr'>σου,</span> 
     </span>
    </p>
   </div>
   <div class='ocr_carea' id='block_1_78' title="bbox 2089 3322 3666 3402">
    <p class='ocr_par' dir='ltr' id='par_1_78' title="bbox 2089 3322 3666 3402">
     <span class='ocr_line' id='line_1_78' title="bbox 2089 3322 3666 3402; baseline 0.004 -25"><span class='ocrx_word' id='word_1_568' title='bbox 2089 3339 2221 3378; x_wconf 88' lang='lat' dir='ltr'><strong>nera</strong></span> <span class='ocrx_word' id='word_1_569' title='bbox 2253 3322 2556 3381; x_wconf 71' lang='lat' dir='ltr'><strong>deterentes</strong></span> <span class='ocrx_word' id='word_1_570' title='bbox 2580 3326 2629 3381; x_wconf 90' lang='lat' dir='ltr'><strong>ei</strong></span> <span class='ocrx_word' id='word_1_571' title='bbox 2668 3327 2762 3398; x_wconf 92' lang='lat' dir='ltr'><strong>qui</strong></span> <span class='ocrx_word' id='word_1_572' title='bbox 2811 3344 3020 3400; x_wconf 89' lang='lat' dir='ltr'><strong>pauper</strong></span> <span class='ocrx_word' id='word_1_573' title='bbox 3068 3339 3290 3402; x_wconf 86' lang='lat' dir='ltr'><strong>propter</strong></span> <span class='ocrx_word' id='word_1_574' title='bbox 3340 3346 3441 3387; x_wconf 90' lang='lat' dir='ltr'><strong>nos</strong></span> <span class='ocrx_word' id='word_1_575' title='bbox 3487 3328 3666 3385; x_wconf 80' lang='lat' dir='ltr'><strong>factus</strong></span> 
     </span>
    </p>
   </div>
   <div class='ocr_carea' id='block_1_79' title="bbox 2087 3416 3675 3492">
    <p class='ocr_par' dir='ltr' id='par_1_79' title="bbox 2087 3416 3675 3492">
     <span class='ocr_line' id='line_1_79' title="bbox 2087 3416 3675 3492; baseline 0.003 -23"><span class='ocrx_word' id='word_1_576' title='bbox 2087 3424 2170 3471; x_wconf 90' lang='lat' dir='ltr'><strong>est</strong></span> <span class='ocrx_word' id='word_1_577' title='bbox 2189 3416 2255 3471; x_wconf 74' lang='lat'><strong>“.</strong></span> <span class='ocrx_word' id='word_1_578' title='bbox 2286 3417 2646 3476; x_wconf 88' lang='lat' dir='ltr'><strong>Sauctissima</strong></span> <span class='ocrx_word' id='word_1_579' title='bbox 2682 3437 2846 3492; x_wconf 90' lang='lat' dir='ltr'><strong>porro</strong></span> <span class='ocrx_word' id='word_1_580' title='bbox 2873 3421 2968 3477; x_wconf 88' lang='lat' dir='ltr'><strong>Dei</strong></span> <span class='ocrx_word' id='word_1_581' title='bbox 3009 3420 3259 3478; x_wconf 85' lang='lat' dir='ltr'><strong>Genitrix</strong></span> <span class='ocrx_word' id='word_1_582' title='bbox 3308 3422 3675 3479; x_wconf 84' lang='lat' dir='ltr'><strong>conservabat</strong></span> 
     </span>
    </p>
   </div>
   <div class='ocr_carea' id='block_1_80' title="bbox 2089 3509 3686 3583">
    <p class='ocr_par' dir='ltr' id='par_1_80' title="bbox 2089 3509 3686 3583">
     <span class='ocr_line' id='line_1_80' title="bbox 2089 3509 3686 3583; baseline 0.007 -23"><span class='ocrx_word' id='word_1_583' title='bbox 2089 3509 2272 3564; x_wconf 89' lang='lat' dir='ltr'><strong>omnia</strong></span> <span class='ocrx_word' id='word_1_584' title='bbox 2298 3510 2461 3566; x_wconf 86' lang='lat' dir='ltr'><strong>verba</strong></span> <span class='ocrx_word' id='word_1_585' title='bbox 2493 3512 2630 3577; x_wconf 82' lang='lat' dir='ltr'><strong>haec,</strong></span> <span class='ocrx_word' id='word_1_586' title='bbox 2657 3512 2947 3570; x_wconf 79' lang='lat' dir='ltr'><strong>conferens</strong></span> <span class='ocrx_word' id='word_1_587' title='bbox 2973 3514 3027 3569; x_wconf 89' lang='lat' dir='ltr'><strong>in</strong></span> <span class='ocrx_word' id='word_1_588' title='bbox 3074 3515 3241 3570; x_wconf 86' lang='lat' dir='ltr'><strong>corde</strong></span> <span class='ocrx_word' id='word_1_589' title='bbox 3279 3531 3381 3572; x_wconf 93' lang='lat' dir='ltr'><strong>suo</strong></span> <span class='ocrx_word' id='word_1_590' title='bbox 3404 3515 3449 3548; x_wconf 82' lang='grc'><strong>³⁸</strong></span> <span class='ocrx_word' id='word_1_591' title='bbox 3474 3533 3492 3583; x_wconf 87' lang='lat'><strong>;</strong></span> <span class='ocrx_word' id='word_1_592' title='bbox 3523 3514 3686 3571; x_wconf 60' lang='lat' dir='ltr'><strong>velut</strong></span> 
     </span>
    </p>
   </div>
   <div class='ocr_carea' id='block_1_81' title="bbox 2088 3603 3683 3679">
    <p class='ocr_par' dir='ltr' id='par_1_81' title="bbox 2088 3603 3683 3679">
     <span class='ocr_line' id='line_1_81' title="bbox 2088 3603 3683 3679; baseline 0.004 -23"><span class='ocrx_word' id='word_1_593' title='bbox 2088 3617 2210 3672; x_wconf 73' lang='lat' dir='ltr'><strong>qua:</strong></span> <span class='ocrx_word' id='word_1_594' title='bbox 2269 3603 2514 3659; x_wconf 91' lang='lat' dir='ltr'><strong>omnium</strong></span> <span class='ocrx_word' id='word_1_595' title='bbox 2565 3608 2949 3679; x_wconf 83' lang='lat' dir='ltr'><strong>mysteriorum</strong></span> <span class='ocrx_word' id='word_1_596' title='bbox 2996 3622 3095 3662; x_wconf 82' lang='lat' dir='ltr'><strong>vas</strong></span> <span class='ocrx_word' id='word_1_597' title='bbox 3141 3623 3205 3663; x_wconf 91' lang='lat' dir='ltr'><strong>ac</strong></span> <span class='ocrx_word' id='word_1_598' title='bbox 3251 3609 3683 3679; x_wconf 72' lang='lat' dir='ltr'><strong>receptaculum.</strong></span> 
     </span>
    </p>
   </div>
   <div class='ocr_carea' id='block_1_82' title="bbox 2089 3693 3688 3772">
    <p class='ocr_par' dir='ltr' id='par_1_82' title="bbox 2089 3693 3688 3772">
     <span class='ocr_line' id='line_1_82' title="bbox 2089 3693 3688 3772; baseline 0.004 -24"><span class='ocrx_word' id='word_1_599' title='bbox 2089 3704 2253 3749; x_wconf 85' lang='lat' dir='ltr'><strong>esset.</strong></span> <span class='ocrx_word' id='word_1_600' title='bbox 2285 3693 2403 3750; x_wconf 90' lang='lat' dir='ltr'><strong>Tua</strong></span> <span class='ocrx_word' id='word_1_601' title='bbox 2433 3712 2585 3762; x_wconf 86' lang='lat' dir='ltr'><strong>sane,</strong></span> <span class='ocrx_word' id='word_1_602' title='bbox 2616 3713 2649 3753; x_wconf 92' lang='grc' dir='ltr'><strong>ο</strong></span> <span class='ocrx_word' id='word_1_603' title='bbox 2674 3699 3025 3757; x_wconf 84' lang='lat' dir='ltr'><strong>sanctissima</strong></span> <span class='ocrx_word' id='word_1_604' title='bbox 3056 3699 3246 3772; x_wconf 80' lang='lat' dir='ltr'><strong>Virgo,</strong></span> <span class='ocrx_word' id='word_1_605' title='bbox 3293 3701 3417 3756; x_wconf 91' lang='lat' dir='ltr'><strong>laus</strong></span> <span class='ocrx_word' id='word_1_606' title='bbox 3445 3714 3688 3757; x_wconf 37' lang='lat' dir='ltr'><strong>omnem-</strong></span> 
     </span>
    </p>
   </div>
   <div class='ocr_carea' id='block_1_83' title="bbox 2089 3789 3667 3862">
    <p class='ocr_par' dir='ltr' id='par_1_83' title="bbox 2089 3789 3667 3862">
     <span class='ocr_line' id='line_1_83' title="bbox 2089 3789 3667 3862; baseline 0.003 -20"><span class='ocrx_word' id='word_1_607' title='bbox 2089 3802 2315 3857; x_wconf 79' lang='lat' dir='ltr'><strong>prorsus</strong></span> <span class='ocrx_word' id='word_1_608' title='bbox 2343 3789 2558 3845; x_wconf 86' lang='lat' dir='ltr'><strong>laudem</strong></span> <span class='ocrx_word' id='word_1_609' title='bbox 2581 3831 2597 3856; x_wconf 92' lang='lat'><strong>,</strong></span> <span class='ocrx_word' id='word_1_610' title='bbox 2639 3801 2859 3862; x_wconf 89' lang='lat' dir='ltr'><strong>propter</strong></span> <span class='ocrx_word' id='word_1_611' title='bbox 2902 3790 3072 3847; x_wconf 91' lang='lat' dir='ltr'><strong>Deum</strong></span> <span class='ocrx_word' id='word_1_612' title='bbox 3115 3809 3182 3848; x_wconf 74' lang='lat' dir='ltr'><strong>ex</strong></span> <span class='ocrx_word' id='word_1_613' title='bbox 3222 3803 3275 3848; x_wconf 87' lang='lat' dir='ltr'><strong>te</strong></span> <span class='ocrx_word' id='word_1_614' title='bbox 3321 3793 3667 3849; x_wconf 88' lang='lat' dir='ltr'><strong>incarnatum</strong></span> 
     </span>
    </p>
   </div>
   <div class='ocr_carea' id='block_1_84' title="bbox 2089 3880 3663 3950">
    <p class='ocr_par' dir='ltr' id='par_1_84' title="bbox 2089 3880 3663 3950">
     <span class='ocr_line' id='line_1_84' title="bbox 2089 3880 3663 3950; baseline 0.003 -16"><span class='ocrx_word' id='word_1_615' title='bbox 2089 3894 2155 3934; x_wconf 90' lang='lat' dir='ltr'><strong>ac</strong></span> <span class='ocrx_word' id='word_1_616' title='bbox 2178 3880 2456 3937; x_wconf 90' lang='lat' dir='ltr'><strong>hominem</strong></span> <span class='ocrx_word' id='word_1_617' title='bbox 2490 3891 2700 3950; x_wconf 86' lang='lat' dir='ltr'><strong>natum,</strong></span> <span class='ocrx_word' id='word_1_618' title='bbox 2728 3884 2963 3939; x_wconf 79' lang='lat' dir='ltr'><strong>excedit.</strong></span> <span class='ocrx_word' id='word_1_619' title='bbox 3003 3882 3125 3940; x_wconf 85' lang='lat' dir='ltr'><strong>Tibi</strong></span> <span class='ocrx_word' id='word_1_620' title='bbox 3162 3885 3346 3942; x_wconf 91' lang='lat' dir='ltr'><strong>omnis</strong></span> <span class='ocrx_word' id='word_1_621' title='bbox 3389 3892 3663 3949; x_wconf 88' lang='lat' dir='ltr'><strong>creatura,</strong></span> 
     </span>
    </p>
   </div>
   <div class='ocr_carea' id='block_1_85' title="bbox 2089 3971 3669 4045">
    <p class='ocr_par' dir='ltr' id='par_1_85' title="bbox 2089 3971 3669 4045">
     <span class='ocr_line' id='line_1_85' title="bbox 2089 3971 3669 4045; baseline 0.003 -20"><span class='ocrx_word' id='word_1_622' title='bbox 2089 3971 2145 4026; x_wconf 92' lang='lat' dir='ltr'><strong>in</strong></span> <span class='ocrx_word' id='word_1_623' title='bbox 2171 3973 2324 4029; x_wconf 63' lang='lat' dir='ltr'><strong>caelis</strong></span> <span class='ocrx_word' id='word_1_624' title='bbox 2363 3988 2428 4029; x_wconf 93' lang='lat' dir='ltr'><strong>ac</strong></span> <span class='ocrx_word' id='word_1_625' title='bbox 2461 3974 2622 4029; x_wconf 88' lang='lat' dir='ltr'><strong>terris</strong></span> <span class='ocrx_word' id='word_1_626' title='bbox 2648 3983 2699 4029; x_wconf 91' lang='lat' dir='ltr'><strong>et</strong></span> <span class='ocrx_word' id='word_1_627' title='bbox 2732 3975 2874 4045; x_wconf 86' lang='lat' dir='ltr'><strong>apud</strong></span> <span class='ocrx_word' id='word_1_628' title='bbox 2914 3972 3150 4040; x_wconf 79' lang='lat' dir='ltr'><strong>inferos,</strong></span> <span class='ocrx_word' id='word_1_629' title='bbox 3208 3975 3568 4032; x_wconf 87' lang='lat' dir='ltr'><strong>reverentiam</strong></span> <span class='ocrx_word' id='word_1_630' title='bbox 3602 3990 3669 4030; x_wconf 90' lang='lat' dir='ltr'><strong>ac</strong></span> 
     </span>
    </p>
   </div>
   <div class='ocr_carea' id='block_1_86' title="bbox 2090 4064 3679 4123">
    <p class='ocr_par' dir='ltr' id='par_1_86' title="bbox 2090 4064 3679 4123">
     <span class='ocr_line' id='line_1_86' title="bbox 2090 4064 3679 4123; baseline 0.001 -5"><span class='ocrx_word' id='word_1_631' title='bbox 2090 4064 2296 4119; x_wconf 91' lang='lat' dir='ltr'><strong>cultum</strong></span> <span class='ocrx_word' id='word_1_632' title='bbox 2324 4065 2738 4121; x_wconf 83' lang='lat' dir='ltr'><strong>convenientem</strong></span> <span class='ocrx_word' id='word_1_633' title='bbox 2769 4066 2946 4123; x_wconf 81' lang='lat' dir='ltr'><strong>oﬂ‘ert.</strong></span> <span class='ocrx_word' id='word_1_634' title='bbox 2987 4066 3070 4122; x_wconf 91' lang='lat' dir='ltr'><strong>Tu</strong></span> <span class='ocrx_word' id='word_1_635' title='bbox 3100 4067 3248 4122; x_wconf 88' lang='lat' dir='ltr'><strong>enim</strong></span> <span class='ocrx_word' id='word_1_636' title='bbox 3273 4081 3401 4122; x_wconf 82' lang='lat' dir='ltr'><strong>vere</strong></span> <span class='ocrx_word' id='word_1_637' title='bbox 3433 4066 3679 4120; x_wconf 80' lang='lat' dir='ltr'><strong>thronus</strong></span> 
     </span>
    </p>
   </div>
   <div class='ocr_carea' id='block_1_87' title="bbox 2088 4157 3673 4229">
    <p class='ocr_par' dir='ltr' id='par_1_87' title="bbox 2088 4157 3673 4229">
     <span class='ocr_line' id='line_1_87' title="bbox 2088 4157 3673 4229; baseline 0.001 -19"><span class='ocrx_word' id='word_1_638' title='bbox 2088 4157 2310 4213; x_wconf 87' lang='lat' dir='ltr'><strong>evasisti</strong></span> <span class='ocrx_word' id='word_1_639' title='bbox 2337 4158 2689 4214; x_wconf 88' lang='lat' dir='ltr'><strong>cherubicus.</strong></span> <span class='ocrx_word' id='word_1_640' title='bbox 2723 4157 2805 4214; x_wconf 86' lang='lat' dir='ltr'><strong>Tu</strong></span> <span class='ocrx_word' id='word_1_641' title='bbox 2839 4159 2895 4213; x_wconf 93' lang='lat' dir='ltr'><strong>in</strong></span> <span class='ocrx_word' id='word_1_642' title='bbox 2940 4159 3170 4216; x_wconf 85' lang='lat' dir='ltr'><strong>summis</strong></span> <span class='ocrx_word' id='word_1_643' title='bbox 3205 4158 3544 4229; x_wconf 87' lang='lat' dir='ltr'><strong>spiritalibus</strong></span> <span class='ocrx_word' id='word_1_644' title='bbox 3589 4173 3673 4212; x_wconf 75' lang='grc' dir='ltr'>ιε-</span> 
     </span>
    </p>
   </div>
   <div class='ocr_carea' id='block_1_88' title="bbox 2091 4248 3668 4326">
    <p class='ocr_par' dir='ltr' id='par_1_88' title="bbox 2091 4248 3668 4326">
     <span class='ocr_line' id='line_1_88' title="bbox 2091 4248 3668 4326; baseline 0.004 -23"><span class='ocrx_word' id='word_1_645' title='bbox 2091 4251 2211 4319; x_wconf 79' lang='lat' dir='ltr'><strong>guis</strong></span> <span class='ocrx_word' id='word_1_646' title='bbox 2237 4248 2338 4322; x_wconf 84' lang='grc' dir='ltr'>[αἰ.</span> <span class='ocrx_word' id='word_1_647' title='bbox 2363 4252 2418 4305; x_wconf 91' lang='lat' dir='ltr'><strong>in</strong></span> <span class='ocrx_word' id='word_1_648' title='bbox 2448 4250 2722 4321; x_wconf 90' lang='lat' dir='ltr'><strong>supremis</strong></span> <span class='ocrx_word' id='word_1_649' title='bbox 2756 4252 2927 4307; x_wconf 87' lang='lat' dir='ltr'><strong>austri</strong></span> <span class='ocrx_word' id='word_1_650' title='bbox 2957 4251 3197 4326; x_wconf 75' lang='lat' dir='ltr'><strong>regnis},</strong></span> <span class='ocrx_word' id='word_1_651' title='bbox 3217 4252 3356 4308; x_wconf 85' lang='lat' dir='ltr'><strong>lucis</strong></span> <span class='ocrx_word' id='word_1_652' title='bbox 3378 4253 3668 4324; x_wconf 86' lang='lat' dir='ltr'><strong>splendore</strong></span> 
     </span>
    </p>
   </div>
   <div class='ocr_carea' id='block_1_89' title="bbox 2089 4340 3667 4414">
    <p class='ocr_par' dir='ltr' id='par_1_89' title="bbox 2089 4340 3667 4414">
     <span class='ocr_line' id='line_1_89' title="bbox 2089 4340 3667 4414; baseline 0.003 -20"><span class='ocrx_word' id='word_1_653' title='bbox 2089 4353 2350 4395; x_wconf 83' lang='lat' dir='ltr'><strong>coruscas</strong></span> <span class='ocrx_word' id='word_1_654' title='bbox 2393 4356 2407 4393; x_wconf 89' lang='lat'><strong>:</strong></span> <span class='ocrx_word' id='word_1_655' title='bbox 2452 4340 2548 4396; x_wconf 84' lang='lat' dir='ltr'><strong>ubi</strong></span> <span class='ocrx_word' id='word_1_656' title='bbox 2590 4340 3131 4410; x_wconf 80' lang='lat' dir='ltr'><strong>gloriﬁcatur‘Pater</strong></span> <span class='ocrx_word' id='word_1_657' title='bbox 3182 4342 3363 4399; x_wconf 87' lang='lat' dir='ltr'><strong>omnis</strong></span> <span class='ocrx_word' id='word_1_658' title='bbox 3412 4343 3667 4414; x_wconf 83' lang='lat' dir='ltr'><strong>principii</strong></span> 
     </span>
    </p>
   </div>
   <div class='ocr_carea' id='block_1_90' title="bbox 2089 4431 3667 4504">
    <p class='ocr_par' dir='ltr' id='par_1_90' title="bbox 2089 4431 3667 4504">
     <span class='ocr_line' id='line_1_90' title="bbox 2089 4431 3667 4504; baseline 0.001 -16"><span class='ocrx_word' id='word_1_659' title='bbox 2089 4431 2526 4502; x_wconf 78' lang='lat' dir='ltr'><strong>expers,&#39;cujus</strong></span> <span class='ocrx_word' id='word_1_660' title='bbox 2576 4432 2996 4487; x_wconf 89' lang='lat' dir='ltr'><strong>obumbrantem</strong></span> <span class='ocrx_word' id='word_1_661' title='bbox 3046 4433 3285 4489; x_wconf 88' lang='lat' dir='ltr'><strong>habuisti</strong></span> <span class='ocrx_word' id='word_1_662' title='bbox 3332 4434 3667 4504; x_wconf 86' lang='lat' dir='ltr'><strong>potentiam;</strong></span> 
     </span>
    </p>
   </div>
   <div class='ocr_carea' id='block_1_91' title="bbox 2089 4506 3667 4593">
    <p class='ocr_par' dir='ltr' id='par_1_91' title="bbox 2089 4506 3667 4593">
     <span class='ocr_line' id='line_1_91' title="bbox 2089 4506 3667 4593; baseline -0.001 -15"><span class='ocrx_word' id='word_1_663' title='bbox 2089 4523 2350 4578; x_wconf 86' lang='lat' dir='ltr'><strong>adoratur</strong></span> <span class='ocrx_word' id='word_1_664' title='bbox 2382 4506 2577 4592; x_wconf 72' lang='lat' dir='ltr'><strong>Filius,</strong></span> <span class='ocrx_word' id='word_1_665' title='bbox 2610 4537 2773 4593; x_wconf 86' lang='lat' dir='ltr'><strong>quem</strong></span> <span class='ocrx_word' id='word_1_666' title='bbox 2800 4520 3100 4578; x_wconf 87' lang='lat' dir='ltr'><strong>secundum</strong></span> <span class='ocrx_word' id='word_1_667' title='bbox 3124 4536 3347 4577; x_wconf 88' lang='lat' dir='ltr'><strong>carnem</strong></span> <span class='ocrx_word' id='word_1_668' title='bbox 3374 4521 3667 4593; x_wconf 89' lang='lat' dir='ltr'><strong>peperisti;</strong></span> 
     </span>
    </p>
   </div>
   <div class='ocr_carea' id='block_1_92' title="bbox 406 4605 1987 4687">
    <p class='ocr_par' dir='ltr' id='par_1_92' title="bbox 406 4610 1987 4686">
     <span class='ocr_line' id='line_1_92' title="bbox 406 4610 1987 4686; baseline -0.001 -20"><span class='ocrx_word' id='word_1_669' title='bbox 406 4613 505 4685; x_wconf 82' lang='grc' dir='ltr'>τὴν</span> <span class='ocrx_word' id='word_1_670' title='bbox 536 4614 787 4686; x_wconf 87' lang='grc' dir='ltr'>γέννησιν</span> <span class='ocrx_word' id='word_1_671' title='bbox 826 4612 937 4681; x_wconf 76' lang='grc' dir='ltr'>τοῦ]</span> <span class='ocrx_word' id='word_1_672' title='bbox 965 4611 1200 4684; x_wconf 87' lang='grc' dir='ltr'>μεγάλου</span> <span class='ocrx_word' id='word_1_673' title='bbox 1228 4610 1499 4675; x_wconf 88' lang='grc' dir='ltr'>Βασιλέως</span> <span class='ocrx_word' id='word_1_674' title='bbox 1539 4611 1862 4683; x_wconf 80' lang='grc' dir='ltr'>ἐνήργησεν.</span> <span class='ocrx_word' id='word_1_675' title='bbox 1893 4611 1987 4665; x_wconf 86' lang='grc' dir='ltr'><strong>Διά</strong></span> 
     </span>
    </p>
   </div>
   <div class='ocr_carea' id='block_1_93' title="bbox 2088 4605 3673 4687">
    <p class='ocr_par' dir='ltr' id='par_1_93' title="bbox 2096 4611 3673 4687">
     <span class='ocr_line' id='line_1_93' title="bbox 2096 4611 3673 4687; baseline -0.001 -16"><span class='ocrx_word' id='word_1_676' title='bbox 2096 4614 2401 4671; x_wconf 78' lang='lat' dir='ltr'><strong>celebratur</strong></span> <span class='ocrx_word' id='word_1_677' title='bbox 2448 4612 2547 4687; x_wconf 88' lang='lat' dir='ltr'><strong>[aL</strong></span> <span class='ocrx_word' id='word_1_678' title='bbox 2593 4611 2951 4685; x_wconf 73' lang='lat' dir='ltr'><strong>gloriﬁcatur]</strong></span> <span class='ocrx_word' id='word_1_679' title='bbox 2988 4611 3228 4684; x_wconf 88' lang='lat' dir='ltr'><strong>Spiritus</strong></span> <span class='ocrx_word' id='word_1_680' title='bbox 3277 4621 3523 4681; x_wconf 87' lang='lat' dir='ltr'><strong>sanctus,</strong></span> <span class='ocrx_word' id='word_1_681' title='bbox 3573 4615 3673 4685; x_wconf 84' lang='lat' dir='ltr'><strong>qui</strong></span> 
     </span>
    </p>
   </div>
   <div class='ocr_carea' id='block_1_94' title="bbox 410 4701 1986 4779">
    <p class='ocr_par' dir='ltr' id='par_1_94' title="bbox 410 4701 1986 4779">
     <span class='ocr_line' id='line_1_94' title="bbox 410 4701 1986 4779; baseline -0.002 -20"><span class='ocrx_word' id='word_1_682' title='bbox 410 4705 528 4770; x_wconf 82' lang='grc' dir='ltr'>σοῦ,</span> <span class='ocrx_word' id='word_1_683' title='bbox 555 4707 992 4779; x_wconf 84' lang='grc' dir='ltr'>κεχαριτωμένη,</span> <span class='ocrx_word' id='word_1_684' title='bbox 1022 4704 1192 4777; x_wconf 83' lang='grc' dir='ltr'>Τριὰς</span> <span class='ocrx_word' id='word_1_685' title='bbox 1224 4704 1355 4774; x_wconf 82' lang='grc' dir='ltr'>ἁγία</span> <span class='ocrx_word' id='word_1_686' title='bbox 1401 4705 1495 4760; x_wconf 71' lang='grc' dir='ltr'><strong>καὶ</strong></span> <span class='ocrx_word' id='word_1_687' title='bbox 1520 4703 1803 4776; x_wconf 87' lang='grc' dir='ltr'>ὁμοούσιος</span> <span class='ocrx_word' id='word_1_688' title='bbox 1829 4706 1887 4757; x_wconf 88' lang='grc' dir='ltr'><strong>ἐν</strong></span> <span class='ocrx_word' id='word_1_689' title='bbox 1908 4701 1986 4774; x_wconf 84' lang='grc' dir='ltr'>τῷ</span> 
     </span>
    </p>
   </div>
   <div class='ocr_carea' id='block_1_95' title="bbox 407 4792 1987 4871">
    <p class='ocr_par' dir='ltr' id='par_1_95' title="bbox 407 4792 1987 4871">
     <span class='ocr_line' id='line_1_95' title="bbox 407 4792 1987 4871; baseline -0.003 -19"><span class='ocrx_word' id='word_1_690' title='bbox 407 4796 598 4870; x_wconf 80' lang='grc' dir='ltr'>κόσμῳ</span> <span class='ocrx_word' id='word_1_691' title='bbox 626 4795 967 4871; x_wconf 76' lang='grc' dir='ltr'>γνωρίζεται.</span> <span class='ocrx_word' id='word_1_692' title='bbox 1002 4796 1157 4851; x_wconf 80' lang='grc' dir='ltr'>Μετὰ</span> <span class='ocrx_word' id='word_1_693' title='bbox 1191 4792 1283 4849; x_wconf 82' lang='grc' dir='ltr'>σοῦ</span> <span class='ocrx_word' id='word_1_694' title='bbox 1304 4834 1319 4860; x_wconf 93' lang='grc'><strong>,</strong></span> <span class='ocrx_word' id='word_1_695' title='bbox 1350 4796 1445 4849; x_wconf 71' lang='grc' dir='ltr'>καὶ</span> <span class='ocrx_word' id='word_1_696' title='bbox 1477 4797 1623 4867; x_wconf 77' lang='grc' dir='ltr'>ἡμᾶς</span> <span class='ocrx_word' id='word_1_697' title='bbox 1652 4793 1987 4859; x_wconf 82' lang='grc' dir='ltr'>καταξίωσον</span> 
     </span>
    </p>
   </div>
   <div class='ocr_carea' id='block_1_96' title="bbox 320 4882 1986 4958">
    <p class='ocr_par' dir='ltr' id='par_1_96' title="bbox 320 4882 1986 4958">
     <span class='ocr_line' id='line_1_96' title="bbox 320 4882 1986 4958; baseline -0.003 -17"><span class='ocrx_word' id='word_1_698' title='bbox 320 4920 323 4925; x_wconf 60' lang='grc' dir='ltr'><strong>ν</strong></span> <span class='ocrx_word' id='word_1_699' title='bbox 411 4889 698 4958; x_wconf 83' lang='grc' dir='ltr'>μετασχεῖν</span> <span class='ocrx_word' id='word_1_700' title='bbox 759 4886 861 4958; x_wconf 86' lang='grc' dir='ltr'><strong>τῆς</strong></span> <span class='ocrx_word' id='word_1_701' title='bbox 914 4886 1124 4950; x_wconf 85' lang='grc' dir='ltr'>τελείας</span> <span class='ocrx_word' id='word_1_702' title='bbox 1179 4903 1272 4939; x_wconf 89' lang='grc' dir='ltr'><strong>σου</strong></span> <span class='ocrx_word' id='word_1_703' title='bbox 1332 4884 1554 4957; x_wconf 84' lang='grc' dir='ltr'>χάριτος</span> <span class='ocrx_word' id='word_1_704' title='bbox 1577 4924 1592 4949; x_wconf 90' lang='grc'><strong>,</strong></span> <span class='ocrx_word' id='word_1_705' title='bbox 1644 4885 1701 4937; x_wconf 83' lang='grc' dir='ltr'><strong>ἐν</strong></span> <span class='ocrx_word' id='word_1_706' title='bbox 1767 4882 1986 4956; x_wconf 78' lang='grc' dir='ltr'>Χριστῷ</span> 
     </span>
    </p>
   </div>
   <div class='ocr_carea' id='block_1_97' title="bbox 419 4976 1984 5056">
    <p class='ocr_par' dir='ltr' id='par_1_97' title="bbox 419 4976 1984 5056">
     <span class='ocr_line' id='line_1_97' title="bbox 419 4976 1984 5056; baseline -0.002 -20"><span class='ocrx_word' id='word_1_707' title='bbox 419 4982 593 5055; x_wconf 89' lang='grc' dir='ltr'><strong>Ἰησοῦ</strong></span> <span class='ocrx_word' id='word_1_708' title='bbox 642 4982 720 5053; x_wconf 82' lang='grc' dir='ltr'>τῷ</span> <span class='ocrx_word' id='word_1_709' title='bbox 768 4984 959 5056; x_wconf 84' lang='grc' dir='ltr'>Κυρίῳ</span> <span class='ocrx_word' id='word_1_710' title='bbox 1007 4983 1184 5055; x_wconf 75' lang='grc' dir='ltr'><strong>ήμῶψ</strong></span> <span class='ocrx_word' id='word_1_711' title='bbox 1237 4982 1355 5055; x_wconf 81' lang='grc' dir='ltr'>μεθ’</span> <span class='ocrx_word' id='word_1_712' title='bbox 1382 4976 1465 5047; x_wconf 73' lang='grc' dir='ltr'>οὗ,</span> <span class='ocrx_word' id='word_1_713' title='bbox 1505 4981 1584 5053; x_wconf 83' lang='grc' dir='ltr'><strong>τῷ</strong></span> <span class='ocrx_word' id='word_1_714' title='bbox 1618 4982 1794 5054; x_wconf 77' lang='grc' dir='ltr'>Πατρὶ</span> <span class='ocrx_word' id='word_1_715' title='bbox 1836 4979 1984 5045; x_wconf 76' lang='grc' dir='ltr'>δόξα,</span> 
     </span>
    </p>
   </div>
   <div class='ocr_carea' id='block_1_98' title="bbox 407 5066 1986 5148">
    <p class='ocr_par' dir='ltr' id='par_1_98' title="bbox 407 5066 1986 5148">
     <span class='ocr_line' id='line_1_98' title="bbox 407 5066 1986 5148; baseline -0.003 -19"><span class='ocrx_word' id='word_1_716' title='bbox 407 5077 524 5147; x_wconf 72' lang='grc' dir='ltr'>ἃμα</span> <span class='ocrx_word' id='word_1_717' title='bbox 565 5092 629 5129; x_wconf 78' lang='grc' dir='ltr'>τι</span> <span class='ocrx_word' id='word_1_718' title='bbox 678 5066 756 5147; x_wconf 64' lang='grc' dir='ltr'>τῷ</span> <span class='ocrx_word' id='word_1_719' title='bbox 792 5077 935 5148; x_wconf 80' lang='grc' dir='ltr'>ἁγίῳ</span> <span class='ocrx_word' id='word_1_720' title='bbox 977 5076 1292 5147; x_wconf 65' lang='grc' dir='ltr'>’Πνεύματν</span> <span class='ocrx_word' id='word_1_721' title='bbox 1343 5074 1436 5129; x_wconf 79' lang='grc' dir='ltr'>νῦν</span> <span class='ocrx_word' id='word_1_722' title='bbox 1477 5075 1571 5128; x_wconf 76' lang='grc' dir='ltr'><strong>καὶ</strong></span> <span class='ocrx_word' id='word_1_723' title='bbox 1615 5074 1735 5139; x_wconf 79' lang='grc' dir='ltr'>ἀεὶ,</span> <span class='ocrx_word' id='word_1_724' title='bbox 1763 5074 1858 5128; x_wconf 74' lang='grc' dir='ltr'><strong>καὶ</strong></span> <span class='ocrx_word' id='word_1_725' title='bbox 1906 5074 1986 5136; x_wconf 88' lang='grc' dir='ltr'><strong>εἰς</strong></span> 
     </span>
    </p>
   </div>
   <div class='ocr_carea' id='block_1_99' title="bbox 406 5158 1986 5238">
    <p class='ocr_par' dir='ltr' id='par_1_99' title="bbox 406 5158 1986 5238">
     <span class='ocr_line' id='line_1_99' title="bbox 406 5158 1986 5238; baseline -0.002 -18"><span class='ocrx_word' id='word_1_726' title='bbox 406 5166 610 5230; x_wconf 81' lang='grc' dir='ltr'>αἰῶνας</span> <span class='ocrx_word' id='word_1_727' title='bbox 658 5164 766 5219; x_wconf 83' lang='grc' dir='ltr'>τῶν</span> <span class='ocrx_word' id='word_1_728' title='bbox 815 5164 1046 5221; x_wconf 90' lang='grc' dir='ltr'>αἰώνων.</span> <span class='ocrx_word' id='word_1_729' title='bbox 1083 5166 1256 5238; x_wconf 81' lang='grc' dir='ltr'>’Δμήν</span> <span class='ocrx_word' id='word_1_730' title='bbox 1290 5163 1412 5238; x_wconf 65' lang='grc' dir='ltr'><strong>[ἀέλ.</strong></span> <span class='ocrx_word' id='word_1_731' title='bbox 1442 5158 1488 5233; x_wconf 80' lang='grc' dir='ltr'><strong>ᾧ</strong></span> <span class='ocrx_word' id='word_1_732' title='bbox 1528 5167 1561 5235; x_wconf 87' lang='grc' dir='ltr'>ή</span> <span class='ocrx_word' id='word_1_733' title='bbox 1606 5164 1750 5230; x_wconf 80' lang='grc' dir='ltr'>δόξα,</span> <span class='ocrx_word' id='word_1_734' title='bbox 1794 5164 1888 5218; x_wconf 77' lang='grc' dir='ltr'><strong>καὶ</strong></span> <span class='ocrx_word' id='word_1_735' title='bbox 1924 5164 1986 5217; x_wconf 85' lang='grc' dir='ltr'><strong>τὸ</strong></span> 
     </span>
    </p>
   </div>
   <div class='ocr_carea' id='block_1_100' title="bbox 407 5256 1771 5331">
    <p class='ocr_par' dir='ltr' id='par_1_100' title="bbox 407 5256 1771 5331">
     <span class='ocr_line' id='line_1_100' title="bbox 407 5256 1771 5331; baseline -0.001 -19"><span class='ocrx_word' id='word_1_736' title='bbox 407 5260 628 5331; x_wconf 85' lang='grc' dir='ltr'>κράτος,</span> <span class='ocrx_word' id='word_1_737' title='bbox 660 5259 743 5323; x_wconf 87' lang='grc' dir='ltr'><strong>εἰς</strong></span> <span class='ocrx_word' id='word_1_738' title='bbox 774 5259 900 5322; x_wconf 79' lang='grc' dir='ltr'>τοὺς</span> <span class='ocrx_word' id='word_1_739' title='bbox 927 5257 1128 5323; x_wconf 84' lang='grc' dir='ltr'>αἰῶνας</span> <span class='ocrx_word' id='word_1_740' title='bbox 1154 5256 1262 5313; x_wconf 84' lang='grc' dir='ltr'><strong>τῶν</strong></span> <span class='ocrx_word' id='word_1_741' title='bbox 1285 5257 1513 5313; x_wconf 87' lang='grc' dir='ltr'>αἰώνων.</span> <span class='ocrx_word' id='word_1_742' title='bbox 1553 5256 1771 5330; x_wconf 80' lang='grc' dir='ltr'><strong>Ἀμήν].</strong></span> 
     </span>
    </p>
   </div>
   <div class='ocr_carea' id='block_1_101' title="bbox 2091 4704 3672 4778">
    <p class='ocr_par' dir='ltr' id='par_1_101' title="bbox 2091 4704 3672 4778">
     <span class='ocr_line' id='line_1_101' title="bbox 2091 4704 3672 4778; baseline -0.001 -15"><span class='ocrx_word' id='word_1_743' title='bbox 2091 4708 2144 4763; x_wconf 91' lang='lat' dir='ltr'><strong>in</strong></span> <span class='ocrx_word' id='word_1_744' title='bbox 2186 4716 2282 4763; x_wconf 90' lang='lat' dir='ltr'><strong>tuo</strong></span> <span class='ocrx_word' id='word_1_745' title='bbox 2312 4717 2470 4762; x_wconf 89' lang='lat' dir='ltr'><strong>utero</strong></span> <span class='ocrx_word' id='word_1_746' title='bbox 2502 4706 2845 4761; x_wconf 86' lang='lat' dir='ltr'><strong>nativitatem</strong></span> <span class='ocrx_word' id='word_1_747' title='bbox 2888 4705 3072 4776; x_wconf 88' lang='lat' dir='ltr'><strong>magni</strong></span> <span class='ocrx_word' id='word_1_748' title='bbox 3122 4704 3284 4777; x_wconf 73' lang='lat' dir='ltr'><strong>Regis</strong></span> <span class='ocrx_word' id='word_1_749' title='bbox 3314 4707 3541 4778; x_wconf 79' lang='lat' dir='ltr'><strong>peregit.</strong></span> <span class='ocrx_word' id='word_1_750' title='bbox 3566 4706 3672 4762; x_wconf 91' lang='lat' dir='ltr'><strong>Per</strong></span> 
     </span>
    </p>
   </div>
   <div class='ocr_carea' id='block_1_102' title="bbox 2088 4793 3670 4867">
    <p class='ocr_par' dir='ltr' id='par_1_102' title="bbox 2088 4793 3670 4867">
     <span class='ocr_line' id='line_1_102' title="bbox 2088 4793 3670 4867; baseline 0.001 -18"><span class='ocrx_word' id='word_1_751' title='bbox 2088 4801 2165 4861; x_wconf 86' lang='lat' dir='ltr'><strong>te,</strong></span> <span class='ocrx_word' id='word_1_752' title='bbox 2195 4810 2229 4850; x_wconf 90' lang='grc' dir='ltr'><strong>ο</strong></span> <span class='ocrx_word' id='word_1_753' title='bbox 2273 4797 2447 4867; x_wconf 82' lang='lat' dir='ltr'><strong>gratia</strong></span> <span class='ocrx_word' id='word_1_754' title='bbox 2500 4795 2681 4866; x_wconf 90' lang='lat' dir='ltr'><strong>plena,</strong></span> <span class='ocrx_word' id='word_1_755' title='bbox 2718 4793 2959 4851; x_wconf 87' lang='lat' dir='ltr'><strong>Trinitas</strong></span> <span class='ocrx_word' id='word_1_756' title='bbox 2992 4803 3181 4851; x_wconf 86' lang='lat' dir='ltr'><strong>sancta</strong></span> <span class='ocrx_word' id='word_1_757' title='bbox 3215 4804 3269 4850; x_wconf 92' lang='lat' dir='ltr'><strong>et</strong></span> <span class='ocrx_word' id='word_1_758' title='bbox 3305 4798 3670 4853; x_wconf 86' lang='lat' dir='ltr'><strong>consubstan-</strong></span> 
     </span>
    </p>
   </div>
   <div class='ocr_carea' id='block_1_103' title="bbox 2088 4886 3672 4959">
    <p class='ocr_par' dir='ltr' id='par_1_103' title="bbox 2088 4886 3672 4959">
     <span class='ocr_line' id='line_1_103' title="bbox 2088 4886 3672 4959; baseline 0 -16"><span class='ocrx_word' id='word_1_759' title='bbox 2088 4888 2233 4943; x_wconf 88' lang='lat' dir='ltr'><strong>tialis</strong></span> <span class='ocrx_word' id='word_1_760' title='bbox 2284 4888 2337 4942; x_wconf 89' lang='lat' dir='ltr'><strong>in</strong></span> <span class='ocrx_word' id='word_1_761' title='bbox 2392 4888 2603 4944; x_wconf 86' lang='lat' dir='ltr'><strong>mundo</strong></span> <span class='ocrx_word' id='word_1_762' title='bbox 2640 4889 3016 4959; x_wconf 77' lang='lat' dir='ltr'><strong>cognoscitur.</strong></span> <span class='ocrx_word' id='word_1_763' title='bbox 3064 4886 3294 4952; x_wconf 81' lang='lat' dir='ltr'><strong>Tecum,</strong></span> <span class='ocrx_word' id='word_1_764' title='bbox 3344 4896 3401 4944; x_wconf 91' lang='lat' dir='ltr'><strong>et</strong></span> <span class='ocrx_word' id='word_1_765' title='bbox 3445 4903 3545 4945; x_wconf 87' lang='lat' dir='ltr'><strong>nos</strong></span> <span class='ocrx_word' id='word_1_766' title='bbox 3586 4890 3672 4944; x_wconf 83' lang='lat' dir='ltr'><strong>di-</strong></span> 
     </span>
    </p>
   </div>
   <div class='ocr_carea' id='block_1_104' title="bbox 2089 4980 3683 5052">
    <p class='ocr_par' dir='ltr' id='par_1_104' title="bbox 2089 4980 3683 5052">
     <span class='ocr_line' id='line_1_104' title="bbox 2089 4980 3683 5052; baseline 0.001 -17"><span class='ocrx_word' id='word_1_767' title='bbox 2089 4995 2258 5051; x_wconf 86' lang='lat' dir='ltr'><strong>gnare</strong></span> <span class='ocrx_word' id='word_1_768' title='bbox 2291 4980 2583 5051; x_wconf 87' lang='lat' dir='ltr'><strong>participes</strong></span> <span class='ocrx_word' id='word_1_769' title='bbox 2615 4980 2827 5037; x_wconf 81' lang='lat' dir='ltr'><strong>eliicere</strong></span> <span class='ocrx_word' id='word_1_770' title='bbox 2879 4980 3133 5051; x_wconf 73' lang='lat' dir='ltr'><strong>perfecta:</strong></span> <span class='ocrx_word' id='word_1_771' title='bbox 3184 4989 3290 5035; x_wconf 71' lang='lat' dir='ltr'><strong>tua:</strong></span> <span class='ocrx_word' id='word_1_772' title='bbox 3342 4983 3557 5052; x_wconf 63' lang='lat' dir='ltr'><strong>gratiae,</strong></span> <span class='ocrx_word' id='word_1_773' title='bbox 3609 4982 3683 5037; x_wconf 76' lang='lat' dir='ltr'><strong>in.</strong></span> 
     </span>
    </p>
   </div>
   <div class='ocr_carea' id='block_1_105' title="bbox 2092 5072 3665 5145">
    <p class='ocr_par' dir='ltr' id='par_1_105' title="bbox 2092 5072 3665 5145">
     <span class='ocr_line' id='line_1_105' title="bbox 2092 5072 3665 5145; baseline 0 -17"><span class='ocrx_word' id='word_1_774' title='bbox 2092 5072 2315 5128; x_wconf 81' lang='lat' dir='ltr'><strong>Christo</strong></span> <span class='ocrx_word' id='word_1_775' title='bbox 2343 5072 2474 5129; x_wconf 73' lang='lat' dir='ltr'><strong>Jesu</strong></span> <span class='ocrx_word' id='word_1_776' title='bbox 2515 5073 2750 5131; x_wconf 85' lang='lat' dir='ltr'><strong>Domino</strong></span> <span class='ocrx_word' id='word_1_777' title='bbox 2779 5084 2969 5130; x_wconf 88' lang='lat' dir='ltr'><strong>nostro</strong></span> <span class='ocrx_word' id='word_1_778' title='bbox 2997 5094 3010 5130; x_wconf 85' lang='lat'><strong>:</strong></span> <span class='ocrx_word' id='word_1_779' title='bbox 3041 5091 3164 5131; x_wconf 90' lang='lat' dir='ltr'><strong>cum</strong></span> <span class='ocrx_word' id='word_1_780' title='bbox 3204 5090 3335 5145; x_wconf 92' lang='lat' dir='ltr'><strong>quo,</strong></span> <span class='ocrx_word' id='word_1_781' title='bbox 3366 5072 3512 5128; x_wconf 90' lang='lat' dir='ltr'><strong>Patri</strong></span> <span class='ocrx_word' id='word_1_782' title='bbox 3544 5074 3665 5145; x_wconf 84' lang='lat' dir='ltr'><strong>glo-</strong></span> 
     </span>
    </p>
   </div>
   <div class='ocr_carea' id='block_1_106' title="bbox 2093 5165 3685 5236">
    <p class='ocr_par' dir='ltr' id='par_1_106' title="bbox 2093 5165 3685 5236">
     <span class='ocr_line' id='line_1_106' title="bbox 2093 5165 3685 5236; baseline 0.001 -17"><span class='ocrx_word' id='word_1_783' title='bbox 2093 5165 2195 5232; x_wconf 86' lang='lat' dir='ltr'><strong>ria,</strong></span> <span class='ocrx_word' id='word_1_784' title='bbox 2221 5165 2496 5236; x_wconf 88' lang='lat' dir='ltr'><strong>simulque</strong></span> <span class='ocrx_word' id='word_1_785' title='bbox 2539 5165 2767 5235; x_wconf 75' lang='lat' dir='ltr'><strong>Spiritui</strong></span> <span class='ocrx_word' id='word_1_786' title='bbox 2818 5181 3027 5233; x_wconf 88' lang='lat' dir='ltr'><strong>sancto,</strong></span> <span class='ocrx_word' id='word_1_787' title='bbox 3056 5182 3200 5221; x_wconf 85' lang='lat' dir='ltr'><strong>nunc</strong></span> <span class='ocrx_word' id='word_1_788' title='bbox 3242 5176 3296 5223; x_wconf 91' lang='lat' dir='ltr'><strong>et</strong></span> <span class='ocrx_word' id='word_1_789' title='bbox 3333 5179 3571 5235; x_wconf 83' lang='lat' dir='ltr'><strong>semper,</strong></span> <span class='ocrx_word' id='word_1_790' title='bbox 3611 5176 3685 5221; x_wconf 78' lang='lat' dir='ltr'><strong>et.</strong></span> 
     </span>
    </p>
   </div>
   <div class='ocr_carea' id='block_1_107' title="bbox 2092 5257 3686 5331">
    <p class='ocr_par' dir='ltr' id='par_1_107' title="bbox 2092 5257 3686 5331">
     <span class='ocr_line' id='line_1_107' title="bbox 2092 5257 3686 5331; baseline 0.003 -21"><span class='ocrx_word' id='word_1_791' title='bbox 2092 5257 2162 5312; x_wconf 53' lang='lat' dir='ltr'><strong>in.</strong></span> <span class='ocrx_word' id='word_1_792' title='bbox 2180 5258 2375 5314; x_wconf 71' lang='lat' dir='ltr'><strong>saecula</strong></span> <span class='ocrx_word' id='word_1_793' title='bbox 2420 5258 2771 5315; x_wconf 66' lang='lat' dir='ltr'><strong>saeculorum.</strong></span> <span class='ocrx_word' id='word_1_794' title='bbox 2803 5257 2975 5314; x_wconf 83' lang='lat' dir='ltr'><strong>Amen</strong></span> <span class='ocrx_word' id='word_1_795' title='bbox 3021 5257 3119 5331; x_wconf 83' lang='grc' dir='ltr'><strong>[αι.</strong></span> <span class='ocrx_word' id='word_1_796' title='bbox 3168 5259 3252 5315; x_wconf 90' lang='lat' dir='ltr'><strong>cui</strong></span> <span class='ocrx_word' id='word_1_797' title='bbox 3289 5257 3462 5327; x_wconf 77' lang='lat' dir='ltr'><strong>gloria</strong></span> <span class='ocrx_word' id='word_1_798' title='bbox 3485 5267 3539 5325; x_wconf 75' lang='lat' dir='ltr'><strong>et,</strong></span> <span class='ocrx_word' id='word_1_799' title='bbox 3568 5271 3686 5328; x_wconf 14' lang='lat' dir='ltr'><strong>po-a</strong></span> 
     </span>
    </p>
   </div>
   <div class='ocr_carea' id='block_1_108' title="bbox 2091 5347 3200 5419">
    <p class='ocr_par' dir='ltr' id='par_1_108' title="bbox 2091 5347 3200 5419">
     <span class='ocr_line' id='line_1_108' title="bbox 2091 5347 3200 5419; baseline -0.004 -15"><span class='ocrx_word' id='word_1_800' title='bbox 2091 5350 2284 5417; x_wconf 87' lang='lat' dir='ltr'><strong>tentia,</strong></span> <span class='ocrx_word' id='word_1_801' title='bbox 2311 5351 2366 5406; x_wconf 92' lang='lat' dir='ltr'><strong>in</strong></span> <span class='ocrx_word' id='word_1_802' title='bbox 2391 5351 2590 5407; x_wconf 69' lang='lat' dir='ltr'><strong>saecula</strong></span> <span class='ocrx_word' id='word_1_803' title='bbox 2612 5349 2957 5407; x_wconf 63' lang='lat' dir='ltr'><strong>saeculorum.</strong></span> <span class='ocrx_word' id='word_1_804' title='bbox 2981 5347 3200 5419; x_wconf 78' lang='lat' dir='ltr'><strong>Amen].</strong></span> 
     </span>
    </p>
   </div>
   <div class='ocr_carea' id='block_1_109' title="bbox 477 5503 3690 5582">
    <p class='ocr_par' dir='ltr' id='par_1_109' title="bbox 477 5503 3690 5582">
     <span class='ocr_line' id='line_1_109' title="bbox 477 5503 3690 5582; baseline -0.001 -17"><span class='ocrx_word' id='word_1_805' title='bbox 477 5514 523 5582; x_wconf 51' lang='grc' dir='ltr'><strong>ἒξ</strong></span> <span class='ocrx_word' id='word_1_806' title='bbox 555 5508 699 5566; x_wconf 81' lang='lat' dir='ltr'><strong>Psal.</strong></span> <span class='ocrx_word' id='word_1_807' title='bbox 729 5510 1010 5582; x_wconf 43' lang='grc' dir='ltr'>μιαί-θη</span> <span class='ocrx_word' id='word_1_808' title='bbox 1093 5511 1138 5543; x_wconf 79' lang='grc'><strong>⁸⁸</strong></span> <span class='ocrx_word' id='word_1_809' title='bbox 1163 5510 1298 5567; x_wconf 68' lang='lat' dir='ltr'><strong>Gen.</strong></span> <span class='ocrx_word' id='word_1_810' title='bbox 1331 5529 1469 5573; x_wconf 78' lang='lat' dir='ltr'><strong>xvn;</strong></span> <span class='ocrx_word' id='word_1_811' title='bbox 1498 5511 1672 5582; x_wconf 23' lang='lat' dir='ltr'><strong>,Psal.</strong></span> <span class='ocrx_word' id='word_1_812' title='bbox 1698 5527 1821 5579; x_wconf 83' lang='lat' dir='ltr'><strong>etv;</strong></span> <span class='ocrx_word' id='word_1_813' title='bbox 1877 5511 2038 5570; x_wconf 77' lang='lat' dir='ltr'><strong>Rom.</strong></span> <span class='ocrx_word' id='word_1_814' title='bbox 2068 5529 2165 5582; x_wconf 84' lang='lat' dir='ltr'><strong>Iv;</strong></span> <span class='ocrx_word' id='word_1_815' title='bbox 2208 5512 2327 5569; x_wconf 80' lang='lat' dir='ltr'><strong>Act.</strong></span> <span class='ocrx_word' id='word_1_816' title='bbox 2358 5528 2453 5568; x_wconf 88' lang='lat' dir='ltr'><strong>vn.</strong></span> <span class='ocrx_word' id='word_1_817' title='bbox 2568 5511 2610 5543; x_wconf 80' lang='lat'><strong>&quot;</strong></span> <span class='ocrx_word' id='word_1_818' title='bbox 2649 5508 2780 5566; x_wconf 84' lang='lat' dir='ltr'><strong>Luc.</strong></span> <span class='ocrx_word' id='word_1_819' title='bbox 2820 5524 2882 5572; x_wconf 85' lang='grc' dir='ltr'><strong>ιι,</strong></span> <span class='ocrx_word' id='word_1_820' title='bbox 2914 5506 2962 5559; x_wconf 89' lang='lat'><strong>7.</strong></span> <span class='ocrx_word' id='word_1_821' title='bbox 3080 5507 3123 5538; x_wconf 86' lang='grc'><strong>³¹</strong></span> <span class='ocrx_word' id='word_1_822' title='bbox 3165 5504 3308 5561; x_wconf 84' lang='lat' dir='ltr'><strong>Psal.</strong></span> <span class='ocrx_word' id='word_1_823' title='bbox 3362 5520 3560 5574; x_wconf 71' lang='grc' dir='ltr'>ιιιιιι,</span> <span class='ocrx_word' id='word_1_824' title='bbox 3606 5503 3690 5562; x_wconf 63' lang='lat'><strong>2..</strong></span> 
     </span>
    </p>
   </div>
   <div class='ocr_carea' id='block_1_110' title="bbox 408 5580 1831 5655">
    <p class='ocr_par' dir='ltr' id='par_1_110' title="bbox 408 5580 1831 5655">
     <span class='ocr_line' id='line_1_110' title="bbox 408 5580 1831 5655; baseline 0.004 -21"><span class='ocrx_word' id='word_1_825' title='bbox 408 5580 450 5611; x_wconf 77' lang='lat'>”</span> <span class='ocrx_word' id='word_1_826' title='bbox 484 5581 674 5655; x_wconf 77' lang='lat' dir='ltr'><strong>Matth.</strong></span> <span class='ocrx_word' id='word_1_827' title='bbox 700 5597 762 5639; x_wconf 75' lang='grc' dir='ltr'>ιι.</span> <span class='ocrx_word' id='word_1_828' title='bbox 841 5580 889 5616; x_wconf 66' lang='grc'><strong>³⁸</strong></span> <span class='ocrx_word' id='word_1_829' title='bbox 910 5580 956 5636; x_wconf 92' lang='lat' dir='ltr'><strong>ll</strong></span> <span class='ocrx_word' id='word_1_830' title='bbox 975 5580 1103 5639; x_wconf 85' lang='lat' dir='ltr'><strong>Cor.</strong></span> <span class='ocrx_word' id='word_1_831' title='bbox 1133 5597 1258 5651; x_wconf 82' lang='lat' dir='ltr'><strong>vm,</strong></span> <span class='ocrx_word' id='word_1_832' title='bbox 1285 5583 1339 5638; x_wconf 92' lang='lat'><strong>9.</strong></span> <span class='ocrx_word' id='word_1_833' title='bbox 1418 5583 1463 5615; x_wconf 85' lang='grc'><strong>³⁸</strong></span> <span class='ocrx_word' id='word_1_834' title='bbox 1492 5581 1623 5640; x_wconf 87' lang='lat' dir='ltr'><strong>Luc.</strong></span> <span class='ocrx_word' id='word_1_835' title='bbox 1650 5599 1713 5651; x_wconf 87' lang='grc' dir='ltr'><strong>ιι,</strong></span> <span class='ocrx_word' id='word_1_836' title='bbox 1742 5582 1831 5639; x_wconf 80' lang='grc'><strong>51.</strong></span> 
     </span>
    </p>
   </div>
   <div class='ocr_carea' id='block_1_111' title="bbox 985 5684 1498 5740">
    <p class='ocr_par' dir='ltr' id='par_1_111' title="bbox 985 5684 1498 5740">
     <span class='ocr_line' id='line_1_111' title="bbox 985 5684 1498 5740; baseline 0 -47"><span class='ocrx_word' id='word_1_837' title='bbox 985 5684 997 5693; x_wconf 92' lang='grc'><strong><em>.</em></strong></span> <span class='ocrx_word' id='word_1_838' title='bbox 1202 5723 1208 5729; x_wconf 11' lang='grc' dir='ltr'><strong>ἢ</strong></span> <span class='ocrx_word' id='word_1_839' title='bbox 1474 5687 1498 5740; x_wconf 37' lang='grc' dir='ltr'><strong>ι</strong></span> 
     </span>
    </p>
   </div>
  </div>
