4100 6432
1066 459 1126 513 S.
1171 459 1501 515 GREGORII
1544 458 1897 514 ΤΠΑΙΞΜΑΤ.
1939 458 1978 512 0

2083 502 2085 511 .
2128 458 2305 513 PARS
2345 457 2640 514 ALTERA.
2676 488 2744 497 —
2778 456 3004 513 DUBIA.

3522 453 3658 507 H79

3271 612 3647 628 -α-α-

1653 766 2182 857 HOMILIA
2256 770 2444 857 Ill.

1285 958 1354 1017 In
1394 956 1900 1019 Annuntiatione
1933 963 2164 1019 sancite
2204 957 2489 1037 Virginis
2525 958 2761 1020 Marias.

420 1236 671 1308 Ejusdem
699 1236 870 1314 sancti
891 1233 1132 1314 Gregorii
1156 1236 1385 1314 episcopi
1414 1233 1808 1314 Νοοιςιιτιιιιπξαι⁸
1822 1236 1978 1314 fitqu-

2104 1233 2213 1288 Τοῦ
2239 1233 2425 1314 αὐτοῦ
2467 1234 2640 1314 ἁγίου
2681 1235 3027 1314 Γρηγορίου-
3054 1236 3660 1314 ἐπισκοπορῇΝεοκαι-

482 1307 837 1388 iiiatargi,"in
864 1305 1342 1388 :Anuaiitiationem
1376 1306 1727 1388 sanctissima:
1764 1306 1862 1361 Dei
1897 1306 2028 1388 Ge-_

486 1373 690 1435 uitrici}
734 1375 957 1445 Virginis
984 1374 1191 1440 Merito,
1220 1391 1390 1429 sermo
1418 1373 1537 1429 ΙΙΙ.

484 1555 695 1612 Rursus
726 1557 866 1610 bona
895 1556 1179 1627 faustaque
1206 1557 1385 1626 gaudii
1431 1557 1621 1609 nuntia
1643 1597 1658 1619 ,
1708 1572 1899 1612 rursus
1926 1557 1994 1610 li-

411 1648 635 1705 bertatis
660 1648 879 1714 indicia,
904 1665 1099 1703 rursus
1134 1650 1407 1703 revocatio
1433 1688 1448 1712 ,
1497 1664 1690 1702 rursus
1733 1649 1989 1711 reversio,

409 1755 599 1795 rursus
620 1738 817 1793 laetitia:
840 1740 1152 1805 promissio,
1176 1753 1370 1793 rursus
1390 1754 1420 1791 a
1444 1737 1701 1792 servitute
1723 1736 1987 1790 liberatio.

406 1830 647 1902 Angelus
669 1846 793 1885 cum
828 1829 1051 1900 Virgine
1078 1830 1321 1901 loquitur
1348 1850 1361 1884 :
1394 1840 1453 1885 ut
1481 1846 1589 1885 non
1612 1829 1842 1899 amplius
1866 1845 1988 1884 cum

408 1924 637 1978 muliere
671 1938 898 1993 serpens
927 1924 1200 1989 loquatur.
1241 1922 1417 1977 Mense
1447 1932 1614 1987 sexto,
1644 1922 1839 1993 inquit,
1870 1923 1990 1974 mis-

406 2032 497 2070 sus
530 2026 606 2070 est
635 2016 850 2086 angelus
882 2013 1097 2070 Gabriel
1129 2033 1161 2069 a
1192 2016 1302 2070 Deo
1334 2017 1403 2069 ad
1431 2017 1681 2086 virginem
1704 2015 1990 2084 desponsa-

407 2118 519 2161 tam
558 2108 669 2161 viro
693 2107 760 2161 ⁸⁸.
792 2095 994 2162 Missus
1018 2117 1103 2161 est
1134 2106 1373 2171 Gabriel,
1406 2121 1465 2161 ut
1499 2107 1666 2161 totius
1688 2106 1875 2160 mundi
1903 2121 1989 2160 sa-

406 2196 572 2251 lutem
591 2199 956 2252 annuntiaret.
982 2197 1181 2252 Missus
1197 2207 1277 2252 est
1294 2196 1531 2261 Gabriel,
1551 2206 1609 2250 ut
1625 2196 1986 2251 revocationis

408 2286 868 2356 subscriptionem
883 2287 1089 2341 Adamo
1108 2286 1362 2341 deferret.
1384 2284 1586 2342 Missus
1610 2297 1693 2342 est
1716 2287 1783 2341 ad
1821 2288 1987 2356 virgi-

405 2391 530 2431 nem
556 2376 796 2444 Gabriel,
837 2386 896 2432 ut
932 2378 1181 2432 mulieris
1226 2376 1580 2447 ignominiam
1628 2376 1680 2429 in
1722 2377 1984 2431 honorem

404 2477 789 2524 commutaret.
837 2468 1036 2523 Missus
1088 2479 1173 2523 est
1221 2467 1476 2530 Gabriel,
1529 2475 1589 2520 ut
1624 2467 1846 2536 dignum
1883 2482 1979 2535 pu~

2167 1304 2544 1376 capelacjoﬁ
2575 1305 3050 1374 Θαυματοιιργοῦ,
3076 1308 3162 1371 εις
3191 1305 3297 1359 τὸν
3333 1308 3652 1376 Edon-recli-

2163 1374 2321 1446 σμόν
2366 1371 2475 1441 τῆς
2508 1371 2815 1446 aurai-lac
2863 1371 3146 1429 Θέοτόκου
3190 1371 3514 1444 Παρθένον
3547 1376 3657 1446 τῆς

2160 1443 2409 1511 Μαρίας,
2440 1445 2621 1511 λόγος
2650 1445 2858 1511 τρίτος.
3279 1443 3286 1444 ί
3608 1443 3616 1446 ’
3708 1458 3711 1461 ‘

2163 1554 2328 1609 Πάλιν
2372 1557 2545 1626 χαρᾶς
2591 1556 2913 1625 εὐαγγέλια,
2949 1557 3108 1611 πάλιν
3151 1546 3457 1631 ἐλευθερίας
3489 1526 3657 1630 μηνύ⁴

2097 1663 2241 1716 ματα
2261 1687 2275 1709 ,
2324 1645 2485 1700 πάλιν
2534 1646 2849 1716 ἀνάκλησις,
2880 1647 3038 1701 πάλιν
3074 1649 3347 1714 ἐπάνοδος,
3381 1650 3540 1703 πάλιν
3569 1651 3659 1702 εὐ-

2093 1737 2366 1810 φροσύνης
2381 1737 2699 1806 ἐπαγγελία,
2716 1738 2875 1792 πάλιν
2891 1738 3127 1804 δουλείας
3141 1742 3445 1813 ἀπαλλαγή.
3468 1743 3660 1811 Ἀγγε-

2090 1826 2179 1890 λος
2202 1826 2338 1897 μετὰ
2361 1827 2636 1899 Παρθένου
2653 1826 2818 1881 λαλεῖ·
2839 1829 2925 1881 ἴνα
2964 1830 3160 1900 μηκέτι
3188 1833 3404 1899 γυναικὶ
3420 1833 3657 1903 ὁμιλήσῃ

2089 1922 2117 1971 6
2135 1919 2276 1988 δφις.
2302 1917 2385 1984 Τῷ
2404 1919 2549 1989 μηνὶ
2572 1918 2652 1984 τῷ
2676 1919 2843 1985 ἕκτῳ,
2866 1922 3049 1993 φησιν,
3077 1922 3395 1991 ἀπεστάλη
3427 1927 3459 1977 ό
3488 1923 3657 1993 ἅγγε-

2089 2014 2197 2077 λος
2220 2011 2483 2079 Γαϐριὴλ
2508 2011 2626 2066 ὑπὸ
2654 2012 2758 2065 τοῦ
2778 2013 2924 2066 Θεοῦ
2952 2014 3100 2081 πρὸς
3130 2013 3427 2082 παρθένον
3432 2031 3657 2084 μεμνηο
3763 2048 3787 2076 η

2091 2102 2430 2172 στευμένην
2445 2102 2633 2167 ἀνδρί.
2664 2104 2967 2176 Ἀπεστάλη
2991 2105 3247 2178 Γαϐριὴλ,
3270 2107 3369 2178 τὴν
3411 2106 3656 2176 παγκόσ-

2093 2211 2211 2263 μιον
2226 2192 2458 2268 μηνβσαι
2492 2194 2781 2266 σωτηρίαν.
2800 2195 3097 2267 Ἀπεστάλη
3116 2196 3374 2267 Γαϐριὴλ,
3387 2197 3563 2268 φέρων
3577 2192 3655 2266 τῷ

2101 2284 2270 2355 Ἀδάμ
2293 2284 2614 2361 ὑπογραφὴν
2666 2286 3029 2357 ἀνακλήσεως.
3079 2286 3378 2359 Ἀπεστάλη
3422 2285 3659 2357 Γαϐριὴλ

2087 2377 2222 2449 πρὸς
2233 2377 2518 2449 παρθένονσ
2537 2377 2622 2429 ἵνα
2633 2377 2729 2448 τὴν
2739 2379 2959 2448 ἀτιμίαν
2974 2379 3075 2449 τῆς
3091 2377 3395 2449 θήλυος[ῑσ.
3413 2375 3655 2449 θηλείας]
3742 2422 3755 2432 .

2086 2471 2166 2532 εἰς
2198 2467 2362 2539 τιμὴν
2402 2468 2710 2542 μεταϐάλῃ.
2754 2469 3053 2540 Ἀπεστάλη
3088 2468 3348 2540 Γαϐριὴλ,
3382 2467 3530 2533 ἄξιον
3570 2468 3659 2521 εὐ-

403 2560 627 2616 rissimo
643 2575 843 2630 sponso
862 2560 1157 2613 thalamum
1176 2570 1412 2629 pararet.
1429 2557 1627 2614 Missus
1643 2566 1727 2612 est
1740 2556 1976 2620 Gabriel,

2083 2558 2335 2630 τρεπίσαι
2383 2556 2462 2628 τῷ
2514 2557 2738 2629 καθαρῷ
2789 2558 3005 2629 νυμφίῳ
3054 2559 3143 2612 τὸν
3190 2558 3445 2635 θάλαμον.
3499 2558 3657 2612 Ἀπε-

402 2662 465 2709 ut
495 2654 636 2708 inter
669 2664 973 2709 creaturam
1010 2664 1064 2708 et
1091 2654 1406 2709 Creatorem
1452 2654 1727 2724 sponsalia
1761 2662 1976 2708 contra-

403 2744 575 2800 heret.
602 2743 802 2800 Missus
829 2754 912 2800 est
936 2743 1152 2799 Gabriel
1186 2745 1253 2798 ad
1290 2745 1589 2805 animatum
1626 2743 1786 2815 Regis
1815 2760 1978 2815 ange—

402 2837 581 2892 lorum
621 2837 903 2907 palatium.
948 2836 1150 2891 Missus
1193 2846 1277 2892 est
1318 2836 1537 2892 Gabriel
1576 2837 1640 2892 ad
1682 2838 1974 2908 virginem,
2014 2904 2015 2909 η

401 2927 787 2997 desponsatam
839 2927 1059 2998 quidem
1099 2926 1335 2998 Joseph,
1384 2929 1477 2983 sed
1524 2927 1652 2984 Jesu
1702 2929 1839 2985 Filio
1881 2929 1975 2985 Dei

400 3014 927 3075 servatam.Missus
954 3028 1040 3075 est
1068 3035 1257 3074 servus
1285 3020 1641 3088 incorporeus
1692 3022 1758 3076 ad
1806 3022 1977 3093 virgi-
2018 3078 2030 3085 ,

403 3127 525 3167 nem
566 3112 881 3166 inviolatam
910 3121 1073 3182 atque
1114 3112 1544 3167 immaculatam.
1590 3111 1789 3169 Missus
1829 3124 1910 3168 est
1946 3130 1975 3167 a

401 3212 623 3271 peccato
648 3201 807 3266 liber,
839 3201 907 3256 ad
942 3218 1063 3257 eam
1087 3215 1220 3272 quae
1256 3204 1436 3258 omnis
1470 3203 1840 3273 corruptionis
1883 3220 1978 3258 ex-

331 3320 341 3331 -
400 3306 524 3361 pcrs
553 3300 687 3346 erat.
739 3290 941 3347 Missus
967 3302 1052 3347 est
1077 3293 1344 3363 lychnus,
1387 3293 1481 3363 qui
1531 3290 1713 3348 Solem
1751 3292 1977 3363 justiti-.9

399 3382 680 3438 indicaret.
714 3381 917 3439 Missus
942 3391 1025 3438 est
1049 3383 1270 3438 diluculi
1296 3385 1474 3447 nitor,
1520 3384 1612 3454 qui
1651 3384 1755 3439 diei
1790 3386 1972 3439 lumen

396 3485 774 3547 praecurreret.
800 3475 1005 3531 Missus
1033 3487 1115 3532 est
1144 3475 1380 3542 Gabriel,
1406 3487 1465 3531 ut
1494 3494 1619 3534 eum
1648 3480 1741 3551 qui
1773 3480 1825 3534 in
1852 3480 1973 3534 sinu

399 3576 484 3621 est
506 3565 705 3629 Patris,
729 3567 893 3622 etiam
927 3568 981 3621 in
1016 3568 1207 3623 matris
1239 3569 1385 3623 ulnis
1416 3569 1756 3639 prmdicaret.
1777 3570 1975 3626 Missus

400 3665 485 3711 est
511 3656 750 3722 Gabriel,
778 3664 837 3709 ut
861 3672 985 3711 eum
1016 3660 1110 3728 qui
1155 3658 1209 3711 in
1247 3657 1385 3713 solio
1422 3659 1677 3724 sedebat,
1724 3661 1885 3716 etiazn
1921 3662 1975 3715 in

398 3746 653 3816 spelunca
677 3746 860 3816 jacere
902 3749 1230 3803 ostenderet.
1279 3748 1479 3805 Missus
1526 3759 1611 3807 est
1652 3752 1841 3818 miles,
1882 3752 1975 3824 qui

400 3837 582 3906 magni
608 3835 770 3907 Regis
799 3840 1116 3910 mysterium
1170 3841 1533 3911 proclamaret
1566 3862 1579 3896 :
1628 3846 1970 3917 mysterium,

2083 2647 2251 2719 στάλη
2299 2647 2568 2719 Γαϐριὴλ,
2598 2647 3007 2717 νυμφεύσασθαι
3053 2648 3112 2702 τὸ
3150 2648 3372 2718 πλάσμα
3408 2647 3487 2719 τῷ
3518 2647 3671 2713 πλάηη

2083 2759 2256 2796 σαντι.
2320 2742 2621 2812 Ἀπεστάλη
2670 2742 2911 2814 Γαϐριὴλ
2967 2743 3103 2814 πρὸς
3147 2725 3226 2823 τὸ,
3258 2741 3500 2812 ἔμψυχον
3557 2741 3653 2795 τοῦ

2079 2831 2354 2896 Βασιλέως
2379 2832 2486 2886 τῶν
2508 2832 2751 2901 ἀγγέλων
2780 2832 3056 2887 παλάτιον.
3093 2832 3393 2903 Ἀπεστάλη
3417 2831 3654 2904 Γαϐριὴλ

2080 2923 2217 2994 πρὸς
2279 2922 2546 2996 παρθένον
2604 2922 3083 2993 μεμνηστευμένην
3137 2922 3235 2993 μὲν
3291 2920 3371 2992 τῷ
3423 2921 3653 2992 Ἰωσὴφ,

2079 2992 2418 3085 τηρουμένην
2544 2992 2621 3084 τῷ
2662 2992 2836 3085 Ἰησοῦ
2868 3012 2993 3083 ,Υἱῷ
3036 2992 3128 3065 τοῦ
3162 3010 3316 3065 Θεοῦ.
3354 3012 3681 3083 Ἀπεστάλην

2079 3104 2263 3169 δοῦλος
2314 3104 2604 3177 ἀσώματος
2650 3107 2788 3178 πρὸς
2832 3105 3109 3177 Παρθένον
3142 3103 3455 3176 ἀμόλυντον.
3496 3106 3655 3158 Ἀπε-

2086 3200 2252 3272 στάλη
2282 3201 2309 3253 ό
2338 3201 2613 3273 ἁμαρτίας
2660 3199 2961 3271 ἐλεύθερος,
2996 3199 3131 3270 πρὸς
3175 3198 3272 3270 τὴν
3304 3197 3509 3270 φθορᾶς
3535 3199 3656 3251 ἁνε-

2081 3295 2349 3347 πίδεκτον.
2409 3293 2712 3364 Ἀπεστάλη
2754 3295 2782 3346 ό
2826 3293 3046 3364 λύχνος,
3093 3292 3311 3363 μηνύων
3348 3292 3441 3345 τὸν
3470 3290 3654 3345 ’Ἥλιον
3700 3302 3705 3305 ‘

2079 3388 2175 3458 τῆς
2221 3386 2580 3459 δικαιοσύνης.
2645 3386 2962 3458 Ἀπεστάλη.
2995 3389 3023 3439 6
3068 3384 3296 3456 ὄρθρος,
3340 3384 3655 3457 προτρέχων

2078 3476 2173 3531 τοῦ
2207 3478 2382 3547 φωτὸς
2426 3479 2522 3550 τῆς
2576 3478 2809 3549 ἡμέρας·
2860 3476 3162 3547 ’Ᾱπεστάλη
3203 3477 3231 3527 6
3268 3474 3528 3546 Γαϐριὴλ,
3557 3492 3656 3544 κη·

2083 3569 2297 3641 ρύσσων
2340 3570 2430 3623 τὸν
2476 3571 2533 3622 ὲν
2580 3569 2798 3633 κόλποις
2842 3568 2933 3621 τοῦ
2969 3568 3230 3638 Πατέρος,
3267 3567 3359 3620 καὶ
3396 3570 3453 3619 ὲν
3483 3566 3652 3634 ἀγκά-

2077 3660 2194 3724 λαις
2228 3662 2327 3731 τῆς
2367 3660 2620 3733 μητέρος.
2675 3660 2983 3735 ’Δπεστάλη
3019 3660 3281 3733 Γαϐριὴλ,
3307 3660 3518 3724 δεικνὺς
3560 3659 3651 3712 τὸν

2078 3750 2137 3803 ὲν
2181 3749 2357 3821 θρόνῳ
2403 3750 2497 3802 καὶ
2537 3750 2595 3802 ὲν
2636 3749 2902 3821 σπηλαίῳ.
2961 3751 3260 3823 Ἀπεστάλη
3294 3752 3649 3823 στρατιώτης,
3704 3759 3713 3769 '

2078 3840 2215 3912 βοῶν
2259 3841 2319 3893 τὸ
2352 3839 2445 3894 τοῦ
2489 3841 2722 3911 μεγάλου
2767 3840 3029 3911 βασιλέως
3069 3843 3399 3915 μυστήριονο
3451 3843 3687 3913 μυστήε

400 3926 644 3997 inquam,
672 3929 816 3999 quod
851 3930 954 3985 ﬁde
975 3918 1357 4001 cognoscitur,
1400 3942 1453 3987 et
1494 3936 1813 3993 curiositate
1863 3954 1972 3993 non

2083 3950 2231 4005 ριον,
2262 3936 2403 4005 φημὶ
2426 3974 2439 3997 ,
2474 3934 2534 3986 τὸ
2580 3934 2758 3987 πίστει
2811 3920 3240 4007 γνωριζόμενον,
3272 3934 3373 3988 οὐκ
3419 3935 3652 4005 ἐρευνῶν

398 4019 719 4091 indagatur;
755 4025 1072 4094 mysterium
1107 4026 1251 4093 quod
1304 4027 1595 4093 atloratur,
1639 4040 1691 4083 et
1735 4030 1974 4087 humano

2086 4042 2245 4096 μενον
2291 4028 2357 4096 τῇ
2408 4024 2925 4097 πολυπραγμοσύνῃ·
2983 4025 3275 4096 μυστήριον
3322 4023 3653 4093 προσκυνούο

397 4110 618 4182 ingenio
656 4127 763 4166 non
793 4115 1156 4183 ponderatur;
1190 4118 1502 4186 mysterium
1530 4120 1673 4189 quod
1697 4120 1895 4177 divinis
1923 4132 1975 4176 et

2085 4135 2263 4188 μενον,
2314 4119 2375 4170 οὐ
2419 4117 2936 4188 ζυγοστατούμενον,
2974 4117 3269 4193 μυστήριον
3301 4116 3653 4187 θεολογούμε-

397 4217 509 4257 non
566 4203 823 4261 humanis
877 4206 1185 4262 rationibus
1222 4210 1565 4278 expenditur.
1609 4211 1786 4265 Mense
1829 4223 1974 4267 sexto

400 4297 596 4350 missus
645 4308 721 4351 est
756 4296 973 4352 Gabriel
1002 4301 1072 4353 ad
1107 4302 1375 4370 virginem.
1406 4302 1509 4355 Sed
1534 4317 1694 4371 quem
1722 4303 1809 4357 hic
1852 4321 1975 4359 sex-

398 4392 516 4438 tum
552 4401 791 4441 mensem
817 4387 983 4442 dicit?
1029 4389 1376 4455 Quemnam?
1406 4389 1559 4445 Illum
1589 4393 1872 4460 nimirum,
1908 4410 1972 4448 ex

314 4488 315 4491 ‘
399 4489 511 4541 quo
536 4474 713 4528 laetum
740 4475 867 4530 illud
892 4476 1169 4533 Elisabeth
1194 4481 1401 4550 accepit
1434 4482 1686 4536 nuntium
1720 4503 1731 4537 :
1763 4501 1828 4537 ex
1858 4500 1968 4554 quo

398 4563 664 4619 Joannem
716 4571 981 4638 concepit.
1037 4569 1104 4624 Et
1154 4572 1448 4655 unde.hoc
1497 4572 1722 4645 planum
1768 4576 1867 4630 lit?
1910 4577 1962 4631 ld

401 4658 633 4726 ipsemet
660 4657 1050 4728 interpretatur
1077 4661 1182 4732 [αι.
1221 4664 1637 4737 interpretetur]
1676 4669 1968 4738 archange-

398 4745 507 4809 lus,
535 4747 599 4800 ad
648 4747 924 4819 Virginem
980 4752 1201 4808 dicens:
1236 4754 1390 4822 Ecce,
1438 4740 1646 4827 inquit,
1699 4738 1971 4813 Elisatietli

398 4847 624 4908 cognata
659 4848 749 4893 tua
778 4852 827 4893 et
858 4844 971 4909 ipsa
997 4848 1231 4913 concepit
1258 4849 1431 4916 ﬁlium
1458 4850 1513 4902 in
1561 4862 1821 4905 senectute
1852 4869 1967 4908 sua.

401 4926 472 4982 Et
499 4929 585 4982 hic
606 4933 799 4987 mensis
827 4945 903 4987 est
929 4946 1109 4990 sextus
1138 4938 1242 5004 illi,
1277 4956 1396 5008 qua:
1422 4950 1635 4993 vocatur
1671 4943 1866 4997 sterilis
1905 4945 1968 4998 ³⁷.

398 5018 586 5077 Mense
616 5021 802 5091 sexto,
841 5026 1048 5082 scilicet
1071 5031 1448 5099 conceptionis
1478 5030 1722 5089 Joannis.
1762 5035 1973 5089 Conve—

400 5114 583 5169 niebat
615 5116 758 5169 enim
789 5126 848 5171 ut
875 5118 1028 5175 miles
1063 5122 1405 5189 przecederet.
1451 5121 1747 5192 Oportebat
1785 5136 1845 5181 ut
1884 5144 1973 5182 sa-

401 5204 553 5257 telles
581 5214 960 5275 anteverteret,
994 5211 1222 5265 decebat
1253 5222 1310 5264 ut
1343 5215 1569 5270 nuntius
1594 5229 1967 5285 prrecurreret,

2080 4225 2188 4274 νον,
2217 4210 2276 4262 ού
2307 4208 2684 4281 μετρούμενον.
2721 4207 2805 4273 Τῷ
2827 4211 2972 4275 μηνὶ
3007 4207 3085 4281 τῷ
3122 4207 3289 4276 ἕκτῳ,
3338 4207 3649 4274 ἀπεστάλη

2079 4299 2347 4368 Γαϐριὴλ
2372 4300 2521 4368 πρὸς
2549 4299 2867 4368 παρθένον.
2896 4302 3055 4354 Ποῖον
3080 4299 3225 4370 μῆνα
3244 4299 3429 4365 ’ἐκτον;
3458 4299 3647 4363 Ποῖονς

2092 4393 2208 4461 Ἀφ’
2242 4385 2303 4445 οὗ
2348 4390 2562 4456 ἐδέξατο
2598 4391 2877 4444 Ἐλισάϐετ
2918 4391 2985 4443 τὰ
3013 4389 3324 4459 εὐαγγέλιαο
3353 4391 3444 4459 ἀφ’
3468 4384 3528 4442 οὗ
3559 4389 3649 4442 τὸν

2093 4485 2345 4554 Ἰωάννην
2378 4482 2655 4538 συνέλαϐε.
2685 4484 2795 4536 Καὶ
2823 4481 2985 4535 πόθεν
3016 4482 3194 4546 τοῦτο,
3227 4481 3410 4552 δῆλον;
3450 4477 3651 4552 Ἑρμη-

2079 4575 2291 4629 νεύεται
2326 4574 2445 4647 [ἄλ.
2482 4573 2851 4646 ὲρμηνευέτω]
2899 4574 2927 4625 6
2970 4572 3527 4645 αὐτὸςσάρχάγγελος,
3570 4572 3649 4624 λέ-

2078 4686 2187 4737 γων
2215 4669 2347 4740 πρὸς
2372 4669 2471 4739 τὴν
2503 4655 2793 4739 Παρθένονο
2833 4664 3002 4728 Ἰδοὺ,
3042 4665 3222 4734 φησὶν,
3278 4662 3578 4717 Ἐλισάϐετ
3609 4665 3646 4730 ἡ

2077 4760 2380 4830 συγγενής
2432 4776 2568 4818 σου,
2617 4759 2711 4811 καὶ
2767 4757 2918 4823 αὐτὴ
2964 4757 3364 4825 συνειληφυῖα
3407 4758 3540 4811 υἱὸν
3579 4756 3650 4809 ἐν

2026 4852 2041 4861 “
2076 4850 2240 4920 γήρει
2267 4849 2476 4919 αὐτῆς.
2506 4850 2613 4903 Καὶ
2656 4845 2832 4915 οὗτος
2866 4848 2991 4917 μὴν
3014 4849 3185 4915 ἕκτος
3243 4848 3415 4917 αὐτῇ,
3442 4848 3517 4917 τῇ
3545 4865 3647 4902 κα-

2074 4941 2340 5011 λουμένῃ
2388 4942 2613 5009 στείρᾳ.
2646 4939 2735 5011 Τῷ
2775 4942 2902 5012 μηνὶ
2953 4940 3029 5011 τῷ
3083 4940 3243 5011 ἕκτῳ,
3300 4941 3481 5011 λοιπὸν
3531 4937 3643 5002 οὖν,

2074 5034 2232 5096 ἕκτος
2268 5035 2372 5105 μὴν
2407 5033 2717 5103 συλλήψεως
2757 5034 3020 5086 Ἰωάννου.
3080 5032 3225 5084 Ἔδει
3261 5032 3369 5104 γὰρ
3414 5032 3650 5105 προφθᾶ-
3734 5056 3741 5059 ι

2079 5141 2168 5177 σαι
2199 5124 2291 5177 τὸν
2323 5122 2676 5195 στρατιώτην.
2710 5122 2858 5175 Ἔδει
2887 5122 3175 5194 προλαϐεῖν
3212 5122 3303 5176 τὸν
3329 5124 3640 5195 δορυφόρον·
3736 5140 3737 5145 ‘

2075 5215 2177 5268 ἔδει
2232 5216 2682 5289 προοδοιπορῆσαι
2732 5217 2822 5270 τὸν
2876 5218 3116 5287 μηνυτὴν
3169 5217 3268 5287 τῆς
3317 5217 3647 5286 Δεσποσικῆς

399 5295 493 5361 qui
529 5295 744 5351 Domini
780 5301 1070 5355 adventum
1102 5302 1387 5358 indicaret.
1417 5304 1594 5360 Mense
1628 5319 1796 5373 sexto,
1846 5312 1969 5362 mis-

2083 5308 2396 5379 παρουσίας.
2464 5309 2547 5374 Τῷ
2592 5309 2739 5379 μηνὶ
2790 5309 2958 5375 ἕκτῳ,
3029 5308 3341 5375 ἀπεστάλη
3384 5293 3648 5378 ἅγγελος

398 5400 490 5437 ιω
534 5399 613 5438 est
663 5390 878 5457 angelus
931 5389 1145 5445 Gabriel
1180 5395 1249 5446 ml
1300 5397 1551 5465 virginem
1601 5399 1969 5468 desponsatam

398 5473 554 5525 viro:
605 5476 1026 5547 desponsatam,
1089 5483 1350 5551 inquam,
1410 5502 1518 5541 non
1571 5490 1966 5559 conjunctam;

399 5562 781 5633 desponsatam
808 5571 1026 5640 quidem
1052 5612 1066 5636 ,
1096 5575 1189 5628 sed
1242 5586 1542 5630 servatam:
1579 5578 1689 5631 Cur
1735 5578 1962 5649 despon-

401 5663 572 5708 satam
597 5657 621 5710 τ
649 5674 717 5712 ne
737 5662 899 5716 citius
920 5662 1060 5718 latro
1084 5667 1399 5738 mysterium
1426 5680 1794 5740 cognosceret.
1814 5670 1966 5737 Quod

401 5747 606 5801 etenim
645 5765 739 5817 per
775 5753 1042 5821 virginem
1092 5755 1203 5811 Rex
1246 5768 1509 5815 venturus
1547 5772 1727 5830 esset,
1767 5764 1969 5834 impro-

474 5865 521 5898 ³ο
543 5864 680 5921 Luc.
718 5885 757 5934 ι,
786 5870 878 5938 ‘26,
907 5871 997 5925 εγ.
1079 5874 1120 5907 ιτ
1141 5874 1275 5930 Ibid.
1304 5852 1392 5934 36.

602 6058 653 6078 ει

604 6092 649 6102 μου

2082 5402 2344 5468 Γαϐριὴλ
2372 5401 2521 5469 πρὸς
2563 5401 2861 5468 παρθένον
2889 5400 3425 5470 μεμιητστευμέιηῖν
3450 5399 3641 5467 ἀνδρί·

2083 5491 2582 5562 μεμνηστευμένην,
2624 5492 2683 5543 ού
2730 5491 3095 5561 συνημμένην·
3140 5489 3643 5564 μεμνηπευμὲνην,

2078 5582 2214 5635 ἀλλὰ
2252 5582 2609 5656 τηρουμένην.
2652 5582 2749 5636 Διά
2802 5582 2854 5634 τί
2905 5583 3414 5655 μεμνηστευμένην;
3449 5582 3535 5634 ἵνα
3569 5580 3675 5651 μὴ’

2076 5673 2259 5742 τάχιον
2293 5672 2437 5743 μάθῃ
2476 5674 2504 5725 ὀ
2536 5670 2735 5746 λῃστὴς
2767 5672 2829 5725 τὸ
2877 5673 3187 5744 μυστήριον.
3223 5672 3343 5726 ’Ότι
3392 5672 3491 5743 μὲν
3537 5669 3641 5741 γὰρ
3694 5690 3697 5693 ·

2076 5766 2164 5822 διὰ
2191 5766 2468 5839 Παρθένου
2519 5765 2637 5837 ἥξει
2681 5769 2709 5820 ὁ
2746 5766 3025 5831 Βασιλεὺς,
3055 5765 3169 5837 ⁴ᾔδει
3191 5768 3218 5819 ὁ
3241 5761 3493 5833 πονηρός·
3534 5759 3639 5812 τίων
