4100 6376
379 399 517 461 217νῦ

380 520 491 593 γὰρ
532 515 756 573 Ἡσαΐου
803 512 899 568 καὶ
940 509 1100 571 αὐτὸς
1148 506 1384 579 ἠκροᾶτο
1434 500 1647 573 φωνῶν,
1680 499 1763 552 τό⁵

382 613 422 682 ἡ
460 591 768 679 παρθένος
815 606 883 659 ἐν
929 599 1142 673 γαστρὶ
1197 599 1341 665 ἕξει,
1390 596 1485 649 καὶ
1522 593 1749 657 τέξεται
1798 591 1950 643 υἱόν.

383 680 494 757 Καὶ
546 702 803 755 ἑκάστοτε
852 695 1072 756 εἰκότως
1117 691 1414 762 παρετήρει
1445 689 1542 759 τῆς
1582 682 1858 755 Παρθένου
1898 680 1958 732 rb

387 790 629 861 φθέγμα,
655 790 741 842 ἵνα
765 790 897 842 ὅπου
929 786 1011 838 ὅτι
1039 780 1338 853 πληροῦται
1369 778 1428 830 τὸ
1456 775 1752 849 μυστήριον
1779 770 1956 831 τοῦτο,

268 914 278 928 ι
388 880 761 956 προεξαρτύσῃ
804 879 894 932 τὸν
940 878 1124 947 ψόγον.
1174 873 1271 927 Διὰ
1297 870 1483 933 τοῦτο,
1513 870 1542 922 ὁ
1570 865 1842 935 Δεσπότης
1873 861 1961 915 διὰ

354 1010 359 1017 .
392 955 875 1046 μεμνηστευμένης
915 966 1192 1039 ἐλήλυθεν,
1219 965 1306 1017 ἵνα
1334 962 1425 1015 τὸν
1469 958 1700 1029 πονηρὸν
1742 955 1899 1026 λάθῃ,
1928 955 1960 1024 ἠ

390 1028 497 1138 γὰρ
543 1028 937 1137 μνηστιευθέίσα
975 1028 1324 1131 κατηγγυᾶτο
1367 1054 1571 1107 λοιπόν.
1711 1046 1856 1118 μηνὶ
1886 1028 1973 1110 τῷ

262 1147 274 1155 ’
390 1156 559 1219 ἕκτῳ,
591 1150 905 1219 ἀπεστάλη
932 1148 1197 1216 Γαϐριὴλ
1229 1144 1370 1229 προς
1408 1142 1711 1210 παρθένον
1744 1152 1966 1229 μεμνη-

391 1243 729 1313 στὲυμένην
774 1240 979 1305 ἀνδρὶ,
1014 1231 1062 1304 ᾧ
1094 1237 1282 1306 ὄνομα
1332 1226 1563 1301 Ἰωσήφ.
1616 1226 1876 1282 ’Ἄκουσον
1913 1226 1965 1277 τί

396 1338 523 1407 περὶ
551 1334 736 1388 τούτου
763 1332 857 1387 τοῦ
887 1330 1077 1401 ἀνδρὸς
1101 1330 1196 1383 καὶ
1222 1328 1320 1398 τῆς
1342 1325 1617 1397 Παρθένου
1641 1325 1669 1376 ὁ
1689 1320 1967 1391 προφήτης

359 1451 370 1457 ·
396 1430 580 1502 φησίν·
630 1426 925 1496 Δοθήσεται
960 1424 1022 1476 τὸ
1063 1418 1496 1492 ὲσφραγισμένον
1555 1414 1712 1469 τοῦτο
1763 1412 1969 1484 βιϐλίον

398 1500 553 1592 ἀνδρὶ
584 1520 748 1574 εἰδότι
778 1518 1100 1590 γράμματα.
1131 1513 1196 1565 Τί
1214 1512 1275 1565 τὸ
1300 1500 1728 1582 ἐσφραγισμένος)
1747 1504 1967 1576 βιϐλίον,

398 1612 432 1684 ἢ
463 1612 679 1697 πάντως
704 1608 827 1682 [ἄλ.
855 1609 902 1661 εί
931 1606 1004 1678 μὴ
1027 1603 1268 1675 πάντως]
1291 1605 1324 1673 ἡ
1349 1600 1645 1672 ἀμόλυντος
1664 1596 1969 1669 Παρθένος;

360 1724 363 1727 ·
399 1690 552 1777 παρὰ
580 1702 742 1756 τίνων
770 1700 1089 1772 δοθήσεται;
1124 1694 1284 1768 Παρὰ
1315 1693 1423 1747 τῶν
1470 1690 1679 1762 ἱερέων,
1711 1687 1970 1760 δηλονότι.

401 1798 522 1851 Τίνι
552 1795 758 1867 τούτῳ;
788 1792 878 1865 Τῷ
906 1792 1116 1845 τέκτονι
1157 1790 1378 1860 Ἰωσήφ.
1417 1786 1570 1838 Ἐπεὶ
1596 1780 1689 1837 οὖν
1723 1784 1772 1837 οἱ
1813 1784 1975 1854 ἱερεῖς

372 1889 478 1953 εὼς
508 1841 862 1960 σιὶκρρονίτῷΔ
896 1882 1094 1955 Ἰωσὴφ
1139 1841 1448 1955 ἡρμόσαντο
1479 1879 1576 1949 τὴν
1612 1876 1851 1964 Μαρίαν,
1866 1841 1977 1927 ’καί
2006 1841 2049 1895 Β

403 1972 701 2055 παρέθεντο
729 1976 896 2049 αὐτῷ,
914 1977 1090 2048 γάμου
1125 1973 1314 2045 καιρὸν
1355 1970 1735 2042 ἀναμένοντες,
1781 1965 1976 2038 ἔμελλε

402 2076 468 2133 δὲ,
493 2066 647 2138 οὗτος
675 2071 967 2143 λαμϐάνων
997 2069 1185 2139 τηρεῖν
1230 2068 1288 2119 ὲν
1319 2061 1596 2134 ἀφθαρσίᾳ
1623 2060 1718 2131 τὴν
1768 2057 1979 2129 Παρθέ-

403 2176 516 2215 νον·
546 2157 704 2212 τοῦτο
754 2156 1036 2230 πόρρωθεν
1083 2156 1112 2208 ὁ
1164 2153 1450 2224 προφήτης
1506 2147 1974 2222 προανεφώνησεν·

404 2250 698 2324 Λοθήσεται
722 2250 785 2304 rb
809 2246 1243 2320 ὲσφραγισμένον
1285 2243 1442 2298 τοῦτο
1476 2241 1679 2313 βιϐλίον
1721 2234 1875 2311 ἀνδρὶ
1903 2240 1980 2291 εἰ-

406 2346 520 2399 δότι
545 2338 876 2416 γράμματα,¹
925 2342 1021 2394 καὶ
1069 2341 1202 2411 ὲρεί·
1239 2338 1313 2392 Οὐ
1371 2335 1606 2405 δύναμαι
1648 2330 1977 2399 ἀναγνῶναι.

408 2436 506 2490 Διὰ
527 2435 581 2488 τί
636 2436 705 2495 οὐ,
721 2433 969 2497 δύνασαι,
1002 2426 1048 2485 ὦ
1093 2430 1325 2499 Ἰωσήφ;
1360 2428 1434 2481 Οὐ
1473 2425 1729 2497 δύναμαι,
1792 2422 1979 2492 φησιν,

378 2526 734 2597 ι’ἀναγνῶναι·
762 2526 824 2579 rb
848 2524 956 2596 γὰρ
991 2522 1192 2594 βιϐλίον
1220 2519 1602 2597 ἐσφράγισται.
1641 2515 1757 2569 Τίνι
1790 2512 1985 2584 τηρού-

413 2596 610 2691 μενόνς
641 2617 731 2689 Τῷ
756 2614 1087 2689 Δημιουργῷ
1115 2613 1224 2667 τῶν
1253 2612 1390 2666 ὅλων
1436 2596 1853 2679 κατοικητήριον
1882 2622 1984 2675 φυ-

410 2713 751 2783 λαττόμενον.
796 2709 934 2783 Ἀλλ’
964 2709 1056 2760 ἐπὶ
1078 2707 1140 2761 rb
1169 2705 1530 2776 προκείμενον
1566 2699 1983 2770 ’ἐπανέλθωμεν-

314 2823 347 2865 ·,
410 2803 502 2891 ¹Τῷ
527 2802 673 2874 μηνὶ
699 2800 977 2891 τῷιέκτῳ,
1005 2798 1321 2868 ᾀςεεστάλη
1347 2788 1613 2863 Γαϐριὴλ
1666 2792 1816 2860 πρὸς
1844 2806 1989 2857 etap-

318 2966 322 2973 Ι
410 2888 611 2950 θένον.
648 2888 745 2957 Ὃς
771 2883 990 2954 πάντως
1019 2896 1123 2943 που
1155 2887 1408 2951 τοιαύτας
1437 2884 1654 2947 ἐντολὰς
1673 2882 1994 2952 δεξάμενος·“

346 3054 355 3058 _
417 2987 586 3061 Δεῦρο
604 2987 812 3051 λοιπὸν,
836 2980 882 3039 ὧ
903 2982 1231 3055 ἁρχάγγελε,
1265 2979 1535 3052 ὑπουργὸς
1564 2975 1722 3045 γενοῦ
1760 2971 1990 3043 φοϐεροῦ

422 3079 743 3151 μυστηρίου,
794 3073 1309 3146 ἀποκεκρυμμένου,
1364 3070 1665 3124 διακόνισον
1727 3066 1806 3136 τῷ
1864 3063 1994 3117 θαύ-

1287 381 1573 441 HOMILIA
1599 379 1670 436 ῐῐ’ῐ
1704 377 1774 433 ΙΝ
1820 368 2238 431 ANNUNTIAT.
2283 363 2467 423 VIRG.
2506 352 2768 414 MARUE.

1809 495 1953 551 Ἰδοὺ
1985 497 2025 552 Α
2058 493 2188 545 bum
2220 503 2328 542 non
2350 482 2595 542 latebat;
2638 489 2763 530 nam
2798 478 2854 524 et
2890 464 3041 523 Isaiae
3069 461 3160 516 illa
3185 456 3349 512 verba
3380 454 3498 523 ipse
3529 466 3627 504 au-

3488 332 3624 386 1174
3705 361 3715 369 -

2059 583 2282 637 diebat:
2321 576 2454 629 Ecce
2500 573 2645 641 virgo
2685 568 2740 620 in
2779 572 2924 617 utero
2973 553 3203 617 habebit,
3244 557 3293 602 et
3341 545 3516 617 pariet
3559 543 3629 611 ﬁ—

2063 675 2190 728 lium
2218 673 2282 724 ³⁸.
2317 669 2498 735 Quare
2523 673 2577 719 et
2613 656 2855 731 quotidie
2887 648 3127 720 Virginis
3155 657 3343 698 vocem
3378 637 3631 694 observa-

2061 769 2170 831 bat,
2205 772 2265 818 ut
2296 729 2387 817 ubi
2423 729 2739 829 mysterium
2779 749 2882 802 hoc
2911 739 3316 809 adimpleretur,
3350 729 3631 785 infamiam

2062 826 2407 929 praepararet.
2452 826 2628 917 Atque
2668 842 2790 898 ideo
2819 834 3083 890 Dominus
3114 843 3209 900 per
3248 826 3632 894 desponsatam

2063 947 2230 1012 venit,
2265 952 2325 999 ut
2353 916 2660 1011 improbum
2708 934 2932 992 lateret;
2971 937 3093 993 quae
3129 918 3275 975 enim
3308 916 3633 984 desponsata

2066 1006 2261 1103 fuerat,
2297 1006 2549 1099 deineeps
2595 1036 2796 1095 sponso
2829 1016 3086 1074 tradenda
3118 1016 3253 1066 erat.
3280 1006 3457 1061 Mense
3488 1011 3635 1056 sexto

2067 1132 2261 1184 missus
2298 1134 2375 1181 est
2411 1118 2622 1177 Gabriel
2667 1115 2735 1169 ad
2785 1111 3035 1181 uirginem
3080 1105 3453 1172 desponsatam
3500 1095 3669 1152 virm.

2069 1224 2153 1276 cui
2216 1234 2401 1274 nomen
2462 1210 2677 1280 Ioseph.
2740 1206 2879 1261 Audi
2935 1200 3065 1271 quid
3120 1199 3186 1253 de
3238 1195 3343 1248 hoc
3405 1189 3525 1244 viro
3587 1196 3639 1240 et

2071 1312 2292 1383 Virgine
2337 1308 2480 1363 dicat
2529 1279 2787 1374 propheta
2820 1316 2833 1352 :
2866 1296 3110 1355 Dabitur,
3151 1287 3345 1357 inquit,
3388 1282 3524 1337 liber
3552 1279 3644 1334 hic

2072 1406 2389 1473 obsignatus
2418 1372 2543 1452 viro
2566 1372 2758 1451 scienti
2781 1389 2990 1443 litteras
3021 1385 3083 1437 ³⁸.
3112 1380 3177 1435 Ει
3206 1380 3333 1449 quis
3359 1376 3462 1430 iste
3501 1372 3647 1444 obsi-

2075 1506 2275 1569 gnatus
2321 1501 2403 1548 est
2445 1491 2602 1554 liber,
2645 1485 2749 1539 nisi
2793 1481 3016 1537 omnino
3062 1471 3407 1530 immaculata
3441 1461 3647 1535 Virgo?

2074 1557 2119 1643 λ
2158 1587 2358 1658 quibus
2404 1578 2660 1638 dabitur?
2705 1571 3079 1631 sacerdotibus
3130 1564 3352 1621 scilicet.
3416 1557 3644 1613 Cuinam

2076 1650 2251 1736 vire?
2327 1677 2482 1731 fabro
2569 1670 2790 1738 Joseph.
2863 1666 3000 1720 Cum
3088 1660 3250 1731 igitur
3338 1650 3649 1711 sacerdotes

2081 1775 2352 1845 Virginem
2386 1768 2611 1823 Mariam
2649 1770 2802 1818 casto
2831 1754 3246 1826 despondissent
3267 1745 3498 1816 Josepb,
3529 1757 3649 1797 eam

2081 1869 2183 1939 ipsi
2221 1862 2691 1921 commendarunt,
2745 1865 2957 1922 tempus
2988 1845 3295 1916 nuptiarum
3330 1843 3653 1907 exspectan-

2080 1970 2193 2026 tes;
2249 1972 2412 2029 quam
2465 1953 2684 2024 quidem
2736 1951 2853 2019 ipse
2901 1940 3176 2011 accipiens
3225 1937 3487 2004 integram
3539 1935 3657 1982 erat

2081 2020 2537 2113 conservaturus;
2590 2042 2736 2114 quod
2779 2048 2834 2095 et
2896 2038 3056 2106 longe
3114 2036 3277 2089 antea
3336 2020 3658 2095 praedixerat

2080 2146 2338 2217 propheta
2372 2161 2384 2196 :
2411 2113 2655 2201 Dabitur,
2702 2133 2973 2204 inquiens,
3005 2128 3140 2182 liber
3173 2121 3494 2190 obsignatus
3538 2113 3663 2166 vir-0

2083 2201 2271 2293 scienti
2307 2234 2546 2293 litteras,
2592 2237 2644 2282 et
2682 2201 2823 2281 dicet
2852 2242 2864 2276 :
2897 2220 3013 2274 Non
3062 2228 3285 2287 possum
3317 2211 3512 2278 legere.
3548 2201 3665 2256 Cur

2082 2343 2190 2383 non
2224 2333 2375 2396 potes
2404 2323 2580 2392 legere
2601 2360 2613 2382 ,
2656 2332 2690 2371 ο
2733 2312 2968 2383 Ioseph?
3006 2306 3123 2363 Non
3156 2315 3382 2376 possum
3403 2337 3419 2363 ,
3449 2293 3658 2365 inquit,

2085 2418 2291 2488 legere;
2343 2390 2479 2467 nam
2515 2410 2651 2464 liber
2691 2405 3010 2474 obsignatus
3045 2405 3131 2454 est
3167 2395 3235 2446 ⁸⁸.
3279 2390 3510 2446 Cuinam
3548 2400 3669 2440 ser-

2084 2506 2280 2562 vatur?
2318 2503 2517 2558 Rerum
2549 2497 2792 2554 omnium
2816 2491 3063 2548 Creatori
3128 2500 3226 2555 pro
3264 2477 3539 2538 domicilio
3566 2490 3664 2531 cu-

2088 2600 2341 2656 stoditur.
2365 2594 2632 2649 Caeterum
2662 2589 2727 2643 ad
2757 2584 3093 2657 propositum
3117 2577 3405 2633 redeamus
3439 2590 3453 2625 :
3485 2567 3674 2622 Mense

2089 2700 2257 2753 sexto,
2298 2686 2489 2740 missus
2534 2691 2609 2737 est
2655 2676 2865 2733 Gabriel
2906 2674 2973 2728 ad
3020 2671 3290 2740 uirginem.
3347 2662 3451 2729 Qui
3504 2659 3673 2730 plane

2090 2779 2357 2853 ejusmodi
2395 2773 2649 2830 mandata
2694 2787 2725 2825 a
2760 2767 2871 2823 Deo
2910 2767 3237 2833 acceperat:
3267 2755 3578 2818 Adesdum,
3631 2766 3673 2802 0

2092 2872 2414 2941 archangele
2436 2911 2451 2936 ,
2488 2867 2735 2922 minister
2770 2856 3033 2917 tremendi
3078 2863 3132 2909 et
3177 2849 3361 2906 arcani
3394 2854 3514 2902 esto
3553 2857 3677 2912 my-

2093 2964 2283 3028 sterii;
2337 2956 2601 3014 miraculo
2651 2951 2883 3008 deservi.
2935 2946 3015 3001 Ad
3059 2938 3449 3012 requirendum
3494 2933 3677 2989 Adam

2093 3055 2186 3126 qui
2216 3059 2508 3114 erraverat,
2557 3046 2693 3107 meis
2738 3047 3043 3097 commotus
3084 3027 3544 3092 miserationibus,
3576 3025 3672 3079 d’e-

468 3115 580 3133 .....
641 3115 743 3142 ων,
794 3115 1072 3141 ww".--
1166 3115 1309 3137 -.-η
1368 3115 1657 3124 "mw---
1741 3115 1799 3118 -_

423 3115 700 3243 :art.|Eig
723 3115 1056 3238 ὰναζήτησῖν
1083 3115 1194 3218 Γτῖῦ
1252 3161 1616 3233 πλανηθέντος
1660 3119 1831 3229 Ἀδάμ
1862 3173 1995 3211 κατ-

2098 3144 2356 3204 scendere
2384 3153 2634 3212 propero.
2693 3137 2981 3191 Peccatum
3030 3121 3350 3182 inveteravit
3379 3135 3526 3181 eum,
3577 3115 3671 3185 qui

2725 3226 2746 3243 “
2796 3242 2803 3243 κ
2827 3230 2987 3243 -ς-ι--ρ
3021 3226 3099 3243 Ant
3160 3224 3204 3243 nl
3242 3227 3377 3243 ηιηηο
3414 3222 3670 3243 manu...“

421 3262 593 3317 ελθεῖν
654 3262 759 3315 ὑπὸ
835 3260 943 3313 τῶν
1000 3259 1149 3331 ἐμῶν
1197 3255 1513 3328 οἰκτιρμῶν,
1563 3252 1872 3322 ἐπείγομαι.
1933 3247 1998 3302 Ἦ

172 3424 184 3431 .
238 3398 282 3432 ,ἰ
366 3406 384 3437 '_
423 3350 667 3423 ἁμαρτία
694 3349 784 3437 τὸν
814 3350 935 3404 κατ’
963 3350 1146 3403 εἰκόνα
1190 3347 1288 3418 τὴν
1342 3345 1479 3416 ἐμὴν
1534 3340 1839 3395 πλασθέντα
1866 3340 2000 3392 ἑπα-

401 3442 679 3518 ,λαίωσεη
730 3434 835 3529 καὶ,
881 3440 942 3493 rb
998 3439 1105 3494 τῶν
1160 3438 1309 3510 ἐμῶν
1366 3435 1564 3508 χειρῶν
1614 3432 2001 3506 δημιούργημα

392 3562 395 3567 ν
426 3524 1122 3607 ὲσάθρωσεν,λὰ’μαύρωσεν
1146 3532 1284 3602 ὅπερ
1315 3530 1525 3583 ἔπλασα
1554 3527 1767 3590 κάλλος.
1812 3527 1871 3579 '0
1908 3524 2001 3576 λύ-

428 3644 523 3692 κος
550 3628 612 3681 τὸ
663 3620 808 3697 ἐμὸν
834 3624 1199 3695 κατανέμεται
1231 3622 1473 3694 θρέμμα,
1527 3618 1733 3692 ἔρημόν
1767 3620 1881 3670 ἐστι
1909 3615 2002 3668 τοῦ

418 3719 760 3792 παραδείσου
794 3718 855 3773 rb
888 3718 1223 3789 οἰκητήριον,
1258 3713 1321 3768 τὸ
1376 3712 1528 3780 ξύλον
1578 3712 1678 3782 τῆς
1730 3709 1875 3779 ζωῆς
1902 3709 2005 3761 ὑπὸ

430 3813 530 3892 τῆς
557 3811 812 3883 φλογίνης
855 3810 1125 3881 ῥομφαίας
1179 3807 1521 3877 φυλάττεται,
1572 3802 1883 3878 κέκλεισται
1908 3802 2006 3872 τῆς

433 3904 646 3976 τρυφῆς
675 3902 737 3956 τὸ
767 3902 983 3973 χωρίον,
1016 3898 1244 3954 ἐλεῶτὸ
1281 3896 1621 3979 θπολεμηθὲν,
1664 3894 1758 3957 καὶ
1819 3893 2037 3946 συλλα-ν

437 3994 625 4057 ϐἑσθαι
649 3993 739 4047 τὸν
773 3984 1027 4062 πολέμιον
1055 3990 1334 4060 βούλομαι·
1358 3987 1538 4041 λαθεῖν
1558 3986 1615 4039 δὲ
1646 3984 1802 4048 θέλω,
1832 3984 2010 4047 πάσας

436 4084 537 4148 τὰς
559 4085 667 4138 τῶν
699 4081 942 4155 οὐρανῶν
971 4081 1250 4151 δυνάμεις,
1288 4079 1370 4131 σοὶ
1406 4078 1549 4148 μόνῳ
1576 4075 1762 4147 θαρῤᾧ
1803 4074 1863 4127 rb
1911 4091 2011 4144 μυ-

440 4178 682 4248 στήριον.
713 4175 858 4247 Πρὸς
887 4174 985 4246 τὴν
1016 4171 1109 4227 οὖν
1142 4171 1417 4242 Παρθένον
1446 4168 1664 4239 Μαρίαν
1696 4166 2008 4239 πορεύθητι.

337 4321 346 4334 .
444 4267 680 4322 Ἀπελθε
710 4265 848 4336 πρὸς
872 4264 970 4343 τῂν
996 4263 1235 4335 ἔμψυχον
1266 4261 1439 4327 πόλιν,
1466 4258 1593 4329 περὶ
1630 4253 1698 4329 ἧς
1724 4259 1753 4310 ὁ
1790 4256 2011 4327 Προφή-

436 4378 540 4429 της
572 4358 779 4427 ἔλεγεν·
821 4353 1241 4424 Δεδοξασμένα
1285 4349 1553 4417 ἐλαλήθη
1603 4349 1736 4416 περὶ
1790 4347 1925 4409 σοῦ,
1974 4349 2014 4414 ὴ

422 4453 620 4517 πόλις
661 4449 767 4504 τοῦ
828 4448 997 4502 Θεοῦ.
1052 4434 1287 4509 "amre:
1329 4442 1466 4515 πρὸς
1521 4440 1610 4493 τὸν
1668 4438 1881 4505 λογικόν
1915 4456 2014 4507 μου

2100 3238 2167 3292 ad
2198 3235 2487 3305 imaginem
2516 3243 2690 3285 meam
2722 3226 2992 3281 formatus
3019 3226 3122 3283 est,
3158 3224 3212 3270 et
3241 3227 3381 3282 opus
3414 3222 3673 3263 manuum

2102 3344 2347 3384 mearum
2377 3322 2711 3383 debilitavit,
2762 3310 3333 3387 pulchritudinemque
3358 3320 3388 3359 a
3424 3288 3512 3357 me
3538 3315 3675 3355 con-

2102 3423 2298 3478 fectam
2330 3416 2662 3475 obscuravit.
2702 3411 2886 3479 Lupus
2913 3421 3094 3462 meum
3125 3405 3402 3458 alumnum
3430 3397 3676 3451 devorat.

2104 3512 2343 3586 paradisi
2371 3507 2706 3567 domicilium
2729 3502 3025 3565 desolatur,
3058 3498 3264 3568 lignum
3295 3492 3421 3547 vitae
3441 3506 3473 3544 a
3501 3487 3679 3558 gladio

2105 3609 2356 3663 ﬂammeo
2395 3599 2699 3658 custoditur
2732 3596 2800 3662 ιι,
2842 3605 3068 3660 campus
3102 3586 3422 3643 deliciarum
3459 3580 3683 3636 clausus

2112 3708 2219 3756 est.
2249 3693 2557 3768 Oppugnati
2583 3691 2869 3752 misereor,
2898 3693 2954 3740 et
2985 3682 3198 3736 hostem
3228 3670 3689 3744 comprehendere

2107 3791 2272 3856 volo;
2326 3783 2648 3858 mysterium
2706 3779 2813 3833 hoc
2865 3781 3091 3829 cunctas
3151 3770 3385 3822 virtutes
3437 3762 3691 3819 ccelesrea

2109 3855 2279 3938 latere
2312 3855 2494 3947 cupio,
2525 3872 2673 3944 quod
2709 3869 2806 3925 tibi
2836 3866 2938 3923 soli
2967 3862 3214 3919 conﬁdo.’
3240 3858 3387 3913 Vade
3425 3857 3589 3927 igitur
3618 3855 3687 3907 ad

2110 3970 2336 4026 Mariam
2383 3963 2668 4036 virginem.
2701 3958 2804 4013 Abi
2842 3956 2906 4010 ad
2945 3952 3238 4007 animatam
3276 3947 3580 4009 civitatem,
3619 3943 3695 3996 de.

2113 4082 2219 4137 qua
2262 4062 2475 4119 dicebat
2515 4055 2788 4125 Propheta
2819 4067 2835 4105 :
2869 4048 3114 4103 Gloriosa
3152 4045 3298 4097 dicta
3338 4047 3459 4094 sunt
3496 4037 3559 4090 de
3602 4046 3689 4096 re,
3790 4088 3793 4091 _

2115 4159 2302 4214 ciuitas
2327 4154 2424 4208 Dei
2448 4152 2513 4211 θ’.
2539 4148 2641 4203 Abi
2673 4145 2740 4201 ad
2771 4140 3082 4214 paradisum
3108 4150 3290 4191 meum
3319 4132 3531 4186 ratione
3562 4142 3691 4197 pra:-

2115 4254 2323 4317 ditum;
2370 4246 2454 4302 abi
2493 4244 2560 4300 ad
2592 4249 2806 4312 portam
2846 4232 3202 4297 orientalem;
3250 4227 3337 4282 abi
3367 4225 3435 4280 ad
3463 4221 3695 4277 domici-

2116 4345 2249 4398 lium
2274 4310 2455 4395 Verbo
2482 4310 2610 4390 meo
2630 4333 2890 4403 dignum;
2934 4328 3022 4382 abi
3065 4323 3131 4379 ad
3163 4321 3391 4375 alterum
3413 4357 3428 4383 ,
3459 4313 3605 4384 quod
3638 4310 3694 4365 in

2120 4438 2264 4484 terra
2296 4435 2400 4491 est,
2426 4423 2656 4485 coelum;
2685 4417 2772 4473 abi
2803 4416 2869 4471 ad
2899 4415 3096 4469 nubem
3128 4410 3323 4472 levem,
3353 4412 3407 4459 et
3435 4404 3701 4457 adventus

445 4536 792 4615 παράδεισον·
840 4537 1061 4595 ἄπελθε
1092 4536 1226 4608 πρὸς
1251 4534 1348 4607 τὴν
1376 4496 1558 4603 ιπύλην
1603 4530 1701 4601 τῆς
1738 4496 1996 4598 ἄνατολῆς

2098 4519 2236 4577 ιιιιεί
2286 4517 2514 4571 imbrem
2561 4512 2663 4581 ipsi
2712 4507 3011 4571 annumin;
3069 4503 3157 4557 alii
3207 4502 3273 4555 ad
3325 4496 3699 4553 sanctuarium

2188 4612 2219 4615 ’³
2248 4611 2258 4615 ’
2767 4602 2817 4615 ³⁸
2903 4600 2915 4615 ¹
2952 4599 2963 4609 '
3020 4593 3336 4615 —-——---?--—!-
3380 4604 3509 4615 --.Μ-η
3549 4587 3669 4615 ιι..Ιῆ

445 4636 646 4693 ἄπελθε
681 4635 815 4709 πρὸς
846 4633 906 4687 rb
931 4632 1077 4697 ἄξιον
1111 4630 1242 4701 ἐμοῦ
1275 4626 1367 4681 τοῦ
1390 4627 1563 4695 Λόγου
1586 4624 2019 4694 κατοικητήριον·

392 4750 399 4757 '
450 4727 651 4782 ἄπελθε
684 4727 821 4798 πρὸς
850 4725 941 4778 τὸν
991 4722 1243 4794 δεύτερον
1298 4720 1392 4773 ἐπὶ
1419 4719 1520 4788 γῆς
1545 4715 1791 4786 οὐρανόν·
1824 4712 2023 4768 ἄπελθε

451 4820 587 4890 πρὸς
618 4820 717 4890 τὴν
752 4818 962 4888 κούφην
1016 4814 1265 4885 νεφέλην·
1306 4813 1540 4883 μήνυσον
1577 4810 1714 4879 αὐτῇ
1746 4808 1844 4878 τῆς
1889 4806 2027 4877 ἐμῆς

344 4926 349 4933 ’
453 4911 750 4985 παρουσίας
776 4911 868 4964 τὸν
895 4910 1117 4981 ὄμϐρον·
1150 4905 1349 4961 ἄπελθε
1406 4903 1544 4975 πρὸς
1604 4902 1665 4954 rb
1710 4900 1833 4971 ἐμοὶ
1878 4901 2023 4969 ἡτοι-

458 5004 731 5076 μασμένον
763 5002 1027 5074 ἁγίασμα·
1083 4999 1282 5056 ἄπελθε
1332 4996 1468 5068 πρὸς
1517 4994 1614 5065 τὴν
1658 4991 1905 5047 παστάδα
1927 4990 2024 5061 τῆς

453 5097 613 5154 ινανθ
623 5098 939 5169 ρωπήσεως.
973 5093 1207 5148 Ἀπελθε
1228 5090 1374 5163 πρὸς·
1393 5090 1485 5143 τὸν
1506 5084 1741 5159 καθαρὸν
1763 5102 1825 5139 νυ
1833 5085 2027 5156 μφῶνα

453 5192 553 5261 τῆς
596 5188 741 5244 κατὰ
793 5191 969 5260 σάρκα
1027 5205 1124 5259 μου
1173 5186 1500 5256 γεννήσεως.
1554 5180 1797 5251 Λάλησον
1844 5178 1923 5240 είς
1957 5175 2028 5229 τὰ

455 5277 571 5338 ὦτα
597 5283 698 5352 τῆς
729 5282 950 5351 λογικῆς
978 5277 1231 5344 κιϐωτοῦ,
1278 5273 1565 5347 ἐτοίμασαί
1597 5290 1684 5344 μοι
1726 5270 1829 5341 τῆς
1860 5268 2029 5338 ἀκοῆς

456 5375 835 5442 τὰςνείσόδους.
880 5373 1037 5426 Ἀλλὰ
1084 5372 1156 5444 μὴ
1215 5369 1541 5442 θορυϐήσῃς,
1606 5364 1738 5436 μηδὲ
1791 5360 2030 5434 ταράξῃς

352 5542 361 5549 1
457 5469 554 5539 τὴν
576 5467 754 5539 ψυχήν
808 5467 906 5536 τῆς
935 5464 1228 5535 Παρθένου.
1291 5457 1578 5522 Ἐπιεικῶς
1612 5456 1689 5527 τῷ
1732 5455 2030 5525 ἁγιάσματι

462 5560 678 5631 φάνηθι·
713 5556 936 5630 πρώτην
991 5557 1128 5627 αὐτῇ
1168 5554 1350 5625 φωνὴν
1374 5553 1549 5623 χαρᾶς
1598 5548 1915 5619 ἀναϐόησον.
1960 5546 2031 5598 Σὺ

465 5653 582 5706 εἰπὲ
607 5654 672 5723 τῇ
696 5649 928 5721 Μαριὰμ
979 5648 1059 5711 τὸ,
1094 5646 1291 5714 Χαῖρε,
1318 5641 1774 5714 κεχαριτωμένη·
1810 5640 1875 5691 ἵν’
1926 5635 2035 5705 ἐγὼ

2128 4611 2261 4667 mihi
2288 4615 2689 4680 praeparatum;
2730 4602 2819 4656 a'bi
2852 4600 2919 4653 ad
2952 4593 3340 4652 incarnationis
3380 4604 3511 4644 mea:
3547 4587 3705 4641 cubi-

2128 4706 2333 4761 culum.
2386 4698 2537 4756 Vade
2589 4699 2656 4755 ad
2713 4709 2909 4768 purum
2953 4705 3089 4745 mea:
3136 4685 3433 4745 secundum
3482 4696 3706 4738 carnem

2127 4796 2426 4853 nativitatis
2482 4792 2804 4847 thalamum.
2860 4787 3110 4859 Loquere
3164 4785 3217 4837 in
3276 4780 3501 4835 auribus
3565 4789 3706 4828 arca:

2131 4904 2264 4944 mea:
2294 4887 2505 4940 ratione
2530 4882 2787 4952 praeditae,
2839 4888 2899 4933 ιιι
2941 4875 3235 4933 auditionis
3266 4871 3400 4927 mihi
3436 4873 3588 4937 paret
3617 4865 3705 4917 in-

2132 4994 2400 5052 gressum.
2439 4975 2545 5031 Sed
2576 4990 2706 5030 cave
2733 4970 2997 5036 ollendas,
3031 4976 3126 5023 aut
3155 4963 3451 5021 conturbes
3478 4956 3713 5026 virginis

2135 5072 2399 5127 animum.
2451 5065 2770 5121 Humaniter
2806 5079 2871 5118 ac
2898 5062 3111 5134 placide
3160 5070 3343 5113 coram
3390 5050 3573 5107 divino
3614 5047 3715 5101 illo

2134 5163 2374 5218 sacrario
2403 5173 2754 5229 comparcas,
2805 5155 3144 5225 primamque
3178 5146 3282 5218 ipsi
3312 5142 3492 5216 gaudii
3520 5153 3707 5192 vocem

2135 5256 2377 5312 enuntia.
2412 5252 2491 5308 Tu
2523 5245 2683 5315 illud,
2714 5250 2839 5313 Are,
2873 5246 3049 5317 gratia
3078 5241 3259 5311 plena,
3287 5237 3351 5293 ad
3379 5233 3603 5288 Mariam
3630 5231 3710 5285 di-

2135 5351 2277 5415 cito;
2307 5352 2368 5402 ut
2401 5362 2500 5417 ego
2522 5355 2843 5400 aerumnosas
2866 5348 3029 5408 atque
3052 5334 3261 5389 amictae
3279 5330 3539 5385 miserear
3566 5323 3709 5376 Evar.

2136 5443 2356 5499 Audivit
2397 5442 2499 5496 ista
2551 5434 2944 5504 archangelus,
2991 5436 3046 5485 et
3090 5425 3233 5496 apud
3275 5438 3353 5486 se,
3406 5430 3465 5475 ut
3515 5416 3713 5471 rationi

2141 5536 2567 5591 consentaneum
2602 5535 2752 5589 erat,
2786 5521 3248 5593 cogitabat-atque
3280 5513 3496 5569 dicebat
3523 5527 3537 5564 :
3564 5506 3714 5561 Nova

2142 5637 2196 5683 et
2241 5625 2481 5682 inaudita
2525 5623 2638 5677 haec
2671 5635 2757 5673 res
2795 5628 2896 5672 est.
2952 5607 3364 5680 lntelligentiam
3416 5607 3721 5675 superant,

537 5831 704 5887 "lsa.
748 5847 819 5885 vr.
882 5830 955 5883 la.
1065 5829 1084 5860 θ
1114 5827 1215 5882 lsa.
1247 5841 1395 5893 xxxx,
1432 5824 1517 5879 ll.
1586 5820 1638 5855 “°
1674 5819 1806 5877 Ibid.
1885 5818 1927 5851 “
1960 5816 2094 5874 Gen.
2135 5829 2214 5880 ιιι,
2241 5812 2330 5868 ει.
2410 5811 2452 5842 ⁵¹
2480 5807 2623 5863 Psal.
2666 5820 2887 5873 LXXXVI,
2920 5802 2973 5857 5.

1600 5940 1613 5970 \
