4100 6422
456 363 595 423 H75

1095 359 1152 415 S.
1194 357 1522 416 GREGORII
1562 356 1925 415 THAUM‘AT.
1970 356 2120 411 OPP.
2174 354 2353 410 PARS
2390 353 2692 409 ALTERA.
2730 385 2804 395 ——
2837 351 3066 410 DUBIA.

3554 342 3699 401 H76

454 501 572 555 qum
610 483 889 540 dicuntur.
917 483 1088 549 Quem
1119 480 1472 536 reformidant
1510 480 1791 537 cherubim
1811 519 1828 544 ,
1865 496 2018 550 quem

2129 477 2334 551 ὲλεὴσω
2365 476 2509 531 Εὕαν
2542 477 2641 549 τὴν
2678 475 3091 548 κεκακωμένην.
3136 473 3405 555 ’ᾚκουσεν
3430 447 3461 524 ὁ.
3486 468 3706 543 ἀρχάγ-

450 576 721 647 seraphim
769 575 966 630 intueri
994 582 1306 644 nequeunt,
1344 590 1507 644 quem
1554 584 1765 630 cunctae
1798 574 2026 629 virtutes

449 667 703 723 caelestes
747 664 854 738 [αι.
907 663 1198 736 angelicae]
1244 665 1700 735 comprehendere
1748 665 2025 721 intellectu

450 775 561 814 non
591 759 791 822 valent,
827 760 874 813 is
903 772 1063 813 suum
1104 757 1373 827 promittit
1405 759 1596 827 puellae
1627 774 1980 828 congressum
2005 798 2021 823 ,

450 867 672 922 sumque
721 850 893 920 ipsius
945 865 1193 919 personae
1238 851 1503 907 adventus
1549 851 1867 919 denuntiat;
1914 853 2026 907 imo

447 961 579 999 vero
604 946 908 1013 ingressum
939 958 1036 1012 per
1055 944 1298 998 aud-itum
1326 943 1628 1013 pollicetur;
1659 946 1831 1025 etqui
1858 945 2023 1001 Evam

449 1036 850 1101 condemnavit,
901 1036 1022 1106 ejus
1051 1035 1214 1091 tiliam
1249 1044 1528 1106 tantopere
1554 1036 1857 1107 gloriﬁcare
1893 1053 2026 1093 con-

448 1128 657 1184 tendit?
707 1128 796 1183 Ait
843 1129 989 1183 enim
1030 1147 1043 1182 :
1076 1127 1236 1183 Paret
1276 1129 1413 1183 mihi
1443 1127 1662 1184 auditus
1690 1128 2021 1200 ingressum.

450 1219 555 1273 Sed
584 1218 831 1289 nunquid
875 1218 1073 1287 poterit
1108 1217 1336 1289 virginis
1373 1227 1563 1274 uterus
1605 1219 1758 1274 illum
1791 1235 1984 1287 capere
2005 1260 2022 1287 ,

445 1311 542 1379 qui
570 1309 952 1379 comprehendi
978 1308 1200 1379 nequit?
1233 1308 1547 1382 Mysterium
1577 1325 1760 1365 revera
1788 1320 2027 1368 tremen-

446 1404 575 1456 dum
619 1416 685 1455 ac
720 1400 1088 1456 venerandum
1114 1411 1197 1457 est
1232 1401 1399 1457 istud.
1456 1399 1606 1456 Talia
1640 1401 1769 1457 dum
1802 1402 2026 1473 angelus

448 1509 636 1548 secum
675 1494 966 1564 cogitaret,
1011 1494 1151 1548 dixit
1199 1493 1464 1548 Dominus
1509 1493 1576 1547 ad
1622 1493 1842 1563 ipsum:
1884 1494 2025 1561 Quid

447 1586 686 1642 turbaris
720 1587 958 1642 novitate
985 1587 1087 1652 rei,
1121 1601 1155 1642 ο
1181 1586 1436 1641 Gabriel?
1475 1584 1671 1642 Nonne
1695 1595 1856 1641 antea
1894 1588 2028 1644 mis-

446 1694 542 1734 sus
584 1693 616 1732 a
652 1693 740 1733 me
771 1693 833 1733 es
873 1679 941 1733 ad
976 1677 1298 1733 Zachariam
1332 1679 1669 1734 sacerdotem
1711 1678 1793 1732 “?
1837 1678 2026 1736 Nonne

446 1770 551 1841 ipsi
599 1772 783 1827 laetum
835 1771 1138 1827 nativitatis
1181 1769 1410 1827 Joannis
1455 1772 1685 1827 attulisti
1733 1772 2027 1828 nuntium?

2129 550 2283 641 γελος
2318 570 2512 633 ταῦτα,
2546 570 2639 623 καὶ
2665 568 2789 627 καθ’
2821 566 3034 629 ἑαυτὸν,
3085 564 3162 629 ὼς
3188 550 3377 625 εἰκὸς,
3403 558 3704 631 ἐλογίζετοθ

2127 667 2288 721 Ξένον
2331 666 2393 719 τὸ
2444 666 2674 737 πρᾶγμα
2728 661 2906 716 τοῦτο·
2980 657 3306 732 ὑπερδαῖνον
3366 654 3590 721 ἔννοιαν,
3638 651 3743 707 τδ-

2127 758 2475 830 λαλούμενον.
2522 758 2581 810 Ὀ
2612 759 2726 819 τοῖς
2758 753 3023 827 χερουᾶμ
3072 750 3319 823 φοόερδς,
3338 751 3368 802 ό
3393 750 3507 810 τοῖς
3538 763 3710 817 σεραο
3770 829 3777 834 ρ

2129 852 2235 922 φὶμ
2255 848 2587 922 ἀθεώρητος,
2635 849 2665 901 ὁ
2721 849 2924 910 πάσαις
2974 848 3094 910 ταῖς
3142 839 3575 922 οὐρανίαις
3599 839 3709 907 ἀγ-

2125 920 2719 1016 γελικαῖςῙ-δυνάμεσιν
2772 920 3368 1033 ἁκατανόητοςυὶδικὴν
3392 968 3393 971 η
3414 931 3711 1002 συντυχίαν
3743 928 3749 939 ’
3782 948 3787 952 ’

2122 1037 2523 1106 ἐπαγγέλλεται
2569 1034 2725 1108 κόρῃ⁶
2777 1028 3201 1104 αύτοπρόσωπόν
3265 1028 3564 1099 παρουσίαν
3597 1043 3711 1101 μη-

2129 1129 2268 1194 νύει,
2300 1128 2498 1200 μᾶλλον
2519 1127 2575 1195 δὲ
2606 1125 2810 1180 εἴσοδον
2848 1125 2916 1179 δι’
2946 1125 3116 1197 ἀκοῆς
3162 1125 3517 1195 ύπισχνεῖταν
3549 1122 3645 1176 καὶ
3677 1121 3710 1175 ό

2130 1222 2230 1294 τὴν
2261 1214 2404 1275 “av
2434 1219 2821 1282 καταδικάσας,
2854 1218 2953 1289 τὴν
2979 1218 3159 1301 αὐτῆς.
3195 1216 3469 1287 θυγατέρα
3510 1211 3709 1267 τοσοῦ-
3826 1234 3841 1286 '_

2125 1333 2216 1369 τον
2247 1312 2491 1382 δοξάζειν
2540 1312 2845 1381 ἐπείγεται;
2893 1311 3055 1380 Λέγει
3104 1311 3233 1382 γὰρ,
3291 1308 3574 1380 ἑτοιμάσαι
3609 1305 3712 1377 μοὶ

2127 1407 2225 1478 τῆς
2257 1406 2426 1476 ἀκοῆς
2459 1405 2559 1469 τὰς
2594 1404 2852 1468 εἰσόδους.
2899 1402 3058 1456 Ἀλλά
3112 1403 3186 1474 μὴ
3234 1401 3456 1455 δύναται
3487 1399 3710 1470 γαστὴρ

2127 1501 2324 1571 χωρεῖν
2345 1498 2436 1552 τὸν
2468 1495 2785 1569 ἀχὼρητονς
2819 1498 3025 1561 Ὄντως
3068 1496 3226 1549 τοῦτο
3255 1493 3483 1566 φοϐερὸν
3508 1492 3569 1546 τὸ
3600 1509 3712 1565 μυ-

2128 1597 2369 1662 στήριον.
2438 1588 2671 1642 Τοιαῦτα
2729 1588 2823 1642 τοῦ
2886 1589 3118 1657 ἀγγέλου
3185 1586 3622 1658 ὲνθυμουμένου,
3680 1586 3712 1638 ό

2128 1682 2403 1751 Δεσπότης
2426 1681 2591 1753 φησὶν
2627 1679 2764 1752 πρὸς
2817 1680 2999 1733 αὐτόν’
3061 1678 3125 1731 Τί
3163 1678 3425 1750 ταράττῃ,
3475 1674 3569 1729 καὶ
3622 1674 3715 1739 ξε-

2128 1771 2271 1845 νίζῃ,
2299 1766 2345 1825 ὦ
2376 1772 2649 1845 Γαϐριήλ;
2698 1773 2772 1824 Ού
2795 1770 2986 1844 πρώην
3038 1772 3165 1843 παρ’
3191 1767 3324 1839 ἐμοῦ
3370 1760 3712 1836 ἀπεστάλης,

443 1862 636 1918 Nonne
667 1864 947 1920 incredqu
976 1863 1246 1921 sacerdoti
1280 1864 1664 1921 taciturnitatis
1692 1879 1909 1937 poenam
1935 1866 2018 1920 in-

2131 1865 2267 1936 πρὸς
2288 1866 2564 1938 Ζαχαρίαν
2589 1864 2679 1919 τὸν
2707 1861 2857 1935 ἱερέά
2878 1881 2893 1929 ;
2918 1864 2993 1917 Ού
3018 1863 3254 1925 δέδωκας
3279 1861 3427 1932 αὐτῷ
3458 1860 3558 1930 τῆς
3582 1876 3715 1929 γεν-

444 1955 653 2010 tulisti?
677 1954 869 2011 Nonne
909 1971 1095 2011 senem
1140 1955 1370 2027 loquelte
1406 1956 1706 2027 privatione
1742 1958 2021 2013 multasti?

444 2044 636 2102 Nonne
665 2063 786 2116 quae
817 2057 875 2103 tu
901 2049 1205 2115 asseruisti,
1245 2064 1346 2121 ego
1377 2050 1695 2106 conﬁrmavi
1732 2059 1788 2106 et
1823 2066 2020 2122 appro-

441 2139 606 2195 bavi?
653 2139 844 2197 Nonne
871 2151 1018 2198 tuam
1056 2143 1525 2199 annuntiationem
1563 2159 1652 2199 res
1682 2143 1797 2214 ipsa
1827 2144 2021 2199 subse-

442 2244 568 2289 cuta
609 2236 739 2291 est?
776 2234 967 2291 Nonne
1011 2238 1211 2293 sterilis
1259 2237 1547 2307 concepit?
1596 2235 1789 2293 Nonne
1832 2244 2021 2293 uterus

442 2327 719 2384 obedivit?
749 2327 938 2384 Nonne
963 2329 1263 2386 sterilitatis
1291 2329 1513 2385 morbus
1548 2331 1803 2386 recessit?
1834 2329 2023 2386 Nonne

443 2430 651 2476 natura;
696 2422 903 2490 inertia
957 2422 1135 2494 fugit?
1180 2421 1373 2479 Nonne
1436 2439 1581 2479 nunc
1634 2422 2018 2480 fecunditatem

441 2514 703 2579 ostendit,
729 2529 850 2584 quae
877 2515 1029 2585 prius
1064 2524 1281 2570 uterum
1326 2530 1435 2570 non
1473 2516 1732 2587 gerebat?
1764 2516 2019 2589 Nunquid

441 2606 776 2676 impossibile
828 2607 972 2676 apud
1024 2622 1111 2661 me
1151 2616 1472 2663 cunctorum
1518 2618 1818 2664 creatorem
1847 2650 1864 2676 ,
1917 2610 2022 2665 erit

441 2702 604 2753 omne
634 2698 897 2753 verbum?
921 2697 1208 2765 Quomodo
1237 2715 1365 2768 ergo
1404 2701 1663 2757 dubitas?
1686 2701 1826 2767 Quid
1858 2702 2021 2773 igitur

438 2788 683 2845 vicissim
709 2790 776 2845 ad
816 2790 929 2845 lucc
956 2791 1219 2862 angelus"?
1251 2791 1503 2858 Naturze,
1532 2793 1739 2864 inquit,
1769 2808 2015 2860 errores,

439 2896 476 2935 ο
507 2880 756 2956 Domine,
786 2882 1094 2954 corrigere;
1135 2884 1455 2941 morborum
1496 2894 1878 2958 tempestatum
1907 2889 2022 2945 dis-

441 2975 670 3041 solvere,
698 2976 943 3031 membra
971 2986 1220 3033 emortua
1251 2978 1317 3033 ad
1345 2979 1562 3035 vitalem
1587 2981 1696 3036 vim
1724 2996 2015 3046 revocare;

440 3075 679 3134 naturae,
711 3076 772 3122 ut
809 3068 1008 3125 liberos
1037 3069 1249 3142 gignat,
1291 3073 1621 3142 praecipere;
1655 3074 1724 3129 ab
1754 3074 2009 3130 extermi-

441 3158 585 3214 natis
616 3160 877 3216 membris
923 3161 1259 3218 sterilitatem
1306 3164 1600 3234 repellere;
1645 3177 2015 3238 senescentem

440 3252 697 3322 stipulam
729 3254 795 3309 ad
828 3253 1051 3310 viridem
1092 3254 1325 3313 formam
1364 3258 1658 3325 reducere;
1687 3269 1889 3316 terram
1935 3263 2019 3318 in-

439 3344 727 3402 fecundam
777 3357 1001 3419 repente
1044 3350 1449 3421 manipulorum
1491 3338 1721 3408 matrem
1768 3354 2017 3421 ellicere;

439 3454 577 3508 opus
622 3447 706 3496 est
750 3440 898 3510 quod
950 3449 1041 3497 tua
1082 3442 1283 3499 virtute
1331 3453 1494 3514 atque
1553 3446 1795 3515 potentia
1834 3446 2019 3517 perlici

438 3531 594 3587 solet.
620 3530 908 3602 Testisque
929 3542 1013 3589 cst
1039 3531 1192 3600 Sara,
1222 3544 1278 3594 et
1296 3550 1423 3590 cum
1450 3536 1553 3591 hac
1579 3536 1677 3608 [αι.
1707 3547 1829 3607 post
1856 3539 2018 3612 hanc]

439 3623 683 3679 Rebecca
714 3624 778 3689 “,
809 3641 1111 3695 rursusque
1134 3632 1291 3685 Anna
1327 3646 1340 3682 :
1371 3642 1493 3698 qua":
1518 3629 1647 3684 dum
1679 3631 1829 3697 gravi
1859 3640 2022 3703 atque

438 3715 669 3771 molesto
698 3715 1002 3771 sterilitatis
1043 3718 1236 3772 morbo
1287 3718 1632 3786 laborarent,
1668 3729 1857 3788 postea
1892 3737 1924 3777 a
1969 3731 2022 3777 te

441 3806 683 3862 liberatae
714 3816 860 3862 sunt.
903 3808 1193 3877 Caeterum,
1224 3808 1490 3880 virginem
1525 3811 1733 3881 absque
1763 3813 1867 3868 viri
1890 3828 2022 3870 con-

439 3911 629 3967 gressu
655 3912 867 3968 parere,
896 3909 1122 3954 cunctas
1157 3909 1370 3955 naturae
1399 3901 1821 3974 leges'superat;
1856 3913 2021 3975 atque

436 3988 575 4043 adeo
625 3997 780 4044 tuum
828 3989 896 4044 ad
931 3988 1165 4059 puellam
1206 3990 1482 4060 polliceris
1514 3992 1849 4049 adventum?
1881 3994 2019 4051 Coeli

436 4088 702 4150 terraque
744 4096 853 4136 non
884 4090 937 4137 te
967 4081 1398 4154 linescapiunt;
1436 4086 1713 4156 quomodo
1757 4087 1922 4159 igitur
1966 4095 2020 4144 te

433 4172 718 4244 virginalis
743 4182 935 4230 uterus
967 4159 1185 4244 capiet?
1217 4175 1319 4232 Cui
1358 4176 1625 4236 Dominus
1661 4199 1674 4234 :
1707 4178 2014 4246 Quomodo,

435 4263 650 4334 inquit,
698 4263 930 4320 Abrahre
978 4265 1389 4322 tabernaculum
1426 4284 1522 4345 me
1565 4283 1763 4338 capere
1803 4270 2019 4340 potuit?

434 4354 504 4409 Et
539 4357 766 4426 angelus
798 4374 813 4411 :
847 4357 1149 4424 Quoniam,
1185 4358 1400 4430 inquit,
1433 4360 1822 4431 hospitalitatis
1852 4363 2017 4417 habe-

433 4444 530 4499 bat
574 4447 829 4516 pelagus;
870 4444 1125 4516 illieque,
1176 4462 1212 4502 ο
1256 4446 1518 4514 Domine,
1568 4459 1620 4507 te
1655 4452 2013 4522 conspicuum

2128 1959 2337 2030 νήσεως
2380 1959 2625 2013 Ἰωάννου
2654 1958 2723 2011 τὰ
2759 1956 3083 2026 εὖαγγέλια;
3124 1956 3237 2010 Οὐκ
3284 1954 3599 2035 ἀπιστοῦντι
3627 1953 3715 2025 τῷ

2130 2053 2283 2124 ἱερεῖ,
2314 2050 2376 2105 τὸ
2433 2051 2532 2121 τῆς
2580 2050 2792 2121 σιωπῆς
2842 2050 3191 2122 προσήγαγες
3242 2049 3578 2121 πρόστιμονῖ
3628 2047 3775 2140 οὐ..
3859 2042 3893 2126 θ.

2128 2144 2490 2207 κατεδίκασας
2519 2142 2607 2196 τὸν
2666 2140 2977 2211 πρεσϐύτην
3030 2143 3098 2212 τῇ
3154 2141 3407 2212 ἀφωνίᾳς
3470 2140 3608 2210 Οὐχὶ
3639 2140 3708 2192 σὺ

2127 2238 2412 2309 ἀπεφήνω,
2476 2234 2586 2304 ἐγὼ
2628 2235 2684 2288 δὲ
2737 2233 3022 2305 ὲκύρωσα;
3057 2235 3132 2288 Οὐ
3180 2231 3712 2305 τῷέὐαγγελισμῷ

2130 2346 2243 2393 σου,
2266 2330 2326 2383 τὺ
2346 2329 2504 2401 ἔργον
2531 2327 2967 2400 ἐπηκολούθησεν
2990 2344 3005 2394 ;
3025 2327 3100 2381 Ού
3127 2327 3413 2382 συνέλαϐεν
3440 2330 3472 2398 ή
3494 2330 3709 2399 στεῖρα;

2128 2423 2241 2477 Οὐκ
2302 2423 2611 2494 ὑπήκουσεν
2660 2423 2696 2492 ἡ
2754 2421 2973 2492 μήτρας
3040 2420 3154 2473 Οὐκ
3197 2419 3543 2491 ἀνεχώρησεν
3604 2419 3711 2489 τῆς
3800 2416 3805 2419 ’
3874 2494 3883 2513 Ρ

2127 2515 2404 2588 ἀκαρπίας
2454 2516 2488 2586 ἡ
2545 2514 2735 2579 νόσος;
2786 2514 2901 2567 Οὐκ
2933 2511 3133 2582 ἔφυγεν
3182 2514 3216 2584 ἡ
3253 2513 3422 2584 ἀργία
3472 2512 3572 2583 τῆς
3606 2510 3712 2580 φύ-

2127 2626 2265 2673 σεως
2289 2625 2303 2674 ;
2333 2608 2407 2662 Ού
2437 2607 2531 2662 νῦν
2560 2610 2707 2660 ἔστιν
2763 2606 3229 2679 σταχυοφοροῦσα,
3257 2608 3290 2678 ἡ
3325 2607 3620 2680 πρότερονί
3642 2606 3729 2659 ού⁷

2126 2700 2502 2773 κυοφοροῦσα;
2553 2700 2647 2772 Μὴ
2674 2699 2936 2754 ἀδύνατον
2994 2699 3124 2771 παρ’
3148 2699 3271 2769 ἐμοὶ
3303 2696 3380 2768 τῷ
3434 2697 3706 2761 κτίσαντι,

2125 2795 2233 2848 πᾶν
2285 2793 2469 2865 ῥῆμα;
2506 2793 2629 2857 Πῶς
2677 2788 2771 2846 οὖν
2821 2790 3123 2864 ἀμφιϐολίᾳ
3181 2789 3582 2862 περιεὸλὴθης;
3638 2786 3708 2841 Τί
3810 2794 3815 2801 ’

2123 2881 2215 2938 οῦν
2246 2884 2405 2938 πάλιν
2430 2884 2459 2935 ὁ
2490 2884 2755 2953 ἄγγελος;
2797 2884 3065 2946 Δέσποτα,
3124 2883 3206 2949 τὸ,
3270 2880 3606 2955 θεραπεῦσαι
3634 2879 3710 2935 τὰ

2122 2979 2220 3051 τῆς
2247 2978 2463 3049 φύσεως
2493 2978 2800 3050 σφάλματα*
2837 2978 2918 3047 τὸ,
2953 2977 3208 3033 διαλῦσαι
3238 2978 3346 3031 τῶν
3396 2975 3587 3032 παθῶν
3611 2973 3707 3029 τὸν

2124 3071 2388 3143 χειμῶνα·
2422 3072 2505 3135 τὸ,
2528 3071 2869 3145 νεκρωθέντα
2901 3071 3037 3143 μέλη
3062 3071 3199 3142 πρὸς
3231 3070 3466 3140 ζωτικὴν
3497 3070 3709 3124 ἀνακαο

2123 3164 2383 3218 λέσασθαι
2412 3149 2661 3236 δύναμινο
2693 3166 2774 3230 τὸ,
2798 3165 3050 3230 ἐπιτάξαι
3082 3168 3149 3238 τῇ
3175 3163 3334 3233 φύσει
3357 3162 3707 3224 παιδοποιίας

2123 3257 2421 3327 ἐνέργειαν,
2464 3256 2545 3322 τὸ,
2609 3242 2769 3312 λῦσαι
2817 3258 3120 3330 στείρωσιν,
3167 3258 3225 3312 ὲν
3254 3254 3563 3333 ὑπερορίοις
3590 3256 3707 3316 τοῖς

2123 3348 2360 3418 μέλεσιν⁸
2395 3349 2477 3415 τὸ,
2530 3353 2903 3422 γεγηρακυῖαν
2931 3350 3183 3422 καλάμην
3229 3345 3708 3426 μετασχηματίσαι
3812 3358 3817 3365 ·

2122 3440 2258 3511 πρὸς
2316 3440 2615 3512 χλοηφόρον
2675 3442 2877 3513 σχῆμαο
2929 3442 3012 3506 τὸ,
3061 3440 3161 3512 τὴν
3221 3440 3414 3509 ἄγονον
3462 3439 3706 3511 ἄρουραν

2119 3528 2448 3601 δραγμάτων
2493 3529 2752 3603 ἐξαίφνης
2788 3532 3061 3597 ἀναδεῖξαι
3097 3530 3331 3605 μητέρα·
3363 3530 3522 3603 ἔργον
3554 3531 3707 3583 ἔστὶν

2121 3621 2219 3692 τῆς
2279 3620 2380 3691 σῆς
2413 3621 2717 3693 δυνάμεως,
2754 3624 2820 3676 ἐκ
2863 3623 3155 3695 συνηθείας
3204 3622 3547 3692 τελούμενον.
3593 3622 3705 3674 Καὶ

2123 3713 2337 3786 μάρτυς
2359 3715 2392 3785 ὴ
2418 3714 2625 3786 Σάρρα,
2661 3716 2753 3768 καὶ
2785 3714 2922 3785 μετὰ
2947 3714 3150 3787 ταύτης
3182 3716 3216 3786 ἡ
3249 3713 3371 3787 [ἄλ.
3403 3713 3541 3785 μετὰ
3564 3712 3705 3767 ταύ-

2120 3803 2245 3877 την]
2282 3804 2578 3859 Ῥεϐέκκα·
2629 3806 2724 3860 καὶ
2779 3805 2941 3860 πάλιν
2974 3808 3162 3869 νΑννα,
3210 3804 3290 3876 τῷ
3335 3804 3555 3877 χαλεπῷ
3599 3805 3704 3876 τῆς

2123 3894 2461 3967 στείρώσεως
2497 3896 2850 3953 δουλεύσασαι
2905 3898 3088 3963 πάθει,
3132 3892 3252 3951 εἶτα
3277 3896 3429 3969 παρὰ
3475 3896 3572 3951 σοῦ
3599 3898 3703 3970 τὴν

2119 3989 2433 4061 ἐλευθερίαν
2484 3989 2790 4061 δεξάμεναι.
2825 3991 2898 4044 Τὸ
2951 3992 3031 4057 δὲ,
3069 3990 3345 4063 παρθένον
3382 3993 3583 4054 τεκεῖν,
3625 3990 3703 4063 μὴ

2122 4079 2485 4152 συντυχοῦσαν
2511 4081 2686 4152 ἀνδρὶ,
2727 4081 2985 4153 ἀνότερόν
3025 4083 3174 4135 ἐστιν
3221 4080 3440 4135 πάντων
3471 4081 3582 4135 τῶν
3609 4082 3702 4147 νόν

2124 4189 2240 4246 μων
2267 4173 2365 4244 τῆς
2393 4171 2629 4242 φύσεως·
2662 4173 2797 4228 ἀλλὰ
2825 4174 2920 4227 καὶ
2982 4173 3081 4245 τὴν
3136 4173 3234 4245 σὴν
3277 4171 3591 4245 ἐπαγγέλλῃ
3632 4175 3700 4244 τῇ

2122 4263 2275 4317 παιδὶ
2307 4263 2646 4336 παρουσίαν;
2683 4263 2928 4337 Οὐρανοῦ
2981 4264 3074 4318 καὶ
3101 4266 3205 4337 γῆς
3227 4264 3288 4318 ού
3320 4266 3488 4336 χωρεῖ
3519 4280 3578 4316 σε
3629 4263 3700 4317 τά

2119 4354 2354 4425 πέρατα,
2377 4355 2470 4408 καὶ
2497 4354 2615 4420 πῶς
2643 4372 2704 4431 σε
2725 4357 2908 4428 μήτρα
2932 4357 3170 4429 χωρήσει
3222 4354 3554 4428 παρθενική;
3587 4355 3699 4409 Καὶ

2117 4448 2147 4499 ό
2175 4447 2454 4518 Δεσπότης
2507 4448 2691 4517 φησιν’
2740 4447 2866 4511 Πῶς
2896 4466 2963 4520 με
3016 4446 3353 4520 ἔχώρησενὴ
3406 4447 3579 4520 σκηνὴ
3603 4446 3696 4501 τοῦ

431 4536 668 4592 Abrahae
711 4539 764 4592 in
803 4539 946 4594 ostio
990 4539 1329 4595 tabernaculi
1359 4542 1637 4598 reddidisti
1672 4544 1717 4578 ⁵⁸
1741 4586 1758 4611 ,
1803 4554 1856 4601 et
1889 4562 2012 4616 per-

2132 4536 2415 4610 Ἀδραάμ;
2452 4539 2561 4593 Καὶ
2582 4540 2612 4590 ό
2638 4539 2868 4610 ἄγγελός
2915 4557 3096 4611 φησιν·
3157 4539 3374 4611 Ἐπειδὴ
3429 4535 3570 4610 εἶχεν
3595 4539 3698 4609 τῆς

431 4630 681 4686 transisti
729 4631 878 4686 velut
923 4632 1018 4701 qui
1061 4633 1247 4687 omnia
1290 4634 1488 4704 reples.
1546 4635 1830 4704 Quomodo
1880 4654 2013 4694 vero

2123 4629 2426 4699 φιλοξενίας
2476 4632 2538 4685 τὸ
2588 4632 2843 4703 πέλαγος,
2898 4633 3166 4698 Δέσποτα,
3214 4633 3332 4685 ἐκεῖ
3386 4629 3575 4703 ὤφθης
3618 4629 3697 4701 τῷ

432 4720 600 4779 Maria
634 4722 937 4780 divinitatis
966 4724 1102 4779 feret
1131 4724 1346 4796 ignem?
1392 4725 1651 4801 Thronus
1676 4740 1802 4787 tuus
1827 4732 2013 4801 splen-

430 4815 562 4871 dore
589 4815 892 4872 illustratus
919 4815 1253 4882 accenditur,
1277 4827 1334 4874 et
1358 4799 1513 4891 virgo
1542 4829 1595 4876 te
1619 4819 1763 4877 ferre
1790 4799 2013 4893 poterit,

430 4919 493 4964 ut
548 4924 659 4964 non
721 4909 1118 4966 comburatur?
1155 4910 1258 4977 Cui
1309 4911 1578 4969 Dominus
1621 4935 1633 4970 :
1689 4913 1805 4969 Imo
1842 4930 2012 4978 vero,

426 5003 624 5075 inquit,
662 5003 705 5057 si
738 5003 879 5073 ignis
903 5004 958 5058 in
1003 5003 1299 5061 solitudine
1327 5005 1467 5060 laesit
1496 5007 1695 5062 rubum
1728 5006 1810 5074 “,
1855 5007 2015 5062 laedet

426 5095 656 5150 omnino
687 5103 741 5149 et
766 5094 992 5150 Mariam
1024 5111 1180 5162 meus
1205 5097 1496 5164 adventus;
1540 5108 1598 5153 at
1639 5099 1687 5155 si
1726 5098 1869 5168 ignis
1898 5099 2010 5167 ille,

426 5184 520 5255 qui
549 5184 720 5240 divini
747 5185 855 5240 mei
883 5200 952 5240 ex
978 5186 1123 5242 caelo
1158 5186 1301 5258 ignis
1340 5187 1632 5243 adventum
1664 5188 2011 5260 designabat,

423 5275 622 5331 rubum
669 5277 894 5347 rigavit,
947 5294 1056 5333 non
1099 5278 1435 5344 combussit;
1480 5280 1746 5350 quidnam
1782 5281 1850 5336 de
1899 5283 2015 5352 ipsa

322 5386 325 5389 ·
426 5370 653 5427 veritate
673 5370 925 5436 dixeris,.
949 5387 1060 5427 non
1094 5374 1146 5427 in
1169 5373 1388 5428 ﬂamma
1415 5373 1578 5444 ignis,
1613 5376 1708 5431 sed
1742 5368 1796 5429 in
1829 5377 2011 5445 specie

424 5459 655 5530 pluviae,
688 5462 1052 5519 descendente
1079 5465 1166 5518 u1'
1218 5463 1373 5520 Tunc
1402 5464 1568 5535 igitur
1606 5466 1865 5537 angelus,
1912 5465 2009 5521 Dei

419 5549 575 5619 jussa
611 5550 668 5603 in
712 5566 774 5605 se
818 5553 1090 5623 recipiens
1129 5561 1185 5608 et
1222 5554 1450 5623 exsequi
1477 5554 1695 5621 volens',
1730 5553 2008 5626 Virginem

422 5639 577 5704 adiit,
606 5647 662 5694 et
683 5640 841 5696 (clara
870 5658 991 5697 eam
1034 5658 1168 5698 voce
1195 5644 1571 5715 compellavit,
1604 5645 1793 5702 dicens
1834 5665 1850 5700 :
1880 5647 2007 5713 Ave,

503 5814 545 5850 ⁸³
566 5821 696 5878 Luc.
738 5838 775 5879 ι.

2133 4724 2383 4796 Ἀϐραὰμ
2411 4726 2469 4777 ὲν
2497 4727 2561 4796 τῇ
2595 4725 2835 4798 παροδίῳ
2881 4728 3072 4797 σκηνῇ,
3102 4725 3197 4779 καί
3248 4723 3597 4796 παρέδραμες
3619 4724 3696 4788 ὼς

2119 4786 2614 4888 ἅπανταπληρίῦν.
2664 4786 2889 4883 ίΙῶςΙδὲ
2920 4786 3133 4888 ἐνεγκεῖ
3178 4786 3554 4890 Μαριάμντῖίις
3574 4786 3694 4871 θεὸέ
3738 4814 3741 4817 “
3802 4827 3809 4833 ·
3862 4786 3867 4791 ζ

2120 4923 2283 4977 τητος
2310 4906 2369 4961 τὸ
2398 4907 2545 4979 πῦρ;
2605 4907 2662 4962 '0
2691 4904 2878 4980 θρόνος
2908 4926 3003 4963 σου
3030 4907 3287 4978 φλέγεται
3311 4912 3378 4981 τῇ
3404 4907 3567 4981 αίγλῃ
3596 4925 3695 4962 πε·-

2114 4998 2544 5071 ριλαμπόμενος,
2606 4998 2701 5053 καὶ
2758 4999 2978 5054 δύναταί
3016 5016 3077 5053 σε
3133 5000 3317 5073 φέρειν
3367 5000 3401 5072 ἡ
3462 5001 3695 5055 εὐκατά-

2117 5090 2347 5161 φλεκτος
2369 5093 2674 5165 παρθένος;
2705 5094 2818 5149 Καὶ
2855 5088 2894 5147 ό
2922 5093 3198 5166 Δεσπότης
3248 5095 3433 5167 φησιν’
3490 5094 3617 5160 Ναὶ,
3643 5096 3692 5148 εί
3724 5152 3727 5155 _
3795 5102 3799 5107 '

2115 5184 2349 5256 ἔϐλαψεν
2387 5185 2447 5240 τὸ
2480 5186 2594 5258 πῦρ
2616 5187 2674 5241 ὲν
2696 5188 2889 5261 ἐρήμῳ
2913 5186 3012 5258 τὴν
3043 5185 3223 5257 βάτον,
3258 5186 3449 5258 βλάψει
3475 5187 3685 5251 πάντως

2117 5279 2214 5333 καὶ
2262 5277 2537 5352 Μαρίανή
2568 5277 2676 5350 ἐμὴ
2707 5277 2996 5350 παρουσία.
3034 5277 3180 5331 Elis
3209 5279 3387 5332 έκεῖνο
3407 5277 3467 5331 τὸ
3488 5276 3599 5349 πῦρ
3630 5276 3690 5330 τὸ

2120 5369 2533 5441 σκιογραφῆσαν
2586 5369 2686 5439 τὴν
2739 5367 2834 5422 τοῦ
2896 5368 3079 5422 θεῖκοῦ
3122 5367 3294 5441 πυρὸς
3351 5366 3410 5435 ἐξ
3458 5363 3689 5441 οὐρανοῦ

2117 5461 2457 5532 παρουσίαν,
2493 5460 2754 5533 ήρδευσεν
2805 5460 2901 5532 τὴν
2949 5459 3130 5530 βάτον,
3162 5460 3278 5514 ’καὶ
3319 5459 3419 5513 οὐκ
3449 5457 3684 5529 ἔφλεξεν·
3752 5454 3758 5463 ’

2116 5554 2170 5607 τί
2198 5552 2265 5607 ἂν
2289 5553 2483 5619 εἴποις,
2516 5554 2647 5625 περὶ
2673 5553 2773 5624 τῆς
2819 5552 3098 5624 ἀληθείας,
3126 5552 3227 5607 οὐκ
3271 5555 3330 5606 ἐν
3371 5552 3533 5622 φλογὶ
3584 5569 3677 5607 πυ·

2122 5648 2229 5718 ρος,
2274 5647 2388 5701 ἀλλ’
2423 5649 2481 5701 ὲν
2540 5647 2782 5718 σχήματι
2834 5647 2995 5702 ὑετοῦ
3035 5645 3498 5717 καταϐαινούσηςς
3557 5644 3683 5702 T611

852 5825 896 5856 “
924 5824 1058 5881 Gen.
1094 5842 1255 5896 xvm,
1286 5828 1377 5885 25.
1455 5829 1503 5881 η
1531 5830 1666 5888 Gen.
1709 5846 1866 5889 xvm.
1948 5832 1988 5862 ’⁸⁸
2017 5831 2189 5889 Exod.
2229 5849 2309 5888 Ill.
2390 5834 2431 5865 θ’
2464 5831 2601 5888 Psal.
2636 5848 2784 5894 uxr.
2826 5829 2880 5887 6.
