4100 6394
372 416 508 475 H77

1344 382 1633 471 uomuit
1667 410 1735 467 IV
1778 412 1839 467 IN
1873 376 2144 469 SARCTA
2180 410 2640 468 THEOPHANIA.

3475 416 3616 471 H73

366 538 551 593 Λοιπὸν
597 540 627 593 6
675 538 902 610 ἄγγελος
959 536 1256 609 ἐξεπλήρου
1311 534 1373 590 τὸ
1425 535 1782 608 προσταχθὲν,
1837 554 1895 591 κο

1995 569 2005 601 ,
2034 538 2207 608 gratia
2238 538 2413 607 plena,
2451 537 2712 593 Dominus
2749 545 2920 593 tecum
2946 539 3010 592 ⁸⁸.
3063 536 3181 594 Νοη
3223 537 3457 608 amplius
3497 538 3620 594 dia-

364 625 500 696 πρδς
521 630 618 703 τὴν
646 631 917 705 Παρθένον
968 629 1241 695 εἰσελθὼν,
1289 628 1510 701 ἐϐόησεν
1561 631 1698 702 πρὸς
1742 630 1928 702 αὐτὴν,

362 723 552 793 λέγων’
574 722 771 793 Xaipe,
805 720 1263 793 κεχαριτωμένη,
1299 724 1332 776 ό
1374 723 1589 790 Κύριος
1605 722 1755 792 μετὰ
1790 723 1927 778 σοῦ.

318 876 324 882 ,
361 814 557 869 Οὐκέτι
586 814 873 878 όδιάὸολος
904 814 1045 869 κατὰ
1087 814 1202 868 σοῦ’
1231 814 1362 867 ὃπου
1400 812 1509 886 γὰρ
1551 812 1612 866 τὸ
1665 813 1929 885 πρότερον

358 906 594 979 ἔτρωσεν
612 908 641 960 6
668 907 944 978 πολέμιος,
960 909 1076 961 ἐκεῖ
1098 906 1313 979 πρῶτον
1331 906 1426 961 νῦν
1445 909 1474 961 6
1506 907 1687 978 ἰατρὸς
1706 907 1806 978 τῆς
1831 925 1930 961 σω-

296 1036 299 1039 ι
357 999 550 1071 τηρίας
576 998 674 1070 τὴν
710 999 1053 1072 ἔμπλαστρον
1081 999 1408 1072 ἐπιτίθησιν.
1451 998 1611 1054 Ὅθεν
1652 998 1870 1071 ἐξῆλθεν
1898 1002 1926 1053 6

357 1083 609 1157 θάνατος,
637 1091 844 1146 ἐκεῖθεν
872 1094 905 1163 ή
935 1090 1047 1164 ζωὴ
1074 1093 1172 1163 τὴν
1202 1092 1402 1146 εἴσοδον
1450 1092 1793 1163 ἐτεκτήνατο.
1825 1091 1923 1145 Διὰ

352 1182 608 1252 γυναικὸς
636 1184 819 1258 ἐρῤύει
847 1185 916 1239 τὰ
940 1184 1136 1255 φαῦλα,
1163 1186 1255 1239 καὶ
1284 1184 1374 1239 διά
1402 1185 1658 1255 γυναικὸς
1687 1182 1922 1257 πηγάζει

350 1278 421 1332 τὰ
446 1268 745 1349 κρείττονα.
780 1278 975 1347 Χαῖρε,
1011 1279 1465 1347 κεχαριτωμένη.
1506 1277 1620 1349 Μὴ,
1650 1277 1726 1341 ὡς
1777 1276 1922 1330 αἰτία

293 1400 307 1408 -
351 1372 668 1454 καταδίκης,
699 1370 974 1442 αἰσχύνου.
1031 1372 1229 1443 Μήτηρ
1276 1370 1384 1443 γὰρ
1406 1370 1499 1425 τοῦ
1534 1370 1923 1425 καταδικάσαν-

226 1515 233 1519 .
347 1479 441 1526 τος
469 1463 560 1538 gul.
594 1457 972 1536 λυτρώσαντος
1016 1463 1161 1535 γίνῃ.
1218 1465 1410 1536 Χαῖρε,
1456 1463 1550 1518 τοῦ
1598 1462 1920 1535 χηρεύοντος

318 1550 575 1626 Ὓκόσμου,
607 1556 913 1628 νυμφοτόκε
942 1546 1192 1627 ἀμίαντε.
1223 1554 1416 1627 Χαῖρε,
1446 1558 1479 1625 ή
1514 1558 1572 1609 ἐν
1606 1558 1789 1628 μήτρᾳ
1826 1555 1917 1609 τὸν

344 1647 445 1718 τῆς
480 1649 683 1721 μητρὸς
729 1648 997 1720 βυθίσασα
1054 1648 1301 1703 θάνατον.
1352 1650 1545 1720 Χαῖρε,
1595 1651 1624 1703 6
1677 1648 1918 1721 ἔμψυχος

344 1740 595 1805 ναὸςτοῦ
637 1741 792 1795 Θεοῦ.
841 1744 1035 1814 Χαῖρε,
1092 1742 1324 1816 οὐρανοῦ
1354 1744 1449 1797 καὶ
1490 1743 1593 1813 γῆς
1627 1742 1915 1814 ἰσόρροπον

338 1831 563 1904 οἴκημα.
593 1835 786 1906 Χαῖρε,
809 1834 910 1906 τῆς
963 1836 1250 1908 ἀχωρήτου
1281 1835 1495 1904 φύσεως
1520 1834 1720 1906 χωρίον
1754 1832 1915 1904 εὐρύ-

338 1941 532 1996 χωρον.
582 1926 741 1981 Ἀλλά
760 1927 964 1982 τούτων
990 1927 1165 1992 οὕτως
1196 1929 1448 2000 ἐχόντων,
1483 1928 1683 1999 ἐπέστη
1716 1926 1785 1981 δι’
1813 1927 1911 1981 αὐ-

234 2000 239 2005 .
334 2013 433 2084 τῆς
455 2017 566 2079 τοῖς
590 2015 902 2072 ἀσθενοῦσιν
953 2019 982 2071 6
1022 2018 1225 2091 ἰατρόςο
1280 2020 1394 2082 τοῖς
1429 2020 1487 2072 ἐν
1531 2019 1710 2072 σκότει
1740 2017 1911 2090 καθη-

337 2105 539 2176 μένοις,
595 2109 623 2159 ὁ
648 2107 796 2179 ήλιος
821 2110 919 2181 τῆς
970 2109 1345 2183 δικαιοσύνης(
1365 2113 1529 2166 πᾶσιν
1576 2112 1633 2166 δὲ
1661 2115 1773 2177 τοῖς
1797 2129 1909 2183 χει-

335 2194 683 2277 μαζομένοις,
711 2200 744 2270 ἡ
780 2199 994 2273 ἄγκυρα
1022 2201 1116 2255 καὶ
1146 2203 1174 2255 ὁ
1203 2201 1532 2274 ἀχείμαστος
1563 2202 1745 2276 λιμήν.
1782 2204 1907 2268 Τοῖς

329 2285 661 2344 ἀδιάλλακτα
691 2292 1036 2364 μισουμένοις
1065 2293 1289 2361 δούλοις,
1320 2278 1349 2350 ό
1379 2296 1653 2368 Δεσπότης
1684 2295 1899 2367 ἐτέχθη,

328 2378 423 2432 καὶ
448 2378 549 2450 τῆς
577 2382 797 2454 εἰρήνης
822 2385 851 2436 6
882 2383 1197 2457 σύνδεσμος,
1229 2389 1258 2441 6
1283 2386 1558 2459 λυτρωτὴς
1577 2391 1687 2451 τοῖς
1707 2389 1904 2459 αἰχμα-

306 2467 515 2539 ⁸,λώτοις
566 2472 770 2538 δούλοις
823 2476 1187 2549 ἐπεδήμησεν,
1235 2480 1347 2542 τοῖς
1399 2478 1824 2550 πολεμουμένοις
1865 2482 1899 2551 ἠ

240 2580 243 2581 ⁷
325 2564 536 2636 εἰρήνη.
571 2568 764 2636 Αὐτὸς
808 2569 920 2641 γάρ
947 2571 1118 2627 ἐστιν
1176 2573 1217 2642 ἡ
1248 2571 1458 2642 εἰρήνη
1496 2563 1683 2643 ἡμῶν
1708 2567 1776 2645 ἧς
1812 2573 1906 2641 γέ-

322 2672 468 2735 νοιτο
503 2657 710 2724 πάντας
741 2662 1035 2718 ἀπολαύειν
1061 2665 1229 2736 ἡμᾶς,
1260 2664 1465 2737 χάριτι,
1490 2665 1584 2719 καὶ
1607 2665 1904 2738 φιλανθρω-

2034 629 2192 684 bolus
2221 630 2324 684 erit
2358 638 2546 685 contra
2578 638 2664 698 te;
2707 646 2831 685 nam
2870 630 2960 685 ubi
2988 640 3149 685 antea
3182 629 3354 684 hostis
3382 630 3468 684 ille
3490 630 3614 684 vul-

2032 738 2136 777 nus
2169 722 2382 785 inﬂixit,
2418 722 2525 777 illic
2557 723 2794 792 primum
2825 739 2971 778 nunc
3001 722 3245 777 medicus
3273 722 3466 776 salutis
3495 736 3612 775 me-

2029 816 2396 871 dicamentum
2426 815 2665 869 adhibet.
2701 813 2856 870 Unde
2879 830 3027 869 mors
3070 813 3287 884 prodiit,
3334 813 3459 867 inde
3499 813 3610 866 vita

2002 908 2131 963 ‘sibi
2173 907 2479 977 ingressum
2512 908 2743 977 paravit.
2793 906 2897 961 Per
2947 906 3229 961 mulierem
3274 905 3416 959 mala
3448 903 3612 959 ﬂuxe—

2028 1008 2190 1064 runt,
2239 1008 2291 1054 et
2338 1015 2434 1069 per
2475 999 2754 1053 mulierem
2786 999 2928 1054 bona
2958 1008 3235 1054 emanant.
3260 1001 3385 1064 Ave,
3431 999 3611 1069 gratia

2026 1091 2203 1162 plena.
2240 1089 2337 1155 Ne,
2373 1092 2518 1163 quod
2549 1091 2744 1146 mulier
2782 1091 3151 1147 damnationis
3182 1106 3348 1146 causa
3381 1091 3605 1145 exstite-

2026 1186 2117 1249 rit,
2152 1184 2445 1240 erubescas
2480 1183 2722 1240 :Judicis
2742 1185 2886 1239 enim
2912 1194 2965 1239 et
2988 1183 3370 1254 Redemptoris
3402 1193 3456 1238 tu
3490 1198 3609 1239 ma-

2023 1288 2105 1334 ter
2136 1278 2266 1334 eris.
2314 1277 2446 1346 Ave,
2479 1276 2846 1344 immaculata,
2886 1278 3089 1332 viduali
3119 1278 3267 1333 orbis
3304 1292 3503 1348 sponsa
3532 1277 3611 1332 sio

2023 1369 2138 1426 mul
2172 1379 2227 1424 et
2271 1378 2464 1425 mater.
2496 1368 2629 1435 Ave,
2660 1385 2780 1439 qua:
2810 1370 2862 1423 in
2898 1380 2991 1424 tuo
3042 1380 3197 1426 utero
3240 1370 3431 1425 matris
3480 1369 3606 1426 Em:

2024 1473 2257 1517 mortem
2301 1460 2629 1515 demersisti.
2681 1460 3130 1521 Arc,animatum
3181 1459 3273 1515 Dei
3319 1461 3600 1530 templum.

2017 1554 2153 1615 Ave,
2178 1553 2299 1610 creli
2351 1562 2406 1608 et
2448 1560 2606 1607 terra:
2637 1554 2965 1624 atquivalens
3001 1554 3334 1625 dignumque
3375 1555 3605 1609 domici-

2017 1647 2174 1702 lium.
2222 1647 2354 1714 Ave,
2378 1658 2586 1702 naturae
2629 1647 2776 1703 illius
2820 1647 3388 1717 incomprehensibilis
3434 1665 3604 1719 capa-

2019 1740 2304 1796 cissimum
2354 1739 2775 1809 receptaculum.
2824 1738 3071 1809 Cumque
3117 1740 3232 1795 haec
3281 1741 3352 1795 ita
3397 1756 3456 1795 se
3501 1742 3600 1795 ha-

2016 1835 2199 1900 beant,
2233 1832 2387 1887 adest
2410 1847 2504 1902 per
2533 1848 2652 1886 eam
2687 1832 3073 1903 aegrotantibus
3104 1834 3381 1898 medicus;
3428 1833 3480 1888 in
3519 1844 3597 1890 te-

2017 1928 2201 1983 nebris
2226 1927 2562 1991 sedentibus,
2592 1926 2671 1981 sol
2692 1925 2948 1996 justitiam;
2988 1928 3200 1982 cunctis
3233 1942 3360 1981 vero
3393 1935 3598 1997 tempe-

2014 2029 2155 2075 state
2172 2020 2409 2088 jactatis,
2432 2020 2670 2074 antchora
2688 2028 2986 2088 portusque
3005 2017 3329 2074 tutissimus.
3354 2015 3599 2075 Inimicis

2011 2122 2066 2168 et
2095 2111 2205 2167 Deo
2250 2112 2440 2169 invisis
2471 2114 2643 2169 servis
2682 2111 2948 2167 Dominus
2985 2120 3146 2166 natus
3177 2121 3294 2178 est,
3336 2111 3596 2182 pacisque

2013 2205 2289 2260 vinculum
2333 2204 2532 2272 factus,
2572 2204 2800 2273 captivis
2843 2205 3110 2271 liberatio,
3138 2216 3193 2260 et
3237 2205 3377 2259 bello
3407 2205 3595 2277 exagi-

2008 2298 2136 2352 tatis
2165 2296 2487 2367 paciﬁcatio.
2535 2295 2651 2365 Ipse
2680 2297 2820 2349 enim
2868 2306 2947 2351 est
2983 2313 3090 2368 paa:
3119 2308 3303 2351 nostra
3338 2296 3381 2328 δ’
3423 2315 3435 2351 :
3482 2310 3589 2367 qua
3704 2344 3713 2357 ,

2007 2389 2225 2458 quidem
2272 2404 2443 2459 pace,
2496 2390 2708 2445 utinam
2750 2390 3080 2444 concedatur
3126 2390 3283 2445 nobis
3335 2389 3591 2445 omnibus

2007 2483 2137 2552 frui,
2160 2483 2334 2555 gratia
2362 2493 2416 2541 et
2449 2484 2781 2555 benignitate
2809 2482 3021 2539 Domini
3059 2485 3234 2539 nostri
3275 2482 3404 2539 Jesu
3435 2482 3587 2538 Chri-

2004 2575 2074 2629 sti
2104 2593 2119 2630 :
2147 2575 2237 2630 cui
2268 2576 2459 2647 gloria,
2485 2578 2652 2633 decus
2675 2587 2731 2633 et
2761 2576 3072 2647 imperium,
3096 2592 3243 2632 nunc
3270 2584 3325 2630 et
3350 2590 3584 2645 semper,

2004 2674 2059 2721 et
2097 2667 2152 2721 in
2182 2668 2364 2722 omnia
2403 2669 2600 2724 saecula
2640 2654 2987 2725 surculorum.
3030 2667 3224 2721 Amen.

174 4832 179 4833 ⁷
278 4843 505 4916 ταύτης,
544 4846 839 4919 ἀπλήστοις
865 4846 1064 4919 ψυχαῖς
1086 4864 1099 4877 ·
1132 4847 1271 4921 καλὴ
1296 4848 1405 4921 γὰρ
1430 4850 1524 4905 ἐπὶ
1554 4852 1662 4906 τῶν
1695 4871 1864 4927 σωτη-

174 5058 179 5061 -
272 5040 366 5092 τες
407 5029 473 5082 ἐκ
510 5028 608 5099 τῆς
638 5029 924 5095 Γαλιλαίας
965 5034 1045 5097 εἰς
1089 5034 1187 5106 τὴν
1230 5036 1506 5101 Ἰουδαίαν,
1538 5036 1851 5111 συνεξορμί-

108 5470 121 5479 ν
165 5465 170 5468 _
266 5392 599 5464 βαπτίζοντα
643 5396 860 5469 ἴδωμεν,
895 5401 987 5456 τὸν
1032 5402 1404 5479 βαπτίσματος
1452 5408 1527 5482 μὴ
1567 5409 1857 5481 δεόμενον,¹

319 2748 424 2820 πίᾳ
450 2750 545 2804 τοῦ
584 2753 789 2825 Κυρίου
848 2758 1006 2828 ἡμῶν
1043 2759 1215 2830 Ἰησοῦ
1256 2761 1512 2832 Χριστοῦ·
1543 2754 1588 2830 ᾧ
1640 2765 1674 2834 ἡ
1721 2761 1866 2830 δόξα.
1896 2761 2052 2835 τιμὴ,
2082 2765 2176 2818 καὶ
2199 2765 2260 2818 τὸ
2307 2766 2561 2836 κράτος,⁸
2590 2764 2685 2821 νῦν
2731 2765 2827 2819 καὶ
2856 2764 2965 2829 ἀεὶ,
3020 2764 3114 2818 καὶ
3158 2765 3238 2826 εἰς
3280 2764 3406 2825 τοὺς
3447 2762 3585 2818 πάν-

317 2860 420 2907 τας
456 2848 657 2915 αἰῶνας
689 2850 796 2906 τῶν
830 2852 1062 2909 αἰώνων.
1098 2858 1288 2930 Ἀμήν.

324 2980 3415 3010 *ΜΨ*
3442 2996 3554 3010 .-

1498 3104 1503 3107 ’
1577 3137 2110 3233 HOMILIA
2189 3142 2358 3233 IV.

1034 3328 1108 3388 In
1165 3334 1376 3391 sancta
1430 3328 1865 3410 Tthphania,
1891 3332 2028 3394 sive
2073 3334 2151 3393 de
2202 3332 2436 3395 Christi
2479 3334 2814 3412 baptismo.

308 3595 421 3651 Τοῦ
447 3599 634 3681 αὐτοῦ
658 3602 730 3681 s3»
754 3602 945 3681 tirio";
967 3603 1196 3681 Πατρός
1220 3605 1389 3681 ἡμῶνζ
1407 3607 1737 3681 Γρηγορίω
1759 3609 1884 3681 έπιέ

1995 3610 2244 3681 Ejusdem
2272 3610 2444 3681 sancti
2489 3595 2668 3662 Putris
2704 3610 2872 3663 nostri
2902 3608 3143 3679 Gregorii
3169 3607 3397 3681 episcgpi
3432 3609 3575 3666 Neo.

372 3671 607 3751 (ξῖςόπου
631 3671 747 3751 τῆς
771 3671 1879 3751 ΔΙὶἰιιρκαισᾳρείας⁷⁷τοᾷβαὺλιιὶτουριχιοῦ

2029 3671 2296 3736 ἐαξεηνρω
2328 3679 2909 3751 Thaumaturgisermo
2928 3720 2944 3744 ,
2990 3671 3045 3734 ἱῖι
3072 3671 3259 3735 saneta
3293 3671 3566 3751 Theopha-

369 3741 558 3823 λόγος
590 3741 796 3810 sieta
842 3745 977 3816 ἅγια
1028 3741 1324 3817 Θεοφάνια
1367 3747 1476 3821 [ἄλ.
1518 3741 1606 3815 sic
1632 3749 1705 3804 τὰ
1727 3741 1879 3821 ⁷ἅλγια

2052 3753 2143 3805 uia
2174 3752 2363 3823 [al._in
2395 3747 2470 3823 S.A
2505 3741 2755 3823 inmitia],
2785 3750 2841 3804 id
2875 3741 2974 3818 est,
3001 3751 3066 3806 de
3096 3751 3190 3806 Dei
3216 3741 3567 3822 apparitione,

344 3842 347 3845 ν
371 3810 581 3882 enim].
889 3810 901 3816 ⁷
1138 3810 1156 3817 ⁷
1367 3810 1387 3821 ⁵
1578 3810 1596 3815 ⁷
1789 3810 1802 3821 ’

2050 3825 2154 3877 sive
2174 3810 2248 3876 ‘de
2271 3821 2471 3877 Christi
2504 3810 2786 3889 baptismo.

2056 3936 2170 3991 Viri
2195 3935 2416 3991 Christo
2437 3933 2619 3990 dilecti
2659 3941 2712 3988 et
2761 3932 3148 4004 liOSpitalitatis
3178 3942 3340 4004 atque
3369 3932 3563 3988 frater-

1976 4031 2163 4085 nitatis
2195 4038 2472 4083 amatores
2495 4068 2511 4092 ,
2548 4029 2768 4083 auditus
2796 4027 2960 4081 vestri
2996 4026 3232 4096 hospitio
3259 4027 3558 4081 etiamnum

1976 4119 2136 4173 hodie
2179 4119 2417 4187 linguam
2450 4133 2627 4172 meam
2678 4116 2939 4193 excipite,
2991 4117 3324 4185 auribusque
3364 4118 3563 4170 vestris

1972 4219 2250 4281 portarum
2293 4210 2465 4265 instar
2496 4209 2717 4279 apertis,
2754 4225 2932 4263 meum
2954 4211 3093 4262 intra
3123 4224 3215 4263 eas
3249 4224 3555 4262 sermonem

1975 4302 2283 4366 admittite;
2323 4311 2378 4358 et
2417 4303 2712 4357 salutarem
2749 4317 2776 4355 a
2815 4318 2900 4355 me
2940 4301 3375 4370 praedicationem
3420 4299 3558 4353 acci-

1972 4397 2101 4463 pite,
2152 4395 2513 4452 demersionis
2557 4394 2783 4457 Christi,
2831 4404 2952 4463 quae
2998 4395 3052 4448 in
3096 4391 3334 4448 Jordane
3386 4393 3559 4448 ﬂuvio

1971 4487 2113 4544 facta
2144 4498 2229 4543 est
2254 4506 2268 4542 :
2295 4498 2358 4542 ut
2385 4486 2675 4542 Dominum
2709 4486 2802 4555 qui
2834 4501 3006 4557 usque
3032 4487 3167 4540 adeo
3196 4486 3349 4539 nobis
3377 4485 3555 4539 indul-

1968 4589 2089 4653 get,
2139 4580 2402 4636 adametis
2450 4580 2846 4634 vehementius.
2902 4562 3037 4633 Nam
3091 4579 3192 4634 etsi
3238 4577 3555 4647 Epiphaniae

1967 4675 2082 4729 sive
2111 4672 2472 4745 apparitionis
2505 4671 2803 4747 Salvatoris
2820 4673 2990 4727 nostri
3016 4671 3298 4727 celebritas
3322 4681 3547 4740 praster-

1966 4747 2126 4834 ierit,
2177 4767 2349 4837 gratia
2396 4773 2578 4820 tamen
2630 4765 2798 4835 ipsius
2849 4779 3061 4834 semper
3114 4773 3314 4820 manet.
3369 4762 3552 4830 Quare

1963 4858 2368 4916 insatiabilibus
2429 4859 2631 4914 animis
2672 4857 3055 4929 perfruamur,
3099 4872 3164 4912 ac
3219 4857 3548 4913 delectemur

226 4997 230 4999 Α
280 4935 419 5030 ρίων
444 4938 782 5030 πραγμάτων
815 4941 848 5010 ἡ
879 4939 1172 5011 ἀπληστία,
1202 4941 1364 5014 καλή.
1395 4944 1507 4999 Καὶ
1526 4943 1700 5010 δεῦτε,
1725 4947 1861 5000 πάν·-
1889 4966 1895 5025 ]

1997 4967 2062 5020 a;
2104 4968 2231 5007 nam
2274 4952 2416 5030 bona
2457 4952 2512 5006 in
2545 4951 2709 5006 rebus
2736 4951 3066 5006 salutaribus
3098 4958 3181 5005 est
3222 4949 3547 5029 insatiabili-

1953 5053 2060 5110 tas,
2093 5044 2236 5099 bona
2261 5045 2505 5115 inquam.
2540 5042 2731 5108 Venite
2760 5045 2925 5115 igitur
2944 5042 3123 5098 cuncti
3155 5058 3219 5097 ex
3243 5042 3459 5097 Galilaza
3484 5044 3543 5095 in

273 5128 457 5188 σωμεν
496 5117 576 5189 τῷ
621 5120 872 5193 Χριστῷ·
911 5124 1181 5198 μακάριος
1221 5126 1328 5201 γὰρ
1370 5130 1399 5182 6
1441 5130 1734 5184 συνοδεύων
1779 5134 1845 5204 τῇ

1995 5137 2219 5205 udazam,
2246 5146 2303 5193 et
2326 5154 2434 5193 una
2455 5154 2576 5192 cum
2599 5138 2820 5195 Christo
2842 5152 3121 5192 exeamus.
3150 5133 3348 5189 Beatus
3368 5133 3541 5199 enim,

268 5207 373 5280 ὀδῷ
412 5209 513 5280 τῆς
551 5209 715 5281 ζωῆς.
747 5212 933 5278 Δεῦτε,
967 5219 1081 5280 τοῖς
1096 5217 1205 5288 τῆς
1237 5217 1477 5285 διανοίας
1509 5223 1660 5294 ποσὶ,
1682 5239 1848 5277 κατα-

1995 5228 2046 5282 ui
2078 5228 2241 5283 simul
2273 5244 2396 5282 cum
2436 5229 2522 5283 via
2551 5228 2672 5283 vita:
2710 5228 2812 5283 iter
2843 5226 2994 5283 facit.
3046 5224 3272 5290 Venite,
3305 5224 3543 5294 pedibus

267 5299 523 5371 λάϐωμεν
550 5302 642 5356 τὸν
678 5303 967 5379 Ἰορδάνην,
1000 5313 1096 5364 καὶ
1124 5312 1215 5367 τὸν
1246 5312 1553 5387 Βαπτιστὴν
1595 5315 1843 5391 Ἰωάννην

1995 5321 2153 5376 tentis
2203 5318 2497 5376 Jordanem
2541 5329 2820 5392 petamus;
2869 5312 2928 5374 cf
2975 5334 3005 5372 a
3043 5315 3251 5373 Joanne
3294 5316 3541 5387 Baptista

1948 5426 2074 5466 eum
2118 5410 2382 5481 baptizari
2423 5411 2855 5493 conspiciamus,
2893 5407 2986 5478 qui
3016 5406 3426 5475 baptismO'non
3453 5405 3540 5460 in-

1947 5504 2126 5576 diget,
2174 5512 2236 5558 ut
2268 5504 2525 5575 baptismi
2571 5506 2731 5561 nobis
2773 5503 3004 5575 gratiam
3056 5501 3238 5555 donet.
3294 5497 3549 5566 Venite,

1945 5597 2374 5668 contemplemur
2403 5598 2826 5669 regenerationis
2845 5604 3044 5651 nostra:
3065 5593 3376 5664 imaginem,
3405 5605 3530 5662 qua

1945 5688 2001 5743 in
2040 5690 2198 5761 aquis
2232 5690 2340 5749 illis
2371 5690 2747 5746 adumbratur.
2784 5687 2929 5743 Tum:
2955 5687 3092 5742 venit
3121 5685 3278 5742 Iesus
3313 5704 3347 5741 α
3374 5686 3527 5741 ϐαιὸ-

373 3926 597 3999 Ἀνδρες
642 3928 999 4001 φιλόχριστοι,
1034 3934 1129 3986 καὶ
1157 3931 1445 4003 φιλόξενοι,
1487 3934 1580 3988 καὶ
1628 3934 1875 4004 φιλάδελ-

294 4035 409 4089 φοι,
446 4018 826 4091 ξενοδοχήσατε
863 4022 963 4093 τὴν
1001 4022 1140 4094 ἐμὴν
1179 4023 1452 4092 γλῶσσαν,
1499 4026 1592 4079 καὶ
1635 4026 1874 4098 τήμερον

292 4110 419 4184 [ἄλ.
454 4111 737 4184 σήμερονῙ,
769 4113 863 4166 καὶ
891 4115 991 4177 τάς
1016 4113 1185 4178 ἀκοὰς
1226 4114 1379 4186 ὑμῶν
1414 4115 1490 4179 ὡς
1531 4115 1705 4181 πύλας
1741 4119 1873 4172 ἀνα-

293 4200 649 4265 πετάσαντες,
681 4202 907 4266 ταύταις
943 4203 1036 4257 τὸν
1074 4202 1205 4274 ἐμὸν
1236 4202 1392 4273 λόγον
1426 4204 1750 4269 ἐνοικίσατε,
1778 4207 1873 4258 καὶ

289 4292 515 4360 δέξασθε
557 4297 687 4365 παρ’
726 4294 860 4366 ἐμοῦ
902 4295 964 4349 τὸ
1008 4296 1273 4366 σωτήριον
1314 4296 1597 4368 κήρυγμα,
1630 4297 1766 4370 ὅπερ
1814 4299 1872 4351 ἐν

287 4385 367 4456 τῷ
419 4385 657 4459 Ἰορδάνῃ
698 4386 929 4458 ποταμῷ
968 4387 1066 4459 τῆς
1113 4387 1458 4453 καταδύσεως
1501 4388 1594 4442 τοῦ
1632 4389 1868 4461 Χριστοῦ

288 4477 511 4547 γέγονεν
531 4497 545 4511 ·
578 4480 664 4534 ἵνα
702 4480 794 4533 τὸν
841 4478 1093 4535 τοσοῦτον
1131 4482 1262 4552 ἡμῖν
1304 4481 1724 4551 ωγκαταὸἀντα
1769 4485 1868 4537 Δε-

288 4570 493 4643 σπότην
530 4571 689 4627 πλέον
719 4571 1012 4645 ποθήσητε.
1043 4573 1107 4626 Εἰ
1149 4572 1257 4645 γὰρ
1290 4574 1384 4628 καὶ
1417 4574 1516 4646 τῆς
1559 4575 1653 4628 τοῦ
1684 4576 1869 4647 Σωτῆ-

285 4676 380 4732 ρος
407 4662 755 4732 Ἐπιφανείας
780 4666 813 4735 ἡ
836 4664 1140 4736 πανήγυρις
1170 4662 1559 4736 παρελήλυθεν,
1587 4665 1698 4720 ἀλλ’
1719 4668 1752 4739 ἡ
1771 4667 1867 4739 χά-

284 4769 371 4825 ρις
397 4753 565 4825 αὐτῆς
617 4755 766 4825 μένει
810 4754 896 4809 διὰ
937 4755 1157 4819 παντός.
1207 4758 1730 4830 Κατατρυφήσωμεν
1768 4757 1864 4813 οὖν

202 5532 207 5541 .
266 5485 371 5562 ἵνα.
400 5486 495 5541 τοῦ
540 5486 913 5562 βαπτίσματος
957 5495 1086 5565 ἡμῖν
1139 5497 1236 5568 τὴν
1292 5500 1452 5572 χάριν
1501 5500 1834 5575 δωρήσηται.

259 5576 451 5669 ᾲεῦτε,
487 5577 806 5652 θεασώμεθα
838 5585 938 5656 τῆς
981 5589 1249 5661 ἡμετέρας
1288 5593 1696 5666 ἀναγεννὴσεως
1740 5597 1839 5669 τὴν

260 5667 444 5726 εἰκόνα
470 5676 985 5749 σκιαγραφουμένην
1013 5680 1070 5732 ἐν
1093 5681 1317 5749 ἐκείνοις
1345 5689 1457 5750 τοῖς
1490 5685 1664 5742 ὕδασι.
1703 5667 1838 5744 Τότε

329 5847 372 5880 ⁸³
396 5846 527 5905 Luc.
558 5866 597 5913 l,
631 5850 720 5908 ‘28.
804 5855 844 5886 ἰ’
881 5856 1076 5927 Ephcs.
1109 5874 1169 5925 ιι,
1205 5859 1283 5916 ίιί.
