4100 6376
510 430 648 484 1179

1146 428 1205 482 S.
1247 422 1577 482 GREGORII
1614 415 1970 475 TllAUMAT.
2012 410 2161 466 OPP.
2203 406 2380 462 PARS
2419 405 2716 463 ALTERA.
2758 437 2815 447 -—
2864 406 3091 463 DUBIA.

3614 408 3752 463 H80

506 548 610 604 lca
635 548 691 601 in
729 546 1018 601 Iordanem
1046 548 1114 600 ad
1148 547 1406 600 Joannem
1428 588 1444 612 ,
1488 554 1546 598 ut
1591 542 1655 597 ab
1698 558 1756 596 eo
1788 538 2083 606 baptizare-

2196 530 2561 599 παραγίνεται
2588 532 2620 584 ό
2653 529 2880 597 Ἰησοῦς
2900 528 3019 582 ἀπὸ
3048 527 3156 596 τῆς
3176 529 3502 596 Γαλιλαίας
3533 532 3618 597 είς
3644 531 3756 585 τὸν

511 649 598 692 tur
630 637 698 691 ⁸ο.
734 636 810 693 0!
849 647 1049 707 quanta
1072 636 1285 691 Domini
1314 637 1596 690 humilitas
1627 643 1789 702 atque
1823 626 2083 683 modestia

508 731 708 786 animi!
728 729 799 785 ΟΞ
826 739 1027 801 quanta
1056 731 1418 803 indulgentia!
1449 730 1565 784 Rex
1587 727 1820 783 caelestis
1840 725 1904 779 ad
1926 723 2089 778 Joan-

510 836 632 875 nem
649 835 1038 891 praecursorem
1064 836 1223 874 suum
1242 820 1498 884 accurrit,
1513 835 1620 873 non
1642 817 1954 887 angelorum
1973 828 2090 868 mo-

510 927 643 967 vens
675 920 853 966 castra
886 911 981 983 [οι.
1012 911 1339 981 evcrcitus],
1387 927 1563 981 neque
1593 924 1958 980 prmcursores
1985 907 2087 961 sibi

511 1007 861 1077 praemittens,
895 1008 1245 1077 incorporeas
1264 1015 1586 1076 potestates;
1617 1020 1801 1059 verum
1827 1013 2087 1073 tanquam

512 1098 772 1168 simplicis
797 1113 863 1153 ac
889 1098 1064 1152 tenuis
1093 1097 1443 1160 conditionis,
1484 1096 1540 1148 in
1576 1094 1794 1148 militari
1831 1093 2092 1146 adventus

512 1189 685 1243 forma
721 1188 817 1260 [αι.
854 1189 947 1243 sed
974 1189 1044 1242 ita
1070 1187 1328 1255 demisse,
1362 1188 1415 1241 in
1445 1185 1663 1240 militari
1686 1183 1948 1240 accedens
1978 1181 2091 1236 for-

512 1279 652 1351 ma],
677 1280 743 1334 ad
774 1295 932 1335 suum
968 1280 1138 1349 ipsius
1168 1279 1603 1346 venitmilitem;
1647 1276 1874 1347 etquasi
1899 1290 2040 1329 unus
2062 1288 2092 1328 e

513 1372 672 1441 vulgo
693 1371 760 1425 ad
788 1386 912 1426 eum
948 1371 1179 1435 accedit,
1214 1386 1381 1440 seque
1402 1370 1579 1440 ipsum
1602 1371 1742 1423 inter
1756 1368 1998 1437 captivos
2014 1382 2094 1421 re-

515 1461 618 1517 l'ert
652 1462 996 1533 Redemptor,
1030 1472 1084 1517 et
1112 1463 1254 1516 inter
1282 1478 1404 1517 reos
1430 1478 1488 1517 se
1514 1461 1668 1532 ponit
1695 1458 1893 1524 Judex,
1924 1473 2090 1529 seque

513 1557 704 1610 ovibus
726 1556 947 1629 perditis
970 1556 1251 1625 conjungit
1267 1557 1456 1610 Pastor
1476 1556 1651 1608 bonus
1674 1553 1741 1616 δι,
1760 1553 1850 1621 qui
1877 1560 2094 1620 propter

514 1659 670 1700 ovem
717 1655 990 1701 errantem
1022 1663 1053 1701 e
1083 1646 1237 1701 cmlis
1263 1644 1645 1708 descenderat,
1691 1653 1745 1699 et
1777 1644 1943 1698 cmlos
1983 1656 2089 1695 non

515 1738 808 1807 reliquerat
842 1757 856 1792 :
891 1739 1296 1806 admistumque
1319 1744 1436 1791 erat
1465 1736 1691 1789 zizaniis
1721 1737 1938 1789 caeleste
1962 1734 2089 1787 illud

513 1843 763 1898 granum,
801 1830 944 1899 quod
974 1830 1179 1899 absque
1215 1828 1456 1882 humano
1486 1828 1694 1881 semine
1729 1832 2083 1896 processerat.

514 1920 753 1976 Cernens
786 1935 915 1990 ergo
937 1921 1113 1990 ipsum
1140 1918 1379 1975 Joannes
1414 1920 1655 1990 Baptista
1684 1927 1736 1972 et
1766 1932 2085 1986 agnoscens,

515 2027 676 2082 quem
729 2021 976 2067 materno
1021 2028 1086 2066 ex
1139 2022 1295 2068 utero
1347 2021 1572 2068 noverat
1617 2020 1670 2065 οι
1730 2010 2087 2076 adoraverat,

516 2101 910 2173 manifestoque
949 2104 1095 2159 hunc
1137 2103 1289 2157 illum
1338 2105 1513 2174 ipsum
1554 2117 1696 2167 esse,
1735 2101 1891 2171 cujus
1925 2115 2090 2155 causa

516 2193 570 2247 in
596 2204 751 2248 utero
790 2194 980 2249 matris
1021 2210 1183 2264 supra
1222 2206 1433 2250 :etatem
1472 2194 1839 2249 exsultaverat
1873 2192 1952 2245 ":
1992 2207 2091 2245 na-

515 2296 651 2340 tura;
680 2288 939 2341 terminos
972 2288 1295 2356 reprimens,
1326 2288 1603 2342 dexteram
1632 2287 1771 2340 intra
1798 2283 2089 2354 diploidcm

518 2377 812 2442 contraxit,
852 2387 907 2432 et
934 2377 1192 2432 inclinato
1222 2393 1321 2432 suo
1350 2378 1548 2447 capite,
1590 2386 1649 2431 ut
1679 2376 2090 2430 amantissimus

522 2463 735 2520 Domini
781 2482 1004 2530 servus,
1050 2468 1254 2522 talibus
1300 2469 1366 2522 ad
1412 2484 1536 2522 eum
1580 2467 1805 2522 vocibus
1845 2466 2092 2521 elocutus

517 2564 600 2610 est
628 2554 725 2627 [αι.
755 2571 889 2611 usus
920 2556 1025 2628 est]
1062 2575 1076 2611 :
1121 2556 1232 2627 Ego
1255 2574 1383 2626 opus
1413 2556 1575 2611 habeo
1606 2567 1662 2611 ut
1696 2573 1728 2609 a
1760 2567 1807 2609 te
1835 2554 2090 2624 baptizer,

513 2656 563 2700 et
591 2657 645 2701 tu
679 2649 821 2702 venis
850 2649 918 2702 ad
945 2667 1024 2703 me
1041 2650 1086 2681 ⁸³
1111 2650 1135 2702 ?
1174 2650 1313 2715 Quid
1346 2650 1482 2721 agis,
1518 2666 1551 2701 o
1577 2649 1841 2703 Domine?
1867 2648 1977 2703 Cur
2003 2664 2091 2702 re—

512 2754 636 2794 rum
675 2741 932 2796 immutas
960 2741 1248 2797 ordinem?
1272 2743 1549 2808 Quorsum
1587 2756 1712 2797 cum
1747 2741 1952 2808 servis,
1996 2756 2090 2805 ea,

514 2846 637 2901 quae
673 2847 953 2888 servorum
1003 2844 1159 2898 sunt,
1211 2851 1241 2890 a
1280 2850 1440 2890 servo
1475 2843 1569 2889 tuo
1610 2835 1845 2906 quaeris?
1886 2833 1997 2888 Cur
2029 2849 2092 2887 ea

514 2922 671 2991 cupis
704 2924 970 2992 accipere,
1005 2926 1205 2994 quibus
1256 2942 1363 2980 non
1413 2925 1655 2996 indiges?
1687 2925 1798 2980 Cur
1834 2935 1942 2979 tam
1972 2940 2092 2979 ma-

518 3027 623 3080 gna
649 3012 984 3083 indulgentia
1012 3023 1172 3083 atque
1203 3015 1508 3069 humilitate
1534 3030 1620 3069 me
1645 3013 1907 3069 famulum
1939 3022 2092 3067 tuum

517 3102 751 3169 gravas?
789 3101 899 3173 Ego
930 3104 1085 3158 debeo
1112 3121 1145 3158 a
1180 3114 1228 3158 te
1260 3105 1572 3174 baptizari;
1621 3117 1678 3160 at
1709 3114 1795 3171 tn,
1836 3113 1896 3159 nt
1934 3120 1963 3158 a
2006 3119 2095 3158 mc

515 3193 825 3265 baptizeris,
857 3211 963 3250 non
995 3197 1223 3266 indiges.
1253 3196 1411 3263 Quod
1443 3199 1625 3253 minus
1664 3210 1779 3264 est,
1810 3213 1842 3252 a
1886 3196 2094 3267 majore
2122 3232 2163 3285 ο

516 3301 582 3341 ac
611 3287 823 3357 potiore
864 3288 1234 3356 benedicitur;
1278 3305 1388 3345 non
1434 3299 1614 3345 autem
1649 3291 1793 3360 quod
1825 3290 2029 3360 potius,
2064 3306 2093 3344 a

521 3379 731 3434 minore
758 3380 1096 3435 benedicitur
1126 3390 1181 3435 ct
1217 3384 1606 3438 sanctiﬁcatur.
1646 3382 1889 3438 Lucerna
1916 3399 1959 3457 a
1983 3383 2097 3438 sole

517 3470 762 3540 undique
789 3471 1122 3539 illustratur,
1166 3489 1275 3527 non
1318 3474 1456 3529 sola
1487 3476 1709 3529 lucerna
1739 3475 2095 3529 illuminatut‘.

517 3559 721 3628 Argilla
748 3576 779 3615 a
810 3562 974 3631 ﬁgulo
1013 3574 1378 3632 praeparatur,
1418 3580 1530 3619 non
1563 3563 1762 3636 ﬁgulus
1805 3565 1873 3620 ab
1907 3566 2096 3636 argilla

520 3648 805 3707 lormatur.
858 3651 964 3707 lies
1011 3663 1191 3708 creata
1242 3668 1272 3707 a
1321 3652 1575 3708 Creatore
1612 3665 1942 3721 renovatur,
1991 3670 2096 3709 non

519 3735 747 3791 Crcator
794 3755 824 3793 a
874 3756 931 3795 re
961 3749 1139 3795 creata
1183 3741 1457 3812 dirigitur.
1524 3741 1784 3813 Egrotus
1816 3760 1845 3798 a
1893 3746 2101 3800 medico

519 3837 773 3892 curatur,
810 3847 919 3886 non
953 3834 1196 3887 medicus
1222 3834 1291 3887 ab
1320 3833 1536 3888 inﬁrmo
1565 3835 1814 3889 visitatur
1846 3834 1942 3906 [αι.
1971 3839 2100 3892 edo-

519 3920 718 3993 cetur].
755 3920 970 3993 Egenus
1017 3939 1047 3977 a
1095 3925 1280 3989 divite,
1334 3939 1442 3979 non
1478 3925 1630 3981 dives
1659 3942 1689 3980 a
1717 3942 1953 3997 paupere
1979 3945 2099 3982 mu-

518 4022 721 4069 tuatur.
765 4013 877 4085 Ego
909 4034 940 4070 a
980 4025 1026 4070 te
1052 4016 1335 4088 .baptizari
1361 4036 1491 4089 opus
1519 4020 1719 4088 habeo,
1767 4032 1816 4075 et
1855 4032 1913 4076 lu
1959 4024 2099 4078 venis

518 4105 589 4158 ad
615 4106 733 4158 me?
753 4107 835 4160 An
860 4108 1004 4161 enim
1030 4108 1219 4177 ignoro
1244 4109 1367 4180 quis
1386 4111 1504 4166 sis?
1527 4120 1581 4165 et
1605 4128 1668 4166 ex
1696 4127 1805 4181 quo
1829 4113 2065 4169 eluxeris
2082 4156 2097 4179 ,

517 4205 573 4251 et
596 4196 740 4252 unde
763 4200 1013 4253 veneris?
1039 4198 1119 4252 An
1149 4202 1279 4270 quia
1315 4203 1508 4258 similis
1538 4205 1671 4259 mihi
1700 4204 1878 4261 factus
1908 4222 1967 4261 es
1998 4206 2097 4279 [αι.

519 4303 589 4341 an
613 4289 740 4358 quia
766 4298 984 4359 propter
1015 4306 1101 4345 me
1133 4300 1298 4348 natus
1326 4309 1405 4361 es,
1436 4295 1631 4350 similis
1668 4296 1859 4368 mihi],
1891 4299 2101 4367 magni-

518 4377 789 4433 ﬁcentiam
840 4381 1140 4438 divinitatis
1194 4393 1298 4439 tua:
1346 4389 1578 4456 negem?
1621 4386 1703 4442 An
1754 4390 1883 4459 quia
1927 4405 2100 4460 usque

521 4468 658 4522 adeo
704 4469 976 4524 indulsisti
1026 4472 1181 4537 mihi,
1215 4485 1272 4527 ut
1309 4488 1539 4544 corpore
1581 4492 1750 4547 prope
1788 4479 2096 4544 accederes,

2200 621 2499 690 Ἰορδάνην
2540 622 2690 690 πρὸς
2726 620 2835 675 τὸν
2874 620 3168 689 Ἰωάννην,
3203 620 3307 674 τοῦ
3341 622 3755 691 βαπτισθῆναι

2187 714 2288 767 ὑπ’
2332 712 2535 768 αὑτοῦ.
2593 713 2657 765 Ὢ
2698 712 2837 782 πόση
2877 713 2910 781 ἠ
2952 710 3045 764 τοῦ
3087 712 3354 765 Δεσπότου
3396 729 3755 786 ταπεινοφρο-

2195 806 2361 876 σύνηί
2402 806 2466 859 Ὢ
2519 805 2657 876 πόση
2705 804 2738 874 ἠ
2776 803 3206 873 συγκατάόασιςι
3255 806 3311 857 '0
3357 805 3615 870 Βασιλεὺς
3643 807 3757 860 τῶν

2187 898 2449 969 οὐρανῶν,
2486 897 2621 968 πρὸς
2660 897 2908 967 Ἰωάννην
2944 895 3034 948 τὸν
3063 896 3253 949 ἑαυτοῦ
3281 897 3580 969 πρόδρομον
3603 897 3761 968 ἐτρες

2188 1008 2301 1061 χεν,
2336 990 2397 1043 o6
2450 990 2671 1060 κινήσας
2711 988 2779 1041 τά
2821 987 2927 1040 τῶν
2969 988 3211 1055 ἀγγέλων
3253 988 3589 1060 στρατόπεδα

2192 1082 2617 1157 στρατεύματα],
2659 1082 2780 1135 οὐδὲ
2820 1081 3154 1153 προδρόμους
3195 1065 3620 1153 προαπόστείλας
3654 1084 3759 1147 τὰς

2191 1174 2513 1245 ἀσωμάτους
2552 1174 2809 1243 δυνάμεις
2829 1188 2842 1203 ο
2876 1171 3008 1225 ἀλλὰ
3041 1171 3180 1235 λιτὸς
3368 1171 3551 1245 λιτῶς]
3583 1172 3758 1237 οὕτως

2191 1268 2248 1321 ἐν
2281 1269 2347 1337 τῇ
2391 1266 2747 1336 στρατιωτικῇ
2787 1262 3222 1335 παραγενόμενος
3265 1267 3465 1335 μορφῇ,
3501 1264 3635 1335 πρὸς
3662 1264 3757 1317 τὸν

2192 1355 2384 1408 ἑαυτοῦ
2431 1353 2790 1425 παραγίνεται
2838 1352 3189 1423 στρατιώτην.
3240 1353 3348 1405 Καὶ
3387 1353 3463 1416 ὼς
3519 1349 3598 1416 εἷς
3645 1352 3759 1407 τῶν

2194 1446 2400 1500 πολλῶν
2425 1444 2572 1515 αὐτῷ
2600 1444 3049 1515 προσερχόμενος,
3072 1442 3166 1495 καὶ
3192 1442 3535 1512 συναριθμῶν
3565 1442 3765 1498 ἑαυτὸν

2193 1543 2302 1602 τοῖς
2330 1535 2689 1607 αἰχμαλώτοις
2719 1537 2747 1587 6
2774 1534 3083 1605 Λυτρωτὴς,
3114 1534 3208 1587 καὶ
3234 1534 3536 1587 συντάττων
3565 1533 3762 1589 ἑαυτὸν

2192 1634 2303 1694 τοῖς
2354 1627 2671 1689 ὑπευθύνοις
2711 1629 2739 1679 6
2777 1627 3065 1696 Δικαστὴς,
3113 1627 3207 1679 καὶ
3265 1627 3761 1696 συναγελαζόμενος

2192 1724 2304 1784 τοῖς
2344 1717 2643 1773 ἀπολωλόσι
2677 1714 2965 1786 προϐάτοις
3011 1718 3039 1768 ὁ
3068 1713 3276 1785 Ποιμὴν
3305 1715 3333 1765 6
3376 1714 3565 1777 καλός’
3595 1715 3624 1765 6
3669 1712 3763 1766 διὰ

2192 1813 2252 1865 τὸ
2298 1809 2648 1880 πλανώμενον
2691 1807 2958 1879 πρόϐατον
2996 1806 3280 1877 οὐρανόθεν
3322 1805 3615 1869 κατελθὼν,
3663 1805 3763 1858 καὶ

2188 1902 2313 1964 τοὺς
2342 1900 2601 1971 οὐρανοὺς
2636 1896 2709 1968 μὴ
2747 1894 3059 1951 καταλιπὼν
3085 1896 3179 1949 καὶ
3222 1895 3761 1966 συναναμιγνύμενος

2189 1994 2301 2055 τοῖς
2330 1990 2607 2055 ζιζανίοις,
2644 1991 2672 2041 6
2711 1987 2958 2059 οὐράνιος
2985 1987 3187 2051 ἐκεῖνος
3211 1988 3408 2050 κόκκος
3441 1988 3471 2039 6
3498 1989 3759 2058 ἄσπορος.

2202 2083 2347 2138 Ἰδὼν
2379 2083 2556 2137 τοίνυν
2586 2081 2746 2136 αὑτὸν
2785 2082 2812 2132 6
2844 2078 3148 2149 Βαπτιστὴς
3191 2079 3460 2150 Ἰωάννης,
3502 2079 3596 2131 καὶ
3628 2095 3775 2146 γνω-

2191 2177 2365 2248 ρίσας,
2406 2174 2464 2229 ὃν
2508 2176 2574 2227 ἐκ
2610 2172 2843 2243 γαστρὸς
2874 2173 2971 2242 τῆς
3021 2171 3226 2243 μητρὸς
3265 2170 3527 2242 ἐγνώρισέ
3570 2187 3630 2222 τε
3665 2170 3765 2223 καὶ

2194 2264 2585 2337 προσεκύνησε,
2615 2262 2707 2315 καὶ
2746 2259 2930 2330 σαφῶς
2958 2260 3209 2329 ἐπιγνοὺς
3235 2259 3421 2312 τοῦτον
3451 2260 3658 2312 ἐκεῖνον
3689 2253 3766 2309 εἷ-

2191 2375 2297 2419 ναι,
2321 2357 2386 2409 δι’
2424 2355 2482 2409 ὃν
2507 2357 2565 2407 ἐν
2597 2355 2661 2424 τῇ
2697 2353 2875 2424 μήτρᾳ
2907 2353 3003 2422 τῆς
3031 2350 3233 2422 μητρὸς
3256 2349 3395 2420 ὑπὲρ
3420 2348 3516 2419 τὴν
3546 2347 3765 2418 ἡλικίαν

2193 2449 2505 2519 ἐσκίρτησε,
2547 2444 2862 2515 βιαζόμενος
2891 2444 3018 2506 τοὺς
3054 2443 3212 2514 ὄρους
3240 2441 3338 2511 τῆς
3372 2439 3605 2509 φύσεως,
3639 2456 3768 2492 συν-

2194 2539 2429 2593 έστειλεν
2460 2538 2568 2591 ἔσω
2603 2537 2699 2608 τῆς
2737 2534 3002 2598 διπλοΐδος
3031 2533 3127 2604 τὴν
3161 2531 3359 2597 δεξιὰν,
3392 2532 3485 2585 καὶ
3511 2531 3610 2601 τὴν
3644 2532 3769 2584 ἐαυ-

2190 2630 2285 2684 τοῦ
2338 2624 2580 2701 κεφαλὴν
2636 2614 2946 2691 ὑποκλίνας,
3000 2626 3075 2689 ὡς
3122 2623 3502 2693 φιλοδέσποτος
3555 2621 3764 2685 δοῦλος,

2192 2722 2466 2786 τοιαύταις
2509 2722 2645 2796 πρὸς
2680 2721 2839 2775 αὑτὸν
2874 2717 3172 2788 ἐφθέγξατο
3207 2719 3407 2787 φωναῖς
3603 2715 3770 2786 ἐχρή-

2197 2832 2324 2869 σατο
2357 2814 2581 2885 φωναῖς]
2605 2831 2618 2844 ·
2664 2812 2802 2882 Ἐγὼ
2849 2811 3058 2881 χρείαν
3106 2809 3219 2878 ἔχω
3250 2807 3367 2861 ὑπὸ
3405 2805 3523 2860 σοῦ
3545 2808 3765 2872 ,βαπτι-

2194 2905 2432 2975 σθῆναι,
2456 2907 2553 2961 καὶ
2584 2904 2665 2959 σὺ
2691 2904 2835 2973 ἔρχῃ
2872 2903 3019 2971 πρὸς
3035 2901 3147 2972 μέ;
3172 2900 3237 2953 Τί
3265 2903 3457 2964 ποιεῖς,
3487 2899 3766 2963 Δέσποτα;

2196 2999 2259 3051 Τί
2288 2998 2395 3053 τῶν
2426 2997 2764 3070 πραγμάτων
2807 2993 3146 3055 ἐναλλάττεις
3187 2990 3284 3063 τὴν
3318 2990 3501 3057 τάξινς
3530 2990 3595 3043 Τί
3629 2990 3771 3061 μετὰ

2196 3090 2303 3143 τῶν
2332 3089 2531 3143 δούλων
2557 3088 2625 3141 τὰ
2651 3087 2758 3140 τῶν
2787 3086 2996 3140 δούλων
3026 3085 3175 3156 παρὰ
3204 3084 3297 3137 τοῦ
3328 3082 3420 3135 σοῦ
3450 3081 3636 3136 δούλου
3666 3081 3769 3153 ζη-

2194 3185 2342 3246 τεῖς;
2379 3181 2442 3233 Τί
2476 3180 2647 3245 θέλεις
2676 3180 2711 3234 ἃ
2755 3179 2843 3252 μὴ’
2870 3179 3091 3250 χρήζεις
3134 3176 3352 3238 λαϐεῖνς
3386 3176 3449 3229 Τί
3483 3176 3547 3246 τῇ
3597 3173 3770 3245 πολλῇ

2196 3273 2602 3343 συγκαταόάσει
2633 3272 2888 3344 βαρύνεις
2924 3271 3047 3343 [ἄλ.
3082 3268 3287 3341 βαρεῖς]
3326 3260 3392 3339 μὲ
3423 3268 3513 3322 τὸν
3551 3265 3772 3336 οἰκέτην

2194 3366 2284 3419 τὸν
2313 3366 2437 3430 σόν;
2484 3364 2624 3431 Ἐγὼ
2664 3366 2872 3435 χρείαν
2899 3364 3014 3432 ἔχω
3045 3361 3163 3414 ὑπὸ
3188 3360 3304 3413 σοῦ
3333 3359 3770 3428 βαπτισθῆναι,

2198 3459 2261 3512 σὺ
2302 3457 2359 3511 δὲ
2396 3457 2495 3510 οὐκ
2541 3456 2682 3527 ἔχεις
2727 3456 2915 3526 χρείαν
2963 3456 3054 3507 ὑπ’
3097 3450 3232 3523 ἐμοῦ
3279 3451 3671 3523 βαπτισθῆναι·
3707 3453 3775 3505 τὸ

2196 3550 2412 3603 ἔλαττον
2432 3549 2535 3602 ὑπὸ
2562 3548 2655 3601 τοῦ
2694 3548 3002 3619 κρείττονος
3031 3546 3348 3615 εὐλογεῖται,
3393 3546 3454 3598 ού
3491 3545 3552 3597 τὸ
3590 3546 3775 3616 κρεῖτ-
3816 3536 3821 3537 ν

2197 3659 2286 3696 τον
2316 3640 2418 3693 ὑπὸ
2443 3640 2535 3693 τοῦ
2572 3640 2850 3702 ἐλάττονος
2880 3639 3201 3707 εὐλογεῖται,
3237 3639 3331 3691 καὶ
3368 3635 3669 3706 ἁγιάζεται.
3710 3637 3773 3688 '0

2198 3733 2386 3804 λύχνος
2412 3734 2516 3787 61:6
2547 3733 2639 3787 τοῦ
2670 3733 2818 3804 ἡλίου
2850 3734 3273 3813 περιλάμπεται,
3306 3734 3403 3802 οὐχ
3429 3734 3458 3785 6
3485 3731 3634 3802 ἣλιος
3665 3731 3777 3784 ὑπὸ

2197 3826 2297 3895 τῆς
2344 3826 2657 3896 θρυαλλίδος
2707 3826 3126 3896 καταυγάζεται.
3187 3826 3245 3879 Ὀ
3294 3825 3463 3897 πηλὸς
3512 3825 3616 3878 ὑπὸ
3674 3822 3776 3877 τοῦ

2201 3919 2486 3991 κεραμέως
2514 3920 2914 3992 καταρτίζεται,
2940 3920 3037 3991 οὐχ
3064 3923 3092 3973 6
3115 3919 3391 3991 κεραμεὺς
3420 3919 3532 3983 ὑπὸ,
3550 3917 3643 3971 τοῦ
3672 3935 3779 3989 πη-

2199 4009 2291 4062 λοῦ
2335 4010 2734 4064 διαπλάττεται.
2768 4011 2840 4064 Τὸ
2878 4011 3083 4082 κτίσμα
3118 4009 3223 4063 ὑπὸ
3264 4009 3359 4064 τοῦ
3399 4009 3613 4063 κτίστου
3648 4011 3781 4063 ἀνα-

2200 4104 2515 4169 καινίζεται,
2545 4105 2644 4175 οὐχ
2670 4106 2697 4157 6
2726 4104 2915 4168 κτίσας
2942 4105 3045 4158 ὑπὸ
3073 4105 3165 4159 τοῦ
3198 4105 3496 4175 κτίσματος
3528 4101 3776 4174 διορθοῦ-

2200 4212 2309 4249 ται.
2361 4195 2416 4249 Ὀ
2449 4195 2731 4267 ἄρρωστος
2759 4195 2863 4248 ὑπὸ
2899 4195 2993 4248 τοῦ
3034 4195 3220 4268 ίατροῦ
3260 4194 3640 4266 θεραπεύεται,
3673 4194 3779 4265 οὐχ

2199 4290 2229 4340 6
2261 4288 2440 4359 ἰατρὸς
2477 4289 2580 4341 ὑπὸ
2614 4287 2707 4341 τοῦ
2750 4287 3033 4361 ἀρρώστου
3062 4288 3431 4359 περιοδεύεται
3627 4287 3778 4343 ἐκδι-

2202 4377 2504 4449 δάσκεται].
2555 4379 2611 4428 ’0
2638 4378 2902 4449 προσδεὴς
2944 4377 3095 4449 παρὰ
3125 4379 3218 4431 τοῦ
3259 4377 3510 4431 πλουσίου
3539 4377 3783 4443 δανείζε-

2203 4489 2312 4535 ται,
2348 4470 2446 4541 ούχ
2482 4471 2510 4522 6
2539 4469 2791 4533 πλούσιος
2847 4468 2997 4540 παρὰ
3036 4469 3131 4522 τοῦ
3175 4468 3404 4541 πένητος
3428 4462 3778 4540 ἐρανίζεται.

523 4572 590 4612 ac
642 4574 729 4613 me
774 4569 947 4614 totum
988 4561 1041 4615 in
1079 4570 1132 4618 te
1176 4563 1295 4633 ipso
1328 4565 1519 4631 ferres,
1557 4576 1618 4621 ut
1656 4576 1830 4623 totum
1860 4571 2096 4626 salvares

2215 4562 2356 4632 Ἐγὼ
2396 4563 2603 4631 χρείαν
2630 4562 2747 4630 ἔχω
2784 4560 2913 4628 ,ὑπὸ
2946 4560 3061 4614 σοῦ
3097 4560 3525 4627 βαπτισθῆναι,
3555 4561 3652 4614 καὶ
3692 4562 3784 4615 σὺ

523 4648 835 4715 hominem;
872 4665 970 4719 ego
1001 4661 1221 4722 propter
1244 4670 1445 4725 corpus
1479 4670 1630 4712 tuum
1658 4658 1805 4728 quod
1831 4660 2094 4726 cernitur,

519 4740 666 4809 quod
706 4749 884 4796 mente
923 4744 1241 4820 intelligitur
1283 4749 1585 4804 divinitatis
1637 4746 1969 4821 despiciam?
2012 4753 2095 4807 An

519 4832 650 4901 quia
686 4832 757 4886 ob
781 4848 953 4887 meam
983 4837 1234 4904 salutem,
1264 4856 1413 4895 meas
1445 4842 1666 4899 indutus
1696 4860 1755 4899 es
1782 4846 2055 4914 primitias
2079 4887 2094 4912 ,

518 4922 760 4993 ignorem
799 4935 851 4981 te
892 4927 1042 4982 indui
1087 4930 1295 4986 lumine
1329 4934 1471 4987 sicut
1508 4922 1831 4991 vestimento
1884 4937 1969 4991 “?
2011 4939 2093 4991 An

517 5017 777 5084 quoniam
806 5035 1027 5075 carnem
1056 5022 1191 5076 mihi
1228 5035 1510 5095 cognatam
1538 5038 1717 5097 gestas
1745 5027 1841 5099 [αι.
1875 5044 2095 5084 carnem

518 5121 697 5161 meam
722 5108 925 5179 gestas]
948 5152 964 5175 ,
995 5122 1049 5167 et
1081 5113 1392 5170 hominibus
1422 5117 1748 5187 conspicuus
1774 5135 1867 5183 es,
1903 5128 1963 5174 ut
1994 5120 2097 5185 ipsi

518 5207 569 5251 te
592 5198 1026 5269 viderepossint,
1052 5220 1137 5259 me
1167 5207 1419 5274 splendor
1446 5211 1783 5271 coruscantis
1803 5213 2099 5268 divinitatis

519 5296 625 5341 tuae
648 5288 844 5344 lateat?
877 5291 957 5344 An
991 5294 1251 5361 quoniam
1286 5311 1461 5350 meam
1492 5299 1546 5350 in
1576 5306 1627 5351 te
1653 5313 1819 5352 cerno
1844 5297 2097 5363 formam,

519 5393 621 5447 ego
654 5380 892 5437 divinam
938 5393 1084 5439 tuam
1118 5389 1411 5442 essentiam
1458 5389 1784 5443 invisibilem
1826 5398 1987 5459 atque
2023 5392 2100 5445 in-

517 5473 1060 5540 comprehensibilem
1114 5477 1250 5533 falsa
1301 5480 1717 5535 ratiocinatione
1767 5498 1963 5551 negare
2001 5500 2100 5539 au-

521 5561 719 5616 deam?
752 5564 884 5621 Novi
914 5579 983 5634 te,
1016 5569 1278 5639 Domine;
1325 5572 1451 5627 novi
1492 5581 1541 5627 te
1576 5574 1768 5643 plane;
1809 5576 1934 5629 novi
1965 5585 2035 5643 te,
2068 5593 2097 5631 a

521 5659 575 5709 te
597 5656 856 5718 edoctus:
904 5676 1065 5716 nemo
1093 5664 1237 5718 enim
1269 5676 1318 5719 te
1346 5680 1506 5720 nosse
1549 5674 1739 5735 potest,
1776 5667 1878 5722 nisi
1913 5670 2100 5738 gratiae

594 5838 641 5871 '°
669 5837 855 5894 Matth.
889 5857 969 5911 nt,
999 5842 1048 5897 5.
1126 5845 1167 5877 ⁸⁸
1191 5841 1347 5902 Joan.
1377 5862 1403 5900 x
1428 5864 1441 5913 ;
1470 5845 1599 5902 Luc.
1633 5862 1720 5903 xv.
1800 5850 1845 5881 "
1877 5847 2007 5905 Luc.
2044 5868 2081 5920 ι,
2120 5852 2177 5907 ll

2203 4653 2346 4723 ἔρχῃ
2391 4652 2536 4720 πρὸς
2559 4650 2636 4721 μέ
2648 4669 2667 4715 ;
2700 4651 2790 4722 Μὴ
2822 4651 2930 4723 γὰρ
2961 4652 3140 4721 ἀγνοῶ
3167 4652 3249 4715 τίς
3287 4648 3363 4715 εἷς
3394 4653 3504 4705 Καὶ
3532 4655 3597 4705 ἐκ
3633 4652 3783 4718 τίνος

2201 4743 2533 4815 ἐξέλαμψας,
2590 4745 2685 4797 καὶ
2739 4743 2900 4797 πόθεν
2945 4743 3244 4815 ἐλήλυθας;
3294 4744 3386 4814 Μὴ
3433 4743 3541 4815 γὰρ
3589 4744 3781 4815 ἐπειδὴ

2205 4836 2434 4905 γέγονας
2472 4837 2591 4890 κατ’
2624 4836 2723 4907 ἐμὲ
2754 4835 2875 4907 [ἄλ.
2908 4836 2974 4889 δι’
3005 4836 3103 4905 ἐμὲ
3138 4836 3371 4904 γέγονας
3396 4838 3515 4889 κατ’
3543 4835 3688 4908 sps],
3720 4837 3786 4888 τὸ

2210 4926 2492 4996 μεγαλεῖον
2547 4926 2816 4999 ἀρνοῦμαι
2870 4930 2967 4999 τῆς
3025 4926 3125 4995 σῆς
3175 4925 3460 4999 θεότητοςς
3517 4926 3609 4999 Μὴ
3667 4926 3785 4997 γὰρ

2204 5019 2389 5091 ἐπειδὴ
2418 5019 2666 5073 τοσοῦτόν
2690 5038 2777 5091 μοι
2805 5019 3163 5089 συγκατέὸης,
3187 5020 3310 5073 ὅσον
3339 5021 3503 5088 ἐγγὺς
3525 5018 3784 5087 γενέσθαι

2205 5110 2282 5181 τῷ
2308 5110 2517 5182 σώματι
2543 5113 2635 5165 καὶ
2663 5112 2781 5167 ὅλον
2809 5112 2907 5183 ἐμὲ
2939 5112 3123 5185 φέρεις
3153 5114 3210 5165 ἐν
3241 5112 3437 5183 ἐαυτῷ,
3469 5112 3556 5166 ἵνα
3597 5109 3785 5185 σώσῃς

2201 5205 2321 5259 ὅλον
2346 5205 2436 5257 τὸν
2467 5203 2769 5276 ἄνθρωπον·
2798 5204 2909 5272 ἐγὼ
2948 5202 3039 5256 διὰ
3067 5204 3126 5256 τὸ
3170 5203 3443 5275 ὁρώμενόν
3473 5219 3566 5255 σου
3595 5201 3780 5272 σῶμα,

2201 5297 2260 5348 τὸ
2300 5296 2588 5366 νοούμενον
2614 5297 2714 5366 τῆς
2751 5294 3005 5366 θεότητος
3039 5296 3293 5367 παρορῶς
3324 5295 3413 5366 Μὴ
3446 5294 3554 5365 γὰρ
3593 5294 3786 5364 ἐπειδὴ

2203 5391 2291 5443 διὰ
2315 5393 2413 5461 τὴν
2447 5391 2585 5460 ἐμὴν
2613 5389 2881 5460 σωτηρίαν
2911 5388 3297 5460 περιϐέϐλησαι
3322 5388 3421 5459 τὴν
3446 5387 3583 5459 ἐμὴν
3608 5387 3785 5459 ἀπαρ-

2207 5484 2325 5555 χὴν,
2361 5484 2460 5557 οὐκ
2506 5481 2798 5551 ἐπίσταμαί
2833 5498 2912 5546 σε,
2951 5481 3040 5533 τὸν
3083 5481 3539 5551 περιϐαλλόμενον
3572 5478 3633 5532 τὸ
3664 5480 3783 5548 φῶς

2207 5574 2280 5636 ὡς
2311 5573 2556 5643 ἱμάτιον;
2591 5571 2680 5643 Μὴ
2710 5571 2818 5643 γὰρ
2841 5571 3025 5641 ἐπειδὴ
3054 5572 3152 5643 τὴν
3181 5573 3303 5643 ἐμοὶ
3335 5572 3568 5642 συγγενῆ
3602 5571 3784 5641 σάρκα

2212 5673 2392 5740 φορεῖς
2424 5669 2544 5740 [ἀλ.
2576 5668 2673 5740 τὴν
2702 5668 2841 5739 ἐμὴν
2882 5668 3061 5740 σάρκα
3089 5667 3317 5740 φορεῖς],
3352 5666 3444 5721 καὶ
3472 5666 3637 5739 φαίνῃ
3669 5668 3781 5731 τοῖς

2283 5853 2326 5884 ει
2361 5851 2546 5908 Matth.
2588 5852 2782 5923 111,Η.
2859 5852 2902 5885 ιε
2939 5851 3082 5907 Psal.
3118 5850 3318 5919 cm,2.
3385 5827 3391 5833 ’
