4100 6400
337 452 471 530 nsi

1299 467 1583 529 HOMILIA
1621 472 1687 526 IV
1726 472 1794 527 1N
1837 470 2107 527 SANCTA
2148 472 2611 529 TilEOPllANfA.

3449 462 3586 522 “8?.

337 592 645 667 ἀνθρώποις
693 595 769 658 ὡς
806 594 955 647 αὐτοί
1003 610 1060 646 σε
1107 592 1323 664 βλέπειν
1353 593 1613 666 ἰσχύουσι,
1660 593 1896 667 λανθάνει

2012 604 2116 648 tu.c
2148 596 2351 650 lumine
2384 595 2703 648 illustratus.
2744 593 2880 649 Novi
2923 604 3009 662 tc,
3064 592 3320 660 Domine,
3361 605 3581 665 aperte;

338 666 461 759 με
487 686 647 760 αίγλη
680 686 780 757 τῆς
809 687 1224 759 ἀστραπτούσης
1248 705 1341 741 σου
1373 688 1619 760 θεότητος
1638 666 1770 757 ξΜὴ
1799 686 1907 757 γὰρ

336 777 524 850 ἑπειδὴ
548 777 646 850 τὴν
687 777 824 849 ἐμὴν
856 778 913 833 ἐν
945 778 1026 831 σοὶ
1070 776 1252 848 βλέπω
1283 779 1516 851 μορφὴν,
1549 776 1907 850 παραλογιζο-

337 870 435 942 μαί
466 888 561 924 σου
587 869 685 942 τὴν
716 869 868 924 θείαν
897 870 1102 934 οὐσίαν,
1133 873 1231 942 τὴν
1257 872 1483 944 ἀόρατον
1522 872 1616 926 καὶ
1639 869 1908 940 ἀκατάλη-

336 979 500 1027 πτον;
541 958 670 1016 Οἷδά
714 978 793 1029 σε,
837 962 1103 1028 Δέσποτα,
1144 957 1262 1017 οἶδά
1308 981 1366 1017 σε
1408 964 1628 1033 σαφῶς⁹
1666 960 1785 1017 οἶδά
1825 980 1903 1028 σε,

336 1057 482 1129 παρὰ
509 1056 602 1111 σοῦ
641 1057 943 1128 διδαχθείς·
976 1058 1150 1121 οὐδεὶς
1177 1059 1285 1130 γὰρ
1320 1060 1615 1129 ἐπιγνῶναί
1647 1077 1705 1113 σε
1749 1040 1907 1114 δύνα-

332 1166 442 1215 ται,
473 1149 547 1221 μὴ
582 1149 684 1221 τῆς
720 1150 818 1222 σῆς
851 1149 1137 1203 ἀπολαύων
1167 1152 1499 1224 ὲλλάμψεως.
1532 1149 1664 1207 Οἶδά
1699 1170 1778 1219 σε,
1817 1152 1907 1205 Δέ-

333 1256 524 1305 σποτα,
552 1241 739 1310 σαφῶς
757 1259 770 1271 ·
810 1238 948 1295 εἶδον
976 1242 1084 1315 γάρ
1113 1260 1170 1296 σε
1212 1244 1614 1315 πνευματικῶς,
1651 1245 1779 1316 πρὶν
1812 1243 1904 1297 ἴδω

332 1330 491 1386 τοῦτο
515 1332 578 1385 τὸ
610 1334 744 1402 φῶς.
780 1335 908 1386 Ὅτε
940 1334 1003 1387 σὺ
1048 1335 1146 1406 μὲν
1177 1335 1251 1388 ὢν
1281 1335 1546 1408 ὅλος
1577 1336 1658 1389 ὅτι
1700 1337 1764 1390 σὺ
1807 1336 1903 1406 μὲν

331 1423 453 1487 ὅλος
480 1423 579 1496 ὢν]
606 1426 663 1477 ἐν
686 1427 799 1488 τοῖς
819 1426 1130 1497 ἀσωμάτοις
1154 1427 1373 1491 κόλποις
1399 1426 1492 1481 τοῦ
1515 1428 1574 1481 ού
1585 1427 1760 1500 ρανίου
1786 1428 1902 1480 Πα-

331 1515 477 1588 τρὸς,
516 1516 635 1580 ὅλος
677 1512 745 1588 ἦς
783 1518 840 1571 ὲν
865 1521 976 1583 τοῖς
1004 1518 1191 1588 λαγόσι
1227 1519 1324 1589 τῆς
1354 1521 1450 1591 σῆς
1482 1520 1673 1592 δούλης
1714 1537 1772 1572 τε
1812 1521 1902 1574 καὶ

335 1609 571 1681 μητρός·
617 1609 726 1679 ἐγὼ
754 1610 811 1664 δὲ
850 1611 907 1663 ἐν
943 1614 1008 1683 τῇ
1054 1611 1230 1682 κοιλίᾳ
1266 1612 1366 1681 τῆς
1402 1610 1678 1665 Ἐλισάϐετ
1723 1611 1798 1675 ὡς
1843 1613 1901 1666 ἐν

330 1703 518 1774 εἱρκτῇ
550 1705 618 1774 τῇ
644 1702 802 1772 φύσει
830 1704 1208 1774 κατεχόμενος,
1237 1705 1330 1756 καὶ
1358 1703 1635 1775 δεδεμένος
1660 1705 1772 1767 τοῖς
1795 1703 1900 1756 τῶν

334 1794 593 1867 ἐμϐρύων
642 1795 858 1859 ἀλύτοις
897 1797 1136 1867 δεσμοῖς,
1180 1775 1464 1867 ἐσκίρτων,
1507 1795 1900 1867 ὲπανηγύριζον

328 1888 429 1958 τὴν
481 1889 581 1961 σὴν
620 1888 830 1959 γένεσιν
871 1887 1271 1962 προεορτάζων.
1322 1890 1378 1942 '0
1430 1888 1605 1942 τοίνυν
1655 1888 1761 1960 πρὸ
1806 1887 1898 1941 τοῦ

2009 687 2115 740 vidi
2145 686 2287 741 enim
2317 696 2369 740 te
2400 690 2453 739 in
2483 686 2698 756 spiritu,
2727 697 3015 756 antequam
3045 686 3187 742 hanc
3220 688 3395 743 lucem
3424 688 3586 757 inspi-

2009 793 2202 833 cerem.
2255 777 2392 844 Quia
2420 788 2498 843 ιιι,
2530 794 2653 832 cum
2701 788 2849 834 totus
2892 780 2944 833 in
2988 780 3312 849 incorporeo
3343 781 3582 836 caelestis

2006 868 2183 924 Patris
2232 869 2355 925 sinu
2400 883 2587 934 esses,
2636 878 2784 924 totus
2826 884 3043 938 quoque
3080 870 3135 923 in
3184 882 3339 924 utero
3375 871 3583 927 ancilla

2006 970 2113 1016 tute
2144 978 2208 1017 ac
2246 964 2436 1017 matris
2464 978 2617 1029 eras;
2657 978 2757 1034 ego
2786 979 2935 1026 vero,
2971 964 3024 1017 in
3060 973 3247 1019 ventre
3282 963 3580 1030 Elisabeth,

2006 1056 2152 1110 velut
2194 1056 2246 1109 in
2295 1071 2531 1123 carcere,
2568 1063 2761 1111 natura
2786 1054 3057 1122 detentus,
3100 1067 3261 1127 atque
3287 1057 3582 1112 indissolu—

2005 1149 2206 1204 hilibus
2250 1148 2537 1203 infantium
2567 1150 2797 1205 vinculis
2822 1150 3174 1215 constrictus,
3216 1151 3577 1213 exsultabam,

2005 1251 2059 1296 ct
2083 1251 2229 1296 tuam
2259 1250 2415 1295 antea
2448 1242 2781 1297 nativitatem
2814 1242 3189 1297 collaudabam
3232 1257 3295 1296 ac
3321 1242 3580 1296 'celebra-

2004 1333 2151 1389 bam.
2193 1331 2297 1399 Qui
2333 1333 2495 1405 igitur
2525 1343 2647 1388 ante
2695 1343 2922 1413 partum.
2938 1342 3089 1389 tuum
3120 1333 3406 1388 adventum
3438 1350 3580 1403 prte-

2004 1421 2284 1489 dicabam,
2319 1421 2442 1491 post
2480 1432 2692 1491 partum
2750 1422 3040 1477 adventum
3086 1430 3236 1476 tuum
3283 1422 3577 1492 ignorabo?

2003 1512 2108 1579 Qui
2137 1513 2190 1566 in
2217 1521 2370 1568 utero
2404 1513 2667 1578 adventus
2696 1513 2771 1566 tui
2801 1513 2989 1568 doctor
3022 1513 3121 1579 fui,
3162 1529 3309 1567 nunc
3342 1513 3580 1581 perfecta

2004 1604 2187 1659 habita
2216 1603 2524 1674 cognitione
2553 1602 2733 1659 infans
2753 1606 2885 1658 ero?
2925 1603 3191 1659 Caeterum
3225 1620 3331 1658 non
3355 1620 3579 1675 possum

2003 1714 2109 1754 non
2153 1707 2205 1753 te
2250 1698 2428 1752 colere
2475 1712 2541 1753 ac
2582 1698 2869 1763 venerari,
2918 1699 3011 1767 qui
3040 1698 3108 1752 ab
3137 1701 3286 1753 omni
3332 1698 3580 1753 adoraris

2002 1799 2272 1846 creatura.
2326 1787 2445 1843 Non
2474 1804 2697 1858 possum
2742 1804 2848 1843 non
2885 1789 3180 1858 praedicare
3223 1805 3369 1853 eum,
3416 1805 3578 1857 quem

2003 1887 2198 1941 cmlum
2240 1884 2439 1939 ducatu
2488 1884 2659 1959 stellae
2700 1884 3154 1952 praemonstravit,
3197 1892 3251 1937 et
3293 1894 3436 1936 terra
3483 1897 3581 1952 per

327 1955 487 2033 τόκου
520 1955 744 2052 τὴν-σὴν
772 1955 1060 2050 ἐπιδημίαν
1088 1978 1497 2050 προκηρύττων,
1527 1979 1663 2049 μετά
1685 1955 1776 2031 τὸν
1809 1979 1896 2031 τό-

2004 1994 2191 2049 magos
2233 1977 2464 2047 benigne
2499 1955 2747 2047 excepit;
2801 1977 3224 2046 angelorumque
3269 1975 3454 2039 chori,
3509 1975 3578 2029 ob

328 2090 424 2127 κον
453 2072 552 2144 τὴν
576 2072 673 2142 σὴν
696 2074 994 2145 παρουσίαν
1016 2072 1297 2144 ἀγνοήσω;
1338 2072 1394 2125 '0
1417 2075 1472 2126 ὲν
1497 2072 1649 2142 νηδύῖ
1667 2072 1769 2141 τῆς
1798 2072 1896 2142 σῆς

328 2164 629 2237 παρουσίας
668 2164 1003 2231 διδάσκαλος,
1041 2164 1291 2236 νηπιάσω
1332 2162 1446 2228 νῦν,
1492 2164 1627 2235 πρὸς
1663 2163 1760 2235 τὴν
1809 2180 1895 2216 τε-

324 2256 475 2309 λείαν
503 2255 828 2325 ὲπίγνωσιν;
868 2254 1005 2308 Ἀλλ’
1029 2256 1088 2308 οὐ
1112 2255 1343 2326 δύναμαι
1383 2254 1456 2327 μὴ
1484 2255 1660 2310 σέϐειν
1690 2273 1770 2320 σε,
1801 2256 1892 2309 τὸν

324 2349 794 2422 προσκυνούμενον
825 2349 974 2423 παρά
1012 2350 1191 2420 πάσης
1225 2350 1323 2420 τῆς
1358 2349 1606 2413 κτίσεως,
1637 2349 1697 2401 ού
1734 2349 1892 2404 δύνα-

327 2460 426 2513 μαι
456 2443 528 2514 μὴ
556 2442 864 2514 κηρύττειν,
905 2443 963 2497 ὃν
999 2442 1225 2514 οὐρανὸς
1252 2441 1339 2495 διὰ
1364 2441 1458 2495 τοῦ
1500 2442 1726 2514 ἀστέρος
1764 2443 1894 2497 ύπέ-

323 2534 483 2601 δειξε,
529 2535 622 2588 καὶ
656 2536 727 2606 γῆ
769 2535 859 2589 διὰ
903 2534 1011 2587 τῶν
1056 2534 1244 2605 μάγων
1281 2533 1615 2599 ἐδεξιώσατο,
1654 2535 1747 2588 καὶ
1785 2535 1892 2590 τῶν

323 2626 570 2696 ἀγγέλων
608 2628 657 2680 οἱ
688 2626 859 2698 χοροὶ,
886 2627 1167 2697 χαίροντες
1188 2625 1276 2679 διὰ
1310 2625 1407 2697 τὴν
1443 2626 1541 2698 σὴν
1574 2626 1711 2697 πρὸς
1745 2628 1894 2697 ἡμᾶς

324 2717 747 2787 ωγκατάϐασιν,
778 2718 1121 2789 ἀνευφήμουν
1151 2719 1244 2772 καὶ
1272 2718 1527 2789 ποιμένες
1562 2719 1893 2791 ἀγραυλοῦν-

322 2828 432 2876 τες,
453 2810 543 2863 τὸν
573 2810 932 2882 ἀρχιποίμενα
955 2810 1062 2864 τῶν
1079 2809 1310 2878 λογικῶν
1338 2810 1623 2881 προϐάτων
1642 2802 1747 2887 ηάνύ
1757 2828 1888 2882 μνη-

323 2917 444 2956 σαν.
493 2902 567 2955 Οὐ
609 2901 862 2972 δύναμαι,
886 2901 977 2954 σοῦ
1010 2900 1293 2973 παρόντος,
1343 2901 1531 2971 σιγᾷνο
1568 2899 1726 2970 ερον-ὴ
1782 2901 1891 2972 γάρ

320 2985 458 3073 ebur
483 2992 651 3063 φωνὴ
674 2992 801 3063 γὰρ,
818 2994 969 3064 φησι,
992 2992 1259 3059 βοῶντος
1285 2993 1356 3046 ἐν
1375 2991 1449 3061 τῇ
1466 2984 1684 3073 ἑρήμῲο
1707 2994 1892 3046 Ἑτοι-

236 3081 249 3095 ¹
321 3083 550 3155 μάσατε
579 3083 695 3152 τὴν
726 3084 871 3138 ὁδὸν
904 3086 1143 3151 Κυρίου.
1192 3084 1331 3155 Ἐγὼ
1362 3086 1569 3155 χρείαν
1606 3085 1724 3153 ἔχω
1770 3082 1890 3137 ὑπὸ

320 3176 439 3232 σοῦ
476 3177 906 3245 βαπτισθῆναι,
950 3177 1047 3231 καὶ
1097 3177 1178 3230 σὺ
1217 3178 1363 3247 ἔρχῃ
1407 3174 1552 3245 πρὸς
1588 3176 1698 3245 μέ;
1751 3169 1890 3245 Ἐγὼ

242 3276 255 3352 ξ
322 3269 618 3341 γεννηθεὶς,
648 3271 747 3342 τῆς
794 3270 1133 3342 γεννησάσης
1345 3268 1774 3341 γεννησαμένης]
1824 3287 1888 3341 με
1918 3300 1961 3358 c

323 3361 531 3433 μητρὸς
556 3362 654 3433 τὴν
684 3362 965 3434 στείρωσιν
996 3360 1188 3414 ἔλυσαο
1219 3362 1314 3414 καὶ
1344 3360 1540 3433 βρέφος
1569 3361 1644 3413 ὢν
1672 3361 1771 3423 ἔτι,
1800 3360 1891 3427 γέ-

318 3467 452 3519 γονα
477 3453 579 3523 τῆς
603 3452 844 3521 ἀφωνίας
878 3451 972 3505 τοῦ
1007 3451 1211 3523 πατρός
1248 3468 1346 3521 μου
1379 3452 1579 3523 ἰατρὸς,
1614 3451 1764 3521 παρά
1797 3450 1890 3503 σοῦ

320 3541 499 3596 λαϐὼν
544 3546 607 3598 ὲκ
655 3543 843 3607 παιδὸς
891 3543 990 3615 τὴν
1032 3543 1192 3615 χάριν
1238 3542 1333 3596 τοῦ
1388 3541 1681 3612 θαύματος.
1724 3543 1795 3595 Σὺ
1836 3542 1892 3595 δὲ

319 3635 531 3707 τεχθεὶς
554 3638 618 3690 ἐκ
642 3637 741 3708 τῆς
773 3636 1049 3708 Παρθένου
1092 3634 1328 3706 Μαρίας,
1370 3634 1447 3698 ὡς
1478 3634 1767 3706 ἠθέλησας,
1800 3636 1893 3688 καὶ

318 3727 397 3792 ὡς
439 3728 504 3781 σὺ
548 3728 707 3799 μόνος
744 3729 1055 3795 ἐπίστασαι,
1086 3728 1187 3781 οὐκ
1229 3727 1423 3791 ἔλυσας
1459 3726 1556 3798 τὴν
1597 3724 1892 3798 παρθενίαν

319 3814 490 3886 αὐτῆς
511 3832 528 3848 υ
559 3815 696 3870 ἀλλὰ
713 3817 809 3871 καὶ
834 3818 1036 3888 ταύτην
1064 3818 1429 3890 ὲφρούρησας,
1453 3818 1546 3871 καὶ
1569 3817 1668 3889 τῆς
1690 3816 1893 3889 μητρὸς

325 3904 460 3977 αὐτῇ
491 3907 591 3978 τὴν
619 3909 989 3980 προσηγορίαν
1020 3907 1319 3980 δεδώρησαι
1339 3925 1353 3939 ”
1387 3908 1484 3962 καὶ
1521 3907 1643 3961 οὔτε
1677 3911 1711 3979 ἡ
1748 3925 1890 3979 παρ-

319 3995 474 4051 θενία
502 3997 594 4050 τὸν
621 3998 712 4050 σὸν
739 3997 895 4052 τόκον
919 3997 1208 4063 ἐκώλυσεν,
1244 3998 1368 4051 οὔτε
1390 4000 1418 4053 6
1444 4000 1601 4063 τόκος
1627 3998 1726 4069 τὴν
1755 4015 1893 4070 παρ-

319 4086 502 4142 θενίαν
558 4087 862 4159 ἐλυμήνατο
891 4104 905 4118 ·
956 4087 1091 4140 ἀλλά
1145 4087 1477 4159 συνέδραμον
1528 4087 1893 4140 ἐναντιώτατα

320 4176 641 4248 πράγματα,
671 4176 829 4241 τόκος
865 4178 961 4230 καὶ
984 4175 1250 4247 παρθενία
1281 4175 1417 4249 πρὸς
1452 4176 1578 4246 μίαν
1604 4176 1886 4246 ὁμόνοιανο

318 4268 504 4340 ἐπειδὴ
535 4266 692 4321 τοῦτο
881 4267 1046 4341 οὕτω]
1078 4268 1307 4342 πάρεστί
1341 4285 1421 4320 σοι
1447 4267 1526 4338 τῷ
1553 4267 1764 4339 πλαστῇ
1789 4268 1890 4339 τῆς

318 4360 550 4429 φύσεως.
608 4359 748 4429 Ἐγὼ
794 4360 1078 4431 ἄνθρωπος
1120 4360 1278 4431 μόνον
1318 4359 1433 4429 είμὶ
1474 4358 1621 4424 θείας
1670 4360 1891 4431 χάριτος

322 4453 545 4524 μέτοχος
561 4471 574 4484 ·
601 4454 664 4507 σὺ
691 4453 748 4506 δὲ
771 4452 904 4516 Θεὸς
932 4448 1002 4518 εἴ,
1019 4454 1113 4507 καὶ
1129 4452 1411 4524 ἄνθρωπος
1436 4453 1465 4505 6
1487 4452 1669 4518 αὐτὸς,
1699 4450 1885 4524 ἐπειδὴ

256 4576 259 4583 ‹
318 4544 696 4617 φιλάνθρωπος
731 4546 999 4616 πέφυκας.
1048 4545 1188 4616 Ἐγὼ
1230 4546 1438 4615 χρείαν
1469 4546 1584 4613 ἔχω
1617 4546 1735 4600 ὑπὸ
1772 4545 1891 4599 σοῦ

1998 2080 2144 2127 tuam
2187 2073 2242 2126 in
2283 2085 2386 2124 nos
2425 2070 2845 2139 indulgentiam,
2871 2070 3164 2140 gaudentes
3196 2068 3579 2134 decantarunt,

1994 2173 2048 2219 et
2075 2176 2326 2234 pastores
2362 2162 2416 2215 in
2453 2176 2582 2232 agro
2614 2169 3000 2231 pernoctantes
3035 2161 3079 2192 ⁵⁵
3100 2201 3115 2226 ,
3144 2159 3443 2228 principem
3478 2173 3579 2228 pa-

1997 2271 2204 2319 storum
2248 2259 2596 2315 rationalium
2647 2259 2829 2311 ovium
2876 2258 3234 2312 celebrarunt.
3283 2255 3403 2311 Non
3452 2271 3581 2325 pos-

1995 2369 2149 2419 sum,
2198 2360 2250 2406 te
2291 2360 2574 2421 praesente,
2611 2358 2823 2419 tacere;
2860 2364 2984 2403 nam
3024 2364 3124 2403 vox
3180 2363 3272 2417 ego
3333 2364 3484 2409 sum;
3525 2354 3581 2400 et

1993 2444 2210 2515 quidem
2242 2459 2341 2497 vox
2370 2441 2650 2496 clamantis
2692 2443 2744 2496 in
2786 2442 2987 2495 deserto
3019 2456 3037 2494 .'
3064 2439 3260 2494 Parate
3294 2441 3433 2493 viam
3475 2438 3580 2492 Do—

1992 2537 2122 2591 mini
2149 2535 2215 2588 δθ.
2244 2533 2357 2605 Ego
2384 2545 2489 2597 ate
2520 2536 2783 2604 baptizari
2814 2534 2992 2599 debeo,
3023 2543 3071 2587 et
3105 2542 3159 2586 tu
3188 2533 3329 2586 venis
3364 2531 3433 2584 ad
3462 2533 3581 2584 me?

1993 2627 2106 2696 Ego
2134 2635 2328 2691 natus,
2356 2626 2547 2679 matris
2574 2640 2697 2695 quae
2724 2640 2810 2679 me
2839 2624 3067 2694 peperit,
3096 2623 3429 2678 sterilitatem
3459 2620 3571 2674 sol-

1990 2719 2079 2785 vi;
2108 2726 2162 2772 et
2189 2716 2372 2772 infans
2407 2732 2529 2771 cum
2561 2717 2740 2772 adhuc
2776 2732 2974 2783 essem,
3005 2714 3366 2771 taciturnitati
3401 2712 3576 2781 patris

1991 2811 2098 2865 mei
2125 2811 2449 2865 medicinam
2475 2810 2720 2875 adhibui,
2759 2825 2790 2862 a
2824 2818 2876 2863 te
2899 2824 3033 2878 puer
3064 2808 3312 2863 miraculi
3346 2807 3574 2877 gratiam

1992 2903 2287 2975 accipiens.
2331 2902 2413 2957 Tu
2448 2916 2598 2966 vero,
2628 2917 2694 2956 ex
2733 2900 2906 2954 Maria
2931 2908 3092 2955 natus
3117 2898 3361 2968 Virgine,
3398 2909 3456 2953 ut
3481 2914 3577 2953 vo-

1991 2998 2163 3064 luisti,
2199 3008 2253 3053 et
2284 2997 2427 3053 sicut
2453 3006 2511 3050 tu
2543 2996 2693 3051 solus
2720 2995 2887 3060 nosti,
2915 3009 3024 3048 non
3051 2993 3259 3049 solvisti
3287 2990 3576 3061 virginita-

1990 3095 2095 3147 tem
2121 3092 2271 3161 ejus;
2298 3090 2391 3145 sed
2416 3098 2469 3143 et
2492 3088 2632 3143 hanc
2652 3086 2956 3151 custodisti,
2983 3094 3036 3140 et
3063 3086 3233 3154 ipsam
3261 3084 3452 3137 matris
3477 3098 3576 3153 ap-

1990 3183 2279 3255 pellatione
2299 3181 2548 3247 donasti;
2570 3189 2624 3236 et
2669 3195 2850 3247 neque
2877 3188 3028 3233 tuum
3054 3186 3272 3255 partum
3298 3175 3577 3245 impedivit

1994 3275 2318 3345 virginitas,
2369 3289 2548 3343 neque
2579 3272 2944 3342 virginitatem
3006 3270 3143 3323 laesit
3190 3277 3421 3338 partus;
3478 3266 3572 3320 sed

1997 3376 2388 3423 concurrerunt
2441 3381 2529 3441 res
2567 3363 3107 3436 repugnantissimaa,
3163 3369 3350 3429 partus
3412 3368 3576 3426 atque

1993 3457 2298 3527 virginitas,
2332 3456 2385 3509 in
2408 3471 2575 3510 unum
2595 3454 2774 3509 foedus
2797 3473 2809 3508 :
2830 3453 3089 3522 quoniam
3110 3451 3213 3506 hoc
3240 3449 3336 3504 tibi
3364 3457 3575 3501 natura:

1993 3548 2263 3606 conditori
2284 3556 2593 3618 promptum
2613 3556 2691 3601 est
2713 3544 2806 3617 [αι.
2825 3546 2903 3600 sic
2927 3544 3020 3598 tibi
3048 3551 3257 3597 natura:
3271 3541 3480 3596 auctori
3495 3541 3575 3595 vi-

1994 3659 2115 3699 sum
2163 3641 2267 3715 est]
2311 3658 2374 3697 ac
2395 3640 2573 3696 facile.
2606 3640 2719 3711 Ego
2744 3640 2909 3693 homo
2933 3638 3196 3692 duntaxat
3219 3653 3339 3692 sum
3377 3637 3575 3691 divina":

1992 3738 2263 3807 particeps
2293 3735 2511 3805 gratiae;
2538 3743 2591 3787 at
2619 3741 2672 3787 tu
2692 3731 2835 3787 Deus
2860 3732 2998 3785 idem
3029 3746 3108 3793 es,
3135 3740 3188 3785 et
3212 3731 3379 3784 homo
3405 3749 3416 3783 :
3440 3744 3579 3799 quo-

1990 3825 2139 3880 niam
2170 3824 2437 3894 benignus
2464 3832 2518 3877 et
2546 3822 2771 3875 humani
2804 3818 3016 3890 generis
3047 3817 3460 3872 amantissimus
3490 3831 3570 3869 es.

1993 3919 2106 3991 Ego
2130 3916 2256 3989 opus
2282 3915 2443 3969 habeo
2485 3925 2544 3967 ut
2571 3931 2602 3967 a
2639 3921 2685 3967 te
2716 3912 2969 3981 baptizer,
3002 3920 3050 3965 et
3080 3920 3137 3963 tu
3175 3911 3315 3963 venis
3349 3910 3417 3962 ad
3452 3909 3576 3961 me?

1992 4010 2072 4065 Tu
2094 4051 2110 4076 ,
2159 4008 2253 4077 qui
2282 4008 2339 4061 in
2379 4005 2648 4076 principio
2693 4020 2816 4058 eras
2837 4044 2851 4069 ,
2892 4012 2945 4057 et
2972 4001 3113 4071 apud
3141 4002 3310 4056 Deum
3346 4016 3490 4065 eras,
3519 4008 3575 4052 et

1992 4099 2135 4155 Deus
2159 4100 2273 4169 ipse
2290 4112 2411 4151 eras
2427 4097 2505 4162 '7;
2532 4105 2585 4149 tu
2609 4094 2700 4164 qui
2728 4092 2975 4148 Paterna:
2995 4108 3053 4146 es
3075 4092 3259 4161 glorim
3282 4090 3567 4160 splendor;

1990 4200 2049 4246 tu
2071 4190 2163 4261 qui
2193 4187 2433 4259 perfecta
2452 4203 2511 4242 es
2540 4186 2719 4256 imago
2744 4183 2966 4254 perfecti
2999 4182 3177 4237 Patris
3217 4182 3314 4253 [aL
3346 4180 3568 4251 perfecti

1990 4279 2256 4346 luminis,
2332 4276 2580 4331 videlicet
2632 4274 2883 4346 Patris];
2934 4282 2993 4328 tu
3041 4274 3134 4342 qui
3181 4272 3275 4324 lux
3321 4287 3380 4327 es
3412 4288 3566 4338 vera,

1974 4374 2106 4441 'quw
2151 4368 2421 4421 illuminat
2459 4382 2664 4419 omnem
2709 4365 2970 4417 hominem
3005 4364 3294 4417 venientem
3343 4364 3397 4416 in
3428 4363 3567 4416 hunc

1993 4462 2242 4517 mundum
2267 4461 2351 4527 ‘3;
2384 4470 2441 4513 ιιι
2468 4460 2557 4529 qui
2583 4474 2705 4513 cum
2739 4457 2791 4509 in
2827 4457 3029 4510 mundo
3052 4472 3223 4519 esses,
3259 4456 3451 4509 venisti
3475 4455 3569 4511 ubi

1972 4542 2150 4622 eras;
2188 4564 2241 4609 tu
2270 4554 2361 4623 qui
2395 4552 2571 4606 factus
2600 4567 2659 4606 es
2689 4566 2818 4606 caro
2846 4591 2861 4613 ,
2889 4551 2985 4604 sed
3025 4566 3130 4603 non
3173 4565 3470 4604 conversus
3512 4550 3565 4604 in

311 4636 750 4706 βαπτισθῆναι,
793 4637 893 4691 καὶ
938 4637 1019 4691 σὺ
1064 4638 1214 4705 ἔρχῃ
1270 4637 1417 4704 πρὸς
1460 4636 1569 4705 μέ;
1623 4638 1694 4690 Σὺ
1750 4639 1779 4690 6
1828 4639 1885 4693 ὲν

1994 4661 2246 4710 carnem;
2282 4652 2338 4695 tu
2373 4642 2464 4711 qui
2501 4640 2757 4695 habitasti
2795 4639 2848 4692 in
2901 4638 3059 4692 nobis
3084 4679 3099 4702 ,
3145 4645 3199 4691 et
3231 4636 3404 4691 servis
3459 4636 3568 4692 tuis

316 4729 458 4800 ἀρχῇ
492 4727 587 4793 ὣν,
633 4729 727 4784 καὶ
768 4731 904 4800 πρὸς
947 4728 1080 4783 Θεὸν
1116 4728 1212 4791 ὢν,
1265 4730 1358 4781 καὶ
1398 4729 1528 4792 Θεὸς
1573 4728 1680 4782 ῶν·
1721 4731 1785 4784 σὺ
1826 4731 1889 4784 τὸ

315 4820 414 4891 τῆς
445 4821 702 4892 πατρῴας
738 4821 896 4891 δόξης
923 4820 1264 4890 ἀπαύγασμα
1283 4837 1296 4849 ·
1334 4820 1399 4872 σὺ
1431 4822 1459 4873 6
1484 4819 1688 4884 τέλειος
1716 4837 1887 4892 χαρα-

316 4910 456 4982 κτὴρ
493 4910 586 4964 τοῦ
630 4912 830 4964 τελείου
858 4911 1076 4982 Πατρός
1285 4909 1490 4963 τελείου
1545 4911 1740 4980 φωτὸς,
1788 4911 1884 4982 δη-

130 5041 141 5053 .
224 4999 229 5004 ’
314 5002 446 5074 λαδὴ
480 5001 573 5055 τοῦ
606 5000 842 5073 Πατρός]
863 5020 876 5032 -
909 5003 974 5055 σὺ
1004 5001 1070 5056 τὸ
1104 4994 1229 5071 φῶς
1255 5002 1320 5055 τὸ
1348 5002 1655 5070 ἀληθινὸν,
1681 5004 1741 5057 τὸ
1765 5022 1879 5073 φωρ

315 5093 476 5156 τιζον
529 5092 726 5146 πάντα
772 5092 1090 5161 ἄνθρωπον
1131 5094 1457 5163 ἐρχόμενον
1502 5096 1588 5160 εὶς
1634 5094 1740 5147 τὸν
1788 5096 1943 5169 aed—ﬁ

1970 4738 2044 4791 in
2078 4737 2252 4794 forma
2300 4733 2439 4789 servi
2484 4732 2815 4800 conspicuus
2874 4728 3058 4794 fuisti;
3104 4738 3160 4782 tu
3212 4728 3306 4798 qui
3361 4736 3563 4782 terram

1987 4834 2041 4879 et
2107 4825 2303 4878 caelum
2383 4832 2476 4875 tuo
2555 4829 2745 4875 sancto
2814 4820 3035 4874 nomine
3106 4818 3343 4888 quodam
3408 4820 3565 4887 quasi

1987 4925 2150 4987 ponte
2197 4914 2420 4986 junxisti
2450 4931 2463 4978 ;
2494 4922 2550 4966 tu
2580 4913 2736 4967 venis
2770 4912 2837 4966 ad
2873 4912 3002 4965 me?
3056 4910 3158 4977 Tu,
3220 4911 3311 4980 qui
3380 4919 3562 4965 tantus

1986 5023 2064 5071 es,
2128 5007 2191 5061 ad
2253 5005 2457 5060 talem?
2504 5002 2638 5070 Rex,
2704 5003 2768 5057 ad
2820 5000 3562 5072 praecursoreni?Dominus,

1991 5102 2058 5157 ad
2098 5097 2351 5155 servum?
2405 5094 2508 5150 Sed
2571 5096 2822 5165 quamvis
2878 5103 2935 5147 tu
3002 5094 3058 5147 in
3116 5092 3411 5146 humilibus
3462 5092 3564 5143 hu-

313 5200 502 5255 σμον·
531 5185 595 5237 σὺ
631 5185 659 5236 6
689 5183 747 5235 ὲν
770 5181 848 5252 τῷ
876 5184 1065 5254 κόσμῳ
1086 5182 1183 5248 ὢν,
1211 5184 1306 5237 καὶ
1331 5182 1497 5238 ἐλθὼν
1524 5185 1658 5238 ὅπου
1688 5176 1791 5255 ἦςῖ
1822 5186 1886 5239 σὺ

1994 5190 2268 5246 manitatis
2301 5188 2479 5243 modis
2529 5187 2683 5241 nasci
2715 5201 2825 5240 non
2873 5185 3160 5240 erubueris
3186 5201 3199 5250 ;
3228 5196 3330 5251 ego
3381 5191 3563 5234 tamen

314 5279 345 5332 6
368 5277 657 5348 γενόμενος
691 5274 845 5347 σὰρξ,
875 5275 991 5327 ἀλλ’
1028 5276 1129 5329 οὐκ
1156 5277 1237 5340 εἰς
1265 5276 1443 5348 σάρκα
1467 5276 1698 5348 τραπείς
1716 5293 1730 5306 ⁸
1764 5277 1828 5329 σὺ
1862 5277 1890 5329 ό

1998 5276 2495 5338 ιιιιιιιιιείθιιιιίιιοε
2525 5278 2801 5348 praeterire
2831 5292 2938 5330 non
2965 5290 3206 5345 possum.
3230 5270 3362 5324 Novi
3388 5286 3567 5339 quan-

257 5434 266 5439 κ
317 5367 603 5438 σκηνώσας
614 5369 670 5421 ὲν
684 5368 839 5437 ἡμῖν,
856 5367 948 5419 καὶ
963 5369 1076 5429 τοῖς
1093 5371 1205 5429 σοῖς
1226 5367 1429 5430 δούλοις
1448 5367 1636 5436 φανεϊς
1646 5369 1703 5420 ἐν
1716 5370 1782 5440 τῇ
1798 5367 1890 5422 τοῦ

1996 5385 2109 5429 tum
2144 5376 2284 5430 inter
2324 5383 2524 5428 terram
2568 5381 2623 5425 et
2654 5369 2968 5423 Creatorem
3003 5367 3074 5421 sit
3115 5364 3409 5420 discrimen
3442 5360 3557 5433 [αι.

315 5460 500 5515 δούλου
521 5463 699 5531 μορφῇ
721 5477 733 5488 ·
754 5460 819 5512 σὺ
841 5460 869 5511 6
882 5459 982 5530 τὴν
995 5458 1098 5529 γῆν
1112 5461 1204 5513 καὶ
1224 5459 1314 5513 τὸν
1328 5459 1552 5531 οὐρανὸν
1571 5459 1894 5532 γεφυρώσας

1999 5463 2294 5536 spatium].
2327 5462 2463 5518 Novi
2494 5468 2699 5532 quanta
2732 5461 2871 5514 inter
2901 5458 3088 5511 limum
3121 5466 3275 5510 terra:
3302 5463 3356 5508 et
3386 5452 3560 5509 facto-

316 5548 434 5626 [γρ.
481 5549 899 5623 γεφυράσας]τῷ
925 5550 1065 5621 ἁγίῳ
1095 5568 1188 5604 σου
1220 5551 1461 5623 ὀνόματι,
1498 5553 1561 5605 σὺ
1594 5550 1727 5626 ἔρχῃ
1755 5553 1891 5625 πρὸς

1998 5572 2113 5611 rem
2139 5558 2210 5611 sit
2246 5554 2566 5611 differentia.
2606 5551 2740 5607 Novi
2772 5560 3036 5621 quantum
3068 5550 3149 5604 sol
3186 5557 3311 5602 tuus
3338 5546 3563 5616 justitize

317 5644 422 5717 μέ;
451 5647 510 5700 '0
530 5644 801 5713 τοσοῦτος,
828 5645 966 5716 πρὸς
986 5645 1076 5698 τὸν
1107 5645 1342 5700 τοιοῦτον
1362 5662 1376 5711 ;
1408 5647 1467 5698 '0
1490 5644 1739 5715 βασιλεὺς
1757 5646 1891 5718 πρὸς

1995 5648 2264 5717 praecellat
2287 5648 2440 5712 mihi,
2467 5646 2560 5716 qui
2585 5645 2805 5699 lucerna
2840 5652 2945 5697 tua:
2973 5657 3092 5696 sum
3120 5639 3322 5711 gratiae.
3348 5637 3416 5691 Et
3437 5637 3564 5692 licet

319 5737 413 5794 τὸν
438 5738 779 5809 πρόδρομον;
825 5739 883 5791 '0
914 5737 1190 5807 Δεσπότης
1218 5738 1354 5809 πρὸς
1378 5738 1470 5792 τὸν
1500 5736 1723 5803 δοῦλον;’
1753 5738 1889 5791 Ἀλλ’

1994 5757 2127 5813 pura
2151 5744 2392 5814 corporis
2420 5745 2655 5801 amictus
2682 5741 2757 5795 sis
2814 5739 2987 5801 nube,
3040 5751 3140 5807 ego
3173 5742 3354 5788 tamen
3409 5739 3559 5786 tuam

392 5925 439 5959 "
473 5928 605 5982 Luc.
635 5942 696 5991 ιι,
738 5925 792 5980 8.
871 5926 914 5958 “
949 5924 1134 5980 Matth.
1167 5940 1256 5995 lli,
1284 5925 1347 5996 5;
1387 5925 1550 5983 Marc.
1580 5942 1632 5995 ι,
1665 5928 1731 5998 3‘;
1775 5925 1896 5983 Luc.

1994 5941 2037 5997 ι,
2076 5926 2148 5997 4,
2189 5924 2345 5983 Joan.
2376 5942 2413 5995 r,
2445 5925 2532 5983 25.
2636 5926 2679 5958 ⁸⁷
2708 5922 2863 5981 Joan.
2901 5939 2950 5990 ι,
2989 5922 3037 5977 l.
3117 5922 3161 5954 ⁸⁸
3195 5916 3346 5973 Joan.
3389 5932 3442 5981 ι,
3476 5911 3530 5968 9.
