4100 6408
476 396 634 501 1135.
998 452 1001 461 ’
1112 436 1170 491 S.
1208 429 1540 491 GREGORII
1580 392 1941 486 THAUMA'i‘.
1980 426 2132 485 OPP.
2168 426 2357 485 PARS
2393 426 2694 483 ALTERA.
2737 456 2807 470 -
2843 412 3076 484 DUBIA.
3252 467 3258 472 .
3592 423 3760 479 ιιεε

476 575 720 628 Ignosco
751 554 1198 613 dominationem.
1252 549 1528 606 Conﬁteor
1561 548 1816 603 servilem
1869 561 2045 602 meam

2183 547 2198 599 l
2231 544 2325 598 καὶ
2358 544 2423 599 σὺ
2461 544 2520 598 ἐν
2542 547 2656 609 τοῖς
2677 546 2954 607 ταπεινοῖς
2989 542 3213 614 μέτροις
3237 544 3341 613 τῆς
3379 541 3761 614 ἅνθρωπός-η-

476 651 849 708 conditionem
877 689 892 714 ,
924 654 1069 701 tuam
1100 642 1339 714 praedico
1365 638 1841 712 magniﬁcentiam.
1877 637 2054 708 Agno-

2181 655 2242 701 ος
2290 636 2542 709 γενέσθαι
2585 637 2687 691 οὐκ
2739 634 3088 711 ὲπῃσχύνθης
3293 633 3702 706 ἐπαισχυνθῇς]
3728 652 3757 666 ’

478 758 576 799 sco
602 737 987 795 dominationis
1023 745 1128 790 tuae
1159 732 1570 804 perfectionem.
1619 737 1675 785 et
1708 743 1883 784 meam
1938 728 2053 799 ipse

2181 727 2267 781 Ωιλ’
2306 727 2416 798 ἐγὼ
2459 729 2527 783 τὰ
2572 728 2746 801 μέτρα
2770 729 2868 799 τῆς
2909 728 3124 798 φύσεως
3160 724 3452 799 παρελθεῖν
3480 725 3583 780 οὐκ
3611 725 3763 780 ἀνέ-

480 829 837 899 abjectionem
863 840 926 880 ac
950 824 1207 878 vilitatem
1230 834 1523 892 cognosco.
1559 816 1681 872 Non
1705 835 1821 873 sum
1863 818 2053 889 dignus

2181 837 2338 891 ςομαι.
2379 820 2707 891 Ἐπίσταμαι
2749 821 2911 874 πόσον
2950 819 3011 873 τὸ
3047 817 3242 891 μέτρον
3284 815 3405 889 [ἀλ.
3439 817 3503 872 τὸ
3547 815 3756 890 μέσον]

479 932 536 975 ut
557 920 759 974 solvam
787 918 1067 987 corrigiam
1091 914 1438 969 calceamenti
1465 913 1542 967 tui
1564 912 1609 944 ”
1634 927 1649 977 ;
1682 919 1738 966 et
1759 926 1868 982 quo
1896 919 2055 981 pacto

2181 912 2263 985 ’ἧς
2302 914 2396 968 καὶ
2422 912 2787 986 Δημιουργοῦ.
2836 912 3165 984 Ἐπίσταμαι
3203 910 3365 967 πόσον
3391 909 3453 965 τδ
3479 910 3756 984 διάφορον

480 1012 893 1067 immaculatum
926 1009 1119 1079 capitis
1168 1007 1248 1062 tui
1278 1006 1533 1062 verticem
1567 1003 2058 1076 tangereaudebo?

2181 1007 2330 1079 τηλοῦ
2365 1008 2461 1061 καὶ
2501 1006 2759 1063 πλάστου.
2799 1005 3129 1076 Ἐπίσταμαι
3177 1004 3343 1059 πόσον
3386 1004 3448 1059 τὸ
3487 1004 3755 1081 κρεῖττόν

478 1104 600 1170 Quo
629 1112 788 1174 pacto
813 1117 987 1157 meam
1030 1116 1195 1171 super
1235 1108 1286 1154 te
1312 1097 1599 1174 extendam
1626 1097 1928 1163 dexteram,
1963 1097 2054 1168 qui

2181 1117 2252 1154 που
2285 1100 2378 1154 τοῦ
2403 1099 2554 1172 ήλίου
2580 1100 2679 1171 τῆς
2702 1097 3068 1170 δικαιοσύνης,
3095 1097 3275 1170 κόιμοῦ
3305 1096 3400 1151 τοῦ
3425 1097 3621 1171 λύχνου
3646 1112 3757 1151 σου

478 1172 680 1250 coelum
718 1192 860 1248 sicut
891 1193 1085 1262 pellem
1132 1188 1424 1255 extendisti
1457 1172 1522 1253 δί’,
1557 1195 1613 1243 et
1661 1197 1861 1243 terram
1895 1202 2058 1259 super

2181 1190 2257 1262 τῆς
2283 1190 2526 1263 χάριτος.
2557 1190 2621 1244 Ei
2649 1190 2743 1244 καὶ
2767 1189 2830 1243 τὸ
2854 1187 3094 1262 καθαρὸν
3139 1188 3300 1260 νέφος
3342 1188 3436 1243 τοῦ
3487 1187 3761 1263 σώματος

479 1302 653 1357 aquas
679 1285 921 1341 statuisti
961 1283 1047 1337 “1'
1078 1281 1366 1349 Quomodo
1394 1279 1617 1336 serviles
1661 1294 1813 1335 meos
1861 1278 2058 1350 digitos

2181 1278 2569 1352 περιϐέϐλησαι,
2602 1278 2717 1333 ἀλλ’
2752 1277 2864 1348 ἐγὼ
2898 1276 3248 1348 ὲπιγινὼσκω
3277 1279 3376 1350 τὴν
3409 1277 3509 1352 σὴν
3543 1279 3760 1332 δεσπο-
3795 1279 3805 1286 ⁵

482 1393 648 1448 super
674 1376 919 1430 divinum
943 1383 1108 1444 caput
1135 1382 1289 1428 tuum
1318 1371 1634 1441 explicabo?
1660 1369 1943 1437 Quomodo
1960 1369 2063 1424 im-

2181 1368 2328 1424 :siav.
2395 1368 2673 1440 ὐμολογῶ
2727 1368 2827 1439 τὴν
2880 1368 3117 1441 ἐμαυτοῦ
3168 1369 3430 1436 δουλείαν,
3485 1368 3764 1454 κηρύττω

482 1466 820 1522 maculatum
845 1466 1087 1535 nullique
1109 1470 1332 1534 peccato
1355 1461 1897 1518 obnoxiumlavabo?
1917 1458 2062 1528 ρυο.

2181 1460 2264 1533 τὴν
2292 1461 2390 1534 σὴν
2440 1455 2931 1532 μεγαλοπρέπειαν.
2962 1459 3338 1530 Ἐπιγινώσκω
3369 1459 3470 1532 τὴν
3501 1460 3615 1532 ζσὴν
3656 1459 3771 1514 65-

480 1559 649 1615 modo
673 1560 846 1629 ipsam
873 1558 1052 1613 lucem
1076 1555 1444 1611 illuminabo?
1468 1553 1787 1626 Cuiusmodi
1817 1568 1982 1624 super
2010 1563 2061 1608 te

2181 1552 2421 1608 τποτείαν
2441 1552 2672 1618 τελείαν,
2690 1550 3037 1623 ὲπιγινώσκω
3058 1552 3156 1625 τὴν
3180 1551 3418 1624 ἐμαυτοῦ
3443 1552 3759 1608 εὐτέλειαν.

485 1654 790 1708 orationem
818 1650 1014 1707 faciam
1034 1692 1051 1719 ,
1083 1652 1177 1722 qui
1207 1649 1371 1705 etiam
1394 1663 1584 1705 eorum
1615 1647 1709 1719 qui
1738 1656 1790 1702 te
1811 1647 2063 1718 ignorant

2181 1647 2284 1701 ὶύκ
2315 1646 2431 1717 εἰμὶ
2462 1645 2874 1713 ἱκανὸς-,λῦσαι
2903 1644 3011 1701 τόν
3048 1645 3263 1716 ἱμάντα
3292 1645 3399 1701 τοῦ
3430 1642 3777 1715 ὑποδήμα--ν

486 1762 675 1817 preces
702 1744 973 1816 suscipis?

2181 1738 2269 1805 τός
2297 1754 2414 1794 σου
2433 1756 2446 1770 ·
2476 1740 2572 1794 καὶ
2601 1739 2718 1804 πῶς
2747 1737 2986 1810 ἅψασθαι
3031 1738 3286 1811 τολμήσω
3304 1737 3435 1810 ’,τῆς
3477 1738 3775 1810 άχράντουν

485 1860 582 1897 σου
613 1843 890 1915 κορυφῆς
922 1843 1047 1906 Πῶς
1089 1841 1314 1896 ὲκτείνω
1353 1838 1451 1910 τὴν
1497 1835 1673 1902 δεξιὰν
1714 1836 1806 1889 ἐπὶ
1865 1834 1946 1899 σὲ,
1975 1833 2066 1888 τον
2109 1835 2425 1891 ἐκτείναντα
2469 1834 2590 1908 [ἄλ.
2633 1832 2964 1906 ἐκτείνοντα]
2988 1834 3079 1890 τὸν
3124 1833 3352 1905 οὐρανὸν
3387 1833 3519 1886 ὡσεὶ
3543 1831 3762 1918 δέρριν,

484 1937 580 1990 καὶ
627 1934 727 2007 τὴν
753 1936 858 2007 γῆν
892 1936 985 1989 επὶ
1031 1934 1238 1989 ὑδάτων
1266 1931 1596 2002 ὲδράσοίντα;
1638 1927 1764 1993 Πῶς
1789 1925 2094 1997 ἕφαπλώσω
2142 1927 2268 1991 τοὺς
2319 1928 2623 1993 οίκετικούς
2658 1944 2758 1999 μου
2791 1924 3089 1990 δακτύλους
3114 1928 3179 1998 τῇ
3210 1924 3331 1998 θείᾳ
3371 1942 3466 1980 σου
3503 1922 3765 1996 ιφρύφῇς

485 2029 611 2094 Πῶς
640 2028 817 2082 λούσω
848 2029 937 2084 τὸν
967 2028 1217 2094 ἄσπιλον,
1243 2029 1338 2082 καὶ
1364 2026 1456 2082 τὸν
1503 2024 1920 2103 ἀναμάρτητοη
1952 2020 2078 2086 Πῶς
2124 2022 2344 2091 φωτίσω
2375 2023 2437 2077 τὸ
2462 2021 2610 2093 φῶς;
2638 2022 2804 2077 Ποίαν
2835 2022 3132 2095 ποιήσομαι
3180 2019 3273 2073 ἐπὶ
3328 2020 3390 2074 σὲ
3423 2007 3791 2091 προσευχὴν,-

484 2124 578 2179 τὸν
601 2122 1034 2195 προσδεχόμενον
1068 2123 1165 2178 καὶ
1189 2122 1289 2187 τὰς
1312 2121 1420 2176 τῶν
1442 2118 1778 2189 ἀγνοούντων
1813 2134 1874 2171 σε
1907 2117 2242 2190 προσευχάς;
2878 2182 2883 2187 ,
3752 2184 3769 2193 ,

555 2221 709 2277 Alios
741 2221 870 2275 dum
900 2221 1140 2290 baptizo,
1164 2219 1218 2273 in
1251 2228 1346 2274 tuo
1393 2216 1615 2271 nomine
1635 2214 1887 2285 baptizo;
1920 2222 1980 2267 ut
2011 2212 2065 2267 in

2237 2214 2380 2279 Τοὺς
2407 2213 2599 2297 ἄλλους
2620 2214 2930 2286 βαπτίζων,
2956 2216 3035 2280 είς
3067 2214 3130 2269 τὸ
3159 2213 3250 2268 σὺν
3274 2213 3447 2284 ὄνομα
3485 2209 3773 2284 βαπτίζω,

489 2323 545 2367 te
567 2327 692 2367 cum
721 2311 891 2383 gloria
912 2310 1220 2366 venientem
1244 2300 1508 2374 credant;
1529 2316 1579 2362 te
1606 2321 1735 2362 vero
1763 2304 2070 2374 baptizans,

487 2405 651 2474 cujus
682 2404 1017 2460 mentionem
1050 2401 1288 2458 faciam?
1321 2401 1378 2457 ln
1426 2401 1585 2470 cujus
1618 2407 1675 2455 te
1722 2398 1945 2453 nomine
1972 2396 2073 2452 ba-

489 2495 747 2565 ptizabo?
779 2494 861 2548 An
903 2493 958 2547 in
996 2493 1220 2549 nomine
1283 2490 1497 2546 Patris?
1550 2490 1621 2545 At
1674 2497 1850 2545 totum
1906 2487 2074 2543 babes

487 2587 706 2643 Patrem
732 2587 787 2641 in
810 2586 1010 2656 teipse,
1039 2593 1096 2639 et
1124 2593 1269 2639 totus
1297 2583 1350 2638 in
1374 2582 1532 2639 Patre
1557 2598 1640 2639 es.
1663 2582 1745 2636 An
1771 2581 1824 2635 in
1852 2580 2075 2637 nomine

488 2680 740 2736 Filii?At
770 2694 880 2734 non
907 2688 990 2734 est
1018 2685 1217 2748 prater
1246 2685 1296 2732 te
1328 2676 1472 2731 alius
1516 2684 1714 2731 natura
1744 2673 1919 2728 Filius
1954 2671 2070 2729 Dei.

488 2772 575 2828 An
610 2774 666 2827 in
700 2772 923 2826 nomine
957 2768 1194 2840 Spiritus
1231 2768 1455 2824 sancti?
1496 2768 1567 2822 At
1613 2781 1830 2836 semper
1856 2781 1966 2820 una
1995 2772 2075 2819 te-

488 2882 616 2922 cum
643 2873 729 2920 est
782 2873 844 2919 ut
873 2861 1363 2919 consubstantialis
1390 2860 1488 2916 tibi
1518 2869 1574 2917 et
1595 2858 1848 2931 ejusdem
1880 2860 2076 2914 volun-

489 2961 620 3016 tatis
649 2967 815 3029 atque
856 2957 1171 3021 sententiae,
1224 2956 1451 3026 aequalis
1478 2954 1786 3026 potestatis,
1828 2968 1894 3009 ac
1925 2951 2075 3023 paris

491 3051 752 3119 honorisj;
787 3059 1079 3119 tecumque
1108 3050 1178 3104 ab
1205 3046 1464 3103 omnibus
1493 3044 1869 3102 adorationem
1899 3044 2078 3100 suscio

490 3143 590 3212 pit.
623 3141 843 3212 Baptiza
872 3156 1023 3213 ergo,
1062 3140 1109 3196 si
1140 3139 1243 3203 vis,
1289 3138 1553 3206 Domine;
1598 3137 1816 3209 baptiza
1855 3150 1944 3192 me
1974 3135 2075 3191 ba-

486 3232 737 3300 ptistam.
773 3229 1053 3303 Regenera
1084 3246 1250 3300 quem
1283 3229 1436 3286 nasci
1467 3228 1667 3286 fecisti.
1695 3226 1940 3283 Extende
1968 3234 2077 3281 tre-

490 3323 747 3379 mendam
776 3323 1054 3379 dexteram
1079 3331 1254 3386 tuam,
1276 3337 1440 3392 quam
1466 3321 1563 3377 tibi
1590 3321 1696 3392 ipsi
1720 3318 2072 3389 comparasti;

490 3426 543 3472 et
568 3426 656 3471 tuo
674 3423 931 3470 contactu
959 3426 1122 3484 caput
1142 3402 1325 3468 meum
1355 3428 1582 3477 corona,
1618 3422 1676 3467 ut
1704 3420 1829 3467 ante
1849 3426 2075 3482 regnum

491 3514 650 3561 tuum
679 3521 932 3570 currens,
975 3514 1275 3561 coronatus
1308 3504 1457 3561 velut
1500 3521 1827 3576 praecursor,
1859 3504 2078 3560 assidue

493 3598 882 3669 peccatoribus
910 3596 1280 3665 evangelizem
1303 3636 1319 3663 ,
1375 3588 1623 3652 clamans
1657 3596 1724 3651 ad
1763 3610 1896 3651 eos:
1945 3593 2077 3649 Ecce

490 3689 676 3758 Agnus
715 3686 831 3754 Dei,
855 3688 945 3757 qui
982 3686 1121 3740 tollit
1155 3696 1371 3755 peccata
1407 3687 1594 3741 mundi
1641 3688 1707 3743 “.
1742 3685 1809 3741 Et
1841 3695 1923 3754 tu,
1957 3685 2081 3742 Jor--

418 3788 421 3793 '
492 3777 655 3834 danis
675 3776 899 3844 flumen,
932 3776 1134 3832 choros
1165 3792 1381 3832 mecum
1413 3792 1542 3848 age;
1570 3784 1624 3832 et
1650 3776 1814 3832 simul
1845 3775 2078 3843 exsulta,

495 3882 564 3925 ac
609 3868 881 3922 concinne
931 3874 1164 3936 apteque
1211 3869 1387 3923 undas
1437 3875 1696 3937 tanquam
1764 3866 2081 3922 saltationes

498 3974 699 4027 move;
756 3976 884 4015 nam
917 3969 1046 4015 tuus
1088 3961 1182 4015 tibi
1217 3960 1448 4015 (ἐι-θείοι-
1483 3975 1608 4015 cum
1656 3948 1886 4031 corpore
1915 3967 2076 4016 astat.

504 4050 697 4109 Vidisti
728 4052 1025 4124 aliquando
1054 4051 1222 4109 Israel
1257 4067 1354 4123 per
1384 4061 1438 4107 te
1464 4061 1863 4118 transeuntem,
1913 4060 1968 4107 et
1994 4050 2080 4106 di-

494 4146 633 4202 visis
657 4145 815 4216 aquis
855 4145 1169 4214 substitisti,
1208 4144 1499 4201 transitum
1520 4144 2076 4223 populiexspectans:

497 4253 646 4293 nunc
668 4253 800 4293 vero
823 4239 1203 4295 vehementius
1224 4238 1572 4307 diﬂ‘undaris,
1597 4254 1662 4295 ac
1688 4240 1895 4295 tardius
1920 4239 2078 4308 ﬂuas;

497 4338 551 4385 et
578 4332 825 4386 membra
856 4331 1207 4387 immaculata
1238 4332 1359 4403 ejus
1382 4332 1477 4402 qui
1506 4333 1672 4387 etiam
1707 4340 1836 4388 tunc
1860 4331 2081 4388 Judaaos

498 4419 598 4494 [aL
622 4420 900 4494 Hebraeos]
924 4423 1250 4491 transmisit,
1270 4424 1617 4493 amplectere.
1644 4423 1855 4480 Montes
1886 4434 1939 4479 et
1968 4425 2081 4479 col-

499 4513 600 4582 les,
637 4515 805 4571 valles
842 4526 899 4571 et
926 4524 1215 4581 torrentes,
1253 4517 1427 4572 maria
1457 4528 1513 4572 et
1541 4517 1763 4573 flumina
1788 4558 1803 4585 ,
1855 4519 2081 4575 benedi-

500 4605 607 4660 cite
640 4606 900 4675 Domino,
946 4606 1172 4662 fluvium
1204 4607 1498 4665 Jordanem
1544 4610 1904 4683 ingredienti;
1954 4626 2079 4667 nam

500 4699 618 4771 ipse
647 4716 745 4770 per
792 4701 891 4756 has
931 4716 1104 4771 aquas
1152 4703 1368 4760 cunctis
1396 4704 1554 4773 aquis
1587 4705 2077 4784 sanctificationem

2176 2307 2265 2363 ἵνα
2294 2306 2655 2361 πιστεύσωσιν
2687 2309 2767 2372 εἰς
2803 2306 2863 2360 σὲ
2898 2307 2990 2361 τὸν
3028 2305 3327 2379 ἐρχόμενον
3377 2305 3520 2377 μετὰ
3556 2304 3717 2375 δόξης
3739 2321 3761 2336 ο
3798 2322 3805 2325 ·
3851 2331 3854 2333 λ

2176 2399 2236 2453 σὲ
2268 2397 2570 2470 βαπτίζων,
2601 2399 2744 2464 τίνος
2778 2399 3131 2471 ὲπιμνησθῶ;
3161 2400 3257 2463 Εἰς
3296 2397 3445 2463 τίνος
3489 2398 3546 2453 δὲ
3584 2386 3781 2469 δνομᾶτ

2176 2508 2236 2546 σε
2266 2491 2545 2563 βαπτίσω’;
2570 2493 2665 2557 Είς
2691 2492 2752 2546 τὸ
2772 2492 2866 2553 τοῦ
2903 2492 3153 2565 Πατρός;
3196 2490 3334 2545 Ἀλλ’
3362 2492 3485 2547 ὅλον
3524 2492 3615 2545 τὸν
3638 2492 3765 2545 Πα-

2172 2584 2308 2657 τέρα
2337 2583 2478 2655 έχεις
2504 2585 2561 2639 ὲν
2586 2583 2784 2657 ἑαυτῷ,
2814 2584 2908 2640 καὶ
2933 2584 3054 2648 ὅλος
3078 2583 3345 2656 ὑπάρχεις
3370 2586 3429 2639 ὲν
3453 2582 3534 2655 τῷ
3558 2583 3777 2657 Πατρί-

2187 2677 2325 2731 Ἀλλ’
2357 2679 2435 2742 είς
2462 2678 2523 2732 τὸ
2550 2677 2663 2732 τοῦ
2674 2678 2837 2742 Υίοῦ;
2875 2677 3013 2731 Ἀλλ’
3038 2679 3138 2749 οὐκ
3170 2677 3285 2731 ἐστι
3312 2676 3467 2750 παρὰ
3493 2678 3573 2742 σὲ,
3597 2678 3777 2743 ἄλλος

2177 2767 2335 2838 φύσει
2359 2770 2486 2834 Υἱὸς
2516 2768 2675 2824 Θεοῦ.
2718 2769 2858 2837 Ἀλλ’
2893 2771 2974 2834 είς
3005 2768 3066 2823 τὸ
3101 2769 3202 2843 τοῦ*
3216 2770 3374 2839 ἁγίου
3400 2770 3762 2843 Πνεύματοςς

2189 2861 2348 2916 Ἀλλὰ
2378 2862 2596 2918 σύνεστι
2621 2880 2706 2918 σοι
2739 2863 2844 2917 διτὶι¹
2862 2861 3086 2928 παντὸς,
3112 2861 3499 2934 ὡςβμοούσιόν
3539 2881 3618 2918 σοι
3659 2862 3771 2918 καὶ

2174 2955 2489 3028 ὁμόδουλον,
2520 2956 2615 3010 καὶ
2634 2955 2976 3029 όμόγνωμον,
3004 2954 3098 3009 καὶ
3120 2953 3478 3030 όμοδύναμον,
3505 2953 3599 3009 καὶ
3626 2953 3765 3025 ὁμό-

2174 3066 2353 3121 τιμον,
2379 3049 2475 3103 καὶ
2503 3051 2600 3104 σὺν
2623 3048 2706 3103 σοὶ
2735 3050 2949 3121 δέχεται
2975 3047 3073 3121 τὴν
3095 3046 3245 3122 παρὰ
3274 3031 3492 3103 πάντων
3518 3048 3771 3121 προσκύςι

2175 3161 2351 3217 νησιν.
2379 3143 2648 3198 Βάπτισον
2669 3139 2761 3198 οὖν
2790 3146 2839 3198 εί
2874 3142 3053 3215 θέλῃς,
3074 3143 3343 3207 Δέσποτα,
3375 3141 3635 3214 βάπτισον
3657 3140 3781 3213 ἐμὲ
3822 3135 3827 3139 ’

2176 3234 2267 3288 τὸν
2281 3233 2601 3306 βαπτιστήν.
2619 3236 2778 3304 ’Δναγ
2785 3235 2907 3307 ἐννη
2914 3252 3004 3289 σον
3016 3234 3079 3288 ὃν
3090 3233 3417 3307 γεννηθῆναι
3433 3232 3775 3305 πεποίηκας..

2182 3330 2460 3383 Ἔκτεινον
2508 3327 2608 3400 τὴν
2654 3327 2891 3400 φοϐεράν
2956 3343 3051 3381 σου
3110 3323 3326 3390 δεξιὰν,
3373 3325 3554 3396 ἥνπερ
3597 3323 3783 3389 αύτδςν

2178 3420 2355 3493 ἑαυτῷ
2377 3419 2805 3486 κατεσκεύασας,
2835 3420 2929 3475 καὶ
2950 3417 3294 3489 στεφάνωσον
3319 3420 3385 3489 τῇ
3426 3421 3493 3488 σῇ
3525 3416 3777 3490 ἁφῇπὴν

2179 3511 2319 3584 ἐμὴν
2364 3511 2629 3584 κεφαλὴν,
2661 3511 2748 3565 ἵνα
2789 3511 2896 3583 πρὸ
2945 3510 3045 3583 τῆς
3088 3509 3188 3582 σῆς
3234 3508 3511 3580 βασιλείας
3549 3507 3781 3579 τρέχων-

2178 3604 2619 3675 ὲστεφανωμένος
2647 3602 2723 3667 ὡς
2754 3603 3060 3675 πρόδρομος
3105 3600 3355 3678 συνήθως
3394 3599 3766 3670 εὐαγγελίσω-

2185 3714 2283 3769 μαι
2309 3699 2420 3761 τοῖς
2452 3695 2816 3769 ἁμαρτωλοῖς,
2855 3692 2993 3765 βοῶν
3023 3694 3160 3768 πρὸς
3188 3693 3418 3758 αὐτούς’
3453 3691 3569 3747 Ἴδε
3594 3693 3626 3745 ό
3651 3689 3781 3760 ἅμα

2179 3789 2287 3855 νὸς
2313 3787 2421 3842 τοῦ
2453 3787 2622 3852 Θεοῦ,
2646 3789 2686 3863 ’ό
2707 3787 2891 3865 αἴρων
2917 3785 3032 3856 τὴν
3051 3788 3346 3858 ἁμαρτίαν
3374 3783 3481 3840 τοῦ
3507 3784 3763 3853 κόσμου.

2194 3880 2431 3953 Ἰορδάνῃ
2461 3880 2696 3951 ποταμὲ,
2725 3878 3086 3951 συγχόρευσον
3115 3897 3225 3951 μοι,
3253 3880 3348 3934 καὶ
3376 3878 3762 3951 συσκίρτησον,

2186 3975 2282 4029 καὶ
2310 3975 2534 4046 κίνησον
2575 3974 2863 4047 εὐρύθμως
2903 3975 2971 4030 τὰ
3011 3975 3280 4046 ῥεύματα,
3314 3972 3565 4044 καθάπερ
3611 3987 3771 4042 σκιρ·

2182 4069 2438 4142 τήματαο
2479 4070 2509 4124 ὁ
2546 4068 2656 4143 γὰρ
2700 4069 2792 4134 σὸς
2829 4069 3174 4142 Δημιουργὸς
3231 4068 3435 4139 ἐπέστη
3492 4082 3575 4135 σοι
3625 4062 3767 4136 μετὰ

2184 4158 2448 4232 σώματος.
2486 4157 2641 4225 Εἶδες
2670 4162 2802 4216 ποτὲ
2822 4161 2918 4216 τὸν
2965 4160 3184 4234 Ἰσραὴλ
3213 4159 3304 4214 διὰ
3349 4156 3444 4213 σοῦ
3487 4155 3773 4230 παρερχό-

2186 4268 2363 4323 μενον,
2393 4251 2489 4307 καὶ
2524 4254 2753 4325 μερίσας
2784 4255 2853 4309 τὰ
2889 4246 3081 4318 ῦδατα,
3109 4252 3273 4325 ἔστης
3297 4252 3393 4307 τοῦ
3430 4250 3562 4306 λαοῦ
3601 4266 3762 4321 περι-

2184 4342 2358 4417 μένων
2385 4342 2484 4416 τὴν
2515 4344 2779 4417 πάροδονο
2812 4344 2908 4401 νῦν
2953 4346 3011 4399 δὲ
3053 4343 3340 4417 διαχύθητι
3384 4343 3781 4417 σφοδρότερον..

2181 4438 2277 4491 καὶ
2339 4435 2532 4509 ρεῦσον
2591 4439 2964 4512 σχολαιὸτερον
2984 4479 3000 4504 ,
3066 4438 3162 4495 καὶ
3223 4436 3595 4511 περιπλάκῃθι
3648 4439 3773 4501 τοῖς

2181 4531 2473 4604 ἀχράντοις
2515 4531 2701 4605 μέλεσι
2742 4533 2837 4588 τοῦ
2878 4533 2972 4587 καὶ
3000 4533 3121 4587 τότε
3151 4531 3277 4597 τοὺς
3320 4530 3602 4594 Ἰουδαίους
3634 4527 3766 4601 [ἄλ.

2194 4624 2499 4697 Ἐϐραίους]
2523 4625 3077 4700 διαπορθμεύσαντος.
3109 4628 3251 4699 Ὀρη
3294 4623 3390 4679 καλ⁸
3430 4624 3627 4697 βουνοί,
3666 4621 3770 4676 νά-

2183 4735 2285 4773 παι
2317 4719 2411 4773 καὶ
2438 4716 2750 4790 χείμαρροι,
2786 4716 3052 4773 θάλασσαι
3090 4718 3185 4771 καὶ
3211 4717 3461 4788 ποταμοὶ,
3495 4715 3777 4784 εὐλογεῖτε

502 4792 769 4849 immittit.
805 4794 1160 4864 Respondeas
1192 4804 1374 4851 autem
1409 4794 1569 4853 Jesus
1592 4798 1731 4853 dixit
1760 4798 1827 4853 ad
1857 4799 2034 4870 ipsum
2060 4816 2074 4853 :

2184 4808 2274 4863 τὸν
2294 4807 2497 4879 Κύριον
2523 4806 2615 4860 τὸν
2644 4805 2908 4861 ἐπιϐάντα
2930 4805 3008 4878 τῷ
3033 4803 3263 4876 ποταμῷ
3305 4803 3543 4877 Ἰορδάνῃ
3559 4819 3573 4832 ·
3599 4800 3781 4865 αὐτὸς·

502 4885 630 4942 Sine
652 4886 809 4941 modo
834 4902 853 4940 :
883 4887 961 4940 sic
986 4888 1126 4941 enim
1150 4904 1242 4942 nos
1271 4888 1415 4944 decet
1441 4906 1644 4945 omnem
1674 4892 1889 4961 implere
1906 4890 2078 4960 justi-

503 4978 638 5033 tiam
667 4977 734 5032 ⁶⁸.
769 4975 896 5032 Sine
924 4979 1120 5047 modo;
1152 4981 1353 5046 tribue,
1386 4997 1421 5038 o
1449 4982 1715 5053 Baptista,
1734 4983 2081 5052 temporidis-

502 5068 841 5140 pensationis
903 5085 1038 5125 mea:
1089 5071 1389 5127 silentium.
1443 5070 1604 5129 Disce
1630 5071 1770 5127 velle
1804 5086 1926 5142 quae
1953 5086 2076 5144 ego.

504 5163 662 5219 Disce
690 5163 1006 5219 ministrare
1033 5163 1168 5219 mihi
1198 5164 1252 5219 in
1281 5164 1369 5220 his
1396 5165 1465 5220 ad
1491 5180 1614 5235 quae
1644 5173 1698 5220 te
1724 5164 1989 5231 sollicito;
2024 5173 2081 5223 et

503 5270 571 5311 ne
616 5256 836 5312 curiose
867 5255 1030 5313 nimis
1080 5273 1205 5328 qua:
1236 5258 1361 5312 volo
1400 5256 1667 5327 inquiras.
1705 5256 1833 5312 Sine
1885 5258 2080 5313 modo:

505 5348 745 5404 nondum
778 5364 955 5405 meam
990 5349 1373 5422 praedicat-eris
1414 5348 1794 5417 divinitatem;
1837 5349 2080 5406 nondum

506 5436 667 5493 labiis
689 5442 803 5497 tuis
829 5457 1010 5498 meum
1035 5441 1419 5498 buccinaveris
1434 5456 1698 5513 regnum:
1726 5457 1797 5498 ne
1823 5442 1870 5499 si
1888 5457 2087 5515 cogno-

509 5529 646 5584 verit
693 5540 963 5603 tyrannus
989 5575 1005 5599 ,
1049 5534 1225 5606 fugiat
1271 5535 1561 5593 consilium
1593 5534 1741 5605 quod
1777 5544 1966 5591 contra
1998 5552 2085 5593 me

508 5625 772 5692 suscepit.
811 5624 941 5682 Siue
972 5627 1252 5683 diabolum
1308 5628 1376 5684 ad
1411 5643 1499 5683 me
1526 5635 1785 5697 tanquam
1819 5628 1887 5683 ad
1911 5644 2081 5684 unum

512 5711 747 5782 aliquem
771 5732 838 5772 ex
866 5720 1080 5776 caeteris
1113 5719 1431 5778 hominibus
1470 5719 1731 5776 accedere
1762 5735 2084 5791 mecumque

2178 4899 2286 4973 γὰρ
2317 4897 2407 4953 διὰ
2436 4897 2639 4953 τούτων
2663 4898 2770 4955 τῶν
2792 4898 3001 4952 ὑδάτων
3033 4898 3337 4968 ἐπιπέμπει
3366 4896 3458 4949 τὸν
3491 4890 3767 4964 ἀγιασμὸν
3852 4939 3867 4945 -

2181 4994 2316 5047 πᾶσι
2350 4992 2462 5054 τοῖς
2505 4990 2712 5045 ὕδασιν.
2771 4988 3118 5061 Ἀποκριθεὶς
3157 4988 3214 5042 δὲ
3264 4990 3293 5042 ό
3348 4985 3557 5058 Ἰησοῦς
3580 5025 3595 5050 ,
3638 4979 3767 5038 εἶπε

2182 5083 2319 5158 πρὸς
2356 5081 2544 5136 αὐτόν·
2580 5083 2756 5152 Ἄφες
2788 5080 2953 5149 ἄρτισ
2995 5079 3149 5133 οὕτω
3192 5078 3304 5150 γὰρ
3334 5077 3564 5147 πρέπον
3592 5074 3770 5130 ἐστίν

2180 5174 2325 5246 ἡμῖν
2351 5160 2666 5243 πληρῶσαι
2704 5171 2913 5229 πᾶσαν
2939 5169 3358 5240 δικαιοσύνην.
3385 5172 3561 5239 Ἄφες
3592 5165 3725 5236 ἄρτι
3746 5185 3763 5199 ο

2183 5268 2425 5341 χάρισαι,
2465 5267 2768 5332 Βαπτιστὰ,
2798 5263 2877 5337 τῷ
2915 5262 3092 5336 καιρῷ
3138 5263 3239 5335 τῆς
3278 5263 3416 5335 ὲμῆς
3452 5258 3769 5331 οἰκονομίας

2184 5361 2281 5435 τὴν
2304 5361 2531 5433 σιωπήν.
2558 5358 2714 5416 Μάθε
2745 5357 2920 5411 θέλειν
2975 5356 3117 5430 ἅπερ
3149 5353 3279 5426 ἐγώ.
3314 5352 3471 5410 Μάθε
3497 5353 3774 5407 διακονεῖν

2184 5471 2276 5526 μοι
2316 5453 2454 5526 πρὸς
2491 5452 2636 5524 άπερ
2683 5448 3013 5520 ἐπείγομαι,
3053 5448 3151 5502 καὶ
3200 5447 3275 5520 μὴ
3317 5443 3767 5519 πολυπραγμόνει

2181 5544 2327 5614 ἅπερ
2358 5541 2636 5613 βούλομαι.
2669 5541 2861 5609 Ἄφες
2883 5537 3041 5608 ἄρτι·
3081 5539 3247 5610 μήπω
3292 5536 3390 5609 τὴν
3421 5538 3563 5609 ἐμὴν
3599 5534 3769 5608 κηρύ-

2181 5631 2279 5706 ea:
2303 5630 2551 5703 θεότητα,
2584 5631 2751 5703 μήπω
2794 5628 3061 5703 σαλπίσῃς
3091 5632 3204 5695 τοῖς
3245 5630 3450 5701 χείλεσι
3484 5629 3584 5701 τὴν
3621 5628 3772 5700 ἐμὴν

2181 5722 2459 5795 βασιλείαν
2477 5736 2492 5755 ο
2524 5723 2613 5777 ῖνα
2641 5721 2716 5795 μὴ
2742 5720 2928 5794 μαθὼν
2955 5723 2984 5775 ό
3011 5720 3291 5791 τύραννος,
3322 5721 3470 5795 φύγῃ
3499 5720 3598 5793 τὴν
3626 5719 3769 5788 πρὸς

579 5892 627 5928 ⁸³
661 5893 792 5954 Luc.
832 5912 915 5967 ιιι,
952 5897 1230 5967 16;Joan.
1256 5916 1294 5971 ι,
1316 5900 1408 5958 27.
1485 5904 1532 5938 ⁸ο
1557 5900 1701 5958 Psal.
1726 5873 1846 5973 cui,
1875 5904 1931 5974 Ξ,
2008 5906 2048 5938 ⁸⁸

2181 5905 2229 5961 ιι.
2257 5920 2454 5974 cxxxv,
2485 5904 2522 5965 θ
2600 5906 2660 5981 ,⁵⁸
2688 5903 2844 5965 Joan.
2881 5923 2918 5976 ι,
2952 5906 3043 5964 29.
3118 5907 3164 5942 “
3199 5904 3387 5964 Matth.
3415 5920 3507 5967 tu.
3532 5904 3627 5964 ιε.
