4100 6372
361 432 500 488 1185

1331 425 1615 486 HOMILIA
1653 425 1722 481 IV
1766 424 1832 480 IN
1873 425 2139 480 SANCTA
2175 425 2642 482 TIIEOPIIANIA.

3455 437 3593 497 H86

357 547 457 616 ιμὲ
489 545 811 618 συμϐουλήν.
850 547 1047 602 Ἔασον
1082 545 1171 600 τὸν
1209 544 1453 599 διάϐολον
1498 545 1573 607 ὡς
1602 544 1679 615 τῷ
1708 541 1922 614 τυχόντι

2031 543 2298 612 congredi,
2332 553 2391 599 ut
2414 554 2779 614 opportunum
2830 545 3026 602 vulnus
3053 549 3304 618 accipiat.
3341 549 3468 607 Sine
3503 571 3595 612 me

358 656 448 709 μοι
488 638 821 709 προσελθεῖν,
853 641 945 694 καὶ
986 639 1298 710 συμϐαλεῖν,
1340 638 1433 691 καὶ
1476 637 1658 690 λαϐεῖν
1706 635 1924 705 καιρίαν

355 733 455 800 τὴν
497 731 726 801 πληγήν.
765 729 964 782 Ἔασόν
999 747 1064 799 με
1089 728 1372 799 πληρῶσαι
1394 727 1485 780 τὸν
1521 726 1740 787 σκοπὸν,
1771 724 1836 776 δι’
1866 724 1923 776 δν

358 823 740 892 παρεγενόμην
765 823 855 876 ἐπὶ
879 822 981 891 τῆς
1013 823 1138 892 γῆς.
1171 821 1483 891 Μυστήριόν
1527 821 1642 872 ἐστι
1674 819 1734 870 τὸ
1759 819 1926 888 σήμε-

359 930 451 983 ρον
484 898 541 966 ἐν
572 913 650 984 τῷ
694 915 930 986 Ἰορδάνῃ
960 913 1296 982 τελούμενον.
1341 911 1420 962 Τὰ
1474 909 1745 980 μυστήριά
1800 925 1921 979 μου,

361 1006 484 1075 ἐμοὶ
528 1007 621 1058 καὶ
667 1010 779 1069 τοῖς
828 1008 1001 1075 ἐμοῖς.
1053 1002 1366 1073 Μυστήριόν
1418 1004 1584 1063 ἐστιν,
1635 1002 1735 1054 οὐκ
1787 999 1926 1070 ἐμὴν

360 1095 546 1166 χρείαν
579 1097 945 1168 ἀποπληροῦν,
981 1095 1113 1149 ἀλλὰ
1146 1096 1442 1166 θεραπείαν
1479 1096 1590 1158 τοῖς
1621 1083 1941 1163 τετραυμαὲ

354 1190 627 1259 σειομένοις
653 1189 917 1242 ἐπινοοῦν.
950 1189 1258 1262 Μυστήριόν
1289 1191 1456 1250 ἐστιν,
1491 1190 1548 1240 ὲν
1585 1185 1792 1248 τούτοις
1816 1187 1924 1247 τοῖς

357 1276 512 1331 ὕδασι
557 1279 984 1350 προξωγραφοῦν
1030 1278 1152 1350 [ἀλ.
1204 1284 1304 1333 οὐκ
1349 1279 1487 1349 ἐμῆς
1532 1278 1743 1348 χρείαν,
1771 1274 1924 1328 ὕδασι

356 1370 834 1442 προζωγραφοῦν],
867 1372 988 1447 τῆς
1017 1371 1123 1426 τῶν
1173 1369 1474 1444 ἀνθρώπων
1509 1369 1925 1438 παλιγγενεσίας

355 1461 425 1514 τὰ
453 1463 676 1534 ούράνια
707 1463 940 1533 νάματα.
976 1465 1148 1533 Ἄρες
1182 1464 1310 1532 ἄρτι
1335 1481 1348 1494 ·
1378 1464 1504 1517 ὃταν
1547 1463 1660 1534 ἴδῃς
1705 1479 1771 1532 με
1813 1460 1928 1514 θεο-

356 1553 585 1624 πρεπῶς
610 1557 668 1607 ὲν
703 1557 813 1617 τοῖς
845 1556 996 1623 ἐμοῖς
1027 1556 1292 1625 ποιήμασι
1321 1555 1381 1607 τὸ
1411 1553 1599 1608 δοκοῦν
1626 1551 1926 1624 ἐργαζόμε-

356 1662 466 1710 νον,
507 1645 625 1698 τότε
657 1647 768 1708 τοῖς
796 1646 1118 1717 γενομένοις
1295 1649 1406 1710 τοῖς
1448 1641 1774 1717 γινομένοις]
1803 1642 1928 1705 τοὺς

309 1725 320 1738 ’
356 1738 556 1814 ὕμνους
585 1739 987 1811 προσάρμοσον.
1018 1741 1183 1794 Ὅταν
1216 1740 1329 1813 ἴδῃς
1357 1758 1423 1811 με
1448 1739 1680 1813 λεπροὺς
1711 1735 1930 1806 καθαρίο

353 1830 536 1894 ζοντα,
581 1831 699 1884 τότε
751 1832 817 1902 μὲ
860 1831 1196 1902 Δημιουιργὺν
1253 1832 1351 1902 τῆς
1390 1830 1604 1900 φύσεως
1635 1828 1930 1898 ἀναγόρευ-

2025 633 2320 703 adimplere
2355 637 2690 705 propositum
2723 646 2884 707 atque
2915 640 3227 704 consilium,
3261 648 3329 698 ob
3360 648 3504 714 quod
3533 645 3590 702 in

2026 733 2222 780 terram
2252 727 2466 783 adveni.
2492 728 2805 800 Mysterium
2833 739 2994 800 atque
3024 745 3290 788 secretum
3315 747 3415 801 est,
3446 739 3597 806 quod

2026 816 2185 872 hodie
2225 819 2278 871 itt
2321 817 2558 875 Jordane
2591 824 2888 891 perﬁcitur.
2944 826 3160 880 Secreta
3212 844 3328 880 mea
3367 831 3497 883 milti
3539 842 3597 888 e:

2025 909 2160 963 meis
2190 909 2253 962 δ’.
2288 909 2566 966 Secretum
2601 923 2686 968 est
2716 917 2859 984 quod
2915 932 3021 970 non
3057 933 3233 972 meam
3279 922 3455 989 explet
3494 939 3592 977 ne-

2025 999 2371 1065 cessitatem;
2405 1001 2497 1055 sed
2531 1003 2678 1071 quod
2729 1005 3026 1060 vulneratis
3071 1010 3336 1062 curationi
3359 1027 3408 1063 m
3440 1012 3596 1065 adhi-

2031 1089 2140 1144 bet.
2174 1090 2487 1162 Mysterium
2529 1104 2689 1164 atque
2733 1112 2993 1151 arcanum
3042 1108 3145 1164 est,
3177 1101 3321 1169 quod
3357 1102 3409 1154 in
3444 1102 3596 1157 hisce

2028 1185 2184 1254 aquis
2225 1185 2476 1240 humanae
2534 1191 2961 1257 regenerationis
3006 1188 3123 1261 [αι.
3176 1192 3319 1260 quod
3375 1207 3480 1246 non
3525 1195 3595 1248 ob

2028 1292 2202 1331 meam
2235 1277 2471 1347 aliquam
2504 1276 2880 1334 necessitatem
2905 1283 2957 1334 in
2990 1285 3168 1352 aquis,
3197 1283 3330 1356 etc.]
3352 1285 3594 1340 caelestia

2027 1369 2226 1424 ﬂuenta
2259 1379 2383 1424 ante
2410 1371 2684 1425 describit.
2722 1371 2846 1426 Sine
2869 1374 3059 1426 modo:
3092 1377 3311 1444 quando
3336 1393 3421 1430 me
3450 1378 3598 1431 vide‘~

2027 1461 2125 1524 ris,
2161 1470 2219 1516 ut
2241 1461 2411 1516 Deum
2442 1462 2615 1527 decet,
2655 1464 2709 1517 in
2747 1465 2880 1518 meis
2901 1467 3164 1520 creaturis
3187 1468 3329 1535 quod
3364 1468 3494 1520 mibi
3523 1471 3600 1522 vi-

2027 1552 2184 1606 detur
2207 1563 2521 1623 Operantem
2552 1572 2564 1608 :
2613 1563 2742 1609 tunc
2770 1571 2834 1609 ea
2866 1572 2988 1626 quae
3017 1557 3156 1612 facta
3188 1570 3314 1614 sunt
3346 1562 3598 1617 laudibus

2028 1643 2236 1698 celebra
2266 1643 2364 1716 [aL
2398 1655 2529 1700 tunc
2552 1647 2616 1700 iis
2646 1662 2767 1716 quae
2795 1648 2931 1703 ﬁunt
2980 1649 3169 1704 laudes
3195 1651 3595 1726 accommoda].

2028 1731 2258 1799 Quando
2283 1749 2368 1788 me
2391 1735 2637 1804 leprosos
2662 1738 3014 1792 inundantem
3049 1743 3400 1808 conspexeris
3420 1783 3435 1806 ,
3469 1751 3599 1798 tunc

2030 1840 2117 1879 me
2149 1835 2358 1882 natura;
2391 1828 2638 1897 Opiﬁcem
2683 1831 2935 1897 praedica.
2980 1830 3210 1896 Quando
3251 1848 3336 1887 me
3375 1835 3600 1888 claudos

249 1996 254 2002 γ
356 1940 468 1977 σον.
549 1911 715 1976 Ὅταν
756 1901 759 1902 ν
795 1901 929 1995 ἴδῃς
981 1939 1050 1993 με
1111 1901 1316 1993 χωλοὺς
1373 1923 1664 1995 δρομαίους
1731 1921 1926 1973 ἀποτε-

2031 1917 2300 1985 aspexeris
2315 1919 2630 1974 efﬁcientem
2646 1921 2881 1986 veloces,
2895 1929 3026 1975 tunc
3039 1931 3087 1975 et
3110 1930 3166 1975 tu
3182 1923 3360 1976 citatis
3376 1925 3490 1992 pedi
3501 1926 3602 1979 bus

351 2005 578 2074 λοῦνται,
599 2011 720 2064 τότε
752 2013 867 2082 μετ’
900 2012 1296 2083 εύκινουμένων
1329 2014 1505 2066 ποδῶν
1542 2012 1635 2068 καὶ
1683 2013 1746 2064 σὺ
1791 2011 1926 2080 πρὸς

205 2083 210 2087 ’
269 2109 276 2114 “
353 2099 452 2168 τὴν
505 2101 642 2170 ἐμὴν
701 2101 1003 2172 εὐφημίαν,
1059 2102 1156 2170 τὴν
1211 2103 1311 2174 σὴν
1362 2101 1929 2172 γλῶτταν-διάρθρω-

355 2210 469 2246 σον.
501 2195 667 2250 Ὅταν
701 2195 829 2269 ίδῃς
873 2195 939 2266 μὲ
978 2184 1626 2268 δαίμοναςιὲξορίζοντα,
1665 2197 1786 2248 τότε
1832 2196 1931 2266 τὴν

353 2285 495 2357 ἐμὴν
525 2285 797 2354 βασιλείαν
827 2288 1222 2360 προσκύνησον.
1261 2290 1424 2342 Ὅταν
1454 2287 1567 2358 ἴδῃς
1603 2304 1669 2357 με
1707 2287 1932 2358 νεκροὺς

353 2377 420 2430 ἐκ
451 2377 558 2431 τῶν
573 2380 758 2446 τάφων
781 2378 924 2450 λόγῳ
958 2381 1255 2454 ἐγείροντα,
1285 2381 1407 2455 τότε
1436 2383 1573 2452 μετά
1595 2379 1701 2433 τῶν
1717 2381 1934 2434 ἀνιστα-

355 2467 533 2538 μένων
558 2468 806 2542 δοξολόγη
816 2489 906 2526 σον
930 2512 943 2537 ,
980 2473 1055 2536 ὼς
1079 2472 1226 2543 ζωῆς
1249 2474 1499 2545 χορηγόν.
1532 2474 1696 2529 Ὅταν
1727 2472 1840 2547 ἴδῃς
1867 2491 1932 2544 με

354 2562 415 2614 ἐν
454 2560 606 2632 δεξιᾷ
639 2562 734 2616 τοῦ
791 2565 1003 2636 Πατρὸς
1051 2565 1387 2638 καθήμενον,
1421 2565 1543 2619 τότε
1590 2565 1931 2638 θεολόγησον,

347 2652 431 2717 ’ὡς
456 2652 764 2728 σύνθρονον,
807 2659 900 2710 καὶ
927 2661 1214 2725 συναῖδιον,
1240 2652 1334 2714 καῖ
1360 2661 1619 2731 ὁμότιμον
1641 2660 1717 2731 τῷ
1738 2661 1932 2732 Πατρὶ,

357 2745 452 2799 καὶ
499 2745 578 2817 τῷ
622 2748 760 2818 ἁγίῳ
804 2748 1096 2821 Πνεύματι.
1147 2751 1331 2818 Ἀφες
1371 2750 1500 2818 ἄρτι
1524 2766 1538 2780 ⁸
1585 2751 1771 2816 οὕτως
1826 2751 1935 2820 γὰρ

349 2835 589 2902 ..πρέπον
604 2836 776 2891 ἐστιν
785 2838 928 2908 ἡμῖν
947 2839 1258 2909 πληρῶσαι
1293 2841 1500 2896 πᾶσαν
1522 2841 1931 2910 δικαιοσύνην.

355 2924 670 2998 Νομοθέτης
689 2930 823 3000 εἰμὶ.
859 2933 953 2985 καὶ
981 2931 1268 3002 νομοθέτου
1297 2933 1442 2995 Υἱός·
1474 2933 1568 2986 καὶ
1589 2932 1668 2985 δεῖ
1701 2950 1766 3004 με
1789 2932 1938 3007 πρῶ-

349 3031 446 3092 Ῑτον
474 3017 559 3071 διά
590 3022 805 3076 πάντων
829 3023 937 3076 τῶν
961 3024 1373 3095 καθισταμένων
1407 3023 1526 3095 [ἄλ.
1573 3024 1934 3098 καθειμένων]

280 3079 551 3172 Ἷλθεῖν,
599 3114 691 3166 καὶ
741 3114 858 3167 τότε
906 3079 1506 3188 πανταχοῦιπροθεῖναι
1537 3118 1636 3189 τῆς
1669 3079 1807 3190 ἐμῆς
1838 3079 1939 3172 δωζ

362 3201 490 3269 ρεᾶς
516 3201 584 3256 τὰ
615 3203 936 3276 διδάγματα.
971 3208 1062 3260 Δεῖ
1094 3224 1161 3277 με
1199 3207 1483 3279 πληρῶσαι
1510 3208 1603 3261 τὸν
1627 3209 1808 3279 νόμον,
1842 3210 1937 3263 καὶ

355 3291 476 3342 τότε
522 3290 704 3346 δοῦναι
749 3294 847 3366 τήν
884 3296 1062 3366 χάριν.
1103 3299 1194 3349 Δεῖ
1223 3315 1292 3368 με
1329 3297 1430 3368 τὴν
1468 3298 1626 3351 σκιὰν
1659 3315 1936 3370 προσαγα-

353 3385 495 3447 γεῖν,
529 3385 624 3438 καὶ¹
650 3386 770 3442 τότε
794 3387 892 3458 τὴν
924 3387 1204 3459 ἀλήθειαν.
1236 3391 1327 3442 Δεῖ
1361 3407 1428 3461 με
1461 3391 1809 3445 καταπαῦσαι
1835 3391 1936 3464 τὴν

357 3472 592 3540 παλαιὰν
633 3475 918 3548 διαθήκην,
952 3478 1046 3531 καὶ
1067 3479 1189 3532 τότε
1225 3478 1324 3550 τὴν
1368 3479 1492 3533 νέαν
1539 3478 1931 3550 ύπαγορεῦσαι,

355 3567 452 3619 καὶ
477 3571 596 3632 ταῖς
618 3569 724 3624 τῶν
749 3570 1050 3643 ἀνθρώπων
1077 3573 1322 3643 καρδίαις
1354 3572 1648 3644 ἐγγράψαι,
1684 3573 1778 3626 καὶ
1801 3573 1935 3626 ὑπο-

351 3659 562 3730 γράψαι
590 3661 668 3732 τῷ
698 3662 816 3734 ἐμῷ
856 3664 1046 3736 αἵματι
1226 3665 1498 3737 ὀνόματι],
1534 3666 1628 3720 καὶ
1659 3665 1936 3737 Πνεύματι

353 3748 434 3820 τῷ
455 3749 572 3822 ἐμῷ
603 3755 912 3824 σφραγίσαι.
963 3758 1052 3810 Δεῖ
1105 3775 1172 3828 με
1207 3759 1264 3810 ὲν
1294 3757 1513 3829 σταυρῷ
1544 3757 1804 3822 ἀνελθεῖν,
1841 3757 1937 3810 καὶ

351 3844 508 3915 ἥλοις
547 3848 918 3919 περιπαρῆναι
948 3887 963 3911 ,
1019 3849 1112 3902 καὶ
1155 3848 1348 3902 παθεῖν
1381 3848 1521 3902 κατὰ
1551 3849 1612 3902 τὸ
1643 3849 1938 3920 δυνάμενον

356 3935 582 4000 παθεῖν,
617 3939 712 3990 καὶ
743 3939 904 3992 πάθει
938 3939 1006 3992 τὰ
1037 3937 1182 4011 πάθη
1222 3940 1472 3994 ἰάσασθαι
1650 3941 1742 3994 καὶ
1768 3941 1938 4004 πάθος

354 4027 518 4083 πάθει
556 4029 831 4101 ἰάσασθαι]
850 4048 865 4060 ο
893 4031 1005 4105 ’καὶ
1037 4031 1125 4084 διὰ
1168 4032 1322 4096 ξύλου
1365 4031 1698 4104 θεραπεῦσαι
1723 4033 1822 4104 τὴν
1849 4033 1938 4086 διὰ

357 4119 514 4186 ξύλου
533 4121 828 4194 γενομένην
853 4125 964 4185 τοῖς
993 4122 1297 4195 ἀνθρώποις
1331 4125 1564 4197 πληγήν.
1586 4127 1677 4178 Δεῖ
1709 4143 1775 4196 με
1799 4142 1936 4178 κατι

356 4211 553 4276 ελθεῖν,
605 4214 700 4266 καὶ
729 4214 810 4277 είς
848 4214 1008 4268 αὑτὸν
1031 4215 1122 4269 τὸν
1138 4214 1230 4268 τοῦ
1259 4216 1386 4286 ᾅδου
1414 4215 1682 4288 πυθμένα,
1701 4216 1788 4269 διὰ
1810 4217 1937 4278 τοὺς

355 4305 478 4356 ἐκεῖ
513 4305 906 4375 κατεχομένους
945 4306 1190 4379 νεκρούς.
1225 4309 1316 4360 Δεῖ
1343 4324 1411 4378 με
1441 4310 1506 4378 τῇ
1538 4308 1820 4380 τριημέρῳ
1847 4325 1936 4360 τε·

355 4395 516 4470 λευτῇ
547 4399 646 4468 τῆς
665 4399 803 4470 ἐμῆς
838 4399 1037 4471 σαρκὸς
1067 4398 1313 4453 καθελεῖν
1343 4398 1436 4452 τοῦ
1469 4399 1814 4472 πολυχρονίου
1843 4399 1937 4452 θα-

358 4492 518 4545 νάτου
550 4492 611 4546 τὸ
648 4494 866 4565 κράτος.
899 4495 988 4548 Δεῖ
1023 4511 1090 4566 με
1117 4493 1208 4548 τοῦ
1251 4494 1502 4566 σώματός
1543 4512 1644 4565 μου
1667 4494 1727 4548 τὸ
1749 4494 1937 4566 λύχνον

359 4581 560 4652 ἀνάψαι
588 4587 700 4648 τοῖς
731 4587 788 4638 ὲν
823 4585 1002 4638 σκότει
1034 4584 1128 4639 καὶ
1162 4587 1291 4658 σκιᾷ
1320 4585 1546 4658 θανάτου
1584 4585 1931 4656 καθημένοις.
1969 4611 2010 4664 D

359 4677 450 4726 Δεῖ
479 4692 547 4746 με
573 4675 811 4730 ἀνελθεῖν
837 4679 902 4748 τῇ
943 4677 1129 4748 σαρκὶ,
1169 4677 1301 4731 ὅπου
1329 4677 1448 4748 εἰμὶ
1479 4680 1544 4749 τῇ
1581 4677 1814 4749 θεότητι.
1849 4680 1938 4730 Δεῖ

362 4783 429 4838 με
461 4771 820 4838 προσαγαγεῖν
859 4768 938 4839 τῷ
986 4768 1182 4842 Ila-cpt,
1215 4770 1310 4822 τὸν
1341 4769 1512 4840 Ἀδάμ
1543 4770 1599 4821 ἐν
1632 4769 1756 4838 ἐμοὶ
1781 4767 1936 4838 βασι-

359 4854 600 4911 λεύοντα.
636 4861 725 4911 Δεῖ
763 4876 830 4930 με
864 4859 1036 4913 ταῦτα
1063 4858 1492 4931 διαπράξασθαιο
1523 4860 1610 4913 διὰ
1635 4859 1744 4931 γὰρ
1765 4856 1938 4913 ταῦτα

359 4947 474 5008 τοῖς
521 4949 670 5017 ὲμοῖς
715 4949 947 5021 ἐπέστην
992 4951 1278 5022 ποιήμασι.
1329 4953 1420 5003 Δεῖ
1461 4969 1527 5022 με
1578 4950 1938 5022 βαπτισθῆναι

358 5037 515 5090 τοῦτο
545 5039 608 5092 τὸ
652 5040 936 5112 βάπτισμα
981 5041 1096 5105 νῦν,
1133 5044 1227 5096 καὶ
1266 5042 1488 5114 ὕστερον
1516 5043 1616 5113 τῆς
1648 5043 1938 5113 ὁμοουσίου

359 5127 586 5199 Τριάδος
622 5129 684 5184 τὸ
727 5130 1006 5203 βάπτισμα
1046 5136 1182 5188 πᾶσι
1225 5136 1336 5197 τοῖς
1356 5133 1662 5206 ἀνθρώποις
1709 5134 1938 5206 χαρίσα-

357 5220 502 5272 σθαι.
533 5221 784 5274 Δάνεισόν
812 5239 921 5293 μοι,
948 5223 1246 5288 Βαπτιστά,
1273 5209 1409 5298 πρὸς
1431 5225 1528 5296 τὴν
1552 5225 1834 5297 παροῦσαν
1855 5229 1934 5280 οῖ-

356 5310 633 5390 κονομίαν,
679 5313 778 5383 τὴν
812 5315 910 5385 σὴν
944 5315 1144 5382 δεξιὰν,
1177 5317 1252 5381 ὡς
1291 5317 1528 5371 ἐδάνεισέ
1556 5335 1645 5388 μοι
1678 5318 1813 5387 πρὸς
1837 5317 1936 5389 τὴν

355 5401 606 5474 γέννησιν
628 5405 726 5474 τὴν
751 5406 912 5474 νηδὺν
942 5409 974 5478 ή
1002 5409 1206 5480 Μαρία.
1235 5409 1546 5463 Κατάδυσόν
1567 5428 1639 5481 με
1659 5414 1772 5475 τοῖς
1807 5412 1937 5483 Ἰορ-

354 5495 515 5549 δάνου
547 5491 798 5569 ῥείθροις,
836 5500 1086 5572 καθάπερ
1124 5504 1158 5572 ἡ
1186 5503 1495 5574 γεννήσασα
1520 5506 1633 5566 τοῖς
1663 5505 1932 5568 παιδικοῖς

427 5654 470 5685 ⁸³
505 5657 606 5709 lsa.
634 5673 782 5725 xxtv,
809 5657 893 5714 16.
970 5659 1015 5692 ⁸³
1039 5658 1181 5716 Psal.
1209 5677 1317 5728 ενι,
1353 5662 1436 5716 10.

431 5818 542 5890 (12)
582 5818 698 5876 Hoc
721 5830 823 5885 est,
844 5823 912 5876 ad
941 5824 1191 5881 homines
1217 5825 1362 5889 veni,
1397 5824 1572 5880 factus
1597 5825 1781 5880 homo.

2029 2009 2249 2074 mentis,
2288 2009 2354 2064 ad
2385 2027 2558 2065 meam
2589 2012 2803 2066 laudem
2829 2021 2973 2066 tuam
3004 2013 3244 2083 linguam
3282 2028 3596 2082 componas.

2028 2099 2256 2165 Quando
2281 2118 2365 2158 me
2385 2103 2586 2160 videris
2607 2105 2907 2174 ejicientem
2935 2105 3228 2169 daemones,
3269 2117 3398 2160 tunc
3418 2122 3599 2159 meum

2029 2207 2253 2262 regnum
2283 2194 2470 2250 adora.
2504 2196 2734 2262 Quando
2753 2213 2839 2250 me
2861 2197 3060 2251 videris
3083 2207 3330 2252 mortuos
3359 2215 3389 2251 e
3416 2205 3600 2268 sepul-

2029 2281 2139 2336 cris
2164 2282 2283 2337 solo
2321 2284 2486 2338 verbo
2518 2285 2952 2349 t'esuscitantem,
2988 2295 3116 2340 tunc
3143 2287 3306 2340 etiam
3349 2303 3600 2351 me,cum

2029 2375 2390 2440 resuscitatis,
2417 2383 2475 2430 ut
2503 2377 2625 2431 vitae
2656 2389 2934 2431 auctorem
2967 2386 3128 2446 atque
3160 2379 3404 2432 datorem
3433 2381 3602 2446 glori-

2033 2463 2156 2521 ﬂca.
2185 2463 2416 2530 Quando
2463 2481 2547 2519 me
2589 2465 2656 2520 ad
2688 2466 2965 2520 dexteram
2997 2467 3178 2521 Patris
3215 2468 3490 2522 sedentem
3521 2469 3604 2521 in-

2033 2556 2207 2610 tuitus
2243 2555 2436 2620 tueris,
2477 2565 2606 2611 tunc
2638 2572 2725 2611 me
2759 2555 2926 2610 Deum
2964 2560 3222 2612 conﬁtere
3253 2575 3316 2613 ac
3346 2561 3600 2628 praedica,

2035 2655 2294 2717 tanquam
2343 2647 2587 2718 ejusdem
2625 2648 2828 2714 throni,
2871 2663 2934 2704 ac
2967 2659 3317 2715 coazternunt,
3351 2652 3605 2721 parisque

2036 2741 2266 2796 honoris
2296 2755 2420 2796 cum
2455 2740 2617 2795 Patre
2648 2751 2702 2796 et
2749 2741 2952 2812 Spiritu
2997 2753 3208 2798 sancto.
3251 2742 3374 2798 Sine
3405 2745 3557 2798 modo
3585 2760 3604 2798 :

2035 2834 2111 2887 sic
2139 2834 2329 2904 quippe
2379 2849 2471 2886 nos
2517 2834 2662 2888 decet
2695 2850 2898 2888 onmem
2940 2835 3154 2904 implere
3175 2836 3468 2905 justitiam.
3499 2835 3606 2888 Lc-

2037 2925 2261 2994 gislator
2288 2941 2389 2996 ego
2422 2941 2564 2990 sum,
2585 2935 2638 2980 et
2653 2925 3005 2996 Legistatoris
3034 2927 3231 2993 Filius;
3269 2945 3332 2984 ac
3367 2930 3604 2998 primum

2037 3025 2250 3087 oportet
2283 3034 2371 3073 me
2409 3034 2504 3087 per
2545 3021 2729 3074 omnia
2753 3036 2874 3089 qua:
2903 3029 3032 3075 sunt
3059 3022 3354 3074 constituta
3386 3023 3606 3089 venire;

2038 3121 2090 3166 et
2117 3120 2245 3166 tunc
2277 3112 2589 3182 ubicunque
2615 3113 2744 3168 doni
2778 3108 2884 3167 mei
2915 3128 3214 3182 proponere
3257 3113 3604 3170 documenta.

2038 3203 2265 3274 Oportet
2307 3220 2394 3260 me
2444 3205 2665 3274 implere
2696 3206 2888 3275 legem,
2919 3215 2972 3259 et
3003 3215 3130 3260 tunc
3170 3206 3300 3260 dare
3352 3206 3606 3276 gratiam.

1961 3261 2004 3319 ϐ
2037 3293 2263 3366 Oportet
2309 3312 2398 3352 me
2443 3297 2690 3352 umbram
2733 3298 3026 3362 adducere,
3059 3305 3112 3351 et
3141 3307 3270 3351 tunc
3296 3298 3604 3352 veritatem.

2035 3388 2258 3458 Oportet
2287 3404 2375 3444 me
2403 3389 2571 3443 veteri
2595 3388 2755 3442 ﬁnem
2785 3387 2976 3443 aﬂ‘erre
3017 3397 3362 3454 testamento,
3390 3397 3442 3443 et
3478 3398 3608 3444 tunc

2035 3495 2234 3534 novum
2260 3480 2580 3550 praedicare,
2612 3494 2676 3535 ac
2705 3481 2961 3534 cordibus
2985 3481 3264 3534 hominum
3289 3481 3606 3544 inscribere,

2034 3588 2265 3642 meoque
2291 3571 2557 3642 sanguine
2589 3569 2686 3644 [αι.
2720 3569 2964 3643 nomine]
2996 3571 3358 3637 subscribere,
3397 3581 3451 3626 et
3485 3588 3607 3625 meo

2038 3664 2242 3735 Spiritu
2267 3665 2573 3734 obsignare.
2605 3663 2830 3733 Oportet
2855 3680 2942 3720 me
2971 3666 3024 3719 in
3053 3681 3267 3720 crucem
3291 3665 3604 3730 ascendere,

2035 3774 2099 3812 ac
2138 3758 2308 3812 clavis
2354 3758 2572 3828 conligi,
2624 3767 2678 3811 et
2724 3758 2833 3826 pati
2869 3758 3164 3812 secundum
3202 3773 3324 3811 eam
3355 3769 3607 3811 naturam

2037 3863 2158 3916 qua;
2185 3848 2293 3917 pati
2326 3857 2523 3916 potest,
2559 3862 2623 3902 ac
2660 3846 2914 3916 passione
2945 3861 3064 3899 mea
3103 3845 3450 3914 passionibus
3473 3846 3608 3898 alio-

2036 3953 2158 3990 rum
2192 3937 2392 3991 mederi
2435 3935 2532 4007 [αι.
2580 3951 2645 3992 ac
2697 3935 3006 4004 passionem
3057 3935 3310 4004 passione
3355 3933 3598 4000 sanare],

2037 4028 2293 4099 lignoque
2322 4029 2522 4083 vulnus
2549 4029 2694 4097 quod
2732 4043 2827 4096 per
2870 4027 3075 4096 lignum
3112 4026 3427 4081 hominibus
3462 4025 3604 4078 inlli-

2038 4130 2183 4172 ctum
2225 4127 2328 4184 est,
2373 4133 2587 4173 curare.
2632 4113 2866 4186 Oportet
2897 4132 2983 4170 me
3011 4116 3336 4170 descendere
3359 4114 3598 4168 etiamin

2038 4203 2218 4279 ipsum
2265 4209 2462 4265 inferni
2496 4207 2846 4280 profundum,
2883 4217 3101 4276 propter
3139 4215 3384 4260 mortuos
3411 4207 3484 4260 ibi
3513 4206 3609 4261 de-

2042 4314 2243 4360 lentos.
2277 4307 2500 4373 Oportet
2529 4318 2615 4356 me
2645 4302 2893 4356 triduana
2925 4309 3098 4354 morte
3119 4297 3300 4354 carnis
3330 4311 3483 4361 meae,
3514 4297 3609 4352 de-

2039 4398 2149 4450 lcre
2170 4412 2235 4451 ac
2269 4394 2554 4467 proﬂigare
2581 4393 2853 4448 diuturna:
2885 4395 3077 4446 mortis
3107 4390 3412 4460 imperium.
3441 4388 3609 4459 Opor-

2041 4495 2115 4543 tet
2140 4502 2232 4542 me.
2265 4484 2512 4555 corporis
2555 4483 2659 4538 mei
2697 4483 2970 4537 lucernam
3015 4481 3120 4535 illis
3159 4479 3474 4544 accendere,
3511 4477 3605 4547 qui

2041 4580 2094 4632 in
2125 4579 2363 4633 tenebris
2396 4585 2450 4632 et
2477 4577 2667 4632 umbra
2699 4576 2894 4628 mortis
2935 4572 3205 4627 sedent".
3258 4569 3477 4639 Oportet
3521 4584 3609 4622 me

2040 4672 2170 4726 illuc
2210 4670 2503 4725 ascendere
2550 4684 2674 4724 cum
2725 4682 2909 4732 car-ne,
2939 4665 3029 4720 ubi
3061 4679 3180 4720 sum
3222 4678 3313 4732 per
3347 4661 3604 4716 divinita-

2041 4773 2169 4820 tem.
2201 4759 2426 4832 Oportet
2453 4775 2540 4815 me
2577 4758 2722 4812 Patri
2753 4757 3020 4812 adducere
3069 4764 3380 4824 regnantem
3431 4752 3482 4805 in
3519 4766 3606 4804 me

2039 4856 2234 4910 Adam.
2283 4852 2507 4924 Oportet
2539 4867 2624 4906 me
2673 4851 2788 4904 haec
2831 4863 3122 4919 peragere;
3156 4861 3278 4900 nam
3323 4854 3602 4914 propterea

2041 4948 2177 5003 meis
2233 4947 2491 5014 operibus
2539 4942 2685 4998 astiti
2714 4941 2847 5012 (l2).
2907 4939 3132 5010 Oportet
3181 4953 3264 4992 me
3313 4937 3417 4989 hoc
3460 4947 3606 4987 nunc

2039 5039 2312 5110 baptismo
2342 5036 2627 5106 baptizari,
2661 5049 2722 5088 ac
2752 5041 2938 5104 postea
2969 5025 3448 5085 consubstantialis
3481 5021 3606 5076 Tri-

1991 5161 1997 5166 -
2039 5131 2226 5186 nitatis
2257 5129 2526 5200 baptisma
2560 5126 2773 5182 cunctis
2801 5122 3115 5178 hominibus
3146 5116 3415 5174 conferre.
3450 5113 3607 5167 Com-

2037 5225 2200 5280 moda
2251 5222 2406 5287 mihi,
2454 5220 2716 5291 Baptista,
2749 5217 2816 5271 ad
2865 5221 3185 5286 praesentem
3245 5206 3606 5278 dispensatio-

2038 5333 2184 5384 nem,
2219 5315 2499 5371 dexteram
2553 5321 2741 5374 tuam;
2794 5319 2855 5363 ut
2907 5306 3042 5362 mihi
3089 5303 3156 5359 ad
3207 5299 3604 5371 generationem

2038 5407 2407 5466 commodavit
2462 5419 2626 5462 suum
2677 5410 2892 5456 uterum
2945 5395 3136 5452 Maria.
3200 5391 3462 5461 lmmerge
3519 5402 3610 5445 me

2039 5501 2256 5558 ﬂuentis
2287 5497 2562 5561 Jordanis,
2597 5494 2739 5550 sicut
2765 5505 2886 5562 quae
2919 5503 3006 5544 me
3042 5484 3228 5557 genuit
3265 5479 3609 5536 infantilich
