4100 6376
558 414 697 469 “37

1207 407 1263 460 S.
1302 404 1633 460 GREGORII
1679 400 2039 460 THAUMAT.
2081 398 2231 454 OPP.
2286 397 2465 451 PARS
2504 392 2805 454 ALTERA.
2848 427 2918 436 —
2954 394 3185 452 DUBiA.

3670 392 3816 449 “88

556 533 781 590 involvit
822 530 1020 586 fasciis.
1056 526 1257 582 Confer
1289 527 1422 581 milii
1457 526 1803 594 baptismum,
1836 523 1977 578 sicut
2009 520 2126 573 Vir-

2232 518 2563 588 σπαργάνοις
2617 516 2895 571 ὲνείλισσε.
2949 515 3047 580 Δός
3098 530 3188 586 μοι
3231 514 3293 566 τὸ
3334 513 3636 585 βάπτισμα,
3667 515 3747 581 ὡς
3780 519 3815 591 ἡ

553 644 623 697 g0
651 629 733 682 lac
767 624 1009 695 prmbuit.
1042 619 1400 697 Apprebende
1430 635 1493 673 ac
1528 629 1686 687 tange
1723 624 1886 686 caput
1919 631 2120 681 meum,

554 718 699 785 quod
741 715 925 769 colunt
968 728 1032 767 ac
1076 719 1406 766 venerantur
1436 708 1730 777 scraphim.
1765 706 2125 776 Apprehende

555 821 649 864 tua
682 810 898 863 dextera
927 814 1108 874 caput,
1140 804 1284 873 quod
1317 803 1582 871 sanguine
1610 801 1705 855 tibi
1738 800 1988 870 junctum
2019 812 2120 856 est.

554 899 911 970 Apprehcnde
938 897 1081 966 quod
1116 905 1309 950 natura
1332 894 1502 948 teneri
1535 901 1732 962 potest.
1766 892 2125 961 Apprehende

554 995 698 1064 quod
734 994 855 1048 ideo
888 1008 918 1044 a
949 1006 1034 1044 me
1070 997 1125 1043 et
1153 988 1311 1042 Patre
1332 996 1582 1056 paratum
1630 994 1732 1041 est.
1768 986 2125 1055 Apprebendc

552 1097 715 1159 caput
764 1098 967 1149 meum,
1025 1083 1171 1152 quod
1199 1081 1289 1152 qui
1327 1081 1412 1149 pie
1447 1079 1801 1152 apprehendit
1833 1096 1897 1133 ac
1934 1080 2123 1149 tangit,

551 1194 832 1249 nunquam
869 1176 1212 1244 naufragium
1267 1172 1445 1227 faciet.
1492 1171 1714 1241 Baptiza
1757 1186 1863 1235 me,
1903 1170 1998 1241 qui
2032 1186 2127 1239 per

552 1290 773 1344 aquam,
807 1282 861 1325 et
907 1270 1195 1340 Spiritum,
1248 1282 1312 1322 ac
1356 1264 1533 1334 ignem
1586 1265 1963 1335 baptizaturus
2003 1281 2124 1320 sum

552 1367 880 1424 credentes:
936 1379 1032 1433 per
1078 1375 1299 1430 aquam,
1357 1374 1478 1427 quae
1535 1365 1881 1426 peccatorum
1936 1357 2126 1412 sordes

551 1461 771 1514 abluere
800 1457 1011 1521 valeat;
1042 1470 1138 1524 per
1176 1450 1460 1521 Spiritum,
1507 1452 1601 1521 qui
1647 1460 1893 1506 terrenos
1917 1449 2128 1505 ciiicere

552 1545 866 1615 spirituales
894 1542 1096 1613 possit;
1128 1557 1225 1611 per
1250 1544 1450 1611 ignem,
1487 1540 1581 1609 qui
1615 1540 1683 1594 ad
1716 1540 1981 1596 scelerum
2010 1541 2124 1611 spi-

550 1654 653 1692 nas
692 1636 1091 1692 comburendas
1119 1644 1203 1690 est
1230 1635 1479 1689 idoneus.
1510 1632 1606 1688 His
1633 1634 1854 1700 auditis,
1884 1632 2126 1702 Baptista

551 1732 606 1785 in
644 1745 867 1799 scopum
903 1728 1098 1784 salutis
1150 1727 1249 1799 [αι.
1278 1725 1602 1798 Salvatoris]
1658 1735 1894 1781 mentem
1948 1726 2129 1782 inten-

552 1823 708 1885 dens,
743 1833 796 1875 et
826 1820 1145 1891 mysterium
1186 1820 1333 1889 quod
1367 1828 1648 1889 acceperat
1681 1818 2006 1888 percipiens,
2043 1819 2126 1873 di-

550 1915 679 1967 vino
706 1913 1002 1968 obsecutus
1025 1921 1108 1967 est
1131 1911 1424 1977 mandato;
1448 1919 1567 1966 erat
1591 1911 1790 1981 quippe
1810 1910 1933 1981 pius
1961 1909 2125 1967 simul

551 2017 606 2059 et
652 2004 1005 2075 morigerus:
1044 2019 1311 2074 suamque
1356 2003 1472 2073 ipse
1514 2005 1790 2059 dexteram
1834 2002 2126 2058 subtremi-

552 2104 793 2152 scentem
840 2111 905 2151 ac
939 2096 1132 2166 partim
1163 2094 1482 2165 gestientem
1517 2096 1775 2165 paulatim
1805 2094 2123 2163 extendens,

552 2188 844 2243 Dominum
874 2188 1188 2258 baptizavit.
1221 2188 1356 2243 Cum
1381 2204 1511 2243 vero
1534 2187 1730 2255 Judaei,
1754 2188 1848 2259 qui
1876 2188 2127 2244 cominus

549 2290 605 2335 et
631 2281 845 2335 eminus
895 2279 1145 2344 aderant,
1198 2280 1340 2348 apud
1377 2295 1436 2335 se
1467 2280 1787 2351 cogitarent,
1818 2290 1873 2336 et
1897 2281 2041 2336 inter
2069 2295 2129 2336 se

551 2372 797 2425 dicerent
828 2389 840 2425 :
867 2369 1128 2440 Nunquid
1173 2368 1373 2426 frustra
1410 2372 1827 2441 suspicabamur
1873 2371 1972 2442 [αι.
2005 2373 2126 2428 exi-

551 2462 938 2536 stimabamus]
988 2463 1251 2519 Joannem
1275 2464 1540 2534 potiorem
1565 2481 1629 2521 ac
1654 2466 1933 2522 meliorem
1964 2464 2129 2520 Jesu?

549 2556 805 2627 Nunquid
835 2556 1038 2611 frustra
1061 2558 1513 2614 existimabamus
1546 2558 1700 2613 illum
1728 2558 1834 2613 hoc
1858 2558 2129 2614 excellen-

550 2648 787 2703 tiorem?
812 2646 1005 2704 Nonne
1029 2649 1207 2719 ipsum
1238 2648 1509 2719 baptisma
1530 2648 1791 2720 Baptista:
1816 2658 2123 2720 attestatur,

550 2741 682 2810 quid
712 2742 782 2796 sit
816 2742 1032 2811 potius?
1056 2739 1250 2796 Nonne
1281 2741 1327 2797 is
1360 2741 1678 2809 baptizavit,
1706 2750 1766 2796 ut
1787 2741 1836 2797 is
1866 2741 1959 2811 qui
1990 2757 2129 2813 pra:-

551 2841 691 2900 stat;
726 2842 782 2888 at
808 2834 898 2888 hic
925 2836 1233 2905 baptizatus
1257 2843 1360 2902 est,
1394 2844 1454 2889 ut
1478 2833 1738 2889 inferior?
1763 2833 1889 2889 Haec
1908 2834 2050 2889 inter
2071 2850 2130 2891 se

549 2925 1023 2981 murmurantibus
1064 2926 1154 2990 iis,
1195 2926 1288 2996 qui
1336 2924 1762 2995 dispensationis
1808 2924 2128 2995 mysterium

551 3015 909 3084 ignorabant;
940 3016 1032 3071 ille
1075 3018 1170 3086 qui
1215 3016 1367 3072 solus
1414 3016 1679 3071 Dominus
1712 3024 1816 3076 est.
1852 3023 1907 3071 et
1932 3023 2129 3070 natura

549 3105 714 3163 Pater
766 3107 1059 3179 Unigeniti,
1107 3110 1200 3179 qui
1232 3102 1385 3164 solus
1414 3092 1669 3163 accurate
1698 3116 1862 3179 atque
1892 3105 2133 3178 perfecte

551 3201 704 3255 novit
737 3216 887 3267 eum,
916 3217 1077 3272 quem
1112 3203 1266 3257 solus
1294 3201 1504 3270 absque
1530 3201 1788 3271 passione
1816 3214 1879 3256 ac
1908 3210 2127 3269 pertur-
2157 3225 2199 3277 ί)

548 3293 768 3349 batione
801 3294 1015 3364 genuit,
1058 3296 1191 3363 ipse,
1216 3293 1464 3364 inquam,
1502 3308 1785 3349 erroneam
1813 3292 2127 3349 Iudaeorum

550 3386 921 3456 suspicionem
964 3388 1265 3457 corrigens,
1298 3386 1513 3456 aperuit
1540 3386 1804 3440 cmlorum
1842 3393 2049 3455 portas,
2077 3396 2132 3442 et

550 3475 817 3547 Spiritum
849 3487 1102 3533 sanctum
1136 3478 1191 3531 in
1225 3476 1407 3547 specie
1431 3478 1698 3533 columbae
1725 3478 1943 3533 demisit
1967 3493 2133 3548 super

547 3576 714 3636 caput
740 3565 884 3622 'Jesu
931 3566 1029 3639 [αι.
1054 3582 1216 3636 super
1244 3566 1461 3621 Domini
1491 3567 1698 3640 caput],
1744 3567 1916 3637 digito
1947 3577 2131 3623 osten-

548 3658 685 3711 dens
720 3673 918 3711 novum
966 3655 1103 3723 Noe,
1157 3666 1211 3711 et
1260 3665 1565 3712 creatorem
1620 3657 1756 3725 Noe,
1816 3658 2130 3727 bonumque

548 3746 836 3818 naufragio
888 3747 1244 3818 periclitantis
1300 3757 1511 3803 natura:
1563 3748 2005 3820 gubernatorem.
2063 3748 2131 3803 Et

549 3841 668 3910 ipse
696 3841 909 3896 caelitus
945 3841 1222 3908 inclamat,
1257 3842 1403 3897 clare
1431 3843 1657 3897 dicens:
1686 3841 1788 3895 Hic
1827 3851 1904 3896 est
1949 3840 2128 3896 Filius

547 3949 694 3987 meus
724 3933 946 3988 dilectus
970 3934 1014 3965 “
1047 3951 1061 3985 :
1094 3934 1185 3988 ille
1225 3933 1407 3999 Jesus,
1445 3950 1555 3990 non
1580 3933 1854 4003 Joannes;
1891 3936 1985 4005 qui
2025 3935 2127 3989 ba-

545 4026 785 4095 ptizatus
817 4039 921 4092 est,
958 4042 1068 4083 non
1102 4029 1196 4097 qui
1218 4028 1545 4099 baptizavit;
1573 4027 1667 4098 qui
1699 4041 1766 4083 ex
1799 4042 1887 4082 me
1909 4027 2129 4098 genitus

544 4126 630 4173 est
656 4128 783 4173 ante
814 4135 977 4174 omne
1023 4122 1318 4191 temporale
1359 4120 1618 4190 spatium,
1665 4133 1773 4174 non
1802 4120 1896 4189 qui
1926 4134 1991 4174 ex
2021 4118 2126 4173 Za-

546 4211 765 4278 charia;
807 4213 901 4281 qui
932 4228 998 4267 ex
1028 4213 1198 4268 Maria
1224 4224 1386 4269 natus
1414 4223 1499 4268 est
1538 4212 1838 4268 secundum
1878 4228 2125 4274 carnem.

546 4317 656 4357 non
692 4305 786 4373 qui
826 4319 893 4358 ex
936 4303 1215 4360 Elisabeth
1265 4317 1462 4376 praeter
1492 4320 1644 4376 spem
1691 4306 1981 4375 apparuit;
2031 4305 2127 4375 qui

547 4411 654 4451 non
712 4398 838 4452 lresa
892 4399 1234 4468 virginitate,
1297 4399 1555 4468 nullaque
1612 4401 1851 4453 humana
1908 4398 2126 4452 cultura

545 4488 768 4557 praevia,
810 4488 1008 4557 prodiit
1053 4489 1293 4552 fructus;
1341 4505 1451 4544 non
1490 4491 1586 4560 qui
1614 4506 1682 4545 ex
1715 4491 1892 4545 soluta
1921 4488 2127 4544 sterili-

548 4589 658 4635 tate
687 4582 986 4650 productus
1021 4590 1105 4637 est
1133 4598 1356 4650 ramus;
1391 4584 1485 4653 qui
1516 4585 1801 4639 vobiscum
1831 4598 2124 4637 conversa-

2236 4588 2738 4660 ἀναστραφεὶς,οὐχ
2750 4590 2777 4641 6
2792 4588 2852 4641 ἐν
2870 4591 2938 4660 τῇ
2955 4590 3148 4661 ἐρήμῳ
3165 4588 3414 4660 τραφείς.
3444 4583 3634 4654 Οὗτός
3652 4587 3824 4642 ἐστιν
3920 4662 3925 4667 η

544 4682 636 4728 tus
664 4683 767 4739 est,
796 4690 904 4728 non
943 4676 1036 4745 qui
1068 4675 1121 4729 in
1152 4676 1365 4731 deserto
1392 4678 1676 4731 educatus.
1713 4675 1818 4729 Hic
1842 4684 1920 4729 est
1945 4674 2122 4729 Filius

546 4782 691 4819 meus
726 4765 970 4833 dilectus,
1002 4769 1058 4821 in
1082 4785 1185 4838 quo
1213 4770 1343 4822 mihi
1365 4769 1661 4838 complacui
1677 4769 1721 4800 ⁸⁷
1748 4785 1761 4821 :
1790 4767 1963 4824 Filius
1993 4783 2126 4824 con-

546 4856 949 4926 substantialis,
980 4875 1085 4913 non
1109 4860 1333 4914 alterius
1359 4859 1712 4926 substantiae;
1754 4861 2123 4915 consubstan-

544 4950 689 5005 tialis
718 4951 874 5013 mihi,
903 4951 954 5005 in
987 4966 1051 5006 eo
1080 4953 1225 5023 quod
1253 4968 1286 5007 a
1305 4953 1460 5007 vobis
1484 4967 1591 5006 non
1612 4952 1888 5015 cernitur;
1918 4961 1974 5007 et
1994 4966 2126 5006 eon-

542 5044 917 5100 substantialis
950 5047 1126 5113 vobis,
1152 5047 1204 5100 in
1229 5061 1295 5101 eo
1320 5046 1466 5117 quod
1488 5061 1520 5099 a
1548 5045 1705 5101 vobis
1735 5046 1971 5109 videtur,
2008 5045 2128 5101 sine

543 5147 784 5207 peccato.
832 5137 933 5195 llic
978 5148 1081 5203 est,
1129 5141 1225 5210 qui
1284 5154 1501 5195 mecum
1531 5139 1790 5195 formavit
1817 5140 2119 5194 hominem.

544 5231 648 5285 llic
674 5245 750 5285 est
779 5231 952 5287 Filius
978 5250 1121 5287 meus
1151 5233 1397 5301 dilectus,
1430 5234 1485 5287 in
1514 5251 1615 5304 quo
1648 5234 1778 5288 mihi
1800 5232 2118 5302 complacui.

541 5323 660 5379 Non
693 5325 830 5382 alius
858 5336 941 5383 est
967 5327 1053 5382 hic
1076 5342 1231 5381 meus
1257 5326 1451 5392 Filius,
1486 5340 1541 5383 et
1565 5328 1706 5383 alius
1727 5325 1910 5381 Mariae
1941 5326 2118 5391 ﬁlius;

544 5427 599 5470 at
630 5419 714 5471 hic
740 5429 817 5472 est
853 5419 1028 5474 Filius
1059 5438 1203 5476 meus
1236 5422 1482 5491 dilectus,
1516 5424 1609 5493 qui
1641 5430 1695 5477 et
1729 5421 1905 5476 oculis
1932 5421 2115 5475 cerni-

544 5519 655 5572 tur,
685 5521 739 5565 et
767 5523 946 5567 mente
976 5515 1312 5586 intelligitur.
1345 5514 1449 5569 Hic
1484 5525 1561 5570 est
1593 5514 1767 5569 Filius
1803 5530 1947 5568 meus
1983 5513 2118 5568 dile-

547 5612 696 5667 ctus,
751 5604 808 5655 in
864 5622 964 5674 quo
1017 5607 1150 5659 mihi
1195 5607 1520 5677 complacui;
1565 5609 1740 5677 ipsum
1797 5606 1997 5661 audite.
2064 5605 2123 5660 Si

481 5769 497 5788 Ι
548 5692 745 5747 dixerit
772 5712 785 5747 :
817 5694 928 5766 Ego
954 5706 1001 5751 et
1023 5698 1185 5753 Pater
1209 5716 1373 5753 unum
1402 5700 1662 5769 sanius“,
1701 5701 1880 5771 ipsum
1916 5700 2120 5757 audite.

2228 609 2501 682 Παρθένος
2538 608 2600 662 τὸ
2638 608 2797 678 γάλα.
2841 607 3132 680 Κράτησον
3160 608 3258 677 τὴν
3292 606 3431 678 ἐμὴν
3456 599 3725 679 κεῴαλὴν,
3750 610 3818 681 ἢν

2229 698 2376 752 σέϐει
2400 696 2520 770 [ἄλ.
2558 696 2800 768 σέϐεται]
2831 696 2899 749 τὰ
2940 696 3202 769 σεραφίμ.
3239 696 3531 768 Κράτησον
3557 698 3657 769 τὴν
3681 712 3817 766 συγ-

2227 792 2360 862 γενῆ
2390 790 2488 861 τῆς
2521 791 2620 860 σῆς
2660 788 2860 856 δεξιᾶς.
2896 791 3185 862 Κράτησον
3220 788 3318 859 τὴν
3356 790 3661 857 πεφυκυῖαν
3689 805 3820 844 κατ·

2229 880 2467 952 ἔχεσθαι.
2514 879 2803 952 Κράτησω
2838 880 2936 950 τὴν
2966 879 3055 933 διὰ
3080 879 3238 934 τοῦτο
3277 882 3817 935 κατασκευασθεῖσαν

2228 971 2319 1025 ὐπ’
2353 970 2506 1042 ἐμοῦ,
2557 970 2654 1023 καὶ
2696 970 2791 1022 τοῦ
2822 970 3056 1042 Πατρός.
3104 968 3395 1042 Κράτησον
3418 969 3518 1041 τὴν
3550 969 3692 1043 ἐμὴν
3725 988 3817 1024 κε-

2229 1064 2402 1136 φαλὴν
2429 1104 2443 1128 ,
2498 1064 2565 1135 ἢν
2606 1065 2634 1116 6
2679 1062 2895 1133 κρατῶν
2945 1062 3204 1128 εὐσεϐῶς,
3259 1063 3518 1117 οὐδέποτε
3566 1068 3813 1133 ναυαγεῖ.

2228 1158 2497 1211 Βάπτισόν
2530 1174 2621 1227 με,
2659 1156 2751 1210 τὸν
2775 1155 3034 1227 μέλλοντα
3064 1154 3345 1226 βαπτίζειν
3375 1156 3502 1221 τοὺς
3533 1146 3819 1211 πιστεύον-

2227 1268 2326 1315 τας
2352 1250 2418 1303 δι’
2447 1249 2657 1314 ὓδατος,
2687 1249 2780 1303 καὶ
2812 1248 3147 1319 Πνεύματος,
3168 1249 3262 1301 καὶ
3286 1248 3457 1319 πυρὸς
3484 1248 3607 1320 [ἄλ.
3638 1248 3817 1318 ὕδατι,

2228 1343 2323 1396 καὶ
2355 1340 2668 1411 Πνεῦματι,
2710 1340 2803 1392 καὶ
2834 1337 2992 1411 πυρί]
3021 1356 3034 1369 ·
3085 1338 3235 1393 ὕδατι
3258 1338 3541 1410 δυναμένῳ
3570 1338 3822 1394 ἀποπλῦ-

2177 1438 2185 1445 ’
2229 1453 2316 1490 ναι
2335 1434 2441 1489 τῶν
2467 1433 2751 1508 ἁμαρτιῶν
2772 1432 2864 1485 τὸν
2890 1431 3147 1505 βόρϐορον
3165 1450 3179 1462 ·
3209 1432 3510 1506 Πνεῦματι,
3528 1434 3821 1508 δυναμένῳ

2227 1529 2601 1602 τοὺςχοῖκοὺς,
2621 1526 3020 1597 πνευματικοῦς
3042 1527 3461 1598 ἀπεργάσασθαι
3480 1545 3493 1557 ·
3529 1529 3689 1601 πυρὶ,
3722 1546 3822 1583 πε-

2230 1620 2421 1690 φυκότι
2438 1616 2756 1672 κατακαίειν
2770 1616 2875 1697 τὰς
2888 1615 2996 1670 τῶν
3013 1616 3381 1687 ἀνομημάτων
3396 1616 3657 1684 ἀκάνθας.
3684 1619 3822 1674 Τού-

2228 1728 2335 1765 των
2354 1709 2591 1773 ἀκούσας
2605 1708 2714 1761 τῶν
2726 1707 2901 1777 λόγων
2922 1708 2952 1761 6
2965 1706 3393 1779 Βαπτιστὴς,καὶ
3413 1708 3493 1780 τῷ
3510 1709 3705 1781 σκοπῷ
3725 1711 3822 1783 τῆς

2232 1786 2644 1877 σωτηρίας
2664 1799 2758 1855 τοῦ
2781 1798 3054 1872 Σωτῆρος]
3087 1802 3387 1873 ἐπιστήσας
3415 1801 3511 1855 τὸν
3542 1801 3691 1869 νοῦν,
3725 1804 3821 1858 καὶ

2157 1873 2202 1933 Β
2227 1873 2488 1970 χωρήσας
2515 1873 2577 1948 τὸ
2600 1893 2899 1965 μυστήριον
2934 1892 2963 1946 ὃ
2996 1893 3302 1965 παρέλαϐεν
3321 1935 3337 1959 ,
3366 1894 3720 1968 ὐπούργησεν
3743 1896 3821 1968 τῷ

2230 1987 2357 2059 θείῳ
2389 1986 2804 2058 προστάγματν
2849 1980 2918 2056 ἦν
2950 1984 3061 2057 γάρ
3093 1984 3328 2056 εὐλαϐὴς
3354 1986 3600 2058 ἆμακαὶ
3635 1990 3822 2043 εὐπει-

2229 2078 2359 2151 θής·
2392 2078 2487 2133 καὶ
2518 2076 2616 2150 τὴν
2657 2075 2851 2131 ἐαυτοῦ
2889 2076 3068 2149 δεξιὰν
3113 2077 3359 2142 ἐκτείνας
3403 2078 3821 2151 ὐποτρέμουσαν

2226 2171 2411 2245 ἠρέμα
2442 2172 2537 2225 καὶ
2565 2169 2880 2242 χαίρουσαν,
2914 2170 3007 2224 τὸν
3037 2170 3314 2244 Δεσπότην
3354 2170 3668 2226 ἐϐάπτισεν.
3699 2172 3820 2226 Τῶν

2228 2266 2287 2319 δὲ
2327 2265 2612 2337 παρόντων
2665 2263 2934 2318 Ἰουδαίων
2965 2262 3072 2316 τῶν
3127 2264 3294 2333 ἐγγὺς
3336 2265 3569 2319 καὶτῶν
3600 2265 3821 2338 πόρρω-

2230 2359 2323 2413 θεν
2368 2357 2837 2429 διαλογιζομένων,
2889 2357 2985 2409 καὶ
3023 2356 3143 2411 καθ“
3175 2356 3403 2421 ἑαυτοὺς
3428 2358 3524 2411 καὶ
3553 2358 3694 2431 πρὸς
3724 2358 3821 2414 ἀλ-

2229 2451 2423 2522 λήλους
2450 2451 2716 2520 λεγόντων
2739 2448 2779 2480 Ἀ
2818 2451 2911 2522 Μὴ
2946 2452 3124 2523 μάτην
3164 2450 3497 2521 ὑπενοοῦμεν
3540 2449 3664 2522 [ἄλ.
3704 2451 3822 2504 ἐνο-

2233 2542 2485 2616 μίζομεν]
2533 2544 2624 2598 τὸν
2683 2544 2938 2616 Ἰωάννην
2997 2543 3258 2615 ἀμείνονα
3308 2543 3404 2598 τοῦ
3459 2542 3677 2615 Ἰησοῦ;
3728 2541 3822 2615 Μὴ

2234 2639 2410 2709 μάτην
2423 2636 2743 2710 ἐνομίζομεν
2758 2638 2965 2692 ἐκεῖνον
2982 2637 3263 2708 κρείττονα
3275 2634 3491 2692 τούτου.
3531 2637 3646 2689 Οὐκ
3683 2635 3819 2691 αὐτὸ

2228 2732 2291 2786 τὸ
2337 2732 2620 2803 βάπτισμα
2666 2730 2743 2802 τῷ
2797 2732 3076 2803 Βαπτιστῇ
3125 2731 3187 2784 τὸ
3235 2734 3484 2803 κρεῖττον
3537 2746 3824 2802 προσμαρ-

2229 2828 2417 2897 τυρεί;
2464 2826 2579 2879 Οὐκ
2609 2827 2637 2880 6
2662 2826 2763 2897 μὲν
2790 2824 3109 2889 ἐϐάπτισεν,
3140 2824 3217 2889 ὡς
3254 2823 3560 2896 ὑπερέχων,
3590 2824 3618 2876 6
3641 2823 3702 2876 δὲ
3736 2822 3825 2892 βε-

2230 2917 2555 2985 ϐάπτισται,
2602 2918 2681 2982 ὡς
2723 2917 2995 2984 ἐλάττων;
3030 2916 3267 2971 Τοιαῦτα
3304 2915 3676 2989 θρυλλούντων
3713 2913 3822 2968 τῶν

2230 3010 2570 3079 ἀγνοούντων
2610 3011 2674 3064 τὸ
2719 3010 2820 3080 τῆς
2867 3010 3178 3082 οἰκονομίας
3220 3012 3538 3083 μυστήριον,
3585 3012 3615 3064 6
3662 3009 3823 3081 μόνος
3922 3024 3925 3027 ·

2230 3100 2434 3173 Κύριος
2466 3099 2558 3154 καὶ
2591 3099 2761 3170 φύσειι
2780 3101 2967 3172 Πατὴρ
2991 3098 3084 3153 τοῦ
3116 3098 3481 3167 Μονογενοῦς,
3514 3097 3544 3150 6
3570 3097 3734 3170 μόνος
3755 3098 3824 3152 εις

2231 3190 2347 3256 δὼς,
2375 3183 2616 3263 ἀκριϐῶς
2660 3191 2720 3245 ὃν
2756 3191 2914 3261 μόνος
2957 3190 3248 3263 ἐγέννησεν
3284 3190 3513 3257 ἀπαθῶς
3533 3232 3549 3258 ,
3583 3190 3825 3265 διορθού-

2237 3301 2397 3355 μενος
2464 3284 2565 3356 τὴν
2632 3284 2978 3356 ἐσφαλμένην
3057 3283 3164 3338 τῶν
3240 3284 3510 3339 Ἰουδαίων
3566 3285 3823 3340 ὑπόνοιαν

2228 3377 2435 3449 ἀνέῳξε
2468 3379 2567 3442 τὰς
2600 3378 2772 3443 πύλας
2807 3377 2917 3432 τῶν
2960 3377 3227 3450 οὐρανῶν,
3274 3380 3370 3434 καὶ
3409 3378 3737 3450 κατέπεμψε
3765 3377 3824 3431 τὸ

2231 3470 2461 3542 Πνεῦμα
2486 3470 2547 3524 τὸ
2575 3470 2731 3539 ἀγιον
2764 3473 2821 3524 ἐν
2848 3470 2978 3524 εῐδει
3006 3473 3337 3543 περιστερᾶς
3356 3511 3372 3536 ,
3413 3472 3505 3525 ἐπὶ
3529 3471 3630 3543 τὴν
3650 3487 3824 3541 κεφαδ

2231 3562 2330 3634 λὴν
2375 3560 2470 3615 τοῦ
2525 3562 2700 3633 Ἰησοῦ
2750 3561 2871 3633 [ἄλ.
2908 3563 3001 3615 ἐπὶ
3034 3562 3132 3635 τὴν
3172 3563 3268 3617 τοῦ
3297 3563 3505 3636 Κυρίου
3534 3562 3821 3636 κεφαλὴν],

2231 3653 2689 3708 δακτυλοδεικτῶν
2717 3654 2809 3707 τὸν
2851 3655 2970 3708 νέον
3022 3655 3147 3709 Νῶε
3166 3695 3182 3722 ,
3218 3656 3313 3710 καὶ
3351 3655 3685 3728 δημιουργὸν
3729 3652 3831 3709 τοῦ

2230 3745 2374 3811 Νῶε,
2395 3745 2489 3801 καὶ
2514 3747 2613 3818 τῆς
2628 3746 2971 3818 ναυαγούσης
2995 3736 3210 3817 φύσεως
3235 3747 3437 3817 ἀγαθὸν
3456 3736 3821 3820 κυϐερνήτην.

2231 3838 2344 3892 Καὶ
2375 3838 2537 3903 αὐτὸς
2567 3839 2856 3913 οὐρανόθεν
2893 3840 3089 3913 ἐπιϐοᾷ
3115 3841 3356 3913 φαιδρῶς
3382 3840 3556 3911 λέγων
3576 3858 3591 3872 ο
3635 3836 3825 3906 Οὗτός

2230 3932 2401 3986 ἐστιν
2433 3934 2467 3986 ό
2501 3933 2633 3999 Υἱός
2654 3949 2773 4002 μου
2811 3936 2845 3987 ό
2882 3933 3209 4003 ἀγαπητός.
3257 3920 3492 3998 Ἐκεῖνος
3517 3935 3548 3987 6
3594 3933 3822 4006 Ἰησοῦς,

2227 4026 2329 4097 οὐχ
2357 4028 2386 4080 6
2427 4024 2705 4097 Ἰωάννηςο
2738 4028 2766 4080 6
2808 4026 3125 4098 βαπτισθεὶς
3145 4067 3160 4091 ,
3194 4028 3292 4098 οὐχ
3317 4030 3346 4081 6
3373 4014 3736 4099 pumicac'6
3766 4024 3825 4093 ἐξ

2230 4118 2366 4190 ἐμοῦ
2406 4119 2707 4193 γεννηθεὶς,
2750 4120 2858 4192 πρὸ
2897 4120 3099 4191 πάντος
3136 4121 3390 4193 χρονικοῦ
3428 4121 3820 4194 διαστήματος,

2229 4212 2327 4282 οὐχ
2349 4214 2377 4264 6
2406 4214 2473 4267 ἐκ
2502 4212 2776 4284 Ζαχαρίου
2796 4228 2809 4243 ·
2834 4215 2863 4266 6
2904 4214 2968 4266 ἐκ
2995 4213 3097 4283 τῆς
3135 4214 3355 4284 Μαρίας
3374 4208 3664 4286 ’γεννηθεὶς
3683 4211 3823 4267 κατά

2231 4305 2410 4376 σάρκα
2431 4345 2445 4369 ,
2479 4306 2577 4376 οὐχ
2605 4307 2634 4357 6
2663 4307 2729 4359 ἐκ
2759 4306 2860 4377 τῆς
2903 4305 3183 4359 Ἐλισάϐετ
3215 4307 3405 4375 φανεὶς
3435 4306 3567 4377 παρ’
3595 4303 3823 4373 ἐλπίδα’

2229 4401 2258 4452 6
2282 4399 2381 4471 τῆς
2403 4401 2478 4470 μὴ
2489 4398 2744 4470 λυθείσης
2766 4399 3064 4471 παρθενίας
3085 4399 3441 4473 ἀγεώργητος
3468 4398 3704 4472 καρπὸς,
3726 4397 3823 4469 οὐχ

2228 4494 2258 4547 6
2286 4494 2353 4546 ἐκ
2382 4492 2482 4564 τῆς
2515 4492 2767 4564 λυθείσης
2805 4491 3162 4565 στειρώσεως,
3198 4492 3422 4557 κλάδος*
3474 4495 3503 4546 6
3529 4492 3648 4565 μεθ’
3669 4492 3823 4564 ὑμῶν

2233 4683 2266 4735 ό
2301 4682 2434 4748 Υἱός
2449 4697 2569 4751 μου
2588 4684 2621 4734 ὀ
2642 4682 2969 4759 ἀγαπητός,
2991 4681 3061 4735 ἑν
3078 4674 3125 4747 ᾧ
3140 4679 3611 4750 ηὐδόκησαοΥίὸς
3638 4677 3825 4751 όμοού-

2235 4791 2368 4839 σιος,
2402 4775 2503 4846 οὐχ
2529 4774 2883 4846 ἐτεροούσιος·
2917 4775 3199 4846 όμοούσιος
3232 4775 3357 4845 ἐμοὶ
3389 4774 3528 4827 κατά
3566 4772 3629 4826 τὸ
3659 4772 3823 4845 ἀόρα·

2232 4883 2344 4932 τον,
2385 4867 2480 4921 καὶ
2520 4867 2813 4940 ,ὁμοούσιος
2858 4868 2987 4939 ὑμῖν
3032 4847 3175 4923 κὶατά
3217 4867 3279 4920 τὸ
3320 4866 3820 4939 ὁρώμενον,.χωρὶς

2234 4961 2526 5033 ἁμαρτίας.
2560 4956 2730 5025 Οὗτός
2776 4965 2946 5030 ἐστιν,
2981 4964 3026 5016 6.
3053 4962 3150 5015 σὺν
3194 4961 3317 5030 ἐμοὶ
3357 4961 3568 5024 πλάσας
3605 4960 3695 5013 τὸν
3725 4959 3819 5014 ἀν-

2230 5054 2468 5126 θρωπον.
2525 5051 2716 5121 Οὗτός
2757 5056 2927 5110 ἐστιν
2951 5058 2984 5109 ό
3021 5053 3154 5119 Υἱός
3178 5071 3297 5123 μου
3327 5056 3362 5108 ό
3393 5052 3721 5123 ἀγαπητὸς,
3752 5051 3822 5106 ἐν

2226 5141 2275 5215 ᾧ
2318 5146 2657 5217 ηὐδόκησα.
2713 5148 2828 5201 Οὐκ
2876 5146 3035 5210 ἀλλος
3067 5146 3215 5200 ἐστὶν
3252 5138 3409 5210 οὗτος
3440 5148 3468 5200 6
3493 5146 3624 5226 ἐμὸς
3670 5144 3818 5212 Υἱὸς,

2228 5240 2323 5293 κοιλ⁵
2357 5238 2513 5302 ἄλλος
2549 5241 2578 5292 6
2610 5239 2833 5311 Μαρίας
2862 5238 3004 5302 υἱός·
3050 5236 3164 5291 ἀλλ’
3210 5234 3392 5304 οὗτός
3419 5237 3593 5291 ἐστιν
3619 5240 3653 5291 ό
3692 5236 3821 5302 Υἱός

2222 5350 2344 5401 μου
2365 5336 2398 5386 ό
2413 5331 2742 5402 ἀγαπητὸς,
2775 5334 2803 5385 6
2829 5330 3154 5402 βλεπόμενος
3178 5329 3269 5383 καὶ
3295 5328 3602 5399 νοούμενος.
3634 5323 3846 5393 Οὗτός’

2225 5417 2411 5479 ἐστιν’
2445 5425 2478 5475 d
2520 5422 2652 5487 Υἱός
2690 5436 2811 5490 μου
2857 5423 2890 5474 ὁ
2917 5420 3243 5490 ἀγαπητός,
3282 5422 3351 5475 ἐν
3388 5415 3436 5487 ᾧ
3482 5418 3818 5487 ηὐδόκησα,

2229 5516 2423 5570 αὑτοῦ
2465 5516 2733 5569 ἀκούετε.
2781 5514 2904 5568 Ἐὰν
2932 5515 3063 5587 εἴπῃ
3090 5532 3104 5545 ·
3150 5514 3292 5585 Ἐγὼ
3325 5515 3426 5569 καὶ
3462 5518 3495 5568 ό
3524 5511 3732 5580 Πατὴρ
3752 5510 3819 5565 ἐν

2229 5611 2437 5677 ἐσμεν,
2466 5607 2631 5662 αὐτοῦ
2666 5596 2918 5661 ἀκούετε.
2954 5608 3083 5663 Ἐἀν
3117 5609 3246 5680 είπῃ
3267 5626 3280 5638 ·
3332 5608 3393 5662 'O
3412 5605 3679 5676 ἑωρακὼς
3694 5588 3823 5678 ἐμὲ,

2232 5700 2457 5770 ἑώρακέ
2470 5701 2565 5754 καὶ
2596 5700 2703 5753 τὸν
2728 5698 2978 5769 Πατέρα,
3009 5701 3175 5755 αὐτοῦ
3205 5700 3452 5754 ἀκούετε.
3500 5698 3624 5752 Ἐὰν
3654 5695 3784 5771 εἴπῃ
3807 5710 3843 5786 δ’

620 5876 662 5906 ⁸⁸
691 5875 879 5933 Matth.
903 5897 984 5948 ιιι,
1022 5883 1279 5951 Πζχνι-ι,
1313 5884 1376 5949 5;
1414 5883 1576 5938 Marc.
1615 5902 1653 5953 ι,
1688 5887 1790 5953 ll;
1826 5885 1960 5942 Luc.
1996 5904 2070 5951 Ix,
2098 5886 2127 5942 Ξ

2239 5888 2281 5916 0‘
2312 5886 2444 5938 ibid.
2491 5886 2534 5915 “3
2565 5883 2723 5938 Joan.
2760 5902 2814 5951 Χ,
2838 5884 2930 5940 50.
