4100 6370
323 423 457 480 ζ189

1683 388 2179 478 ιτιιΑοιιΕδΤυιι.
2786 438 2805 470 ι

3418 432 3562 491 Ηθθ

332 542 394 595 '0
409 542 760 615 πέμψαςμε,
797 539 1008 611 μείζων
1034 560 1155 611 μου
1193 542 1322 593 ἐστὶ
1376 546 1440 613 τῇ
1484 543 1761 614 οἰκονομίᾳ
1785 543 1881 613 τὴν

1991 543 2041 596 Si
2069 542 2265 596 dixerit
2296 561 2308 595 :
2346 543 2449 606 Qui
2477 544 2612 596 videt
2647 560 2742 607 me,
2782 545 2919 599 videt
2946 555 2993 599 et
3029 545 3244 600 Patrem
3264 546 3309 579 ⁶⁹
3334 587 3350 613 ,
3378 548 3555 618 ipsum

323 633 500 704 φωνὴν
531 633 961 706 προσαρμόσατε.
1001 632 1123 685 Ἐὰν
1152 626 1313 705 sit“?
1352 635 1487 687 Τίνα
1508 651 1585 704 με
1602 633 1885 704 λέγουσιν

322 730 374 781 οι
389 727 680 795 ἄνθρωποι
704 724 854 781 εἶναι
878 726 985 780 τὸν
1014 726 1149 779 Υὶὸν
1172 726 1276 778 τοῦ
1298 724 1627 792 ἁνθρώπου;
1658 726 1883 797 ἀποκρί-

322 820 474 873 νεσθε
492 820 625 892 πρὸς
644 818 822 874 αὐτόν’
842 819 926 873 Σὺ
944 815 1000 872 εἷ
1012 822 1043 871 ό
1057 821 1349 887 Χριστὸςό
1362 817 1493 883 Υἱὸς
1503 818 1606 871 τοῦ
1621 819 1765 872 Θεοῦ
1781 819 1884 872 τοῦ

324 910 549 976 ζῶντος.
578 911 794 974 Τούτοις
825 914 935 975 τοῖς
971 912 1205 983 ῥήμασιν
1229 909 1516 981 οὐρανόθεν
1540 909 1886 981 βροντοειδῶς

324 1005 387 1055 ἐκ
428 1002 636 1073 Πατρὸς
672 1002 887 1067 ἐλθοῦσι
912 1042 926 1064 ,
976 1001 1325 1073 κατηυγάσθη
1364 1002 1423 1055 τὸ
1452 1001 1558 1053 τῶν
1591 1000 1886 1075 ἀνθρώπων

323 1095 495 1163 γένος,
539 1097 848 1164 ἐπέγνωσαν
878 1096 1136 1171 διαφορὰν
1169 1094 1400 1166 Ποιητοῦ
1436 1095 1528 1148 καὶ
1561 1095 1881 1165 ποιήματος,

323 1190 592 1251 Βασιλέως
614 1188 705 1242 καὶ
736 1187 1083 1260 στρατιώτου,
1122 1188 1376 1258 Τεχνίτου
1407 1188 1499 1241 καὶ¹
1529 1189 1688 1259 τεχνή
1698 1204 1882 1257 ματος,

321 1282 416 1334 καὶ
443 1285 509 1353 τῇ
551 1281 730 1335 πίστει
773 1280 1177 1352 βεϐαιωθέντες,
1214 1280 1517 1352 προσῆλθον
1546 1279 1634 1333 διὰ
1666 1279 1759 1333 τοῦ
1792 1279 1886 1349 βα-

320 1371 621 1442 πτίσματος
658 1371 922 1436 Ἰωάννου,
948 1370 1027 1442 τῷ
1050 1373 1105 1424 ὲν
1130 1370 1405 1441 Πνεύματι
1436 1370 1528 1423 καὶ
1546 1372 1678 1440 πυρὶ
1696 1367 1887 1439 βαπτί-

319 1462 465 1523 ζοντι
512 1462 728 1534 Χριστῷ
770 1463 847 1534 τῷ
902 1462 1137 1533 ἀληθινῷ
1170 1461 1327 1534 ἡμῶν
1352 1459 1497 1531 Θεῷ·
1542 1459 1655 1531 μεθ’
1689 1453 1770 1522 οὗ,
1810 1458 1886 1530 τῷ

318 1554 496 1626 Πατρὶ
556 1553 701 1619 δόξα,
763 1556 857 1608 σὺν
899 1554 976 1625 τῷ
1020 1554 1269 1624 παναγίῳ
1316 1555 1409 1609 καὶ
1436 1552 1682 1623 ζωοποιῷ
1712 1552 1883 1605 Πνεύ-

316 1665 485 1716 ματι·
521 1647 612 1701 νῦν
646 1648 738 1701 καὶ
767 1649 880 1713 ἀεὶ,
912 1649 1006 1702 καὶ
1029 1650 1105 1711 εἰς
1132 1648 1256 1712 τοὺς
1283 1648 1483 1711 αἰῶνας
1514 1646 1621 1701 τῶν
1654 1645 1882 1700 αἰώνων.

327 1738 382 1789 Ἀ
390 1740 472 1809 μή
478 1756 504 1790 ν
511 1778 525 1791 .

322 1939 1031 1969 Μ

370 1953 638 1965 ⁸....ᾳρρ-
677 1955 1318 1967 -υ--υ--ι--η

1986 634 2185 689 audite.
2225 632 2280 687 Si
2312 634 2508 687 dixerit
2543 653 2555 687 :
2592 633 2700 698 Qui
2728 652 2807 688 me
2847 638 3011 700 misit,
3059 637 3233 705 major
3280 655 3361 692 me
3389 649 3467 693 est
3486 639 3554 701 '°,

1986 727 2376 797 dispensationi
2424 741 2611 782 vocem
2668 730 2939 797 adaptate.
2997 727 3055 782 Si
3113 729 3355 786 dixerit:
3392 730 3558 796 Quem

1987 836 2067 872 me
2099 820 2282 872 dicunt
2315 820 2548 872 homines
2587 836 2697 873 esse
2725 818 2927 875 Filium
2965 821 3194 875 hominis
3218 822 3304 874 7‘?
3328 838 3557 893 respon-

1986 916 2106 969 dete
2139 916 2240 984 ipsi
2271 932 2283 969 :
2318 914 2396 967 Tu
2442 932 2494 969 es
2549 914 2789 969 Christus
2845 914 3022 967 Eilius
3056 914 3155 968 Dei
3201 917 3299 969 rivi
3327 917 3390 968 7'.
3433 915 3558 973 Istis

1986 1008 2166 1062 verbis
2192 1007 2407 1062 caelitus
2435 1006 2663 1061 tonitrui
2697 1006 2751 1059 in
2787 1008 3009 1060 modum
3043 1005 3461 1073 prodeuntibus,
3494 1009 3558 1061 il—

1985 1098 2309 1152 luminatum
2358 1107 2441 1152 est
2473 1098 2772 1162 humanum
2817 1113 3022 1167 genus;
3076 1107 3558 1167 cognoveruntque

1986 1190 2344 1244 differentiam
2375 1187 2651 1243 Creatoris
2670 1197 2725 1242 et
2754 1200 3040 1253 creaturaa,
3070 1186 3233 1257 Regis
3263 1195 3317 1241 et
3345 1188 3555 1255 militis,

1987 1282 2205 1352 Opiﬁcis
2237 1290 2289 1335 et
2327 1281 2411 1335 sui
2446 1280 2662 1349 operis;
2697 1279 2909 1348 ﬁdeque
2944 1279 3272 1344 conﬁrmati,
3308 1295 3555 1334 accesse-

1987 1380 2116 1425 runt
2141 1387 2233 1439 per
2262 1371 2528 1439 baptisma
2562 1369 2786 1423 Joannis
2823 1370 2888 1423 ad
2917 1384 3041 1424 eum
3071 1370 3163 1438 qui
3188 1369 3239 1422 in
3271 1367 3473 1437 Spiritu
3504 1380 3558 1423 et

1988 1464 2109 1535 igne
2148 1463 2385 1532 baptizat
2407 1463 2473 1527 ⁷⁸,
2524 1462 2802 1519 Christum
2830 1479 3016 1517 verum
3046 1462 3214 1517 Deum
3249 1472 3495 1517 nostrum
3537 1479 3552 1516 :

1987 1571 2111 1610 cum
2142 1571 2250 1625 quo
2296 1555 2443 1609 Patri
2491 1557 2562 1611 sit
2600 1557 2792 1626 gloria,
2833 1571 2938 1609 una
2969 1572 3091 1611 cum
3121 1555 3467 1609 sanctissimo
3492 1569 3557 1608 ac

1987 1648 2201 1701 viviﬁco
2256 1646 2483 1717 Spiritu,
2526 1664 2672 1702 nunc
2702 1659 2754 1703 et
2785 1663 3018 1716 semper,
3052 1656 3107 1701 et
3137 1648 3189 1701 in
3222 1646 3419 1702 saecula
3450 1661 3554 1702 sae-

1879 1776 1885 1782 .
1988 1739 2256 1793 culorum.
2278 1741 2474 1793 Amen.

1036 1933 3525 1967 W

919 2109 1037 2221 S.
1136 2104 1814 2224 GBEGOBII
1904 2105 2958 2222 THAUMATURGI

1506 2343 2335 2436 FRAGMENTUM

910 2540 983 2600 lu
1044 2536 1374 2618 Evangelii
1417 2536 1771 2600 secundum
1824 2534 2188 2599 Matthaaum
2223 2552 2359 2616 cap.
2403 2555 2488 2609 γι,
2526 2555 2684 2598 vers.
2714 2538 2817 2613 22,
2861 2539 2964 2601 23.

446 2705 719 2766 (GALLAND,
748 2705 856 2754 γει.
882 2705 1022 2753 Patr.
1053 2699 1299 2762 Biblioth.,
1320 2706 1356 2751 t.
1377 2700 1502 2764 XIV,
1526 2715 1576 2764 p.
1610 2713 1664 2763 ιι,
1685 2714 1733 2763 p.
1759 2699 1867 2761 119,
1892 2668 1957 2749 ex
1984 2700 2166 2751 Catena
2188 2701 2238 2748 in
2259 2698 2557 2757 Mattbazum,
2583 2700 2689 2749 cod.
2714 2713 2805 2749 ms.
2834 2698 2923 2748 168
2953 2702 3015 2750 cl.
3053 2701 3146 2750 viri
3170 2701 3447 2766 Mitarelli.)

397 2998 463 3051 '0
506 2998 733 3066 λύχνος
780 2998 885 3054 τοῦ
932 2997 1203 3069 σώματός
1255 3000 1425 3055 ἐστιν
1470 3004 1503 3054 ὀ
1559 3001 1881 3071 ὀφθαλμός.

2062 2998 2304 3053 Lucerna
2352 3000 2584 3068 corporis
2608 3007 2685 3053 est
2715 2999 2919 3053 oculus.
2949 2998 3008 3053 St
3034 2999 3197 3068 igitur
3225 2976 3407 3056 oculus
3438 3012 3560 3058 tuus

230 3104 237 3109 '
324 3088 468 3143 Ἐὰν
490 3087 607 3146 οὖν
633 3093 665 3143 ὀ
686 3091 989 3160 ὀφθαλμός
1019 3108 1133 3145 σου
1161 3091 1395 3159 ἁπλοῦς
1421 3087 1482 3163 ᾖ,
1514 3092 1584 3145 ὄλ
1595 3090 1748 3146 ον-τὸ
1775 3091 1890 3145 σῶ-

312 3180 393 3249 μά
413 3196 537 3236 σου
572 3184 863 3252 φωτεινόν
890 3186 1080 3240 ἔσται.
1122 3184 1253 3237 Ἐὰν
1281 3184 1349 3239 δὲ
1369 3189 1402 3239 ό
1430 3187 1736 3255 ὀφθαλμός
1774 3200 1890 3239 σου

312 3274 580 3341 πονηρὸς
596 3270 655 3346 ᾖ,
686 3274 834 3329 ὅλον
854 3275 921 3330 τὸ
944 3275 1115 3348 σῶμά
1142 3293 1255 3333 σου
1288 3278 1604 3332 σκοτεινὸν
1626 3278 1817 3333 ἔσται.

227 3450 232 3457 .
372 3366 445 3419 Et
482 3364 551 3418 δὲ
577 3365 644 3419 τὸ
667 3365 792 3435 φῶς
822 3367 888 3422 τὸ
910 3369 982 3422 ἐν
1007 3371 1128 3436 σοὶ,
1158 3373 1377 3437 σκότος
1396 3370 1548 3436 ἐστὶ,
1579 3369 1645 3424 τὸ
1671 3371 1892 3436 σκότος

313 3455 517 3509 πόσον
540 3472 561 3520 ;

397 3549 629 3613 Ἀπλοῦς
673 3549 965 3622 ὀφθαλμὸς,
1018 3551 1051 3622 ἡ
1097 3549 1454 3622 ἀνυπόκριτος
1500 3551 1646 3603 ἐστιν
1679 3548 1889 3633 ἀγάπη,

317 3639 382 3694 δι’
402 3635 469 3712 ἦς
501 3642 627 3695 ὅταν
657 3642 718 3695 τὸ
746 3642 905 3714 σῶμα
940 3643 1259 3714 φωτίζηται,
1296 3642 1370 3697 τὰ
1395 3643 1535 3696 αὐτὰ
1558 3645 1668 3705 τοῖς
1688 3638 1892 3695 ἔσωθεν

319 3733 651 3804 νοούμενοις,
693 3737 785 3789 καὶ
819 3735 908 3791 διὰ
939 3736 1046 3790 τῶν
1072 3735 1268 3803 ἔξωθεν
1295 3736 1474 3809 μερῶν
1510 3734 1854 3808 προφέρουσα
1874 3752 1887 3765 ·

318 3827 348 3879 ὁ
389 3826 447 3879 δὲ
480 3827 710 3898 πονηρὸς
737 3828 1010 3900 ὀφθαλμός
1038 3830 1182 3884 ἐστιν
1212 3831 1245 3900 ἡ
1279 3829 1639 3902 προσποίητος
1683 3830 1891 3900 ἀγάπη,

304 3919 444 3989 ,ἥτις
494 3921 589 3973 καὶ
626 3921 915 3993 ὑπόκρισις
940 3922 1215 3976 καλεῖται’
1264 3923 1332 3976 δι’
1372 3919 1440 3995 ἦς
1466 3923 1611 3978 ἅπαν
1648 3924 1709 3977 τὸ
1737 3924 1895 3995 σῶμα

321 4010 630 4074 σκοτίςεται
667 4013 760 4088 τοῦ
784 4013 1095 4087 ἀνθρώπου.
1143 4015 1302 4081 Ἀξια
1330 4018 1427 4088 μὲν
1458 4019 1681 4081 σκότους
1714 4018 1891 4091 πράγ-

323 4120 473 4172 ματα
514 4101 858 4185 ἐννοούμενον
897 4104 1002 4178 (15)
1038 4097 1268 4181 ἔσωθεν·
1330 4107 1417 4161 διὰ
1456 4108 1512 4162 δὲ
1551 4108 1658 4162 τῶν
1698 4108 1893 4174 ἔξωθεν

278 4188 281 4189 ν
324 4193 528 4267 μερῶν,
557 4196 732 4264 φωτὸς
752 4191 890 4250 εἶναι
924 4190 1180 4252 δοκοῦντα
1213 4201 1485 4274 προφέρον
1519 4203 1766 4273 ῥήματα·
1802 4202 1894 4255 λύ-

323 4302 409 4338 κοι.
435 4287 542 4359 γάρ
575 4290 711 4342 εἰσιν
739 4289 814 4354 ὡς
844 4289 1076 4363 ἀληθῶς,
1128 4294 1414 4365 προϐάτων
1447 4287 1893 4367 περιϐεϐλημένοι

323 4376 485 4449 δοράς
504 4395 518 4410 ⁸
547 4382 594 4433 οἰ
627 4380 686 4434 τὸ
718 4381 915 4446 ἔξωθεν
942 4383 1034 4437 τοῦ
1060 4386 1320 4457 ποτηρίου
1352 4387 1446 4441 καὶ
1470 4388 1571 4459 τῆς
1602 4389 1895 4461 παροψίδος

328 4470 487 4539 μόνον
519 4472 827 4539 πλύνοντες,
856 4478 948 4530 καὶ
969 4478 1070 4531 οὐκ
1100 4478 1322 4544 εἰδότες,
1348 4481 1430 4534 ὅτι
1458 4480 1554 4535 ὲάν
1586 4482 1657 4555 μὴ
1683 4483 1744 4536 τὸ
1763 4483 1896 4537 ἔσω-

326 4560 417 4615 θεν
447 4563 651 4619 τούτων
680 4567 1004 4640 καθαρισθῇ,
1028 4570 1149 4623 οὐδὲ
1180 4570 1241 4623 τὸ
1263 4571 1459 4636 ἔξωθεν
1490 4573 1728 4644 καθαρὸν
1748 4574 1897 4628 δύνα-

324 4672 416 4710 ται
429 4658 701 4726 γενέσθαι.
730 4663 926 4734 Διόπερ
941 4653 1160 4726 τούτους
1188 4666 1374 4735 σαφῶς
1407 4666 1660 4738 ἐλέγχων,
1680 4670 1842 4740 φησὶν
1867 4669 1895 4719 ὁ

326 4748 541 4821 Σωτὴρ,
558 4750 656 4804 ὅτι·
684 4755 755 4807 Εἰ
775 4754 840 4808 τὸ
868 4754 994 4824 φῶς
1014 4756 1078 4809 τὸ
1105 4757 1307 4822 ἐνσοὶ,
1325 4759 1562 4825 σκότος,
1590 4764 1654 4815 τὸ
1677 4762 1896 4827 σκότος

326 4839 547 4905 πόσοις
564 4841 848 4899 Τουτέστιν
868 4862 881 4876 ’
906 4849 954 4899 εί
984 4849 1016 4919 ἡ
1045 4849 1276 4903 δοκοῦσά
1303 4867 1383 4904 σοι
1410 4852 1595 4924 ἀγάπη
1611 4848 1747 4907 εἶναι
1764 4853 1899 4924 φῶς,

324 4930 414 4986 διὰ
437 4932 536 5005 τὴν
556 4935 612 4987 ὲν
638 4937 719 4989 σοὶ
741 4940 1124 5012 κεκρυμμένην
1158 4942 1443 5015 ὑπόκρισιν
1488 4945 1711 5008 σκότους
1756 4946 1903 5013 ἄξιόν

327 5022 478 5080 ἐστιν
525 5025 704 5098 ἔργον,
748 5028 801 5081 τί
835 5032 913 5086 ητά
946 5035 1195 5106 προφανῆ
1228 5053 1318 5090 σου
1346 5036 1797 5109 παραπτώματα;

331 5262 405 5313 τι,
437 5249 527 5304 25.

290 5410 300 5421 ”
361 5408 365 5415 ’
402 5404 517 5478 (25)
559 5405 721 5464 Forte
746 5411 1029 5484 ἐννοοῦμεν
1052 5417 1164 5482 τόν,
1194 5426 1249 5473 et
1277 5434 1400 5473 mox
1432 5400 1784 5494 προφὲᾗοντα.

1990 3092 2213 3162 simplex
2246 3091 2338 3156 sit,
2376 3100 2541 3145 totum
2588 3107 2776 3161 corpus
2821 3101 2967 3144 tuum
3012 3090 3249 3145 lucidum
3286 3094 3407 3148 erit.
3463 3095 3560 3152 Sin

1990 3191 2164 3236 autem
2193 3180 2373 3235 oculus
2405 3190 2525 3234 tuus
2556 3180 2728 3234 malus
2758 3181 2849 3248 sit,
2883 3188 3049 3235 totum
3082 3197 3269 3250 corpus
3309 3191 3457 3238 tuum
3488 3195 3564 3240 te-

1991 3273 2321 3327 nebricosum
2347 3273 2469 3326 erit.

2064 3363 2216 3428 Quod
2250 3364 2296 3417 si
2323 3362 2495 3417 lumen
2522 3365 2662 3433 quod
2699 3365 2756 3417 in
2791 3372 2861 3433 te,
2893 3364 3190 3421 obscuritas
3222 3377 3321 3437 est,
3373 3370 3562 3425 obscu-

1993 3457 2125 3510 ritas
2155 3457 2271 3525 ipsa
2304 3459 2547 3526 quanta?
3370 3463 3374 3468 ’

2067 3568 2306 3638 Simplex
2353 3569 2545 3624 oculus
2585 3579 2670 3625 est
2713 3571 2927 3626 sincera
2971 3572 3234 3640 cbaritas,
3276 3588 3373 3643 per
3398 3588 3563 3644 quam

1995 3669 2168 3715 totum
2196 3676 2320 3716 cum
2346 3675 2547 3730 corpus
2574 3662 2933 3729 illuminatur,
2959 3663 3103 3717 haud
3134 3664 3290 3719 aliter
3320 3665 3566 3720 internas

1994 3753 2261 3825 c0gitatus
2276 3752 2502 3823 profert,
2527 3769 2689 3823 quam
2711 3769 2806 3824 per
2823 3763 3075 3810 externas
3096 3757 3342 3827 corporis
3362 3766 3561 3828 partes.

1994 3846 2199 3901 Oculus
2228 3845 2405 3900 malus
2461 3852 2545 3900 est
2573 3845 2815 3902 charitas
2838 3847 3113 3911 simulata,
3140 3864 3260 3917 quae
3281 3847 3440 3902 etiam
3468 3848 3569 3919 hy—

1991 3935 2224 4006 pocrisis
2254 3935 2406 3990 audit
2441 3952 2455 3987 :
2484 3949 2579 4003 per
2602 3950 2768 4004 quam
2801 3950 3000 4005 corpus
3035 3937 3349 3991 universum
3382 3937 3565 3991 homi-

1994 4031 2080 4084 nis
2108 4032 2453 4086 tenebrescit.
2486 4029 2750 4100 Equidem
2795 4029 2957 4099 digna
2999 4032 3236 4085 tenebris
3260 4045 3446 4100 Opera,
3476 4029 3564 4081 in-

1994 4117 2247 4173 teriorem
2296 4118 2571 4173 hominem
2625 4120 2951 4189 cogitamus,
3006 4119 3099 4173 sed
3148 4134 3245 4187 per
3294 4118 3564 4173 exteriora

1996 4210 2260 4275 membra,
2302 4210 2570 4280 ejusmodi
2624 4210 2787 4264 verba
2835 4209 3219 4277 proferentem,
3271 4224 3397 4279 quae
3425 4208 3566 4263 lucis

1995 4318 2118 4357 esse
2148 4302 2455 4357 videantur.
2495 4301 2631 4371 Lupi
2659 4302 2804 4357 enim
2831 4312 2955 4356 sunt
2980 4316 3187 4364 revera,
3214 4301 3385 4355 induti
3404 4299 3565 4354 ovina

1997 4393 2133 4462 pelle
2162 4411 2176 4446 :
2201 4393 2293 4462 qui
2321 4402 2545 4447 externa
2567 4392 2747 4463 poculi
2775 4401 2828 4446 et
2852 4392 3025 4447 lancis
3052 4393 3319 4447 duntaxat
3341 4390 3568 4446 abluen-

1998 4494 2100 4549 tes,
2129 4502 2239 4540 non
2274 4486 2477 4552 vident,
2527 4484 2675 4554 quod
2698 4485 2803 4540 nisi
2836 4484 3028 4538 horum
3059 4483 3271 4538 interna
3297 4483 3569 4538 munden-

1999 4585 2107 4645 tur,
2149 4593 2221 4633 ne
2259 4587 2484 4634 externa
2525 4578 2746 4648 quidem
2778 4577 2981 4631 munda
3012 4591 3133 4631 esse
3159 4588 3405 4645 possunt.
3433 4573 3569 4629 Pro~

1998 4681 2179 4742 pterea
2218 4670 2317 4726 bos
2370 4672 2657 4726 manifeste
2705 4684 3026 4740 coarguens,
3077 4669 3153 4722 ait
3185 4666 3465 4722 Salvator:
3508 4664 3570 4721 Si

1997 4764 2174 4818 lumen
2222 4763 2361 4833 quod
2381 4764 2436 4817 in
2458 4772 2526 4830 te,
2563 4763 2805 4826 tenebrae,
2833 4763 3053 4816 tenebras
3083 4762 3207 4831 ipsa!
3258 4771 3470 4831 quanta:
3484 4760 3571 4814 "2

1999 4854 2056 4910 ld
2106 4863 2209 4919 est,
2256 4856 2301 4909 si
2352 4870 2473 4924 qua:
2524 4854 2619 4908 tibi
2671 4852 2886 4906 videtur
2928 4852 3169 4907 charitas
3210 4852 3391 4905 lumen
3423 4864 3566 4913 esse,

2000 4958 2219 5019 propter
2264 4948 2516 5003 latentem
2557 4947 2610 5000 in
2652 4954 2703 4999 te
2731 4944 3044 5015 hypocrisin
3067 4957 3203 5012 opus
3227 4950 3311 4996 est
3331 4938 3572 4995 tenebris

2001 5040 2246 5109 dignum,
2275 5039 2407 5109 quid
2431 5048 2591 5092 erunt
2623 5045 2717 5092 tua
2744 5030 3032 5090 manifesta
3065 5030 3305 5092 scelera?

403 5178 638 5261 "Anan.
679 5199 795 5250 xw,
824 5184 877 5239 9.
933 5188 976 5219 ⁷ο
999 5186 1132 5245 Ibid.
1166 5190 1256 5245 28.
1327 5192 1370 5223 ⁷¹
1399 5190 1589 5246 Matth.
1622 5208 1733 5261 xw,
1770 5192 1855 5247 15.

1999 5191 2132 5247 Ibid.
2163 5193 2253 5247 16.
2330 5192 2378 5225 ⁷³
2404 5191 2597 5247 Matth.
2629 5206 2711 5256 ιιι,
2743 5190 2801 5245 Η
2827 5208 2841 5257 ;
2869 5162 3002 5245 ιλιις.
3033 5203 3115 5253 ιιι,
3143 5183 3232 5239 16.
3301 5182 3349 5217 ⁷⁸
3373 5180 3571 5243 Matth.
