4100 6388
424 445 566 505 1205

1274 441 1523 500 LEONIS
1562 441 1747 497 ALLA
1762 439 1841 517 i‘ll
1880 438 2204 495 DIATRIBA
2239 436 2325 491 DE
2362 433 2780 491 THEODORIS.

3486 436 3495 441 ’
3529 433 3672 493 1206

423 563 536 636 (Μ)
582 561 727 618 risus
748 560 1060 618 eﬂ‘usiorem
1084 561 1131 615 ei
1165 560 1394 624 luctum,
1417 559 1992 642 interminataslacry—
2019 562 2061 617 Α
2094 557 2169 610 tio
2199 564 2293 613 aut
2320 564 2568 610 nostrum
2599 552 2880 624 gaudium,
2905 560 3000 608 aut
3031 552 3230 608 diaboli
3259 552 3403 608 valet
3446 553 3673 608 calami-

421 671 563 721 mas,
616 652 1060 709 inconsolabilem
1121 649 1303 707 ﬂetum
1370 667 1434 705 ac
1505 651 1756 705 intimum
1824 649 1989 703 telum

422 746 775 814 comparavit.
805 743 1277 799 Telunr’hocceiu
1328 742 1568 813 virginea
1624 741 1846 797 fornace
1900 755 1992 809 per

424 836 601 906 ignem
626 837 919 907 imperator
958 836 1071 908 (42)
1101 836 1261 905 quale
1287 836 1474 900 voluit,
1509 844 1563 890 et
1594 834 1866 905 quomodo
1895 846 1991 885 vo-

424 929 543 992 luit,
571 938 759 984 contra
782 928 1061 983 inimicum
1092 927 1395 993 fabricavit,
1425 927 1668 997 illudque
1716 934 1771 981 et
1816 925 1994 980 etlica-

424 1021 584 1076 citate
614 1022 829 1077 invictaa
856 1022 1073 1077 deitatis
1095 1036 1388 1086 exacuens,
1418 1029 1473 1074 et
1499 1019 1658 1090 aquis
1693 1017 1994 1088 incorrupti

425 1113 768 1184 baptismatis
801 1113 1035 1184 tingens,
1061 1121 1115 1168 et
1135 1113 1485 1183 passionibus
1506 1112 1780 1184 passionis
1804 1127 1996 1181 exper-

343 1204 397 1283 Γ
423 1205 570 1261 tibus
592 1205 913 1261 acuminans
947 1204 1082 1275 (4'5),
1113 1214 1168 1260 et
1194 1220 1291 1276 per
1316 1206 1600 1278 mysticam
1634 1204 1994 1261 resurrectio-

426 1312 548 1353 nem
583 1299 826 1364 vibrans,
856 1297 1146 1353 exitiosum
1183 1298 1431 1363 hostem,
1475 1311 1804 1367 omnemque
1851 1295 1996 1351 illius

426 1393 724 1449 exercitum
755 1393 905 1449 solus
932 1393 1047 1464 ipse
1073 1390 1364 1465 interfecit.
1393 1389 1653 1458 Quaenam
1687 1389 1852 1460 igitur
1873 1403 1996 1443 ora-

496 1507 608 1578 (41)
647 1506 881 1578 E/fusus.
921 1507 1107 1563 Codex
1151 1506 1313 1562 etiam
1359 1505 1463 1561 hoc
1504 1506 1563 1560 in
1601 1505 1760 1569 loco,
1798 1500 1991 1556 πλατύ.

421 1577 567 1633 Lego
594 1578 816 1633 πλατύς.

534 1594 567 1631 0
594 1594 816 1632 πλατυς.

496 1595 957 1772 ζῖἓῖτῖῗζὲιῖαιον.
1006 1647 1327 1719 Gregorius.
1360 1662 1461 1718 pro
1517 1643 1859 1717 πολέμαρχος
1919 1642 1994 1697 ait

496 1752 497 1755 η
530 1718 800 1772 ειιάονης.
828 1718 975 1772 auod
998 1717 1231 1772 fortasse
1259 1716 1471 1771 Domini
1496 1715 1763 1772 maiestati
1795 1728 1983 1769 conve-

422 1715 800 1792 πολεμάρχής,
828 1718 975 1788 quod
998 1715 1231 1773 fortasse
1259 1715 1471 1792 Domini
1496 1715 1763 1792 majestati
1780 1728 1983 1792 conve-

424 1784 794 1845 nieniius'boc
828 1784 1057 1852 nomen,
1088 1804 1252 1859 quam
1284 1788 1569 1859 illudresse
1604 1784 1820 1839 duxerit
1847 1800 1859 1834 2
1888 1799 1992 1852 qua

422 1859 633 1929 ratione
658 1859 961 1932 τετράρχης
987 1858 1203 1926 dicitur,
1229 1868 1283 1914 ct
1307 1858 1606 1929 νομάρχης,
1727 1870 1833 1909 non
1866 1868 1992 1908 vero

437 2014 872 2041 αξξ

2100 656 2262 703 tatem
2299 646 2611 718 exponere?
2656 644 2761 714 Qui
2789 645 2935 700 enim
2969 645 3101 700 olim
3127 653 3245 700 erat
3289 644 3674 716 archangelus,

2100 753 2244 792 nunc
2280 746 2362 792 est
2381 737 2632 792 diabolus
2664 753 2677 789 :
2710 736 2802 806 qui
2825 736 2953 791 olim
2981 735 3037 789 in
3069 736 3223 791 caelis
3252 734 3502 806 degebat,
3533 752 3680 792 nunc

2099 843 2255 897 quasr
2293 828 2488 897 anguis
2520 827 2670 882 humi
2700 833 2920 897 reptans
2947 826 3370 896 spectaturzqui
3397 826 3676 896 quondam

2100 937 2224 976 cum
2254 920 2569 977 cherubinis
2603 917 2931 983 exsultabat,
2962 933 3110 973 nunc
3148 918 3203 972 in
3239 931 3530 985 porcorum
3556 931 3679 970 car-

2100 1030 2278 1071 cerem
2310 1013 2709 1070 excruciandus
2751 1010 2866 1082 (44)
2889 1010 3137 1065 inclusus
3177 1016 3299 1065 est:
3332 1023 3494 1079 quem
3521 1008 3679 1064 deni-

2101 1122 2207 1177 que
2240 1106 2293 1161 in
2339 1106 2520 1177 fugam
2567 1113 2623 1162 et
2666 1121 2768 1160 nos
2810 1112 3113 1170 vertemus,
3140 1103 3185 1158 si
3229 1117 3293 1157 ea
3338 1117 3461 1172 quae
3503 1102 3678 1172 ipsius

2102 1198 2365 1254 voluntati
2393 1197 2667 1253 contraria
2709 1204 2838 1252 sunt
2883 1196 3184 1266 sapiamus,
3221 1196 3395 1265 gratia
3439 1204 3493 1251 et
3528 1195 3680 1249 beni-

2102 1293 2307 1364 gnitate
2357 1291 2568 1349 DOmini
2606 1289 2778 1346 nostri
2826 1289 2955 1345 Jesu
3004 1288 3244 1353 Christi,
3291 1289 3377 1343 cui
3426 1286 3597 1357 gloria
3627 1295 3683 1342 et

2103 1384 2341 1455 potentia
2362 1385 2417 1438 in
2449 1383 2647 1439 saecula
2678 1381 3027 1438 saeculorum.
3058 1378 3252 1434 Amen.

2102 1498 2833 1572 τέτραρκφςθιγόμαρχεξςι-
3000 1566 3014 1572 -
3132 1564 3145 1572 .
3321 1563 3341 1572 -
3480 1510 3483 1513 '

2173 1563 2289 1641 (15}
2324 1563 2940 1630 loumindnifﬂodex,
2990 1564 3269 1629 ἁκονῑσας.
3318 1563 3497 1635 Lego,
3550 1564 3683 1617 ἀκοη

2101 1644 2287 1782 Mali).
2317 1709 2739 1782 Excruciandus.
2766 1708 2968 1782 Codex,
2994 1705 3329 1782 ρδυνόμενος.
3368 1704 3473 1761 Sed
3504 1705 3680 1775 legere

2103 1776 2277 1852 potes,
2306 1783 2351 1838 si
2385 1783 2556 1850 magis
2588 1781 2818 1850 placeat,
2850 1776 3205 1848 ὀδυνώμενοζς,
3240 1779 3311 1834 ob
3341 1791 3458 1832 eam
3515 1789 3681 1846 quam

2104 1853 2356 1924 superius
2379 1854 2534 1907 attuli
2560 1852 2846 1906 rationem.

1195 2003 3645 2041 mm

2310 2027 2715 2039 -——.—_——

530 2323 577 2347 κ
1122 2197 1126 2200 ⁴
1342 2170 1903 2302 LEONIS
2049 2168 2700 2298 ALLATII
2845 2200 2853 2207 ι
3424 2128 3513 2309 ’ἶ

502 2401 1136 2526 .DIATRIBA
1209 2403 1358 2493 DE
1451 2399 1992 2497 THEODOI

2101 2403 2152 2493 S
2223 2404 2378 2493 ET
2444 2399 2872 2496 EORUM
2948 2403 3533 2495 SCRIPTIS.

444 2557 593 2614 Num.
616 2559 762 2625 LXII,
788 2558 873 2613 ubi
890 2563 967 2615 De
986 2560 1251 2615 Theodoro
1274 2562 1360 2624 qui
1394 2557 2485 2685 postmodumLG‘i'fggrigE’e;
2507 2557 2670 2609 dictus
2700 2560 2779 2608 est
2826 2582 2888 2592 —-
2915 2556 3009 2620 Ap.
3049 2556 3163 2617 Mn,
3205 2552 3501 2609 Bibliotheca
3539 2567 3683 2620 naua.

2014 2781 2087 2796 ..-

1738 2888 2363 2985 MONITUM.

357 3057 366 3065 ’
413 3104 426 3121 .
492 3063 685 3136 Leonis
720 3063 908 3136 Allatii
935 3073 1038 3118 tres
1071 3065 1301 3119 ineditas
1330 3065 1617 3131 diatribas,
1649 3065 1724 3122 De
1753 3064 1977 3132 Nicetis,
2000 3068 2074 3124 De
2090 3064 2437 3130 Philonibus,
2456 3075 2504 3119 et
2528 3063 2603 3120 De
2627 3064 2958 3132 Theudoris,
2988 3080 3177 3136 magno
3208 3063 3471 3136 desiderio
3503 3067 3682 3136 requi-

409 3135 609 3192 rebant
623 3133 836 3207 _eruditi
867 3134 1101 3207 homines
1116 3136 1235 3205 jam
1264 3136 1387 3190 inde
1417 3153 1449 3191 a
1475 3136 1669 3192 Labbei
1697 3147 1747 3191 et
1782 3136 2021 3193 Fabricii
2053 3136 2374 3207 temporibus
2400 3152 2419 3201 ,'
2450 3136 2548 3189 alii
2578 3137 2739 3191 etiam
2766 3147 3020 3206 tanquam
3058 3133 3361 3207 deperditas
3390 3133 3687 3207 complora-

410 3207 574 3279 bant.
610 3204 870 3274 Equidem
895 3215 944 3259 et
974 3206 1084 3279 ipse
1105 3204 1208 3279 non
1238 3206 1395 3279 semel
1432 3223 1521 3262 eas
1560 3222 2107 3279 commemoraverunt,
2146 3204 2303 3279 atque
2341 3224 2387 3279 ag
2418 3222 2501 3260 me
2526 3208 2788 3279 inspectas
2828 3204 2886 3260 in
2914 3204 3151 3279 auctoris
3189 3206 3416 3279 schedisi
3438 3204 3689 3262 Valliccl-

406 3278 585 3339 lanis,
614 3284 917 3347 coeptasque
937 3277 1067 3347 adeo
1091 3276 1319 3331 describi
1340 3277 1601 3333 dixeram.
1632 3276 1732 3333 Res
1781 3287 1956 3333 tamen
1988 3276 2226 3347 abrupta
2241 3278 2333 3331 diu
2359 3277 2560 3347 jacuit,
2589 3276 2753 3332 donec
2792 3279 2872 3332 uir
2904 3278 3245 3347 doctigimus
3291 3278 3517 3347 mihique
3549 3279 3690 3330 ami-

405 3343 762 3419 {inimum}!
791 3343 854 3407 de
877 3343 1155 3419 Catholica
1186 3347 1435 3419 religione
1454 3365 1516 3402 ac
1547 3348 1788 3403 Romana
1822 3347 2056 3404 Ecclesia
2079 3343 2307 3403 maxime
2336 3343 2575 3419 meritus,
2605 3348 2670 3403 P.
2705 3348 3029 3419 Augustinus
3054 3346 3358 3419 Tlteinerus,
3394 3343 3690 3419 Philippini

407 3415 480 3468 ire
514 3416 651 3472 Urbe
680 3416 920 3470 Oratorii
951 3416 1221 3487 presbyter
1259 3415 1331 3472 ac
1381 3418 1844 3483 bibliothecarius,
1888 3421 2144 3481 pretiosas
2167 3419 2292 3472 illas
2321 3418 2449 3471 mihi
2479 3418 2697 3472 schedas
2750 3415 2937 3472 A'llatii
2976 3418 3328 3487 divulgandas
3380 3415 3687 3472 concessa;

402 3503 526 3570 qua
554 3488 1186 3570 sta‘timmuuere‘ltetus,
1213 3489 1914 3570 sectum‘hocbibliothecae
1940 3506 2068 3545 mea!
2089 3492 2327 3543 volumen
2352 3490 2718 3570 exornandam
2741 3490 2947 3570 putavi.
2971 3487 3106 3543 Sunt
3126 3489 3227 3570 Iliae
3247 3488 3498 3570 diatribae
3526 3503 3688 3541 manu

402 3557 588 3632 ipsius
617 3557 807 3611 Allatii
827 3558 1068 3632 scriptis,
1112 3560 1346 3632 minutis
1374 3560 1661 3614 admodum
1704 3560 1897 3632 litteris
1922 3577 1941 3615 :
1979 3571 2030 3616 et
2061 3576 2363 3632 quanquam
2400 3560 2671 3632 exemplar
2701 3559 2848 3613 aliud
2890 3575 3093 3631 quoque
3124 3564 3154 3632 a
3187 3559 3474 3632 recentiore
3528 3573 3691 3612 manu

405 3629 716 3685 confectum
767 3629 989 3702 aderat,
1022 3638 1259 3702 attamen
1292 3629 1486 3702 absque
1506 3631 1830 3702 autographa
1857 3632 2046 3686 Allatii
2073 3628 2165 3686 uia:
2216 3628 2404 3702 bonam
2435 3628 2721 3702 editionem
2765 3628 3283 3702 sperare-licuisset.
3341 3628 3524 3702 Neque
3567 3645 3721 3687 vero.

412 3713 702 3771 quisquam
733 3698 1019 3771 etsistimet,
1040 3699 1153 3754 sine
1180 3698 1292 3754 ullo
1320 3698 1433 3755 meo
1466 3698 1652 3757 labore
1667 3698 1763 3755 hoc
1794 3702 2046 3757 editionis
2067 3716 2287 3771 pensum
2321 3700 2487 3771 fuisse
2514 3698 2818 3756 absolutum
2850 3715 2870 3755 .'
2908 3702 3099 3755 etenim
3137 3703 3192 3753 in
3223 3698 3688 3771 Nicetis'prteserf

422 3719 702 3769 quisquam
733 3719 1019 3764 existimet,
1040 3719 1153 3754 sme
1180 3719 1292 3754 uuo
1320 3719 1433 3755 meo
1466 3719 1645 3757 taoore
1667 3719 1763 3755 noc
1794 3719 2046 3757 eamonts
2102 3719 2287 3756 ensum
2321 3719 2487 3771 (uisse
2514 3719 2818 3756 aosommm
2850 3719 2870 3755 .'
2908 3719 3099 3755 etenim
3137 3719 3192 3753 in
3223 3719 3424 3756 mceus
3461 3719 3682 3769 praeser-

422 3769 532 3843 tim
554 3778 710 3843 atque
739 3767 1083 3836 Philonibus,
1106 3770 1356 3838 permulti
1404 3771 1535 3825 mihi
1567 3719 2101 3843 libriApervolutJnJi
2128 3771 2377 3842 fuerunt,
2408 3781 2465 3843 ut
2482 3781 2814 3843 memoratas
2848 3771 2913 3826 ab
2958 3771 3165 3843 Allatio
3202 3772 3571 3833 auctoritates,
3611 3769 3682 3843 ad

412 3838 684 3914 ueritatis,
719 3848 907 3914 u_t_par
931 3851 1069 3914 erat,
1099 3857 1338 3914 normam
1360 3843 1641 3914 exigerem.
1686 3838 1917 3914 Cumque
1946 3838 2180 3898 Allatius
2207 3843 2398 3914 priscis
2417 3841 2583 3914 libris
2617 3858 2745 3914 usus
2767 3843 2977 3914 fuisset,
3008 3842 3172 3914 nulla!
3203 3857 3340 3914 sirpe
3376 3840 3693 3914 tgpographi

415 3916 516 3995 aut
558 3907 663 3995 loci
701 3908 911 3995 adiecta
935 3910 1321 3995 designatione.
1357 3907 1644 3995 qui'nleque
1674 3907 1925 3995 capitulis
1963 3922 2133 3969 essent
2186 3907 2446 3995 distincti,
2476 3928 2636 3983 neque
2665 3907 2790 3967 aliis
2819 3907 3020 3995 critica:
3068 3907 3569 3995 artishadjunieniis
3596 3907 3687 3995 in:
3756 3964 3759 3967 .

368 4047 375 4052 _
413 3978 631 4054 s_tructi,
662 3976 884 4054 multam
906 3996 967 4033 ea
998 3976 1079 4054 res
1107 3976 1402 4035 molestiam
1427 3976 1793 4050 mihi'creavit,
1823 4001 1914 4039 nec
1944 3999 2236 4054 paucorum
2284 3976 2591 4054 mendorum
2641 3984 2969 4054 purgationis
3015 3976 3384 4054 necessitatem
3412 3980 3689 4049 imposuit.
3796 4006 3803 4011 -

417 4045 611 4123 itaque
637 4060 757 4123 non
806 4049 917 4123 sine
969 4053 1199 4123 patiente
1235 4067 1385 4105 mora
1422 4053 1541 4106 dedi
1583 4045 1816 4123 operam,
1863 4066 1922 4110 ut
1944 4045 2148 4109 'citatos
2190 4068 2351 4121 prope
2392 4045 2696 4107 innumeros
2742 4045 3074 4107 Eat/micorum
3123 4059 3215 4123 aut
3255 4045 3692 4123 Christianorum

415 4118 587 4195 locos,
629 4118 685 4171 in
717 4117 865 4195 ipsis
888 4121 1120 4195 fontibus
1177 4117 1641 4195 recognoscerem';
1671 4117 1811 4194 quos
1844 4124 2056 4195 quidem
2088 4117 2259 4178 textus
2289 4117 2391 4177 non
2425 4123 2845 4195 raro‘distortos
2886 4124 2964 4177 vel
3021 4120 3233 4175 mutilos
3280 4120 3365 4195 uel
3411 4122 3689 4195 mendosos

412 4203 533 4244 esse
553 4186 897 4262 deprehendi.
913 4187 983 4262 Et
1011 4190 1161 4262 male
1179 4186 1414 4262 profecto
1442 4193 1506 4247 de
1532 4186 1819 4249 lectoribus
1848 4186 1976 4249 meis
2010 4196 2298 4249 meriturus
2315 4208 2483 4257 eram,
2526 4192 2574 4246 si
2613 4193 2750 4247 hanc
2781 4201 3045 4262 perpotare
3081 4192 3453 4262 recognitiouis
3478 4191 3682 4247 seduli-

419 4268 586 4335 tatem
614 4261 1089 4335 praztermisissem.
1121 4257 1429 4335 Tumg'uero
1458 4265 1678 4335 contigit
1724 4278 1779 4318 ut
1822 4282 1917 4334 pro
1964 4265 2181 4321 vetustis
2224 4279 2358 4333 stupe
2399 4271 2449 4316 et
2494 4262 2740 4317 obsoletis
2782 4257 3071 4335 auctorum
3115 4257 3470 4335 editionibus,
3522 4278 3691 4335 novas

418 4327 1069 4456 meliqlresquefaudaurem
1101 4332 1433 4403 postAllatii
1480 4327 1693 4389 curatas
1727 4327 1964 4401 obitum;
2006 4335 2141 4408 quod
2185 4327 2384 4388 idcirco
2439 4349 2655 4401 moneo,
2707 4350 2770 4388 ne
2812 4334 2930 4403 quis
2974 4333 3112 4402 forte
3148 4332 3532 4404 ἀνιστορησίαν
3578 4328 3736 4387 (ιη-’-

418 4414 559 4456 quan
601 4414 630 4452 ο
658 4415 788 4455 mire
813 4416 896 4454 ur.
989 4417 1066 4456 Al.
1276 4439 1281 4445 -

412 4414 630 4472 quando
658 4414 896 4455 miretur.
935 4414 1066 4457 MAI.

491 4512 570 4569 De
593 4513 903 4581 Theodoro,
936 4518 1029 4588 qui
1054 4527 1238 4588 postea
1269 4518 1552 4590 Gregorius
1572 4521 1899 4593 appellatus,
1929 4522 2001 4579 ob
2033 4528 2076 4584 B
2103 4520 2247 4578 enim
2280 4535 2519 4593 agerem,
2544 4530 2598 4578 et
2623 4520 2853 4577 illustria
2878 4536 2941 4576 ac
2969 4521 3310 4577 nobilissima
3359 4519 3503 4577 facta
3545 4521 3697 4577 male
3772 4568 3775 4569 ν

416 4608 580 4679 signa
614 4618 777 4678 atque
818 4609 1081 4665 miracula
1123 4610 1509 4682 Tltazimaturgi
1544 4613 1649 4669 sibi
1691 4628 1996 4686 cognomen

410 4699 734 4763 vindicavit,
772 4700 1137 4759 Neoczesarea:
1165 4703 1324 4759 Ponti
1368 4705 1657 4778 episcopo,
1707 4707 1837 4777 quid
1883 4707 1998 4778 ipse

408 4802 542 4864 post
577 4792 836 4848 Basilium
872 4794 1124 4866 Magnum
1153 4797 1246 4853 lib.
1291 4797 1364 4853 De
1409 4798 1616 4869 Spiritu
1640 4810 1845 4870 sancto,
1873 4819 1992 4874 cap.

405 4885 509 4951 29,
538 4892 592 4938 et
640 4886 870 4955 epismla
898 4886 1036 4955 204,
1082 4904 1206 4960 quae
1252 4900 1336 4945 est
1387 4891 1453 4947 ad
1496 4878 1994 4949 Neocaesariénsem

406 4975 737 5044 Ecclesiam,
769 4977 1066 5038 Eusebium
1095 4983 1488 5041 Caesariensem
1526 4983 1788 5041 Historiae
1827 4988 1995 5041 eccle-

406 5070 571 5125 siast.
604 5069 745 5125 libro
778 5088 851 5136 γι,
875 5088 998 5146 cap.
1023 5075 1114 5142 50,
1140 5084 1194 5131 et
1216 5076 1368 5144 alibi,
1392 5077 1650 5134 Ruﬁnum
1675 5077 1993 5150 Aquileien-

404 5174 555 5225 sem,
584 5157 973 5233 Hieronymum
997 5165 1051 5220 in
1082 5166 1340 5241 Catalogo
1387 5170 1709 5242 scriptorum
1745 5170 1996 5227 ecclesia-

403 5252 701 5319 sticarum,
740 5260 796 5308 et
839 5254 896 5310 in
942 5256 1171 5327 epistola
1207 5259 1274 5315 70
1297 5261 1366 5316 ad
1392 5260 1651 5334 Magnum
1695 5274 1992 5330 oratorem,

404 5343 736 5416 Gregorium
762 5360 960 5417 papam
986 5347 1079 5406 lib.
1117 5366 1136 5405 ι
1162 5350 1400 5424 Dialog.,
1431 5370 1552 5426 cap.
1581 5355 1632 5422 7,
1658 5354 1992 5426 Cedrenum,

410 5438 668 5505 Suidam,
730 5439 1096 5514 Nicephorum
1149 5434 1433 5506 Callistum
1464 5494 1480 5520 ,
1540 5451 1892 5525 Menologia,
1939 5465 1992 5510 et

408 5530 556 5586 alios
592 5529 706 5602 (l)?
748 5533 880 5603 quid
930 5534 1045 5606 ipse
1097 5547 1220 5609 post
1258 5540 1560 5614 Nyssenum
1626 5543 1947 5617 Gregorium
1975 5587 1990 5611 ,

408 5620 512 5691 qui
538 5636 656 5691 qus
688 5622 854 5680 vitam
898 5634 954 5681 et
1003 5643 1094 5686 res
1142 5640 1323 5701 gestas
1368 5634 1781 5692 accuratissime
1804 5645 1859 5692 et
1907 5636 1991 5691 fa-

407 5712 616 5769 cundia
666 5716 931 5788 singulari
983 5720 1312 5795 descripsit?
1353 5727 1520 5785 Plane
1581 5731 1737 5786 nihil.
1795 5732 1988 5788 Actum

2101 4622 2317 4684 compta
2338 4613 2553 4669 dicendi
2578 4612 2858 4684 loquentia
2886 4614 3262 4669 obscurarem.
3292 4612 3369 4669 De
3392 4614 3514 4685 ejus
3540 4614 3691 4669 nihi-

2100 4710 2341 4766 lominus
2375 4710 2597 4781 scriptis
2644 4724 2744 4781 pro
2782 4709 3033 4766 instituto
3060 4724 3183 4766 meo
3212 4709 3418 4781 aliquid
3459 4709 3515 4765 in
3565 4726 3684 4765 me-
3736 4714 3739 4717 “

2099 4802 2249 4857 dium
2294 4799 2608 4873 proferam;
2654 4817 2797 4872 quae,
2844 4810 2905 4858 ut
2942 4802 3139 4873 potuit,
3172 4804 3338 4860 variis
3383 4818 3415 4860 e
3462 4804 3695 4861 latebris

2101 4890 2308 4960 eduxit,
2330 4901 2385 4948 et
2412 4890 2605 4949 Latine
2635 4910 2815 4962 versa,
2846 4894 3101 4966 notisque
3141 4894 3433 4963 illustrata,
3468 4895 3684 4966 publica

2102 4983 2227 5039 fecit
2256 4984 2465 5055 primus
2490 4984 2765 5042 Gerardus
2795 4985 3025 5042 Vossius
3057 4985 3352 5061 MOguntite
3372 4988 3513 5055 in-l,
3537 5003 3691 5043 anno

2100 5075 2239 5132 1604
2264 5095 2279 5145 ;
2309 5077 2659 5147 postmodum
2691 5093 2838 5133 anno
2873 5078 3033 5147 i623,
3064 5095 3189 5137 cum
3223 5080 3462 5137 Macario
3514 5079 3684 5152 Egy.

2100 5171 2233 5241 ptio,
2277 5178 2331 5224 et
2359 5169 2561 5228 Basilio
2609 5170 2942 5231 Seleuciensi
2983 5176 3126 5232 edita
3174 5183 3305 5231 sunt
3328 5172 3555 5231 Parisiis
3596 5175 3689 5232 in-

2098 5265 2195 5324 fol.

2186 5360 2331 5416 Inter
2370 5359 2517 5418 illius
2564 5377 2727 5433 opera
2763 5362 2995 5418 habetur
3018 5361 3371 5433 Metaphrasis
3407 5364 3461 5418 in
3500 5361 3685 5420 Eccle-

2102 5460 2341 5522 siastem,
2379 5472 2501 5527 quae
2524 5456 2579 5510 in
2614 5455 2835 5526 Reginae
2860 5456 3084 5521 codice,
3125 5455 3322 5513 litteris
3356 5454 3685 5526 capitalibus

2103 5549 2326 5619 scripto,
2376 5559 2437 5604 ut
2479 5547 2669 5604 scribit
2717 5546 2930 5611 Billius,
2982 5556 3036 5603 et
3067 5548 3317 5619 Gregorii
3352 5546 3684 5603 Nazianzeni

2103 5641 2483 5711 antiquitatem
2534 5648 2816 5709 aequante,
2855 5639 2996 5695 inter
3043 5655 3302 5711 germana
3352 5636 3685 5694 Nazianzoni

2104 5749 2271 5804 opera
2296 5743 2637 5798 numeratur,
2661 5734 2805 5805 quod
2832 5733 2969 5788 tanti
3006 5733 3149 5805 apud
3182 5732 3399 5790 Billium
3439 5732 3561 5800 fuit,
3600 5740 3683 5799 ut,

482 5863 564 5939 (ί)
588 5867 996 5931 Pracmittuntur
1026 5877 1252 5937 editioni
1287 5880 1579 5942 Parisiacae
1622 5897 1861 5944 veterum
1904 5886 1972 5945 de

2101 5890 2259 5961 goria
2289 5890 2624 5959 testimonia,
2643 5906 2764 5962 quae
2788 5892 2926 5948 vide.
2961 5892 3161 5948 Ascua.
3192 5890 3322 5947 Mn.
