4100 6398
460 421 486 475 1
495 420 596 473 207

1343 421 1593 477 LEONIS
1631 420 1906 477 ALLATll
1943 420 2089 476 DlA'l
2106 420 2265 476 RIBA
2301 419 2389 474 DE
2427 416 2835 475 THEODORIS.

3561 418 3583 472 l
3593 418 3704 475 208

460 555 775 613 quanquam
810 541 1125 596 reclamarct
1153 541 1343 612 stylus,
1374 543 1463 608 qui
1494 557 1600 595 non
1631 557 2024 612 usquequaque
2057 549 2094 602 Α
2127 539 2393 595 iuolTenso
2436 540 2567 609 pede
2615 533 2735 608 per’
2762 535 3178 592 Hellenistarum
3232 550 3498 603 remoras,
3550 538 3701 604 quod

457 632 625 685 refert
672 631 1008 685 elaboratum
1063 631 1194 685 illud
1269 640 1323 685 et
1378 630 1747 703 ἀπεξεσμένον
1811 632 2022 686 dicendi

456 737 651 792 genus,
682 723 827 793 quod
866 724 1066 792 passim
1109 723 1161 776 in
1197 721 1523 777 Nazianzeni
1566 724 1785 794 scriptis
1826 724 2020 787 elucet,

455 816 822 870 connexiones
846 815 1230 869 sententiarum
1249 816 1526 886 aliquanto
1553 816 1825 882 duriores,
1846 825 2023 871 trans-

454 906 671 976 itusque
697 907 1037 976 abruptiores
1070 926 1083 961 :
1112 908 1257 977 quod
1283 908 1330 963 si
1353 910 1600 978 quaedam
1631 909 1795 964 verba
1845 923 2020 978 quan-

451 997 628 1067 doque
657 998 940 1052 intertexta
970 996 1225 1066 fuissent,
1255 1001 1427 1055 multo
1452 996 1667 1056 mollior
1692 999 1885 1055 fuisset
1910 1008 2019 1054 tota

451 1094 741 1142 contextus
780 1085 968 1154 facies,
1003 1088 1295 1159 minusque
1334 1088 1521 1144 invitae
1556 1089 1695 1143 inter
1726 1104 1785 1143 se
1811 1089 2020 1143 coirent

449 1179 774 1234 sententiae:
817 1179 958 1235 inter
1011 1189 1192 1235 tamen
1246 1181 1745 1252 pseudoepigrapha
1784 1178 2017 1234 Nazian-

450 1270 572 1325 zeni
623 1270 765 1326 hanc
811 1271 1244 1327 Iucubrationem
1300 1288 1591 1331 numerare
1646 1288 1756 1328 non
1801 1271 2019 1328 dubita-

447 1361 601 1415 verit.
641 1360 741 1416 Dat
786 1372 967 1419 tamen
1020 1380 1218 1421 manus
1260 1365 1621 1435 Hieronymo,
1675 1365 1769 1435 qui
1801 1380 2015 1421 omnem

445 1450 797 1509 dubitationis
831 1470 1023 1509 ansam
1061 1457 1272 1522 eximit,
1308 1467 1470 1527 atque
1503 1458 1652 1511 hunc
1686 1456 1855 1511 fetum
1886 1470 2016 1510 vero

444 1543 654 1612 parenti
684 1546 900 1600 asserit.
933 1544 1178 1616 Namque
1214 1548 1492 1618 explicans
1514 1549 1642 1602 illud
1672 1547 2015 1604 Ecclesiastes

446 1649 567 1704 cap.
602 1651 675 1700 tv,
715 1635 904 1690 Melior
941 1648 1019 1692 est
1059 1655 1188 1709 puer
1225 1656 1445 1709 pauper,
1478 1657 1543 1695 ex
1584 1640 1827 1709 Gregorii
1857 1640 2013 1695 Ponti

444 1726 707 1795 episcopi,
738 1726 985 1797 Origenis
1030 1728 1317 1793 auditoris,
1351 1730 1680 1800 metaphrasi
1727 1731 1781 1785 in
1829 1720 2013 1786 Eccle-

443 1816 688 1883 siastem,
713 1820 1106 1887 expositionem
1155 1808 1404 1887 assumit,
1438 1822 1698 1876 verbatim
1748 1822 2010 1892 digestam

2131 641 2318 687 nostro
2347 631 2430 686 vel
2464 631 2519 685 in
2563 628 2755 699 primis
2790 628 2961 691 deest,
3005 633 3058 679 et
3101 624 3472 696 signiﬁcanter
3510 624 3702 691 Graece

2128 738 2314 793 aequor
2340 722 2444 777 hoc
2474 721 2752 778 decurrit:
2784 720 2859 774 ita
2891 727 2950 772 ut
2977 716 3255 787 lubentius
3274 716 3531 772 nonnulla
3557 732 3699 787 pra!-

2129 815 2390 871 termittat
2456 815 2643 887 ρήσεις
2682 812 2848 875 enim,
2893 810 3039 881 quod
3078 825 3188 865 non
3234 811 3427 880 probo,
3472 810 3698 881 integra:

2125 907 2529 978 desiderantur)
2558 920 2728 976 quam
2762 912 2822 959 ut
2864 918 2975 958 non
3006 909 3329 964 connectat,
3353 914 3478 956 cum
3509 911 3695 957 tamen

2127 1000 2252 1054 alibi
2291 997 2562 1065 nonnihil,
2594 997 2847 1067 quamvis
2891 1010 3162 1065 nusquam
3210 1002 3363 1049 extra
3400 994 3564 1063 leges
3591 1009 3693 1063 pa-

2128 1079 2461 1160 raphraseos
2504 1089 2744 1143 insistat.
2796 1087 2992 1142 Veram
3038 1086 3355 1142 brevitatem
3402 1086 3581 1152 enim,
3631 1094 3695 1142 ut

2118 1184 2231 1252 jam
2268 1181 2404 1246 dixi,
2451 1182 2507 1235 in
2551 1180 2657 1234 hoc
2706 1193 2903 1250 genere
2952 1179 3209 1234 amabant
3249 1187 3480 1243 teteres,
3519 1196 3539 1230 ι
3577 1187 3686 1234 etc.

2123 1272 2297 1343 llujus
2326 1272 2686 1342 metaphrasis
2732 1279 2842 1326 tres
2882 1271 3115 1340 vulgatae
3154 1280 3282 1326 sunt
3324 1269 3528 1326 Latinae
3566 1271 3689 1326 edi-

2123 1366 2318 1420 tiones.
2356 1364 2540 1420 Prima
2564 1363 2791 1419 Joannis
2822 1362 3247 1433 (Ecolampadii,
3287 1371 3400 1418 tum
3430 1363 3688 1419 monachi

2121 1455 2435 1527 Brigittani,
2485 1458 2625 1511 inter
2680 1456 3209 1528 Ortltodoxograplta,
3265 1455 3487 1512 Basilca:
3540 1470 3689 1511 anno

2123 1549 2280 1603 1555.
2332 1547 2580 1604 Secunda
2623 1546 2932 1619 Wolfgangi
2971 1547 3202 1603 Musculi
3249 1563 3373 1603 cum
3420 1546 3689 1603 orationi-

2120 1638 2221 1693 bus
2269 1638 2597 1694 Nazianzeni
2649 1655 2680 1694 a
2714 1638 3009 1701 Bilihaldo
3059 1639 3423 1711 Pyrkeymero
3485 1639 3683 1695 versis.

2122 1728 2300 1785 Tertia
2337 1729 2545 1786 Jacobii
2569 1731 2737 1873 fimi,
2764 1728 2951 1785 Sancti
2980 1729 3261 1786 Michaelis
3290 1731 3345 1785 in
3373 1744 3558 1785 eremo
3587 1730 3686 1785 ab-

2122 1820 2278 1873 batis.
2307 1838 2427 1873 uuae
2461 1822 2565 1873 Lul
2592 1822 2687 1873 tias
2722 1822 2922 1873 nrodiit
2954 1838 3099 1873 anno
3138 1822 3298 1873 1585.
3337 1833 3391 1873 et
3419 1838 3562 1873 cum.
3600 1816 3684 1873 ul-

2121 1820 2278 1887 batis,
2307 1838 2427 1892 quae
2461 1816 2687 1878 Lutltiae
2722 1822 2922 1894 prodiit
2954 1838 3099 1877 anno
3138 1822 3298 1888 1585,
3337 1833 3391 1876 et
3419 1838 3562 1892 quae,
3600 1816 3684 1877 ul-

443 1908 496 1961 in
529 1908 690 1977 hujus
709 1911 1063 1980 metaphrasi,
1096 1927 1215 1981 cap.
1244 1929 1316 1966 ιν.
1346 1912 1527 1978 Quare
1549 1914 1681 1968 nulli
1711 1914 1935 1968 dubium
1962 1914 2014 1967 in
2048 1911 2088 1965 B
2121 1921 2241 1982 pote
2266 1913 2475 1969 ﬁdelior
2500 1922 2553 1969 et
2591 1914 2910 1985 elegantior,
2944 1930 2975 1968 a
3007 1913 3249 1971 Gerardo
3284 1912 3480 1970 Vossio
3521 1923 3683 1970 ante-

442 2009 716 2069 posterum
758 2002 939 2067 fuerit,
972 2019 1161 2059 verum
1208 2006 1352 2061 illius
1393 2016 1671 2061 auctorem
1715 2006 2006 2061 Neocaesa-

441 2096 673 2149 riensem
706 2110 825 2151 esse
872 2096 1213 2167 Gregorium.
1243 2097 1398 2164 Quod
1442 2110 1620 2155 autem
1668 2097 2008 2153 Nazianzeno

440 2199 658 2254 quoque
686 2186 919 2256 ascripta
960 2187 1142 2253 fuerit,
1173 2203 1463 2242 commune
1504 2204 1703 2243 nomen
1753 2188 1805 2242 in
1842 2202 2005 2242 causa

441 2273 560 2339 fuit,
589 2277 731 2345 quod
771 2276 1082 2347 frequenter
1108 2279 1162 2333 in
1192 2280 1343 2335 libris
1371 2280 1755 2335 ecclesiasticis
1784 2279 2002 2344 accidit,

436 2376 491 2420 et
532 2366 766 2421 aliorum
808 2368 1057 2438 exciuplo
1100 2369 1313 2440 probat.
1352 2369 1411 2423 ln
1443 2371 1633 2426 codice
1683 2370 1811 2426 item
1857 2369 2006 2426 Vati-

435 2474 574 2513 cano
596 2459 697 2515 479
722 2461 1105 2529 antiquissimo
1130 2472 1181 2516 et
1214 2463 1429 2531 optimae
1456 2472 1616 2528 notae,
1658 2464 1711 2517 in
1742 2478 1852 2533 quo
1879 2479 2002 2519 cum

435 2552 558 2607 aliis
582 2551 906 2608 Nazianzeni
947 2546 1206 2624 operibus
1236 2555 1350 2609 haec
1395 2570 1616 2625 quoque
1644 2555 2005 2625 metaphrasis

435 2645 611 2700 locum
644 2647 827 2714 habet,
860 2648 914 2701 in
945 2647 1190 2717 margine
1223 2648 1510 2703 scribitur:
1544 2649 1738 2703 Ἰστέον
1762 2650 1843 2702 ὅτι
1864 2652 2004 2704 κατά

432 2754 579 2814 srva;
631 2740 660 2791 ὁ
694 2739 850 2808 λόγος
888 2732 1042 2802 οὗτος
1074 2739 1487 2810 ἀμφιϐάλλεται.
1533 2760 1551 2792 ι
1601 2740 1888 2797 Sciendum
1922 2753 2003 2797 est

434 2833 573 2903 apud
621 2834 914 2889 nonnullos
958 2834 1105 2889 hunc
1150 2833 1350 2888 librum
1402 2836 1456 2889 in
1497 2834 1723 2889 dubium
1781 2835 1934 2889 verti.
1977 2854 1995 2887 ι

433 2923 548 2979 Hoc
572 2926 713 2980 idem
747 2925 909 2980 etiam
936 2926 1132 2997 legitur
1168 2925 1221 2979 in
1263 2927 1372 2981 alio
1402 2941 1502 2981 nec
1549 2928 1730 2981 minus
1766 2935 1996 2993 vetusto,

434 3030 532 3071 nec
559 3018 743 3073 minus
771 3018 1015 3089 elegante
1058 3018 1245 3091 codice
1277 3017 1439 3073 1446.
1480 3019 1585 3072 Alii
1612 3034 1670 3073 se
1701 3019 1833 3074 satis
1868 3035 2000 3089 pro-

430 3105 590 3160 basse
639 3118 857 3176 putant,
901 3124 965 3165 ac
1012 3108 1320 3165 vindicasse
1356 3108 1798 3180 Thaumaturgo,
1842 3111 1996 3166 testi-

430 3199 617 3253 monio
664 3200 845 3255 Ruﬁni
875 3243 889 3261 ,
942 3201 1292 3275 Hieronymi,
1348 3201 1560 3261 Suidaz.
1608 3203 1702 3271 qui
1752 3202 1995 3258 scribunt

2114 2007 2220 2061 lata
2241 2007 2459 2077 reliquis
2484 1994 2599 2063 est;

2183 2095 2489 2178 Orationem
2523 2100 2732 2154 tertiam
2782 2097 2837 2151 in
2879 2096 3386 2160 Annuntiationem,
3429 2112 3547 2167 qua:
3595 2097 3682 2151 in-

2113 2184 2261 2259 cipit,
2286 2191 2451 2247 Πάλιν
2473 2192 2642 2263 χαρᾶς
2662 2188 2972 2256 εὐαγγέλια,
3001 2189 3104 2243 sub
3131 2187 3379 2257 Gregorii
3406 2187 3680 2242 Thauma-

2112 2280 2254 2349 lurgi
2303 2281 2520 2334 nemine
2550 2281 2629 2335 ait
2676 2274 2929 2333 Nossius
2978 2291 3040 2333 se
3082 2278 3358 2335 invenisse
3388 2288 3509 2350 post
3541 2280 3680 2337 alias

2111 2372 2249 2426 duas
2273 2372 2542 2426 orationes
2570 2371 2812 2441 ejusdem
2856 2372 3097 2425 auctoris
3121 2370 3190 2425 de
3218 2371 3405 2426 eadem
3446 2371 3679 2426 Annuu-

2112 2462 2339 2519 K'ationc
2364 2463 2531 2517 beatae
2556 2461 2736 2517 Maria:
2755 2462 2991 2534 Virginis
3008 2464 3062 2518 in
3079 2462 3465 2533 antiquissimo
3484 2462 3678 2518 Graeco

2109 2556 2383 2610 volumine
2407 2569 2511 2609 ms.
2558 2553 3078 2625 Cryptoferratensi‘s
3118 2554 3494 2619 bibliothecae;
3525 2553 3675 2608 aliir-
3768 2576 3777 2579 -

2109 2656 2348 2717 matque,
2372 2646 2418 2701 si
2449 2654 2699 2701 contenta
2723 2647 2810 2702 hic
2840 2648 3240 2711 examinentur,
3274 2646 3522 2703 eamdem
3547 2660 3675 2701 cum

2108 2726 2537 2809 praecedentibus
2563 2738 2904 2794 orationibus
2920 2739 3228 2794 doctrinam
3258 2737 3483 2799 referre,
3502 2737 3672 2807 phra-

2107 2834 2211 2888 sim
2248 2844 2409 2901 atque
2442 2832 2783 2898 sententiam,
2830 2831 3005 2901 elogia
3044 2830 3205 2900 plane
3246 2828 3467 2890 similia,
3500 2839 3554 2882 et
3583 2843 3673 2883 res

2105 2925 2344 2980 easdem.
2374 2924 2511 2979 Hinc
2537 2941 2596 2980 se
2637 2925 2821 2979 mirari
2865 2925 3011 2978 illam
3050 2923 3151 2979 sub
3195 2922 3417 2977 nomine
3444 2919 3672 2975 Joannis

2103 3017 2479 3088 Chrysostomi
2509 3016 2576 3071 ab
2607 3016 2826 3087 Aloysio
2858 3017 3159 3086 Lipomano
3196 3015 3252 3069 in
3290 3012 3424 3067 Vitis
3455 3021 3671 3066 sancto-

2105 3125 2219 3161 rum
2241 3109 2542 3177 evulgatam
2580 3106 2774 3173 fuisse,
2800 3123 2865 3162 ac
2898 3104 3200 3177 prazsertim
3232 3119 3357 3159 cum
3387 3102 3671 3179 interjecta

2106 3202 2193 3256 illa
2223 3201 2611 3273 Chrysostnmo
2654 3203 2873 3272 indigna
2923 3200 3245 3265 assertione,
3287 3216 3393 3269 qua
3444 3198 3667 3269 Josephi

374 3302 379 3307 ‘
429 3289 895 3363 Thaumaturgum
936 3298 988 3347 in
1023 3267 1409 3363 Ecclesiastcm
1446 3267 1834 3363 metaphrasim
1879 3294 1996 3348 edi-
2024 3267 2066 3322 ε
2099 3267 2383 3363 virginitas
2419 3267 2796 3362 impugnatur'
2818 3299 2872 3345 et
2911 3290 3136 3346 tollitur.
3179 3267 3455 3356 Quidquid
3494 3267 3668 3341 sitide

427 3386 588 3440 disse.
618 3386 687 3440 At
708 3401 869 3455 quam
898 3385 968 3441 sit
997 3401 1223 3456 parvum
1247 3403 1556 3457 vanumque
1582 3388 1685 3443 hoc
1707 3402 1999 3457 argumen-

423 3483 558 3538 tum,
615 3474 745 3529 satis
796 3484 1017 3538 norunt,
1075 3475 1391 3545 qui'sciunt
1445 3477 1688 3531 diversos
1738 3491 1882 3545 saepe
1935 3490 2000 3530 ac

422 3567 602 3622 varios
654 3568 941 3636 scriptores
968 3570 1035 3622 de
1063 3570 1250 3623 eadem
1286 3584 1342 3623 re
1398 3570 1587 3623 eodem
1644 3569 1800 3624 titulo
1849 3569 2001 3622 lucu-

420 3656 629 3712 brasse.
674 3657 896 3727 Scripsit
921 3659 974 3712 in
997 3659 1375 3714 Ecclesiastem
1400 3660 1781 3730 metaphrasim
1819 3661 2001 3715 Thau~

420 3758 734 3819 maturgus;
791 3765 952 3804 nemo
1002 3751 1055 3805 id
1098 3760 1305 3821 negat:
1351 3768 1480 3821 ergo
1528 3752 1644 3808 haec
1690 3752 1999 3821 metaphra-

421 3839 497 3892 sis
547 3840 602 3892 in
648 3840 1025 3895 Ecclesiastem
1078 3840 1467 3912 Thaumaturgi
1518 3852 1634 3906 est;
1686 3843 1818 3897 illud
1865 3858 1997 3898 vero

419 3931 760 4001 probandum
787 3942 871 3987 est
898 3933 1068 4003 prius,
1094 3933 1303 3987 nullum
1329 3934 1492 3987 alium
1525 3935 1908 4004 metaphrasim
1940 3934 1993 3990 in

419 4017 803 4073 Ecclesiastem
848 4020 1153 4089 scripsisse.
1204 4021 1309 4078 Sed
1340 4023 1465 4094 quis
1505 4022 1557 4077 id
1602 4024 1851 4091 probabit
1881 4042 1986 4080 uu—

418 4111 620 4177 quam?
649 4109 716 4164 Et
749 4121 927 4167 tamen
964 4113 1169 4183 aliquid
1214 4115 1269 4168 in
1307 4115 1409 4170 hac
1450 4130 1508 4170 re
1548 4125 1651 4182 est,
1690 4118 1985 4187 scriptores

416 4201 628 4255 tradere
657 4200 1122 4273 Thaumaturgum
1162 4207 1549 4275 metaphrasim
1612 4207 1666 4261 in
1716 4208 1986 4265 Ecclesia-

413 4300 551 4346 stem
595 4294 897 4362 scripsisse,
942 4294 1091 4351 cum‘
1113 4296 1294 4352 nullus
1320 4297 1387 4353 de
1414 4297 1780 4367 Nazianzeno,
1826 4302 1983 4372 cujus

413 4382 617 4452 scripta
637 4385 882 4439 omnium
921 4385 1027 4441 fere
1049 4389 1285 4442 examini
1312 4390 1536 4445 subacta
1570 4400 1720 4457 sunt,
1756 4392 1806 4446 id
1831 4409 1981 4448 asse-

411 4482 517 4527 rat.
551 4472 690 4528 Sunt
723 4475 906 4546 itaque
940 4492 1135 4547 preeter
1156 4479 1395 4547 Billium,
1424 4490 1479 4537 et
1509 4483 1600 4536 alii
1626 4484 1976 4552 recentiores,

2096 3382 2361 3450 doctrina,
2392 3400 2513 3455 qua:
2544 3383 2810 3439 catholica
2825 3392 2907 3438 est
2942 3391 2995 3436 et
3025 3381 3145 3436 aliis
3174 3381 3382 3435 sanctis
3412 3378 3667 3433 Patribus

2095 3475 2255 3544 plane
2292 3475 2632 3541 communis;
2670 3481 2724 3529 et
2749 3474 2816 3529 de
2844 3473 3146 3528 assertione
3184 3471 3298 3537 illa,
3335 3484 3498 3539 quam
3534 3469 3658 3523 Vos-

2095 3567 2207 3621 sius
2236 3565 2509 3635 indignam
2536 3565 2687 3620 ducit
2711 3565 3115 3636 Chrysostomo,
3146 3571 3375 3633 etquam
3394 3575 3501 3615 nos
3530 3560 3667 3614 alias

2094 3656 2150 3710 in
2202 3666 2392 3731 nostro
2447 3655 2735 3709 Eustathio
2781 3655 3119 3709 Antiocheno
3178 3651 3652 3722 impugnavimus;

2092 3747 2339 3818 equidem
2371 3747 2515 3817 quod
2539 3746 2605 3801 de
2628 3745 3045 3817 phrasi,elogiis
3073 3754 3125 3799 et
3152 3742 3437 3799 sententiis
3468 3741 3660 3796 iisdem

2093 3839 2278 3903 tradit,
2314 3854 2479 3893 mera:
2515 3853 2675 3909 nugae
2708 3846 2856 3892 sunt.
2912 3835 3120 3891 Rudior
3151 3845 3231 3890 est
3266 3833 3663 3901 Thaumaturgi

2090 3933 2144 3987 iu
2170 3932 2400 3987 dicendo
2432 3947 2696 3987 numerus
2727 3939 2892 4001 atque
2930 3929 3223 3993 austerior,
3260 3937 3313 3983 et
3341 3926 3664 3997 compositio

2090 4024 2449 4097 circumplexa
2485 4024 2694 4079 ac‘ferc
2728 4024 2928 4088 soluta,
2957 4021 3292 4092 metaphoris
3327 4020 3661 4090 reliquisque

2090 4116 2276 4183 figuris
2301 4115 2559 4170 oratoriis
2587 4114 2756 4181 nuda,
2789 4114 3077 4168 sententia:
3119 4113 3443 4175 severiores,
3475 4112 3662 4167 mode-

2085 4209 2309 4272 stiores,
2333 4207 2705 4262 meditatiores
2725 4223 2737 4257 :
2759 4216 2813 4260 at
2835 4205 2887 4258 in
2916 4206 3016 4260 hac
3036 4197 3662 4275 oratione,quemaihno-

2083 4300 2211 4354 dum
2242 4309 2296 4353 et
2319 4299 2372 4352 in
2392 4299 2618 4368 reliquis
2638 4298 2871 4364 duabus,
2900 4306 3092 4352 auctor
3117 4298 3282 4353 veluti
3312 4297 3491 4367 pullus
3521 4298 3656 4352 sub-

2082 4391 2292 4445 sultans
2332 4389 2528 4444 laxatis
2564 4390 2809 4455 habenis,
2862 4389 3137 4445 adscititio
3185 4398 3381 4444 ornatu
3431 4389 3653 4457 nobilis,

2082 4480 2321 4551 undique
2353 4496 2448 4550 per
2479 4495 2702 4550 campos
2741 4495 3039 4537 excurrens
3100 4491 3335 4553 nugatur
3375 4490 3427 4536 et
3466 4482 3604 4536 ludit
3636 4498 3650 4534 :

409 4559 505 4627 qui
538 4560 751 4615 dictam-
774 4566 1173 4652 metaphrasim.
1202 4570 1413 4638 parenti
1452 4573 1671 4641 pr0prio
1724 4575 1975 4641 reddunt,
2010 4605 2053 4659 ο
2082 4572 2238 4641 quasi
2265 4588 2329 4625 ex
2364 4573 2661 4641 improviso
2693 4573 2919 4639 diceret,
2959 4589 3058 4628 sua
3102 4575 3354 4627 enuntiat
3405 4575 3655 4629 horumo-

409 4651 597 4706 Sixtus
622 4651 880 4711 Senensis
910 4658 961 4711 in
986 4651 1333 4727 Bibliotheca,
1364 4664 1631 4719 Antonius
1648 4664 1977 4725 Possevinus

407 4743 463 4796 in
488 4745 783 4813 Apparatu,
819 4748 876 4802 in
924 4748 1172 4819 Gregorio
1222 4750 1564 4808 Nazianzeno
1612 4765 1664 4811 ct
1726 4757 1976 4829 Gregorio

409 4831 829 4908 Thaumaturgo,
867 4851 921 4894 ct
969 4841 1022 4894 in
1059 4841 1313 4898 Biblioth.
1356 4845 1565 4911 selecto,
1617 4848 1712 4904 lib.
1760 4864 1818 4914 ll,
1851 4867 1971 4921 cap.

405 4925 507 4992 15;
540 4925 742 4983 Fronto
769 4929 997 4987 Ducacus
1026 4933 1078 4986 in
1123 4936 1265 4990 notis
1295 4936 1358 4990 ad
1390 4940 1631 4994 eamdem
1666 4945 1974 5012 metaphra-

401 5019 526 5084 sim,
563 5018 925 5079 Bcllarminus
975 5025 1047 5078 De
1091 5027 1434 5095 scriptoribus
1486 5031 1879 5098 ecclesiasticis,
1920 5045 1972 5090 et

399 5114 643 5167 omnium
680 5126 989 5185 postremus
1030 5118 1214 5173 Daniel
1265 5119 1519 5178 Heinsius
1548 5126 1599 5179 in
1657 5113 1968 5181 Aristarcho

370 5198 570 5270 ’sacro,
622 5221 740 5277 cap.
791 5209 877 5263 ll.
925 5228 943 5261 α
991 5211 1310 5267 Venerabile
1355 5217 1717 5285 antiquitatis,
1767 5217 1965 5288 inquit,

401 5306 809 5351 monumentum
857 5299 1102 5370 Gregorii
1162 5300 1623 5360 Neocmsaricnsis
1675 5306 1732 5360 in
1780 5307 1965 5362 Eccle-

394 5386 608 5440 siasten:
638 5400 814 5444 exstat
841 5394 1383 5464 paraphrasis,quam
1407 5412 1554 5452 nunc
1588 5401 1964 5468 metaphrasim

394 5472 716 5532 inscribunt.
757 5479 921 5536 Multa
956 5483 1028 5537 ibi
1078 5493 1222 5539 terse
1266 5500 1331 5539 ac
1380 5486 1553 5555 polite
1599 5490 1959 5557 explicantur,

395 5580 569 5634 neque
617 5568 760 5623 aliud
803 5580 910 5625 tam
949 5574 1024 5627 illi
1065 5591 1210 5630 cura:
1254 5576 1377 5643 fuit,
1422 5593 1588 5646 quam
1637 5581 1783 5648 quod
1830 5597 1959 5650 pro-

392 5655 565 5722 prium
594 5668 678 5712 est
714 5663 1105 5731 paraphrasim,
1140 5676 1201 5720 ut
1230 5667 1284 5720 in
1323 5668 1527 5736 scripto
1560 5670 1958 5727 oliscurissimo

388 5746 802 5817 connexionem,
853 5770 946 5808 seu
993 5756 1091 5826 τὴν
1140 5757 1493 5829 ἀλληλουχίαν
1538 5760 1953 5827 demonstraret,

388 5838 529 5903 quod
574 5850 627 5893 et
674 5840 905 5898 feliciter
934 5847 1252 5917 plerumque
1306 5860 1592 5907 assecutus
1627 5862 1728 5909 est.
1770 5855 1954 5925 Itaque

2081 4666 2274 4734 ptotis,
2303 4675 2356 4720 et
2409 4665 2865 4733 hommoteleutis,
2896 4675 2949 4721 et
2980 4666 3239 4721 omnibus
3278 4667 3419 4729 aliis,
3451 4667 3652 4737 quibus

2078 4758 2293 4812 dicendi
2324 4774 2496 4829 genus
2544 4761 2954 4831 panegyricum,
2989 4759 3191 4817 Graecis
3240 4761 3530 4816 admodum
3564 4759 3650 4815 fa-

2078 4852 2290 4907 miliare
2312 4851 2365 4905 in
2401 4853 2562 4908 rebus
2602 4853 2939 4922 hujusmodi,
2977 4864 3165 4909 scatet.
3198 4852 3418 4922 Confer,
3453 4858 3644 4919 lector,

2076 4960 2239 4997 unam
2292 4945 2547 5014 paginam
2606 4945 2923 5017 Gregoriani
2967 4948 3465 5017 prosphonematici
3516 4964 3644 5003 cum

2072 5033 2254 5098 dictis,
2290 5044 2342 5087 et
2368 5036 2526 5103 plane
2570 5035 2864 5093 discrimen
2895 5054 3192 5110 agnosces,
3226 5039 3280 5092 ni
3310 5054 3487 5094 czecus
3523 5055 3648 5096 esse

2072 5124 2331 5178 volueris.
2369 5124 2435 5179 Et
2478 5143 2610 5182 sane
2646 5131 3067 5199 prosphonetiea
3104 5132 3195 5187 illa
3245 5133 3312 5187 ad
3353 5130 3644 5204 Origenem

2070 5216 2233 5281 dicta,
2265 5233 2386 5271 cum
2419 5228 2732 5274 versaretur
2764 5221 2815 5272 in
2844 5221 3148 5279 laudatorio
3168 5240 3382 5294 genere,
3417 5224 3645 5282 ﬂoribus

2070 5308 2383 5379 hujusmodi
2418 5311 2654 5384 inspergi
2679 5315 3008 5384 quandoque
3040 5317 3331 5386 debuerat;
3357 5319 3423 5373 ad
3447 5318 3637 5387 Origc~

2068 5415 2190 5454 nem
2231 5402 2576 5470 potissimum
2608 5404 2815 5471 habita,
2843 5407 2937 5475 qui
2971 5409 3023 5461 in
3065 5410 3337 5466 similibus
3367 5421 3639 5479 versatus,

2065 5507 2094 5544 a
2132 5492 2350 5556 talibus,
2388 5509 2509 5548 cum
2552 5510 2612 5549 se
2655 5497 2873 5552 offerret
2913 5501 3153 5563 occasio,
3189 5517 3296 5556 non
3350 5503 3635 5558 abstinuit.

2066 5583 2170 5636 Sed
2208 5586 2411 5653 respuit
2452 5587 2567 5640 haec
2611 5603 2861 5642 severum
2897 5589 3289 5664 Thaumaturgi
3333 5595 3635 5665 ingenium,

2060 5685 2113 5729 et
2146 5677 2315 5731 voluit
2348 5679 2519 5748 magis
2555 5695 2675 5734 esse
2732 5696 2894 5750 quam
2929 5682 3123 5747 videri,
3163 5686 3381 5741 virtutis
3405 5697 3459 5741 et
3496 5688 3633 5742 sim-

2060 5766 2318 5834 plicitatis
2351 5776 2582 5822 amator.
2610 5767 2776 5838 quue
2799 5770 2934 5823 adeo
2964 5787 3147 5826 verum
3170 5782 3276 5839 est,
3302 5781 3364 5829 ut
3390 5772 3631 5830 VinCen-

2060 5859 2171 5913 tius
2208 5857 2525 5924 liiccardus,
2549 5859 2635 5914 vir
2651 5861 2814 5917 rebus
2845 5864 2929 5918 his
2960 5864 3339 5924 examinandis
3371 5866 3631 5925 assiduus
