4100 6372
351 410 487 469 1209

1203 404 1454 462 LEONIS
1490 406 1765 462 ALLATII
1828 404 2152 462 DIATRIBA
2188 404 2277 461 DE
2315 404 2722 465 THEODORIS.

3450 415 3586 473 1210

349 534 404 581 et
456 524 762 595 perSpicax,
814 522 867 576 in
924 521 1317 576 commentario
1362 521 1431 585 ad
1476 530 1685 577 sextam
1743 522 1914 580 sancti
1945 526 1991 584 Α
2019 521 2293 580 siensibus
2312 523 2645 583 editionibus
2679 525 3036 583 adornantur.
3062 527 3587 591 Necexhaustisunt

349 617 526 673 Procli
576 617 901 682 orationem,
947 614 1317 670 testimonium
1362 631 1429 670 ex
1475 616 1744 681 secunda,
1793 632 1916 687 quae

278 712 281 721 '
352 708 539 778 incipit
560 706 813 780 ;Ἐορτὰς
837 706 932 777 μὲν
960 705 1176 772 ἁπάσας
1194 705 1288 759 καὶ⁵
1305 706 1597 779 ὑμνῳδίας,
1619 707 1913 774 adducens,

350 802 646 858 asseruerit
675 818 689 854 :
724 817 745 852 ι
782 798 1044 865 Quamvis
1081 814 1428 869 summopere
1462 800 1680 869 ambigo
1715 809 1770 854 et
1805 800 1916 855 hae-

352 908 465 956 reo,
503 907 571 947 an
600 908 787 948 revera
804 889 1048 962 Gregorii
1077 872 1471 963 Thaumaturgi
1505 892 1576 947 sit
1594 892 1683 947 illa
1714 892 1914 949 oratio.

350 984 523 1041 Dictio
551 985 696 1039 enim
743 984 859 1054 ipsa
906 983 1120 1039 videtur
1163 983 1346 1053 potius
1393 984 1567 1039 sancti
1618 982 1818 1052 Procli,
1862 991 1917 1039 et

349 1076 704 1132 sententiain
728 1090 790 1131 ea
816 1075 1062 1145 plurima:
1084 1075 1291 1140 insunt,
1325 1091 1447 1145 quae
1475 1077 1753 1146 conceptis
1788 1091 1913 1131 ver-

348 1167 435 1223 bis
455 1176 582 1222 sunt
608 1168 662 1221 in
690 1169 937 1225 oratione
966 1169 1143 1238 prima
1165 1166 1367 1233 Procli,
1396 1177 1447 1223 et
1477 1167 1762 1223 innumera
1787 1168 1913 1235 alia,

350 1271 471 1325 qum
500 1255 553 1309 in
585 1255 707 1311 aliis
738 1254 915 1312 Procli
943 1255 1282 1312 orationibus
1310 1255 1690 1320 offenduntur;
1727 1265 1782 1311 et
1808 1255 1917 1331 fre?

348 1363 522 1417 quens
553 1347 688 1401 adeo
716 1348 932 1403 iteratio
973 1348 1123 1404 vocis
1154 1346 1426 1415 θεοτόκου,
1465 1349 1683 1403 videtur
1722 1332 1916 1403 Nesto-

349 1437 489 1490 rium
522 1437 799 1506 impetere.
828 1455 847 1489 ι
884 1436 950 1490 Ει
980 1436 1120 1492 infra
1149 1453 1161 1488 :
1202 1455 1220 1488 ι
1253 1435 1500 1499 Imitatus
1529 1450 1755 1494 sanctus
1783 1436 1916 1492 Pro-

349 1529 469 1583 clus
515 1537 764 1585 sanctum
814 1528 1134 1601 Gregorium
1172 1528 1641 1602 Thaumaturgum
1686 1531 1740 1585 in
1786 1545 1913 1585 ora-

351 1624 497 1676 tione
532 1621 769 1675 secunda
818 1619 885 1675 de
914 1620 1367 1685 Annuntiatione,
1396 1623 1440 1677 si
1477 1622 1640 1678 modo
1678 1621 1799 1692 ejus
1831 1630 1915 1678 est

354 1712 443 1766 illa
471 1712 666 1767 oratio.
710 1731 729 1765 ι
763 1711 875 1770 Nos
899 1714 952 1767 in
979 1714 1209 1783 epistola
1243 1715 1309 1769 ad
1343 1712 1629 1769 Nihusium
1662 1714 1730 1769 de
1761 1714 1916 1768 litur-

349 1805 435 1875 gia
464 1804 638 1861 sancti
684 1802 873 1860 Jacobi
912 1805 1165 1876 apostoli,
1213 1804 1280 1860 de
1325 1804 1477 1860 vocis
1517 1804 1769 1858 θεοτόκου
1811 1819 1910 1859 usu

2015 628 2184 668 sacra:
2218 614 2559 690 antiquitatis
2594 615 2858 683 thesauri,
2883 617 2928 672 si
2952 618 3019 671 de
3042 618 3124 673 eis
3152 628 3368 675 taceant
3394 620 3582 679 Posse-

2014 704 2177 761 vinus
2202 713 2257 760 et
2285 704 2489 761 Sixtus.
2522 705 2742 777 Ignorat
2754 708 2915 777 plane
2946 707 3171 767 ltivetus
3203 712 3318 768 haec
3334 711 3586 784 Gregorii

2015 809 2176 864 opera
2208 796 2300 851 diu
2330 808 2455 852 ante
2478 797 2547 853 ab
2572 798 2760 853 eodem
2787 792 3146 857 Vossio‘notis
3172 801 3438 858 illustrata
3462 819 3588 875 pro-

2016 886 2186 943 diisse
2216 887 2402 946 Graece
2433 898 2488 944 et
2526 888 2741 957 Latine,
2783 900 2837 946 et
2870 900 2931 947 ut
2971 894 3313 963 postmodum
3336 896 3586 968 Parisiis,

2017 975 2309 1047 Moguntia:
2345 994 2489 1036 anno
2520 980 2679 1035 1604.
2719 999 2737 1031 ι
2767 980 2872 1048 Qui
2912 998 3121 1039 merces
3152 984 3294 1053 illas,
3320 998 3585 1057 quantum

2015 1078 2211 1139 potest,
2236 1074 2602 1127 commendat.
2638 1092 2657 1125 ι
2696 1073 3007 1128 lllaudahile
3034 1082 3116 1129 est
3142 1076 3349 1132 scilicet
3371 1078 3584 1148 Riveto,

2015 1164 2217 1235 scripta
2261 1163 2486 1221 Patrum
2517 1166 2922 1231 commendare,
2958 1176 3012 1221 et
3048 1182 3256 1225 merces
3295 1172 3432 1225 adeo
3462 1187 3589 1243 pre—

2017 1258 2184 1313 tiosas
2210 1266 2261 1311 et
2289 1256 2708 1326 pulcherrimas,
2751 1266 2810 1312 ut
2838 1267 2900 1313 ut
2924 1274 3002 1314 ea:
3029 1252 3588 1325 suntfamhientibus

1978 1364 1979 1367 ‘
2015 1354 2326 1425 prepiuare.
2361 1351 2741 1419 Commendat,
2776 1363 3044 1425 quantum
3072 1363 3272 1424 potest,
3309 1355 3590 1411 Thauma-

2016 1447 2157 1519 turgi
2181 1447 2403 1516 scripta,
2430 1460 2552 1514 quae
2585 1444 2988 1499 commendavit
3040 1445 3360 1515 antiquitas,
3386 1456 3439 1502 et
3489 1463 3588 1518 po-

2014 1534 2263 1592 sterioris
2277 1535 2375 1590 aevi
2395 1533 2985 1602 illustriorcsfdoctores
3001 1534 3353 1591 ecclesiastici
3372 1552 3585 1606 omnes;

1978 1686 1981 1693 ,
2014 1634 2069 1681 at
2094 1624 2527 1680 exterminarunt
2564 1624 2828 1690 haeretici,
2873 1626 3016 1696 apud
3060 1641 3199 1696 quos
3240 1629 3403 1683 etiam
3436 1629 3489 1684 in
3523 1645 3589 1697 ea

2014 1720 2373 1791 aestimatione
2405 1717 2590 1786 fuere,
2631 1727 2693 1774 ut
2743 1719 2826 1775 vel
2868 1735 3058 1774 eorum
3103 1719 3223 1776 solo
3274 1722 3587 1777 testimonio

2016 1828 2114 1867 sua
2141 1811 2493 1867 constabilire
2522 1812 2868 1869 crediderint.
2894 1810 3034 1873 liine
3053 1821 3136 1868 tot
3160 1812 3290 1877 illis,
3312 1815 3473 1870 malis
3498 1831 3590 1870 ar-

347 1897 511 1950 etiam
560 1906 686 1951 ante
730 1894 1063 1962 Nestorium,
1102 1895 1363 1950 nonnulla
1403 1896 1703 1951 attulimus.
1742 1893 1910 1962 Quid-
1943 1869 1984 1923 Β
2021 1904 2186 1970 tibus,
2219 1918 2451 1970 annexa,
2486 1911 2540 1958 et
2562 1913 2757 1974 praeter
2798 1920 3008 1960 morem
3041 1904 3205 1974 atque
3249 1905 3421 1976 legem
3453 1922 3577 1977 pro-

347 1988 477 2057 quid
524 1994 702 2042 tamen
746 1988 836 2054 sit,
890 1988 1103 2042 tertiam
1149 2004 1292 2044 unus
1338 1990 1547 2042 tantum
1595 1987 1760 2042 codex
1805 2002 1908 2042 ms.

337 2082 473 2145 licet
494 2081 912 2151 antiquissimus
938 2080 1346 2152 Thaumaturgo
1372 2080 1640 2147 attribuit,
1673 2079 1913 2152 atChry-

347 2181 587 2226 sostomo
622 2180 864 2239 centum,
899 2165 999 2227 n'ec
1032 2173 1215 2227 minus
1261 2172 1507 2242 antiqui;
1550 2166 1913 2242 ideoqtﬁf'sub

344 2260 717 2333 Cbrysostomi
732 2262 948 2317 nomine
962 2272 1017 2316 et
1036 2261 1287 2333 Augustae
1301 2261 1375 2316 ab
1384 2260 1689 2316 l-ioaschclio
1707 2261 1909 2329 Graece,

327 2362 398 2407 ιει
432 2353 499 2406 ab
523 2353 644 2407 aliis
672 2353 815 2407 edita
845 2361 945 2408 est.
980 2352 1052 2407 De
1082 2352 1426 2408 sermonibus
1451 2352 1505 2406 in
1531 2352 1914 2407 Annuntiatio-

346 2455 470 2498 nem
503 2453 558 2499 et
591 2443 1000 2515 Theophaniam
1052 2443 1416 2512 Dominicam,
1453 2455 1512 2499 ut
1551 2445 1712 2500 etiam
1746 2446 1813 2501 de
1842 2446 1911 2500 li-

345 2534 488 2603 bello
515 2535 589 2590 De
611 2537 789 2589 anima
823 2537 889 2591 ad
922 2536 1232 2603 Tatianum,
1261 2537 1396 2591 nihil
1439 2537 1571 2591 certi
1601 2552 1659 2591 se
1704 2537 1908 2593 habere

330 2594 535 2681 geribit
563 2626 923 2685 Bellarminus
957 2647 971 2683 :
1007 2648 1026 2680 ι
1056 2645 1180 2685 cum
1210 2645 1309 2684 nec
1323 2638 1530 2683 veteres
1555 2630 1748 2684 horum
1779 2645 1910 2700 ope-

346 2734 468 2772 rum
507 2720 884 2787 meminerint;
922 2736 1098 2790 neque
1120 2730 1304 2775 tamen
1327 2720 1574 2775 convinci
1606 2722 1797 2790 possit,
1817 2737 1912 2778 eos

343 2826 465 2864 esse
489 2790 863 2881 supposititios
897 2830 911 2880 ;
944 2831 963 2864 ι
996 2822 1049 2866 et
1082 2813 1184 2869 hoc
1205 2813 1405 2882 probis
1440 2814 1640 2879 tribus,
1670 2814 1754 2868 vel
1777 2829 1913 2884 qua-

346 2910 471 2955 tuor
504 2903 869 2971 orationibus,
900 2903 1258 2973 conjectando
1295 2905 1478 2975 potius
1514 2922 1678 2975 quam
1721 2906 1911 2961 decer-

345 2995 545 3051 nendo.
570 2994 818 3067 Namque
843 3014 949 3053 non
980 2998 1183 3054 absone
1212 3000 1336 3068 quis
1362 2999 1584 3066 dixerit,
1619 3014 1910 3069 argumen-

345 3094 459 3140 tum
490 3101 554 3140 ex
579 3086 916 3163 charactere,
951 3097 1006 3142 et
1044 3088 1345 3164 dictionum
1386 3087 1633 3145 formulis
1674 3078 1912 3144 desum-

343 3188 519 3248 ptunn,
578 3178 695 3233 leve
755 3179 1046 3234 admodum
1094 3195 1269 3237 esse:
1320 3179 1691 3261 aﬂ'ccli‘onibus
1716 3179 1912 3249 saepius

342 3270 509 3324 animi
545 3270 815 3326 calamum
852 3273 937 3344 agi
985 3273 1240 3343 regique;
1289 3282 1445 3328 aetate
1487 3274 1649 3348 etiam
1706 3273 1908 3326 immu-

341 3362 469 3416 tari.
521 3360 659 3417 Hinc
692 3379 799 3417 non
835 3379 957 3419 esse
1008 3380 1234 3421 necesse
1288 3365 1471 3419 omnia
1518 3362 1910 3434 Thaumaturgi

341 3454 543 3523 scripta
574 3455 765 3509 eodem
800 3470 1015 3525 semper
1048 3465 1211 3527 atque
1239 3472 1350 3510 uno
1378 3466 1568 3511 tenore
1599 3456 1807 3528 peragi.

410 3541 514 3598 Sed
541 3540 769 3600 Andreae
806 3545 978 3600 Riveti
1012 3546 1088 3619 (2)
1124 3549 1180 3601 in
1226 3547 1417 3601 Crilici
1465 3548 1609 3601 sacri
1668 3548 1810 3602 libro
1848 3564 1909 3613 ιι,

339 3650 461 3704 cap.
510 3636 594 3703 16,
638 3638 706 3692 de
753 3638 841 3692 his
888 3640 1229 3695 orationibus
1281 3640 1423 3695 dicta
1475 3640 1908 3695 consideremus.

345 3746 364 3779 ι
405 3728 549 3783 Guil.
584 3729 902 3796 Perkinsius
931 3732 1182 3787 meminit
1213 3733 1562 3788 bomiliarum
1597 3733 1663 3788 de
1686 3732 1911 3786 Annuu-

340 3821 587 3884 tiatione,
616 3831 746 3886 etc.,
782 3824 912 3879 huic
955 3823 1218 3895 Gregorio
1246 3827 1630 3895 ascriptarum,
1666 3840 1803 3896 quas
1832 3825 1913 3878 vi-

339 3910 468 3965 dere
498 3913 629 3965 mihi
679 3904 787 3967 non
835 3915 1139 3984 contigerat
1176 3924 1289 3971 tum
1326 3933 1449 3972 cum
1509 3918 1747 3988 primum
1798 3916 1912 3972 htec

341 4005 572 4075 scripsi;
612 4022 790 4076 neque
823 4022 901 4062 ea:
930 4024 962 4063 a
992 4009 1292 4065 Possevino
1332 4011 1386 4064 in
1428 4011 1725 4081 Apparatu,
1756 4019 1850 4064 aut
1882 4024 1910 4063 a

342 4096 500 4151 Sixto
546 4109 942 4152 memorantur.
1003 4118 1023 4151 ι
1060 4100 1366 4170 Antequam
1426 4116 1649 4156 causam
1697 4099 1910 4170 perspi-

338 4191 472 4255 ciat,
505 4190 829 4245 sententiam
861 4190 985 4247 fert.
1023 4191 1172 4257 Esto,
1204 4208 1313 4247 non
1336 4192 1470 4247 vidit
1502 4192 1746 4255 Rivetus,
1783 4207 1909 4246 cum

341 4282 624 4337 scriberet.
673 4281 811 4349 Quid
867 4298 998 4355 ergo
1052 4284 1177 4338 inde
1226 4284 1513 4353 sequitur?
1544 4283 1639 4339 Vel
1684 4282 1912 4339 Rivetus

341 4376 670 4432 temerarius
718 4385 822 4441 est,
868 4377 953 4432 vel
1002 4393 1194 4449 parum
1240 4378 1493 4448 diligens.
1546 4377 1619 4433 De
1667 4377 1911 4445 Gregorii

342 4467 561 4536 scriptis
584 4482 771 4536 agens,
798 4476 857 4521 ut
882 4482 1007 4522 vera
1025 4469 1351 4533 enuntiaret,
1380 4470 1567 4545 sedulo
1589 4470 1911 4540 inquirenda

2017 1996 2213 2050 borum
2248 1997 2529 2051 hominum
2586 1997 2873 2051 immutata
2911 2012 2924 2048 :
2959 1997 3215 2067 pleraque
3251 1997 3417 2052 etiam
3460 2013 3589 2052 ora-

2018 2090 2196 2145 tiones
2226 2098 2390 2160 atque
2423 2090 2687 2161 opuscula
2709 2106 2777 2146 ex
2809 2107 2951 2161 penu
2983 2090 3479 2147 hmreticorumillis
3495 2105 3590 2159 Ἆρα

2019 2183 2181 2252 picta.
2216 2180 2389 2237 Tanta
2438 2192 2557 2238 erat
2600 2184 2654 2238 in
2702 2183 2867 2239 unius
2912 2184 3141 2254 hujusce
3182 2185 3590 2241 commentariis

2019 2274 2341 2329 auctoritas!
2374 2272 2790 2330 Commendavit
2818 2275 3001 2347 itaque
3030 2274 3284 2344 Vossius,
3318 2293 3439 2347 quae
3463 2286 3590 2331 ante

2019 2380 2143 2419 eum
2175 2372 2254 2419 tot
2276 2366 2677 2437 exscriptorum
2709 2367 2907 2423 calami
2960 2369 3103 2424 inter
3130 2368 3237 2422 alia
3272 2376 3588 2424 sanctorum

2017 2455 2241 2510 Patrum
2275 2456 2475 2529 scripta
2506 2459 2706 2530 scripto
2735 2460 3269 2515 commendaverat.
3296 2459 3590 2516 Commen-

2018 2549 2147 2604 dant
2202 2549 2419 2611 codices
2474 2551 2869 2622 antiquissimi,
2926 2561 2977 2609 et
3018 2553 3236 2623 Optima!
3280 2561 3444 2619 notae,
3492 2552 3590 2623 qui

2019 2639 2198 2697 dictas
2246 2640 2492 2713 Gregorii
2527 2645 2807 2701 orationes
2838 2645 3062 2715 praeﬁxo
3092 2644 3313 2700 nomine
3344 2643 3590 2716 Gregorii

2017 2730 2294 2784 exhibent.
2982 2753 2999 2757 ’

2092 2839 2111 2872 ι
2146 2820 2345 2877 Dubias
2374 2836 2494 2877 esse
2524 2821 2717 2893 probat
2742 2821 3061 2879 Perkinsius
3091 2836 3262 2889 exeo,
3289 2821 3438 2896 quod
3454 2820 3592 2878 Vitta

2018 2920 2354 2975 sanctorum,
2392 2910 2521 2966 item
2545 2921 2599 2966 et
2627 2912 2815 2984 hymni
2849 2927 3038 2967 eorum
3074 2910 3228 2969 festis
3258 2912 3577 2968 convenien-

2019 3009 2120 3064 tes,
2153 3001 2390 3070 primum
2424 3016 2454 3056 a
2486 3001 2686 3058 Carolo
2719 3002 2917 3073 Magno
2942 3003 3226 3057 constituti
3258 3012 3410 3070 sunt,
3441 3003 3591 3057 circa

2018 3108 2220 3147 annum
2302 3093 2406 3149 807
2465 3094 2686 3165 (Paulus
2748 3094 3005 3152 Aimilius
3060 3096 3155 3150 lib.
3210 3112 3246 3150 ιι
3305 3095 3379 3150 οε
3428 3095 3588 3166 gestis

1942 3224 1983 3281 Ο
2022 3179 2372 3250 Francorum,
2411 3182 2724 3255 Sigebertus
2755 3187 3069 3252 item,2ono
3090 3187 3216 3260 807)
3266 3188 3454 3243 multis
3470 3198 3592 3258 post

2019 3270 2485 3344 Thaumaturgum
2541 3276 2775 3331 saeculis.
2827 3295 2846 3328 ι
2894 3276 3241 3332 Pcrkinsium
3299 3278 3417 3347 ipse
3475 3291 3589 3331 non

2013 3365 2142 3420 vidi.
2176 3364 2354 3421 Credo
2388 3376 2571 3422 tamen
2609 3366 2860 3422 Rivetum
2908 3366 3180 3423 Perkinsii
3214 3368 3379 3423 verba
3409 3383 3587 3438 neque

2011 3454 2320 3523 invertisse,
2342 3472 2519 3527 neque
2541 3458 2844 3523 mutilasse,
2879 3457 2970 3512 sed
2996 3457 3229 3525 ingenue
3246 3470 3587 3510 numerasse.

2013 3546 2330 3615 Videamus,
2372 3557 2431 3602 ut
2461 3548 2565 3603 sibi
2600 3557 2810 3603 constet
2839 3546 3108 3603 Perkinsii
3143 3547 3581 3617 ratio;namque

2012 3637 2058 3693 si
2090 3654 2150 3693 ea
2183 3638 2460 3703 ceciderit,
2505 3638 2662 3694 cadet
2702 3639 2881 3705 etiam,
2903 3639 3168 3694 sententia
3212 3636 3505 3702 Perkinsii,
3536 3646 3591 3692 et

2012 3731 2284 3785 orationes
2315 3729 2602 3799 praedictas
2630 3729 2827 3784 dubias
2847 3744 2990 3785 esse.
3010 3728 3147 3784 Cum
3178 3730 3296 3785 istae
3314 3729 3592 3785 orationes

2012 3821 2167 3878 factae
2194 3829 2536 3885 asseruntur,
2553 3829 2666 3875 tum
2695 3835 2873 3889 neque
2895 3818 3031 3875 Vitae
3056 3831 3392 3885 sanctorum,
3416 3832 3593 3887 neque

2014 3914 2201 3985 hymni
2229 3927 2420 3967 eorum
2454 3910 2606 3967 festis
2638 3912 3023 3967 convenientes
3047 3911 3101 3964 in
3129 3909 3369 3965 Ecclesia
3397 3918 3585 3963 erant:

2013 4017 2138 4056 nam
2179 4004 2391 4073 primus
2413 4002 2646 4057 Carolus
2672 4006 2843 4055 multa
2874 4009 2999 4070 post
3029 4000 3227 4056 smcula
3258 3997 3542 4053 constituit
3568 4012 3585 4049 :

2013 4110 2143 4166 ergo
2171 4095 2328 4149 dictae
2344 4094 2644 4155 orationes.
2674 4093 2829 4149 festis
2856 4092 3050 4147 diebus
3082 4100 3136 4146 et
3153 4089 3589 4146 solemnitatibus

2014 4196 2330 4241 sanctorum
2375 4185 2782 4250 convenientes,
2835 4199 2946 4238 non
2995 4191 3291 4252 potuerunt
3345 4180 3509 4236 scribi
3557 4196 3591 4235 a

2014 4276 2274 4348 Gregorio
2304 4275 2732 4346 Tbaumaturgo,
2763 4276 2857 4345 qui
2889 4274 3060 4328 multo
3082 4272 3338 4327 Carolum
3357 4286 3591 4341 praeces~

2014 4376 2179 4426 serat.
2227 4368 2426 4428 Probat
2475 4377 2816 4438 assumptum
2871 4366 3196 4420 auctoritate
3244 4362 3488 4428 IEmilii,
3536 4370 3592 4418 et

2017 4463 2302 4536 Sigeberti.
2334 4461 2471 4518 Tum
2497 4463 2611 4533 ipse
2635 4460 2847 4517 infero:
2883 4463 2951 4515 At
2987 4460 3186 4516 falsum
3215 4468 3319 4524 est,
3353 4458 3592 4530 primum

339 4567 498 4611 erant
518 4557 691 4626 ipsius
727 4555 973 4627 Gregorii
1002 4558 1225 4627 scripta,
1254 4540 1576 4611 consulendi
1612 4555 1793 4622 amici,
1825 4558 1909 4611 iu-
1939 4563 1983 4617 D
2012 4557 2266 4613 Carolum
2310 4557 2363 4612 id
2394 4540 2723 4619 instituisse,
2752 4554 3022 4625 quidquid
3054 4552 3311 4608 IEmilius
3343 4562 3398 4608 et
3430 4551 3590 4623 Sige-

339 4650 489 4705 dices
515 4650 821 4716 evolvendi,
859 4658 1108 4705 auctores
1137 4649 1239 4721 ipsi
1273 4650 1668 4721 conquirendi;
1701 4660 1761 4706 ut
1783 4651 1909 4705 dili-

340 4743 521 4815 gentia
554 4759 661 4797 non
689 4744 851 4810 desit,
883 4759 983 4799 nec
1013 4752 1213 4798 temere
1240 4744 1306 4798 de
1351 4745 1420 4800 iis
1479 4761 1600 4815 quae
1632 4762 1740 4800 non
1774 4744 1914 4801 vidi-

338 4849 463 4890 mus
520 4836 954 4903 pronuntiemus.
993 4853 1012 4887 ‹
1049 4835 1233 4906 Neque
1265 4852 1293 4889 a
1325 4835 1627 4892 Possevino
1651 4839 1703 4891 in
1730 4839 1911 4909 Appa-

338 4943 487 4996 ratu,
522 4946 698 5000 neque
723 4947 752 4985 a
787 4931 941 4986 Sixto
978 4940 1372 4987 memorantur.
1413 4951 1432 4983 ι
1469 4932 1667 4989 Demus
1721 4931 1914 4989 Riveto

340 5036 450 5076 non
481 5022 920 5075 commemorari.
951 5021 1092 5093 Ergo
1122 5037 1231 5076 non
1268 5022 1429 5085 sunt?
1449 5020 1654 5077 Stolida
1688 5024 1788 5079 ista
1821 5040 1910 5079 ar-

340 5112 679 5183 gumentatio
714 5122 816 5167 est.
845 5112 1014 5179 Quasi
1049 5128 1178 5169 vero
1209 5129 1331 5183 quae
1377 5129 1483 5168 non
1509 5131 1909 5170 commemora-

338 5204 519 5259 verint
549 5204 750 5273 scripta
779 5203 1108 5261 Possevinus
1133 5215 1186 5260 et
1214 5205 1421 5271 Sixtus,
1451 5222 1722 5277 nusquam
1755 5209 1908 5277 alibi,

338 5306 436 5351 aut
465 5297 612 5351 nulla
640 5297 768 5353 sint.
803 5315 822 5349 ι
862 5294 967 5351 Sed
993 5306 1179 5367 postea
1208 5297 1364 5352 edita:
1399 5297 1619 5353 fuerunt
1647 5298 1830 5356 Graece
1859 5309 1913 5356 et

339 5389 534 5446 Latine
586 5389 814 5446 Parisiis
861 5406 987 5446 cum
1037 5392 1183 5447 notis
1212 5390 1394 5448 Vossii
1427 5391 1785 5462 Tungrensis,
1816 5394 1913 5464 qui

340 5496 555 5537 merces
607 5482 726 5538 illas
773 5492 1040 5552 quantum
1088 5492 1267 5553 potest
1311 5485 1677 5540 commendat.
1719 5504 1738 5536 ι
1775 5484 1915 5541 Bene

339 5578 444 5626 est.
464 5569 606 5642 Ergo
624 5578 754 5626 sunt
783 5572 887 5626 alia
913 5572 1130 5627 tandem
1164 5573 1365 5643 scripta
1390 5572 1612 5628 Patrum
1639 5590 1747 5630 non
1768 5590 1916 5630 com-

343 5673 647 5720 memorata
675 5681 707 5721 a
737 5663 1036 5721 Possevino
1066 5674 1122 5720 et
1146 5664 1321 5733 Sixto,
1354 5668 1576 5737 quando
1606 5667 1722 5738 jam
1760 5667 1916 5725 Pari-

2015 4652 2203 4707 bertus
2223 4651 2488 4706 crocitent
2514 4667 2527 4704 :
2557 4664 2688 4719 ergo
2723 4648 2923 4702 falsum
2948 4661 3166 4717 quoque
3194 4646 3300 4700 erit
3332 4645 3431 4700 has
3473 4659 3591 4699 ora-

2016 4742 2192 4798 tiones
2238 4732 2432 4797 dubias
2475 4755 2614 4795 esse.
2665 4738 2781 4794 lmo
2828 4747 3006 4794 certas
3051 4747 3213 4808 atque
3260 4737 3591 4792 indubitatas

2014 4850 2137 4891 esse
2166 4835 2453 4898 evincitur,
2483 4848 2608 4887 cum
2632 4839 2779 4887 certe
2809 4842 2972 4901 atque
3010 4830 3311 4885 indubitate
3363 4827 3591 4884 demou-

2021 4936 2248 4995 stretur,
2284 4936 2411 4981 ante
2438 4924 2698 4981 Carolum
2741 4927 3013 4981 orationes
3055 4937 3109 4979 et
3144 4926 3376 4997 hymnos
3408 4924 3463 4978 in
3494 4937 3556 4979 so
3577 4955 3589 4963 -

2016 5020 2389 5077 lemnitatibus
2428 5030 2766 5086 sanctorum,
2806 5027 2860 5073 et
2905 5019 2974 5073 ab
3015 5019 3136 5088 ipso
3166 5016 3442 5073 nascentis
3479 5014 3586 5069 Ec-

2016 5114 2195 5169 clesiae
2238 5110 2465 5167 exordio
2510 5111 2566 5163 in
2610 5108 2851 5165 Ecclesia
2911 5110 3227 5178 frequentes
3277 5106 3464 5160 fuisse.
3520 5104 3589 5160 Et

2014 5204 2232 5261 Iudaeos
2262 5205 2411 5275 ipsos
2448 5212 2516 5259 ex
2557 5211 2741 5258 vetere
2773 5201 2993 5258 Patrum
3031 5201 3375 5259 institutione
3413 5198 3588 5269 legiti-

2018 5301 2124 5354 mis
2153 5296 2545 5369 prteﬁnitisque
2585 5297 2780 5353 diebus
2812 5312 2878 5350 ex
2917 5296 3033 5365 lege
3078 5303 3132 5349 et
3178 5292 3455 5364 prophetis
3506 5293 3587 5346 le-

2015 5395 2224 5451 Ctiones
2258 5394 2485 5449 recitare
2536 5392 2903 5454 consuevisse,
2935 5388 3098 5444 tradit
3153 5386 3394 5443 lsidorus
3439 5385 3533 5440 lib.
3569 5402 3588 5441 ι

2016 5483 2094 5540 De
2113 5485 2479 5540 ecclesiasticis
2518 5484 2688 5554 ofﬂa,
2719 5498 2838 5552 cap.
2879 5479 2966 5545 10,
2995 5478 3296 5548 probatque
3325 5475 3590 5531 Rabanus

2015 5575 2237 5632 Maurus
2264 5577 2359 5633 lib.
2422 5593 2461 5631 ιι
2501 5575 2577 5630 Dc
2618 5575 2850 5629 institut.
2894 5571 3095 5637 cleric.,
3125 5585 3244 5640 cap.
3289 5568 3340 5623 5.
3375 5566 3590 5622 Lcetio~

2016 5670 2150 5723 num
2186 5669 2435 5724 meminit
2471 5666 2735 5739 Origenes
2777 5673 2961 5719 contra
2993 5661 3205 5718 Celsum
3251 5661 3344 5715 lib.
3372 5676 3460 5726 ιιι,
3493 5658 3585 5714 5οε

2116 5862 2127 5869 ι..

417 5772 493 5845 (2)
518 5773 785 5857 Andream
811 5776 1291 5857 Bivetum,co_nl_ra
1315 5799 1476 5857 quem
1498 5783 1588 5838 diu
1616 5794 1955 5857 pugnaturus
2004 5797 2088 5847 est
2109 5787 2362 5857 Allatius,
2396 5786 2616 5842 doctum
2685 5784 2988 5854 hominem,
3022 5782 3116 5841 sed
3154 5781 3384 5853 rigidum
3435 5793 3599 5835 ερον-ο,

346 5842 588 5917 ιδιιιιιίιιιθ
613 5843 826 5904 Calvini
855 5842 1116 5905 asseclam
1151 5842 1346 5922 fuisse,
1374 5854 1595 5910 scimus.
1616 5842 1799 5911 ἈῘΜ.
