4100 6380
526 444 655 499 19.ιί

1406 436 1654 492 LEONIS
1692 434 1922 490 ALATII
1966 432 2287 487 DIATRIBA
2327 431 2413 486 DE
2452 431 2866 488 TllEODORlS.

3614 413 3764 470 HIS

524 564 669 633 Ὅρα
697 561 759 630 δὴ
787 560 879 614 καὶ
905 549 1189 622 ένῆῗούτοις
1216 557 1335 611 τίνα
1349 557 1547 628 τρόπον
1569 556 1601 626 ἡ
1612 557 1716 626 μᾶς
1751 552 2078 621 συκοφαντεί

2186 550 2400 607 Canone
2441 550 2696 620 paschali,
2719 549 2814 602 ubi
2851 546 3106 601 lectiones
3129 541 3436 610 huiusmodi
3464 540 3517 594 in
3547 539 3763 594 cellulis

524 653 782 723 ὲξομοιῶν
812 653 924 714 τοῖς
950 653 1007 702 ὲν
1027 651 1154 713 ’ταῖς
1178 650 1401 720 ἀγοραῖς
1420 648 1490 702 τὰ
1522 645 1937 719 ἀπορῤητὸτατα
1968 646 2090 696 ἑπι-

519 741 887 813 δεικνυμένοις
919 739 1011 793 καὶ
1051 740 1356 810 ἀγείρουσι’
1405 741 1539 791 ποῖα
1578 737 1636 790 δὲ
1672 732 2090 807 ἀπορῤητότατα

521 831 957 903 ἐπιδεικνύμεθα,
984 831 1016 902 ἢ
1044 830 1094 884 τί
1122 830 1329 894 τούτοις
1346 829 1724 901 παραπλήσιον
1749 825 2087 895 πράττομενς

519 929 569 980 οἱ
614 928 707 981 καὶ
738 927 804 980 δι’
831 924 1275 995 ἀναγνωσμάτων
1295 963 1309 988 ,
1365 923 1456 975 καὶ
1488 920 1573 974 διὰ
1601 919 1707 974 τῶν
1735 920 1815 982 εἰς
1846 917 1912 972 τὰ
1951 914 2088 968 αὐτὰ

518 1020 817 1090 διηγήσεων
855 1016 1254 1089 προτρέποντες
1299 1015 1396 1086 μὲν
1437 1015 1529 1066 ἐπὶ
1562 1013 1658 1084 τὴν
1699 1013 1778 1074 εἰς
1817 1010 1908 1064 τὸν
1957 1007 2087 1061 Θεὸν

517 1110 622 1162 τῶν
645 1109 779 1163 ὅλων
800 1108 1098 1176 εὐσέϐειαν,
1118 1108 1211 1162 καὶ
1231 1107 1328 1169 τὰς
1344 1104 1472 1159 συνο
1482 1104 1662 1175 ρόνους
1675 1102 1847 1174 ταύτῃ
1866 1097 2082 1170 ἀρετάς.

523 1221 543 1254 α
582 1200 716 1256 Vide
746 1200 1022 1272 quomodo
1055 1202 1106 1254 in
1131 1201 1216 1254 his
1237 1211 1458 1272 quoque
1480 1195 1660 1250 verbis
1685 1191 1961 1248 calumnia
1984 1203 2083 1244 nos

517 1295 734 1361 alliciat,
764 1270 908 1366 quos
942 1310 1068 1349 cum
1099 1270 1539 1356 circulatoribus,
1563 1287 1738 1357 turpia
1768 1293 1823 1342 et
1851 1282 2082 1339 nefanda

517 1389 570 1444 in
595 1387 712 1443 loro
734 1387 1165 1458 proponentibus
1187 1386 1489 1454 comparat.
1523 1380 1660 1448 Quae
1689 1394 1820 1434 vero
1846 1375 2081 1433 nefanda

518 1479 913 1551 proponimus?
934 1486 1030 1534 aut
1060 1477 1190 1548 quid
1222 1475 1477 1539 facimus,
1496 1472 1640 1544 quod
1670 1470 1738 1526 ad
1771 1467 2083 1540 bujusmodi

517 1572 798 1626 hominum
829 1559 1226 1640 impudentiam
1256 1566 1526 1623 accedat?
1556 1579 1689 1631 nos,
1715 1563 1962 1633 inquam,
1991 1559 2084 1630 qui

515 1674 610 1728 per
637 1659 920 1725 lectiones,
947 1667 1001 1713 et
1029 1673 1125 1728 per
1148 1672 1336 1712 earum
1375 1654 1873 1724 interpretationes,
1907 1651 2084 1705 homi-

515 1765 611 1804 nes
651 1749 718 1804 ad
747 1749 1000 1820 pietatem
1027 1763 1156 1820 erga
1187 1747 1434 1802 omnium
1468 1761 1652 1801 rerum
1688 1744 1880 1810 Deum,
1907 1743 2081 1798 virtu-

513 1850 703 1912 tesque
739 1835 862 1914 qua:
892 1842 1109 1897 easdem
1133 1851 1297 1911 atque
1325 1841 1496 1912 pietas
1540 1838 1693 1894 sedes
1714 1836 1936 1899 habent,
1955 1834 2084 1890 hor-

2185 659 2322 699 arcae
2347 642 2588 698 laterculi
2613 650 2765 696 statae
2786 640 3152 710 designantur,
3178 638 3244 691 de
3267 652 3373 706 quo
3394 636 3553 706 plene
3579 630 3758 700 alibi),

2189 745 2338 791 certo
2367 751 2580 805 quoque
2610 733 2852 802 corporis
2895 731 3079 786 habitu
3109 728 3397 784 Christiani
3435 727 3489 780 in
3526 724 3765 780 ecclesia

2189 821 2339 879 fuere
2370 842 2384 878 :
2430 839 2621 894 nempe
2655 823 2798 878 enim
2834 839 2862 877 a
2898 822 3168 878 stantibus
3215 819 3631 890 Evangeliorum
3679 816 3761 870 le-

2189 916 2397 972 ctiones
2426 916 2602 971 audiri
2628 915 2954 986 oportuisse,
2999 911 3451 982 hicPhilostorgii
3474 911 3629 965 locus
3668 907 3760 960 in-

2187 1007 2352 1062 dicat.
2395 1027 2413 1060 ›
2442 1007 2509 1061 Et
2529 1023 2593 1062 ex
2627 1005 2915 1061 Sozomeni
2947 1005 3088 1059 libro
3117 1020 3216 1067 vn,
3245 1019 3368 1073 cap.
3401 1003 3487 1065 19,
3512 1009 3673 1055 notat
3705 999 3762 1052 in

2187 1101 2302 1154 sola
2319 1099 2683 1155 Alexandrina
2709 1098 2948 1154 Ecclesia
2967 1097 3280 1166 episcopum
3301 1093 3765 1152 Alexandrinum,

2185 1194 2313 1248 dum
2359 1193 2707 1264 Evangelium
2759 1194 3114 1259 recitaretur,
3169 1207 3275 1247 non
3333 1188 3766 1245 assurrexisse:

2182 1284 2342 1341 Ξένον
2373 1287 2429 1340 δὲ
2461 1289 2685 1342 κάκεῖνο
2732 1289 2862 1361 παρ’
2902 1286 3305 1359 Ἀλεξανδρεῦσι
3347 1284 3575 1347 τούτοις·
3623 1282 3767 1335 ἀνα-

2184 1381 2603 1450 γινωσκομένων
2655 1381 2763 1454 γὰρ
2810 1379 2919 1434 τῶν
2975 1377 3356 1448 Εὐαγγελίων,
3411 1377 3510 1430 οὐκ
3567 1374 3769 1428 ἐπανί-

2185 1488 2376 1525 σταται
2429 1471 2758 1536 ὲπίσκοπος,
2785 1471 2813 1525 ὃ
2867 1473 2995 1544 παρ’
3021 1471 3201 1535 ἄλλοις
3239 1469 3350 1522 οὔτ’
3384 1467 3554 1538 ἔγνων
3576 1507 3589 1530 ,
3641 1464 3770 1518 οὔτ’

2182 1561 2411 1634 ἀκήκοα,
2443 1581 2461 1615 ι
2492 1561 2700 1617 Novum
2733 1571 2784 1617 et
2802 1562 2930 1616 illud
2950 1562 3089 1632 apud
3112 1561 3331 1616 eosdem
3358 1557 3770 1614 Alexandrinos

2182 1662 2295 1721 est,
2325 1655 2470 1724 quod
2500 1655 2820 1725 episcopus,
2877 1654 3006 1709 dttm
3067 1654 3325 1709 recitatur
3359 1653 3716 1723 Evangelium
3743 1693 3763 1715 ,

2185 1761 2291 1800 non
2317 1757 2601 1818 assurgat,
2639 1749 2782 1818 quod
2827 1748 2969 1818 apud
3013 1748 3152 1803 alios
3179 1762 3421 1817 unquam
3452 1746 3566 1800 ﬁeri
3596 1744 3766 1814 equi-

2186 1839 2305 1895 dem
2351 1854 2526 1911 neque
2568 1842 2806 1910 comperi
2848 1857 3024 1911 neque
3071 1839 3274 1894 audivi.
3327 1858 3345 1891 ι
3409 1837 3561 1892 Adde
3591 1847 3647 1891 tu
3688 1852 3764 1896 ex

515 1940 715 1986 tamur.
749 1948 768 1982 ι
802 1930 934 1986 Vide
965 1930 1207 2000 ejusdem
1238 1929 1313 1983 Dc
1344 1927 1759 2000 engastrimytlw
1798 1938 2078 1980 commen-

2180 1933 2364 1988 eodem
2417 1932 2721 1989 Sozomeno
2750 1933 2888 2004 (loc.
2922 1933 3042 2001 cit.)
3071 1947 3086 1986 :
3128 1929 3345 2002 Ταύτην
3378 1931 3434 1985 δὲ
3462 1928 3559 2000 τὴν
3600 1927 3766 1999 ἱερὰν

513 2022 713 2076 tarium
752 2020 828 2092 ('5)
877 2021 930 2075 in
974 2014 1261 2091 principio.
1315 2020 1548 2076 Sanctus
1608 2018 1945 2088 Augustinus
2002 2017 2079 2086 (in

512 2113 742 2184 prologo
779 2113 844 2168 ad
895 2121 1158 2168 tractatus
1207 2113 1360 2182 suos)
1404 2112 1456 2165 in
1500 2110 1799 2180 Epistolam
1849 2108 2077 2178 primam

508 2205 739 2262 Joannis
768 2207 883 2261 ait:
919 2225 938 2259 ι
980 2205 1085 2261 Sed
1117 2205 1246 2276 quia
1285 2204 1604 2274 interposita
1636 2209 1720 2260 est
1763 2201 2081 2257 solemnitas

509 2307 825 2352 sanctorum
886 2296 1135 2362 dierum,
1182 2295 1383 2366 quibus
1433 2303 1612 2350 certas
1664 2310 1728 2349 ex
1787 2292 2080 2364 Evangelio

508 2389 770 2445 lectiones
793 2398 1006 2459 oportet
1035 2389 1090 2443 in
1140 2387 1381 2443 Ecclesia
1424 2385 1662 2452 recitari,
1694 2400 1815 2456 quae
1848 2385 1918 2439 ita
1954 2393 2080 2440 sunt

508 2493 724 2547 annuae,
768 2489 829 2534 ut
873 2479 993 2534 alia:
1029 2493 1150 2534 esse
1181 2493 1290 2533 non
1323 2477 1570 2548 possint;
1599 2477 1734 2531 ordo
1775 2475 1883 2540 ille,
1917 2489 2077 2544 quem

508 2583 960 2639 susceperamus,
1010 2567 1336 2623 necessitate
1393 2566 1672 2636 paululum
1736 2564 2079 2620 intermissus

505 2670 608 2726 est,
642 2676 749 2714 non
781 2662 1037 2715 omissus.
1066 2678 1085 2711 ι
1112 2658 1255 2713 Idem
1292 2658 1346 2712 in
1369 2674 1622 2714 sermone
1646 2658 1720 2730 (ν,
1750 2657 1888 2728 l)de
1907 2658 2080 2714 lucta-

508 2750 655 2803 tione
673 2747 862 2804 Jacobi
891 2765 903 2800 :
936 2768 954 2801 ι
991 2750 1108 2804 Ista:
1137 2749 1419 2814 lectiones,
1463 2764 1585 2818 quae
1617 2748 1771 2802 vobis
1802 2747 2076 2818 leguntur,

506 2839 751 2911 nunquid
789 2842 954 2898 modo
984 2842 1220 2912 primum
1255 2839 1413 2895 vobis
1436 2840 1711 2910 leguntur,
1750 2849 1805 2897 et
1827 2857 1934 2897 non
1970 2858 2076 2897 eae-

505 2933 627 2987 dem
661 2933 904 3004 quotidie
933 2935 1284 3005 repetuntur?
1313 2934 1469 2990 Sicut
1496 2942 1676 2990 autem
1696 2933 1958 2990 lectiones
1977 2933 2072 2990 Dei

505 3026 746 3096 quotidie
775 3042 914 3098 opus
947 3037 1052 3097 est,
1080 3038 1139 3084 ut
1169 3017 1605 3100 repetantur,°ne
1635 3028 1818 3084 saeculi
1846 3029 1988 3083 mala
2021 3035 2077 3083 et

506 3118 675 3190 Spina:
721 3128 1022 3175 nascantur
1067 3121 1120 3176 in
1165 3121 1426 3177 cordibus
1476 3121 1695 3188 vestris,
1743 3129 1798 3175 et
1843 3119 2079 3176 eﬁ'ocent

505 3227 690 3267 semen
761 3213 907 3283 quod
956 3214 1030 3269 ibi
1089 3214 1418 3271 seminatum
1469 3222 1585 3281 est;
1629 3214 1710 3270 sic
1764 3221 1982 3284 oportet
2024 3222 2078 3269 et

504 3279 811 3357 sermonem
841 3302 936 3358 Dei
964 3296 1358 3374 vobis‘semper
1388 3279 1580 3374 repeti,
1608 3319 1675 3358 ne
1695 3279 1849 3358 obliti
1879 3303 2076 3359 dicatis
2104 3279 2145 3336 θ

505 3410 602 3450 vos
640 3411 747 3450 non
784 3396 1036 3463 audisse,
1080 3397 1224 3466 quod
1262 3396 1498 3452 dicimus
1543 3412 1644 3452 nos
1696 3396 1926 3450 dixisse.
1961 3414 1980 3447 ι
2013 3391 2080 3449 Ει

503 3501 758 3542 sermone
789 3487 823 3540 5
852 3487 906 3542 in
941 3486 1028 3542 die
1052 3486 1432 3544 Pentecostes:
1459 3508 1478 3540 ι
1516 3487 1818 3542 Adventum
1842 3485 2079 3556 Spiritus

502 3579 678 3633 sancti
734 3579 1107 3634 anniversaria
1168 3578 1461 3635 festivitate
1515 3579 1878 3634 celebramus.
1939 3576 2078 3633 Huic

503 3669 764 3725 solemnis
794 3671 1164 3743 congregatio,
1191 3670 1450 3726 solemnis
1470 3663 1651 3735 le'ctio,
1670 3669 1926 3725 solemnis
1958 3685 2076 3725 ser-

505 3776 594 3814 mo
628 3760 912 3816 debetur.»
945 3757 1237 3828 Grsgorius
1267 3753 1744 3825 Nyssenusorat.‘2
1785 3761 1984 3830 (initio)
2011 3761 2078 3816 de

501 3846 840 3904 Besurrrect.
862 3849 1062 3904 Christi
1083 3867 1093 3900 :
1115 3851 1321 3914 Πάντες
1341 3851 1459 3921 μὲν,
1479 3851 1770 3923 ἀγαπητοὶ,
1791 3852 1866 3915 ὡς
1883 3855 2073 3920 εἰπεῖν,

501 3939 850 4010 ἀποδέχονται
880 3941 978 4012 τὴν
1005 3943 1064 3994 ὲν
1090 3942 1344 4014 Κυριακῇ
1385 3943 1539 3996 νυκτὶ
1574 3944 1704 4015 παρ’
1731 3945 1887 4014 ἡμῶν
1928 3946 2076 4018 εἰση-

499 4031 757 4103 γηθεῖσαν
785 4033 1058 4104 ἁρμοδίως
1085 4032 1192 4087 τῶν
1220 4035 1380 4106 ἱερῶν
1402 4035 1746 4105 Εὐαγγελίων
1773 4036 2076 4105 ἀνάγνωσιν

499 4123 628 4193 περὶ
654 4123 753 4193 τῆς
785 4125 1134 4191 ἀναστάσεως
1153 4125 1246 4180 τοῦ
1276 4126 1510 4198 μεγάλου
1539 4125 1674 4180 Θεοῦ
1702 4128 1796 4181 καὶ
1823 4128 2076 4201 Σωτῆρος

403 4268 415 4282 ι
497 4213 654 4286 ἡμῶν
692 4216 865 4285 Ἰησοῦ
907 4217 1165 4290 Χριστοῦ.
1214 4237 1232 4271 ι
1268 4219 1472 4274 Omnes
1517 4219 1736 4290 quidem
1787 4235 2076 4290 propemo-

499 4305 649 4372 dum,
676 4306 879 4375 dilecti,
908 4311 1212 4384 approbaut
1245 4311 1530 4367 lectionem
1577 4325 1858 4366 sacrorum
1896 4311 2075 4366 Evan-

499 4397 788 4468 geliorum,
823 4416 945 4470 quae
983 4415 1014 4455 a
1051 4401 1213 4457 nobis
1261 4411 1421 4457 nocte
1458 4401 1741 4460 Dominica
1789 4404 2074 4460 commode

501 4487 603 4542 fuit
629 4488 1046 4556 introductade
1085 4493 1487 4549 resurrectione
1525 4495 1708 4567 magni
1735 4493 1830 4550 Dei
1869 4503 1924 4551 et
1953 4495 2072 4551 Sal-

499 4579 706 4635 vatoris
743 4581 916 4636 nostri
939 4580 1066 4637 Jesu
1092 4582 1318 4639 Christi.
1350 4603 1370 4638 ι

571 4692 771 4748 Scribit
791 4692 1187 4767 Philostorgius
1217 4697 1333 4769 (lib.
1366 4714 1446 4765 ιιι,
1497 4698 1951 4770 5)Theophilum
1983 4698 2070 4755 ln-

497 4786 626 4840 duut
670 4787 902 4857 legatum
927 4804 956 4842 a
985 4788 1304 4846 Constantio
1329 4791 1581 4859 missum,
1613 4793 1681 4848 ad
1715 4793 1946 4859 Divaeos,
1973 4794 2068 4864 qui

505 4878 620 4932 ludi
660 4889 850 4944 erant,
907 4880 1241 4950 profectum,
1268 4884 1440 4940 multa
1471 4901 1595 4955 quae
1627 4893 1753 4941 ante
1795 4885 1936 4956 apud
1970 4902 2070 4944 eos

499 4970 642 5024 haud
675 4971 779 5026 rite
814 4971 1014 5028 ﬁebant
1048 4975 1391 5038 emendasse,
1412 4986 1466 5030 et
1490 4977 1630 5030 inter
1652 4977 1780 5043 alia,
1813 4977 1959 5047 quod
1993 4978 2069 5032 illi

495 5062 744 5118 sedentes
759 5063 1020 5120 lectiones
1029 5067 1368 5137 evangelieas
1380 5066 1810 5130 audiebant.Kat
1821 5067 1892 5138 γὰ
1899 5086 1930 5140 ρ
1943 5068 2071 5122 καθ’

502 5154 750 5226 εζόμενοι
785 5155 893 5210 τῶν
917 5157 1287 5226 εὐαγγελικῶν
1324 5160 1768 5229 ἀναγνωσμάτων
1790 5159 2070 5214 ἐποιοῦντο

495 5246 595 5319 τὴν
625 5246 909 5319 ἀκρόασιν.
948 5267 967 5300 ι
993 5247 1240 5320 Namque
1261 5251 1510 5306 sedentes
1533 5252 1858 5323 evangelicis
1881 5252 2068 5307 lectio-

497 5340 660 5396 nibus
685 5357 848 5398 aures
875 5342 1210 5412 prrebebant.
1253 5361 1272 5395 ›
1310 5341 1574 5399 Observat
1593 5343 1830 5399 Jacobus
1859 5343 2068 5398 Gotho-

496 5429 679 5488 fredus
710 5431 808 5503 (in
851 5435 978 5492 adn.
1025 5435 1091 5490 ad
1138 5434 1240 5489 loc.
1273 5434 1392 5505 cit.)
1426 5454 1438 5489 :
1476 5454 1495 5488 ι
1531 5434 1594 5490 Ει
1628 5451 1751 5491 cum
1781 5434 2070 5505 Evangelia

496 5521 823 5592 legerentur,
858 5539 1088 5596 quorum
1123 5534 1278 5580 statae
1314 5525 1478 5581 etiam
1514 5535 1781 5596 certaeque
1811 5523 2070 5580 lectiones

498 5607 878 5680 [ἀναγνώσεις,
925 5614 1270 5688 ἀκούσματα]
1304 5625 1462 5671 erant
1485 5615 1679 5687 (cujus
1719 5617 1796 5672 rei
1828 5615 2072 5670 luculen-

503 5707 615 5752 tum
673 5700 813 5756 inter
875 5703 983 5759 alia
1030 5705 1404 5761 testimonium
1458 5715 1639 5762 exstat
1689 5705 1741 5760 in
1799 5703 2070 5776 Hippolyti

2185 2022 2362 2094 βίϐλον
2406 2023 2766 2090 ἀναγινώσκει
2819 2021 3004 2077 ἐνθάδε
3063 2021 3220 2092 μόνος
3268 2023 3297 2074 ὁ
3352 2018 3756 2090 ἀρχιδιάκονος·

2183 2114 2334 2187 παρά
2349 2114 2406 2168 δὲ
2433 2115 2631 2180 ἀλλοις,
2660 2114 2912 2167 διάκονοι·
2944 2115 3000 2169 ὲν
3037 2113 3258 2178 πολλαῖς
3287 2112 3344 2165 δὲ
3383 2109 3765 2180 Ἐκκλησίαις,

2181 2207 2228 2258 οἱ
2267 2207 2428 2277 ἱερεῖς
2461 2205 2628 2276 μόνοι·
2653 2207 2710 2258 έν
2735 2205 2799 2281 Δδὲ
2820 2207 3110 2278 ἐπισήμοις
3141 2204 3405 2276 ἡμέραις,
3442 2201 3763 2264 ἐπίσκοποι,

2180 2297 2255 2363 ὡς
2287 2299 2343 2351 έν
2369 2298 2933 2351 Κωνσταντινουπόλει
2973 2296 3112 2351 κατά
3141 2297 3240 2368 τὴν
3269 2295 3490 2367 πρώτην
3539 2293 3770 2365 ἡμέραν

2180 2391 2278 2463 τῆς
2309 2391 2674 2462 ἀναστασίμου
2704 2391 2914 2462 ἑορτῆς.
2955 2409 2973 2443 ι
3006 2390 3161 2446 Hunc
3220 2390 3382 2444 etiam
3409 2401 3630 2442 sacrum
3660 2401 3764 2439 co-

2180 2485 2352 2539 dicem
2381 2483 2467 2538 hic
2494 2483 2620 2554 legit
2651 2485 2800 2539 solus
2818 2484 3258 2548 archidiaconus,
3293 2480 3435 2549 apud
3459 2479 3596 2534 alios
3619 2493 3767 2532 vero

2179 2578 2396 2636 diaconi
2457 2577 2510 2630 in
2555 2581 2738 2636 multis
2775 2580 2938 2636 etiam
2982 2577 3241 2634 Ecclesiis
3274 2576 3371 2632 soli
3406 2573 3768 2638 sacerdotes,

2180 2670 2372 2733 diebus
2402 2687 2580 2733 autem
2637 2674 2972 2732 solemnibus
3019 2672 3292 2742 episcopi,
3338 2679 3398 2724 ut
3429 2668 3756 2725 Constanti-

2181 2768 2362 2836 nopoli
2387 2769 2561 2838 primo
2592 2769 2678 2823 dic
2709 2767 2978 2835 paschalis
3003 2764 3382 2820 solemnitatis.
3428 2781 3446 2813 ›
3477 2759 3586 2814 Leo
3609 2775 3758 2829 pon-

2179 2863 2310 2918 tifex
2348 2861 2401 2915 in
2431 2873 2682 2918 sermone
2697 2856 2840 2928 (v1.1
2874 2858 2893 2926 )
2931 2857 2982 2911 in
3002 2854 3357 2926 Epiphaniam
3389 2869 3402 2905 :
3439 2871 3456 2903 ι
3485 2851 3761 2918 Quamvis

2178 2969 2306 3025 ergo
2337 2952 2576 3009 narratio
2611 2949 2936 3022 evangelicae
2971 2946 3218 3003 lectionis
3245 2945 3369 3000 illos
3408 2941 3624 3014 proprie
3658 2956 3756 2996 re-

2178 3053 2397 3101 censeat
2415 3043 2553 3109 dies,
2577 3043 2633 3098 in
2656 3043 2857 3114 quibus
2873 3049 2986 3096 tres
3005 3039 3126 3106 viri,
3145 3053 3284 3108 quos
3309 3052 3407 3091 nec
3434 3033 3759 3106 prophetica

2178 3135 2488 3207 praedicatio
2517 3135 2809 3200 docuerat,
2842 3147 2942 3187 nec
2968 3129 3274 3187 testiﬁcatio
3303 3127 3437 3198 legis
3470 3127 3756 3181 instruxe-

2180 3236 2281 3293 rat,
2307 3228 2372 3282 ad
2408 3225 2844 3297 cognoscendum
2873 3223 3043 3279 Deum
3088 3238 3120 3277 ιι
3163 3219 3530 3276 remotissima
3555 3215 3758 3272 Orien-

2179 3319 2246 3374 tis
2280 3325 2429 3387 parte
2463 3324 2760 3381 venerunt;
2803 3317 2906 3371 hoc
2931 3315 3071 3369 idem
3103 3321 3283 3368 tamen
3313 3319 3368 3366 et
3403 3306 3759 3364 manifestius

2177 3427 2323 3465 nunc
2367 3419 2421 3465 et
2458 3408 2735 3480 copiosius
2769 3407 2885 3462 ﬁeri
2911 3407 2966 3462 in
2998 3407 3243 3461 omnium
3277 3412 3592 3458 vocatorum
3623 3400 3756 3454 illu-

2178 3504 2474 3560 minatione
2503 3502 2882 3574 perspicimus.
2926 3519 2945 3553 ι
3000 3498 3268 3555 Maximus
3298 3493 3659 3551 Taurinensis
3695 3492 3755 3546 in

2178 3594 2398 3650 homilia
2443 3611 2495 3648 Ix
2542 3595 2608 3650 de
2653 3593 2998 3670 Epiphania:
3058 3608 3078 3643 ι
3106 3589 3371 3656 Audistis,
3409 3586 3632 3653 fratres,
3668 3585 3752 3640 le-

2177 3687 2408 3742 ctionem
2424 3686 2694 3756 Evangelii
2717 3684 2974 3741 salutaria
2991 3683 3271 3755 praesentis
3283 3680 3386 3735 diei
3409 3687 3756 3736 sacramenta

2179 3779 2535 3852 recitantema
2560 3799 2578 3832 ι
2631 3778 2824 3835 Petrus
2878 3777 3246 3849 Chrysologus
3272 3777 3326 3830 in
3363 3788 3614 3830 sermone
3643 3788 3695 3826 ιιι
3733 3791 3750 3826 :

2183 3888 2202 3923 ι
2237 3870 2359 3941 Agit
2380 3872 2660 3926 nobiscum
2689 3870 2862 3938 Deus,
2897 3869 3007 3939 agit
3040 3869 3094 3922 in
3123 3869 3228 3923 hoc
3255 3867 3486 3931 saeculo,
3517 3878 3586 3918 ne
3617 3862 3758 3932 quul

2176 3961 2332 4016 nobis
2367 3971 2551 4032 pereat
2578 3962 2630 4015 in
2664 3960 2866 4027 futuro,
2899 3960 3040 4014 sicut
3064 3952 3124 4014 ei
3154 3957 3273 4026 ipso
3311 3957 3452 4011 lucet
3477 3953 3753 4025 principio

2177 4053 2442 4110 lectionis.
2476 4072 2496 4108 ›
2527 4052 2592 4108 Ει
2620 4053 2673 4106 in
2700 4065 2948 4108 sermone
2976 4065 3064 4104 xvr
3100 4069 3112 4102 :
3151 4067 3169 4099 ‹
3203 4048 3315 4101 Ibat
3336 4045 3402 4100 ad
3431 4060 3622 4100 eorum
3651 4058 3755 4096 cn-

2176 4162 2312 4213 ram,
2343 4146 2542 4217 quibus
2561 4145 2673 4215 jam
2704 4145 2942 4199 humana
2965 4141 3243 4198 defecerat
3276 4153 3407 4193 cura
3429 4179 3443 4203 ,
3477 4137 3620 4191 sicut
3651 4134 3760 4189 ho-

2173 4237 2360 4293 dierna
2411 4238 2700 4308 probatum
2731 4246 2812 4292 est
2843 4235 3096 4290 lectione.
3137 4253 3155 4286 »
3202 4231 3334 4287 Item
3377 4246 3543 4287 serm.
3573 4241 3749 4283 xvm:

2181 4351 2199 4386 ι
2232 4331 2502 4387 llodierna
2527 4331 2756 4384 lectione
2793 4327 2984 4382 didicit
3027 4334 3265 4380 attentus
3299 4323 3534 4379 auditor.
3566 4340 3586 4374 ι
3639 4319 3751 4375 Le-

2173 4424 2471 4481 ctiouarius
2489 4424 2573 4477 vel
2602 4422 2797 4478 Comes
2825 4419 2966 4490 apud
2997 4417 3296 4473 Pamelium
3319 4426 3468 4470 tomo
3498 4415 3521 4467 l
3557 4412 3748 4467 Litur-

2172 4517 2336 4586 gicam
2384 4512 2562 4568 editus
2587 4519 2700 4576 est,
2736 4525 2846 4580 quo
2872 4507 3219 4564 continentur
3265 4521 3332 4561 ex
3371 4504 3650 4575 prophetis
3694 4512 3755 4558 et

2099 4635 2148 4695 ι)
2173 4605 2432 4678 Apostolo
2481 4603 2742 4659 lectiones
2787 4595 2896 4672 per'
2917 4608 3086 4655 totum
3129 4597 3257 4653 anni
3304 4596 3634 4652 curriculum
3667 4596 3752 4651 le-

2173 4704 2376 4769 gendae,
2409 4715 2504 4770 per
2532 4699 2716 4753 divum
2762 4696 3151 4768 Hieronymum
3187 4694 3458 4757 collectae,
3511 4701 3572 4747 ut
3631 4691 3753 4745 vult

2174 4787 2500 4856 Micrologus
2536 4793 2610 4848 De
2666 4792 2849 4847 cccles.
2903 4791 3127 4858 observ.,
3183 4804 3303 4859 cap.
3351 4788 3456 4852 25',
3503 4796 3558 4842 et
3613 4787 3752 4842 alibi

2167 4884 2386 4952 saepius.
2409 4881 2584 4935 Berno
2615 4880 2902 4951 Augiensis
2926 4879 3002 4933 De
3031 4879 3213 4941 missa,
3237 4884 3289 4929 et
3308 4873 3547 4930 Joannes
3588 4873 3745 4928 Bele-

2166 4973 2294 5029 thus
2348 4971 2562 5026 Ration.
2588 4968 2750 5026 divin.
2780 4969 2872 5038 off.
2901 4969 3124 5038 cap.57,
3152 4981 3199 5027 et
3231 4983 3339 5022 non
3396 4967 3570 5020 multo
3615 4975 3742 5036 post

2175 5084 2194 5116 ι
2222 5063 2456 5118 Musaeus
2481 5058 2834 5118 Massiliensis
2862 5058 3118 5114 Ecclesiae
3140 5057 3442 5129 presbyter,
3478 5074 3497 5108 ι
3545 5065 3608 5110 ιιι
3631 5063 3744 5109 tra-

2171 5155 2252 5211 dit
2275 5151 2588 5209 Gennadius
2612 5151 2686 5206 De
2707 5148 3050 5220 scriptoribus
3071 5146 3441 5201 ecclesiasticis
3471 5147 3615 5215 (cap.
3649 5144 3752 5216 79)

2176 5265 2192 5300 ι
2230 5246 2313 5301 vir
2341 5246 2394 5300 in
2430 5245 2630 5300 divinis
2658 5241 2956 5312 Scripturis
2981 5240 3194 5305 doctus,
3223 5247 3278 5292 et
3306 5237 3362 5291 in
3392 5250 3584 5290 earum
3617 5249 3746 5289 sen-

2170 5339 2324 5395 sibus
2377 5337 2732 5393 subtilissima
2783 5333 3015 5404 quadam
3051 5330 3440 5387 exercitatione
3487 5327 3753 5388 limatus,

2169 5431 2354 5500 lingua
2383 5443 2601 5500 quoque
2646 5425 3028 5490 scholasticus,
3065 5425 3280 5479 hortatu
3314 5420 3490 5478 sancti
3523 5418 3750 5474 Venerii‘

2171 5521 2433 5592 episcopi,
2462 5519 2736 5589 excerpsit
2780 5517 2849 5573 de
2903 5517 3107 5572 sanctis
3154 5513 3452 5584 Scripturis
3480 5512 3755 5568 lectiones.

2173 5613 2339 5668 totius
2362 5605 2731 5666 anni'festivis
2752 5607 2944 5664 diebus
2973 5616 3151 5677 aptas,
3186 5604 3533 5675 responsoria
3554 5603 3744 5666 etiam,

2171 5704 2508 5776 psalmorum
2539 5701 2772 5774 capitula
2808 5700 3142 5770 temporibus
3167 5708 3220 5754 et
3252 5695 3580 5754 lectionibus
3603 5709 3743 5750 con-

571 5815 649 5895 C5)
675 5813 1170 5895 'I!_Ierpreta_tus_est
1193 5833 1370 5895 atque
1403 5823 1572 5895 edidit
1603 5824 1704 5882 hoc
1734 5821 2054 5895 opusculum
2116 5820 2228 5889 ipse
2289 5820 2515 5874 Allatius
2565 5834 2684 5874 cum
2755 5823 3090 5888 syntagmate
3125 5813 3445 5870 doctissimo
3480 5811 3553 5865 De
3579 5825 3751 5880 euge».

505 5881 1077 5956 strin:gt'ho,1.ugtluni
1120 5881 1371 5947 “329.1%.
1405 5893 1473 5948 M.
