4100 6368
349 445 486 501 1213

1192 432 1440 489 LEONIS
1477 429 1748 485 ALLATII
1786 424 2104 483 DlATRlBA
2145 423 2232 478 DE
2271 419 2675 476 THEODORIS.

3437 418 3571 473 l2”

341 557 592 624 gruentia
615 595 630 620 ,
659 555 801 626 quod
833 569 970 623 opus
1000 562 1106 605 tam
1154 548 1522 604 necessarium
1549 560 1579 601 a
1608 544 1900 601 lectoribus
1931 548 1976 602 Δ
2002 538 2160 608 quasi
2185 537 2294 592 Deo
2323 537 2502 592 dicere
2525 549 2709 626 secum
2739 533 2994 626 invicem.
3034 551 3053 583 ι
3089 531 3241 626 Quid
3258 531 3359 626 iste
3380 543 3572 589 cantus

340 647 398 702 in
426 645 665 700 Ecclesia
690 643 970 714 probatur,
986 635 1056 695 ἰιι
1085 638 1382 707 expetitum
1406 644 1460 691 et
1485 633 1898 691 sollicitudinem

341 736 494 790 tollat
515 747 569 792 et
598 750 806 790 moram
828 774 843 798 ,
872 733 1122 803 plebique
1157 731 1366 800 ingerat
1404 726 1684 782 scientiam
1702 767 1718 793 ,
1756 724 1897 779 cele-

342 828 632 896 britatique
659 827 927 881 decorem.
971 845 989 877 ι
1027 823 1222 878 Eadem
1261 822 1456 893 repetit
1484 820 1756 875 Honorius
1789 818 1898 870 Au-

340 915 760 984 gustodunensis
810 913 884 968 De
939 912 1280 982 scriptoribus
1310 910 1402 981 (ιι,
1467 909 1558 979 78)
1591 910 1647 963 in
1694 906 1896 961 Musaeo

339 1004 682 1059 Massiliensi.
711 1002 786 1058 De
815 1000 1114 1071 Scripturis
1135 999 1238 1070 legi
1276 997 1454 1053 solitis
1488 997 1543 1050 in
1575 992 1815 1049 Ecclesia
1842 998 1897 1045 et

337 1108 526 1147 eorum
543 1092 995 1162 expositionibus,
1017 1089 1140 1144 vide
1170 1087 1448 1143 Socratem
1474 1086 1571 1140 lib.
1591 1101 1646 1152 v,
1663 1098 1781 1152 cap.
1802 1079 1893 1144 22,

335 1195 390 1242 ct
413 1185 775 1256 Nicephorum
803 1183 1082 1238 Callistum
1106 1181 1200 1235 lib.
1227 1195 1301 1234 χιι
1323 1217 1339 1244 ,
1371 1193 1492 1256 cap.
1523 1176 1613 1231 54.

406 1275 481 1330 De
521 1275 737 1346 hymnis
778 1269 994 1344 quoque
1035 1270 1303 1328 dubitabit
1351 1267 1616 1322 Rivetus?
1665 1263 1773 1320 Nos
1801 1261 1894 1332 qui

332 1359 565 1436 singulis
606 1365 757 1420 horis
786 1363 842 1418 in
870 1362 1037 1432 gestis
1066 1361 1335 1430 dictisque
1361 1357 1563 1414 Christi
1585 1369 1890 1417 versamur,

332 1458 536 1512 scimus
589 1455 868 1511 Christum
935 1461 1057 1523 post
1096 1465 1309 1508 sacram
1359 1463 1571 1506 caenam
1631 1449 1890 1518 hymnum

330 1548 573 1602 dixisse:
611 1545 925 1614 hortarique
955 1542 1216 1608 Paulum,
1260 1557 1280 1592 ι
1316 1550 1375 1595 ιιι
1411 1556 1512 1595 nos
1539 1540 1768 1594 invicem
1791 1538 1890 1592 do-

329 1653 552 1692 ceamus
571 1678 585 1703 ,
617 1645 780 1705 atque
804 1647 1250 1690 commoneamus
1289 1632 1544 1702 psalmis,
1573 1628 1811 1703 hymnis,
1835 1635 1892 1683 et

327 1729 557 1784 canticis
583 1727 955 1796 spiritualibus
1003 1742 1233 1792 canere,
1269 1745 1288 1778 ι
1326 1724 1398 1780 ad
1427 1723 1642 1778 Coloss.
1673 1735 1762 1787 ιιι,
1800 1717 1884 1773 16.

2001 631 2184 691 fuerit.
2207 629 2405 684 haheat
2435 627 2538 682 sibi
2571 624 2794 680 Rivetus
2824 638 2890 679 ex
2915 621 3170 680 Conrado
3208 623 3564 684 Ritterhusio.

1999 729 2055 774 et
2080 718 2374 775 Francisco
2419 717 2721 780 Balduino,
2765 730 2903 784 quos
2935 715 3015 769 nti
3058 716 3349 785 proprios,
3392 723 3566 788 magis

1997 811 2158 867 etiam
2187 810 2291 865 sibi
2323 809 2587 878 propitios
2611 808 2667 862 in
2703 808 2808 861 hoc
2837 806 3086 878 negotios
3106 807 3565 865 habebit-Carmi-

1998 919 2064 958 na
2093 903 2186 957 illa
2232 901 2667 957 Christianorum
2709 899 2975 954 trifariam
3021 898 3279 955 distincta
3322 909 3450 956 sunt
3496 902 3566 956 ab

1995 993 2274 1064 Apostolo,
2328 993 2382 1047 in
2427 992 2688 1062 psalmos,
2726 991 2988 1064 hymnos,
3028 999 3082 1046 et
3127 993 3261 1048 odas
3310 992 3564 1063 spiritua-

1995 1083 2103 1148 les,
2153 1099 2276 1154 qua:
2323 1083 2567 1138 carmina
2602 1082 2741 1137 inter
2783 1097 2843 1137 se
2889 1082 2962 1137 ita
3003 1081 3220 1138 differre
3253 1092 3463 1154 putant,
3503 1094 3562 1140 ut

1992 1176 2218 1246 psalmis
2268 1175 2642 1245 significentur
2678 1189 3018 1245 quaecunque
3043 1190 3212 1230 sacra:
3248 1176 3560 1242 conciones,

1989 1266 2155 1322 variis
2187 1265 2522 1336 argumentis
2567 1265 2822 1336 scriptae;
2871 1264 3105 1336 hymnis,
3157 1265 3344 1321 laudes
3391 1267 3559 1320 divini

1990 1358 2229 1414 nominis
2259 1360 2344 1414 vel
2383 1367 2731 1426 sanctorum;
2762 1359 2882 1414 odis
2904 1358 3016 1414 sive
3037 1358 3288 1424 canticis,
3319 1360 3558 1428 peculia-

1989 1466 2076 1504 res
2099 1450 2345 1520 quaedam
2384 1460 2439 1507 et
2465 1450 2638 1521 magis
2684 1450 2994 1506 artificiosae
3025 1449 3329 1513 cautiones,
3360 1465 3481 1520 qua:
3507 1459 3561 1506 et

1986 1542 2118 1612 ipsa:
2143 1543 2359 1613 quidem
2382 1544 2698 1598 contineant
2727 1542 2932 1608 laudes,
2956 1542 3050 1598 sed
3087 1543 3402 1610 augustiore
3423 1558 3557 1614 qua-

1986 1633 2111 1690 dam
2149 1643 2203 1688 et
2239 1633 2546 1688 sublimiori
2595 1633 2766 1688 forma
2809 1633 3182 1703 compositae.)
3209 1631 3348 1690 Tum
3366 1636 3560 1702 prohat

1985 1725 2308 1779 auctoritate
2335 1724 2709 1796 Chrysostomi
2737 1725 2922 1780 homil.
2952 1741 3007 1779 ix
3041 1723 3148 1796 (ed.
3171 1723 3360 1780 Montf.
3389 1734 3429 1780 t.
3462 1724 3554 1791 XI,

331 1819 393 1873 Et
423 1819 490 1874 ad
529 1817 792 1888 Ephesios
845 1833 899 1881 v,
952 1816 1017 1871 l9
1051 1834 1064 1871 :
1112 1836 1130 1868 ι
1172 1814 1473 1888 lmplemini
1524 1811 1761 1882 Spiritu,
1809 1808 1885 1862 lo—
1984 1829 2038 1884 p.
2069 1813 2196 1883 599.)
2225 1813 2278 1868 in
2312 1813 2481 1885 Epist.
2535 1815 2602 1869 ad
2637 1815 2850 1875 Coloss.
2893 1816 3130 1887 hymnos
3163 1816 3388 1885 psalmis
3422 1816 3556 1886 ipsis

325 1918 554 1980 quentes
581 1908 984 1978 vobismetipsis
1014 1909 1066 1963 in
1101 1908 1325 1978 psalmis
1354 1916 1409 1963 et
1439 1905 1653 1978 hymnis
1684 1912 1733 1958 et
1759 1918 1886 1958 can-
1920 1897 1962 1951 Β
1989 1905 2306 1960 diviniorem
2360 1923 2473 1961 rem
2529 1922 2652 1961 esse
2708 1920 2873 1977 atque
2929 1908 3325 1963 sublimiorem.
3377 1908 3552 1964 Verba

325 2003 449 2058 ticis
471 2001 840 2072 spiritualibus
859 2042 874 2068 ,
899 2009 1179 2056 cantantes
1194 2041 1210 2067 ,
1242 2008 1295 2056 et
1318 1998 1608 2069 psallentes
1633 1995 1688 2052 in
1711 1995 1885 2051 cordi-

325 2094 427 2155 bus
479 2092 672 2148 vestris
729 2089 979 2145 Domino.
1022 2109 1041 2143 ι
1094 2089 1517 2162 Chrysostomus
1563 2088 1648 2159 (in
1695 2085 1880 2140 Matth.

324 2181 509 2236 homil.
545 2181 753 2250 Lxxxu)
784 2194 1045 2236 enarrans
1074 2180 1184 2247 illa,
1211 2179 1277 2234 Et
1321 2181 1511 2251 hymno
1537 2180 1698 2242 dicto,
1724 2179 1882 2233 exivit

322 2272 375 2325 in
398 2282 623 2330 montem
650 2272 871 2329 Oliveti:
904 2291 922 2325 ι
954 2272 1190 2335 Gratias,
1217 2272 1410 2342 inquit,
1435 2270 1566 2342 agit,
1597 2278 1878 2340 postquam

320 2363 592 2432 dedisset;
635 2363 892 2434 hymnum
924 2363 1142 2427 cecinit,
1169 2373 1228 2416 ut
1262 2379 1360 2417 nos
1387 2377 1606 2431 quoque
1631 2361 1682 2416 id
1704 2361 1878 2431 ipsum

321 2455 608 2513 faciamus.
645 2474 665 2507 ι
700 2455 764 2509 Ει
786 2456 1082 2526 apostolos,
1115 2465 1166 2511 ct
1191 2455 1510 2512 subsecutus
1544 2453 1882 2509 Christianos

315 2546 554 2615 hymnos
579 2563 610 2602 a
643 2563 701 2603 se
734 2547 1086 2618 compositos,
1113 2548 1192 2602 vel
1223 2548 1290 2601 ab
1315 2547 1498 2617 aliquo
1517 2556 1699 2600 vatum
1729 2555 1878 2600 vete-

315 2649 439 2686 rum
487 2635 802 2704 desumptos
843 2637 1146 2702 cecinisse,
1194 2637 1571 2706 exstitisseque
1615 2651 1678 2690 ea
1724 2643 1881 2690 aetate

313 2723 562 2778 carmina
590 2725 766 2794 prisca
798 2742 952 2781 versu
983 2727 1244 2792 trimetro,
1275 2736 1328 2781 et
1355 2726 1584 2797 hymnos
1617 2741 1740 2780 cum
1764 2725 1880 2781 suis

309 2816 629 2873 accentibus
655 2806 975 2872 intersacra
1018 2827 1141 2873 ante
1170 2819 1358 2877 altaria
1389 2819 1654 2884 canenda,
1687 2819 1878 2891 prohat

307 2909 642 2964 testimoniis
695 2908 914 2966 Patrum
957 2910 1192 2968 Joannes
1233 2911 1537 2980 Stephanus
1582 2910 1877 2968 Durantius

303 2998 378 3054 De
402 2999 605 3055 ritibus
661 3000 863 3058 Eccles.
917 3004 1138 3069 cathol.,
1169 3004 1262 3060 lib.
1300 3021 1384 3076 ιιι,
1423 3021 1542 3075 cap.
1585 3005 1671 3062 14.
1698 3004 1763 3069 Ει
1811 3019 1877 3060 ne

305 3107 407 3147 nos
430 3092 492 3149 in
525 3093 661 3152 adeo
691 3095 870 3164 opima
901 3097 1155 3168 lautaque
1180 3113 1334 3153 coena
1353 3097 1522 3169 jejuni
1545 3113 1665 3154 esse
1693 3098 1876 3153 videa-

309 3199 454 3250 mur,
485 3184 804 3254 adjiciemus
832 3178 1092 3243 nonnulla
1115 3205 1236 3260 quae
1274 3198 1465 3256 erunt,
1497 3189 1542 3245 si
1577 3190 1716 3250 ratio
1742 3200 1875 3244 tem-

309 3276 458 3346 poris
495 3278 884 3346 consideretur,
913 3281 1311 3350 antiquissima.
1349 3282 1500 3336 Philo
1525 3280 1743 3338 Judaaus
1778 3281 1870 3336 lib.

313 3365 386 3421 De
421 3368 530 3424 vita
560 3369 613 3433 in
641 3369 1075 3439 contemplatione
1104 3373 1295 3441 posita,
1328 3388 1628 3429 sermonem
1673 3373 1876 3429 habens

306 3457 372 3510 de
407 3456 631 3514 Essenis
659 3499 673 3523 ,
701 3457 1030 3515 Christianis
1078 3460 1284 3515 scilicet
1313 3461 1365 3514 in
1408 3461 1525 3531 ipso
1555 3469 1746 3524 exortu
1775 3458 1874 3514 Ec-

306 3549 507 3614 clesiae,
535 3559 593 3603 ut
618 3550 920 3608 doctissimi
972 3553 1176 3622 quique
1215 3552 1637 3609 afﬁrmatissime
1658 3568 1872 3609 asseve-

229 3655 236 3667 ι
307 3649 459 3705 rant,
495 3649 548 3696 et
592 3639 788 3697 Suidas
823 3643 1035 3696 titulum
1074 3645 1301 3713 prasbuit
1351 3643 1422 3699 De
1466 3645 1573 3700 vita
1614 3643 1873 3700 Christia-

305 3745 526 3794 norum,
577 3731 733 3802 cujus
777 3734 938 3787 verba
984 3733 1296 3791 referuntur
1337 3737 1404 3791 ab
1447 3736 1682 3793 Eusebio
1725 3737 1869 3791 Hist.

263 3843 280 3855 κ
303 3818 430 3871 eccl.
465 3817 559 3872 lib.
596 3835 664 3886 ιι,
689 3837 807 3892 cap.
841 3823 926 3885 Π,
956 3825 1021 3879 de
1043 3841 1230 3881 eorum
1266 3827 1510 3884 ecclesiis
1545 3827 1740 3884 refert:
1786 3830 1872 3882 Ἐν

300 3902 346 3976 ᾧ
371 3909 690 3984 μονούμενοι
717 3913 782 3966 τὰ
806 3916 898 3969 τοῦ
930 3918 1130 3987 σεμνοῦ
1146 3919 1257 3988 βίοι)
1291 3923 1560 3993 μυστήρια
1574 3921 1868 3988 τελοῦνται,

305 4000 475 4071 μηδὲν
509 4003 938 4073 εἰσκομίζοντες,
973 4009 1048 4080 μὴ
1084 4011 1263 4077 ποτρν,
1307 4013 1382 4084 μὴ
1410 4015 1594 4073 σιτίον,
1817 4033 1870 4068 τι

263 4140 266 4142 ν
301 4089 411 4142 τῶν
442 4089 636 4155 ἄλλων,
668 4094 768 4149 ὅσα
802 4097 937 4167 πρὸς
966 4098 1064 4164 τὰς
1095 4099 1186 4154 τοῦ
1214 4100 1461 4173 σώματος
1494 4106 1681 4175 χρείας
1705 4106 1872 4173 ἀναγ-

200 4245 205 4252 ,
274 4185 466 4248 κατα,
498 4183 630 4238 ἀλλὰ
656 4187 851 4257 νόμους
895 4191 987 4243 καὶ
1038 4190 1194 4259 λόγια
1242 4191 1597 4247 θεσπισθέντα
1622 4195 1707 4249 διὰ
1739 4213 1870 4266 προ-

247 4295 252 4299 -
299 4275 508 4344 φητῶν,
535 4277 626 4329 καὶ
653 4277 873 4348 ὕμνους.
916 4299 932 4332 ι
974 4279 1028 4335 In
1057 4298 1165 4352 quo
1190 4283 1264 4336 illi
1282 4282 1350 4336 ab
1383 4284 1504 4339 aliis
1531 4287 1762 4354 separati
1785 4302 1869 4341 sc-

1902 3233 1942 3287 C

1983 1996 2354 2066 Chrysostomi
2383 2009 2508 2052 sunt
2537 2016 2548 2051 :
2583 1998 2747 2051 Ὅταν
2787 1998 2998 2062 τούτοις
3023 2001 3086 2052 ὲκ
3127 1998 3316 2062 παιδὸς
3360 1999 3551 2071 ὲνὰξῃς

1982 2086 2164 2153 nam,
2198 2088 2337 2143 κατὰ
2367 2090 2559 2162 μικρὸν
2594 2090 2694 2143 καὶ·
2715 2091 2807 2142 ἐπὶ
2845 2089 2912 2142 τὰ
2945 2089 3249 2161 ὑψηλότερα
3282 2089 3428 2154 ἄξεις
3453 2109 3467 2121 θ
3503 2093 3552 2144 oi

1981 2176 2182 2248 ψαλμοὶ
2198 2176 2374 2230 πάντα
2402 2177 2628 2248 ἔχουσινε
2650 2179 2699 2232 οἱ
2725 2179 2782 2232 δὲ
2804 2178 2960 2248 ὕμνοι
2991 2177 3150 2233 πάλιν
3173 2179 3325 2235 οὐδὲν
3346 2178 3554 2251 ἀνθρώ-

1984 2286 2153 2322 πινον·
2184 2270 2310 2322 ὅταν
2342 2271 2399 2323 ὲν
2430 2273 2541 2334 τοῖς
2571 2270 2805 2341 ψαλμοῖς
2831 2271 3010 2344 μάθῃ,
3045 2272 3166 2326 τότε
3213 2274 3308 2326 καὶ
3352 2272 3553 2344 ὕμνους

1982 2359 2182 2413 εἴσεται
2226 2361 2321 2414 ἆτε
2367 2361 2631 2433 θειότερον
2665 2364 2912 2434 πρᾶγμα·
2941 2363 2998 2416 αἱ
3025 2362 3133 2435 γὰρ
3159 2363 3271 2418 ἄνω
3295 2365 3551 2435 δυνάμεις

1981 2451 2259 2523 ὑμνοῦσιν,
2280 2453 2340 2506 οὐ
2360 2453 2668 2523 ψάλλουσιν.
2705 2473 2722 2505 ι
2756 2453 2813 2508 Si
2844 2471 2874 2508 a
2896 2469 3066 2524 puero
3090 2456 3209 2510 istis
3237 2455 3551 2512 assuefece-

1981 2542 2056 2597 ris
2089 2558 2236 2605 eum,
2269 2542 2525 2612 paulatim
2555 2551 2608 2598 et
2631 2543 2697 2597 ad
2726 2543 3043 2598 sublimiora
3068 2543 3324 2599 deduccs.
3351 2545 3550 2600 l’salmi

1978 2633 2410 2711 complectuntur
2435 2633 2638 2688 omnia.
2673 2632 2884 2690 Rursus
2917 2646 2971 2689 et
3002 2635 3186 2704 hymni
3214 2649 3434 2705 quoque
3461 2636 3546 2689 ni-

1981 2725 2054 2778 hil
2091 2725 2290 2780 habent
2319 2723 2567 2780 humani.
2605 2724 2759 2791 Quod
2793 2726 2839 2780 si
2891 2726 2946 2780 in
2993 2727 3221 2796 psalmis
3251 2727 3549 2784 instructus

1971 2813 2159 2880 fuerit,
2187 2824 2302 2871 tum
2331 2829 2384 2872 et
2412 2817 2640 2890 hymnos
2663 2818 2922 2888 intelliget
2948 2834 3012 2873 ac
3042 2818 3178 2874 sciet
3218 2828 3404 2889 utpote
3433 2836 3545 2876 rem

1977 2908 2319 2963 diviniorem.
2353 2906 2564 2962 Etenim
2595 2916 2893 2978 potestates
2924 2924 3133 2978 superae
3156 2910 3388 2981 hymnos
3417 2925 3547 2966 con-

1975 2999 2184 3063 einunt,
2214 3013 2322 3052 non
2359 2983 2616 3068 psallunt.
2652 3016 2671 3049 ι
2708 2995 2980 3053 Hactenus
3010 2997 3329 3052 Balduinus.

2048 3087 2414 3151 Tertullianus
2445 3089 2500 3145 in
2553 3088 2813 3159 Apolog.,
2864 3103 2988 3158 cap.
3041 3089 3140 3154 59,
3183 3088 3251 3143 dc
3293 3087 3548 3144 convivio

1973 3178 2409 3235 Christianorum
2437 3199 2452 3234 :
2485 3198 2504 3232 ι
2534 3177 2665 3236 Post
2684 3193 2879 3250 aquam
2902 3179 3210 3234 manualem
3235 3189 3288 3234 et
3317 3180 3544 3248 lumina,

1977 3283 2036 3330 ut
2071 3275 2322 3346 quisquis
2355 3275 2422 3330 de
2447 3274 2746 3345 Scripturis
2764 3273 2988 3337 sanctis,
3019 3273 3099 3328 vel
3131 3273 3196 3328 de
3222 3273 3442 3343 proprio
3469 3274 3547 3327 in-

1974 3367 2131 3440 genio
2165 3375 2360 3435 potest,
2399 3375 2725 3438 provocatur
2760 3365 2814 3418 in
2838 3365 3077 3418 medium
3109 3363 3218 3420 Deo
3261 3380 3477 3422 canere.
3519 3382 3540 3416 ι

1974 3460 2105 3513 ltem
2146 3459 2243 3521 l-ib.
2278 3476 2316 3514 ιι
2340 3460 2417 3530 (ἱιι
2453 3460 2578 3526 line)
2620 3459 2700 3517 Ad
2746 3474 2992 3524 umorem,
3035 3455 3372 3521 Christianos
3424 3471 3546 3510 sese

1973 3559 2165 3606 mutuo
2196 3565 2542 3620 provocasse,
2573 3550 2698 3620 quis
2730 3549 2925 3603 melius
2968 3547 3100 3602 Deo‘
3127 3561 3230 3600 suo
3274 3554 3492 3601 caneret
3526 3561 3541 3598 :

1975 3657 2148 3711 neque
2178 3640 2352 3695 solum
2386 3641 2440 3694 in
2465 3641 2694 3696 ecclesia
2724 3648 2819 3694 aut
2863 3648 3030 3702 coetu,
3069 3636 3166 3693 sed
3218 3637 3272 3690 in
3319 3635 3544 3706 privatis

1971 3733 2405 3788 Christianorum
2455 3732 2701 3798 aedibus,
2741 3732 2981 3802 psalmos
3039 3730 3388 3787 concinuisse
3444 3730 3541 3784 ait.

1970 3823 2129 3880 Certe
2152 3823 2206 3877 in
2230 3823 2316 3889 iis,
2349 3833 2406 3877 ut
2431 3823 2484 3876 in
2511 3822 2741 3879 ecclesia
2768 3863 2782 3887 ,
2829 3837 3017 3892 preces
3062 3821 3314 3877 sonuisse
3352 3807 3545 3878 scribit

1969 3913 2275 3985 Cyprianus
2308 3914 2375 3968 ad
2403 3923 2679 3984 martyres.
2708 3911 2812 3966 Sed
2840 3921 2895 3966 et
2924 3911 3177 3966 Clemens
3222 3910 3543 3964 Alexandri-

1971 4022 2075 4062 nus
2109 4006 2204 4061 lib.
2231 4022 2307 4060 vn
2339 4005 2479 4076 (cap.
2507 4005 2566 4075 ‘7)
2598 4004 2928 4059 Stromatum
2962 4002 3165 4056 indicat
3216 4001 3386 4057 moris
3405 4001 3544 4055 fuis-

1971 4113 2050 4164 se,
2078 4106 2139 4151 ut
2165 4112 2289 4152 cum
2317 4097 2499 4151 cibum
2525 4108 2804 4151 sumerent
2828 4094 3144 4159 Christiani,
3170 4092 3363 4163 psalmi
3385 4094 3540 4163 hym-

1969 4187 2136 4256 nique
2165 4193 2542 4258 personarent,
2579 4197 2683 4241 etc.
2723 4185 2838 4240 Erit
2875 4200 3005 4253 ergo
3051 4199 3270 4238 carmen
3320 4197 3539 4250 canere,

1973 4278 2200 4350 hymnos
2259 4276 2313 4331 in
2362 4276 2549 4334 laudes
2593 4276 2763 4336 divini
2808 4277 3048 4333 nominis
3094 4275 3178 4329 vel
3222 4283 3538 4330 sanctorum

230 4432 232 4434 ν
296 4365 581 4434 iunctique
607 4367 727 4421 vita:
757 4369 857 4438 pia:
891 4371 1146 4441 mysteria
1172 4373 1393 4440 obeunt,
1416 4373 1657 4443 nihilque
1689 4389 1754 4429 eo
1785 4374 1868 4428 vel

1977 4367 2313 4438 conscriptos
2345 4367 2654 4424 concinere.
2702 4368 2928 4435 Auctor,
2959 4367 3055 4440 qui
3101 4369 3204 4424 sub
3235 4368 3540 4424 Commodo

297 4454 425 4518 eihi,
463 4455 545 4508 vel
575 4457 832 4525 potionis,
860 4448 943 4513 vel
975 4460 1205 4514 aliarum
1249 4476 1450 4529 rerum,
1483 4478 1605 4534 qua:
1646 4464 1713 4519 ad
1747 4478 1869 4522 cor-
1969 4458 2238 4513 scribebat
2261 4459 2520 4515 adversus
2549 4459 2862 4516 Artemonis
2881 4460 3155 4527 haeresim,
3180 4470 3240 4514 ut
3269 4476 3333 4515 ex
3366 4459 3536 4514 Euse-

204 4572 206 4575 -
301 4547 453 4612 poris
489 4562 648 4602 usum
694 4551 1014 4606 necessariae
1052 4561 1212 4621 sunt,
1246 4555 1470 4610 omnino
1499 4572 1684 4611 secum
1732 4555 1866 4610 infe-

1977 4548 2044 4602 bii
2074 4546 2319 4602 Historia
2344 4546 2659 4610 ecclesiast.,
2694 4549 2787 4603 lib.
2814 4565 2868 4616 v,
2895 4563 3013 4618 cap.
3040 4547 3540 4614 27,discimus,suh

271 4645 465 4692 'runt:
527 4639 620 4693 sed
669 4641 816 4710 leges
872 4650 925 4696 et
960 4646 1181 4698 oracula
1214 4661 1244 4700 a
1284 4647 1564 4717 prophetis
1601 4646 1863 4704 divinitus

294 4729 460 4795 edita,
493 4731 849 4803 hymnosque.
888 4755 908 4788 ι
942 4735 1006 4791 Ει
1027 4737 1163 4792 infra
1191 4740 1363 4810 magis
1389 4750 1572 4810 aperte
1601 4765 1614 4795 -.
1651 4739 1777 4794 ὡστ’
1800 4741 1862 4794 οὗ

295 4813 560 4886 θεωροῦσι
620 4820 812 4890 μόνον,
857 4823 991 4878 ἀλλὰ
1050 4826 1154 4888 καὶ
1198 4827 1441 4884 ποιοῦσιν
1501 4829 1720 4901 ᾄσματα
1770 4832 1864 4886 καὶ

295 4903 498 4976 ὕμνους
523 4911 609 4973 είς
655 4913 746 4967 τὸν
790 4914 922 4969 Θεὸν
962 4916 1050 4971 διὰ
1100 4921 1368 4974 παντοίων
1401 4923 1613 4994 μέτρων
1643 4925 1735 4979 καὶ
1767 4942 1863 4994 με-

293 4996 432 5066 λῶν,
485 4999 714 5072 ρύθμοις
753 5008 1100 5081 σεμνοτέροις
1135 5011 1444 5081 ἀναγκαίως
1475 5014 1856 5086 χαράσσοντες.

300 5108 318 5140 σ
355 5090 431 5187 Ita
470 5093 630 5187 plane
674 5112 781 5151 non
832 5103 1274 5176 contemplationi
1309 5107 1484 5162 solum
1511 5124 1573 5164 se
1615 5109 1861 5187 dedunt,

201 5177 204 5180 ’
293 5182 386 5236 sed
416 5183 584 5238 etiam
617 5188 899 5247 cantioncs
932 5203 986 5248 et
1008 5195 1239 5266 hymnos
1264 5197 1329 5251 ad
1361 5197 1454 5252 Dei
1481 5199 1695 5256 laudem
1718 5177 1862 5255 com-I

301 5281 509 5360 ponunt
541 5278 691 5330 omni
719 5289 1020 5337 metrorum
1050 5300 1115 5341 ac
1135 5283 1562 5342 medulationum
1593 5306 1807 5360 genere.
1836 5311 1854 5344 ι

293 5359 501 5420 Plinius
536 5368 557 5435 (
569 5383 746 5438 neque
776 5373 921 5427 enim
969 5376 1284 5433 absurdum-
1315 5378 1477 5435 fuerit
1517 5359 1617 5438 ad,
1640 5393 1862 5443 nostras.

293 5465 378 5504 res
405 5457 858 5525 comprobandas,
883 5477 950 5517 ex
982 5464 1218 5524 inimicis
1251 5469 1506 5528 Ecclesiae
1550 5472 1857 5528 testimonia

294 5549 532 5611 sumere)
573 5544 627 5599 in
667 5549 898 5618 epistola
929 5555 995 5607 ad
1041 5555 1337 5627 Trajanum
1378 5562 1498 5632 (lib.
1528 5578 1604 5631 ι,
1653 5565 1743 5635 97)
1791 5566 1860 5618 de

295 5635 618 5695 Christianis
651 5657 666 5693 :
701 5660 719 5692 ι
748 5642 1102 5703 Afﬁrmabant
1127 5661 1308 5707 autem
1333 5655 1474 5712 hanc
1506 5656 1679 5713 fuisse
1703 5674 1855 5714 sum-

308 5739 432 5780 Inan
461 5728 547 5782 vel
574 5728 741 5799 culpa:
774 5749 887 5794 sua:
916 5738 998 5792 vel
1024 5742 1224 5794 erroris
1245 5783 1259 5807 ,
1309 5750 1454 5813 quod
1483 5756 1665 5803 essent
1711 5751 1859 5806 soliti

284 5824 424 5870 ⁵⁸³³ίο
461 5813 550 5874 δίε
576 5832 698 5878 ωιῑο
723 5826 894 5883 lucem
929 5835 1237 5892 convenire.
1268 5848 1596 5906 carmenque
1635 5839 1859 5898 Christo

1971 4641 2146 4708 initio,
2179 4641 2517 4698 canticorum
2541 4650 2596 4697 et
2618 4642 2941 4713 hymnorum
2975 4632 3028 4694 in
3061 4644 3236 4712 ipsum
3259 4640 3536 4696 Christum

1969 4747 1998 4786 a
2027 4733 2274 4789 ﬁdelibus
2305 4733 2574 4789 editorum
2604 4733 2855 4788 meminit
2891 4752 2904 4788 :
2939 4733 3157 4804 Ψαλμοὶ
3191 4734 3246 4788 δὲ
3286 4735 3398 4787 ὅσοι
3447 4735 3542 4786 καὶ

1967 4824 2101 4896 ᾠδαὶ
2153 4825 2397 4896 ἀδελφῶν
2455 4826 2548 4878 ἀπ’
2601 4827 2776 4899 ἀρχῆς
2841 4827 2945 4881 ὑπὸ
3000 4827 3202 4881 πιστῶν
3247 4829 3580 4900 γραφεῖσαικ

1966 4915 2060 4968 τὸν
2093 4915 2263 4984 Λόγον
2292 4915 2384 4969 τοῦ
2411 4915 2545 4970 Θεοῦ
2565 4917 2657 4970 τὸν
2694 4917 2928 4989 Χριστὸν
2970 4917 3197 4989 ὑμνοῦσι
3228 4917 3537 4986 θεολογοῦν-

1965 5010 2074 5070 τες.
2115 5023 2135 5058 ι
2169 5006 2448 5078 Quotquot
2476 5009 2604 5063 item
2634 5010 2829 5078 psalmi
2860 5009 3244 5080 atquehymni
3269 5009 3338 5062 ab
3379 5007 3535 5061 initio

1967 5099 2265 5168 (nascentis
2283 5114 2475 5169 nempe
2492 5111 2614 5170 post
2628 5099 2905 5157 Christum
2924 5099 3197 5164 Ecclesia)
3223 5114 3253 5153 a
3275 5098 3536 5154 fratribus

1965 5191 2282 5260 conscripti,
2314 5191 2370 5245 bi
2399 5205 2589 5248 omnes
2610 5192 2888 5248 Christum
2912 5191 3146 5248 Verbum
3177 5190 3268 5245 Dei
3293 5189 3545 5260 concele-,

1966 5285 2164 5349 brant,
2212 5283 2551 5339 divinitatem
2598 5287 2647 5340 ei
2697 5285 3002 5341 tribuendo.
3048 5303 3067 5336 ι
3111 5282 3177 5336 Ει
3213 5283 3266 5336 in
3301 5282 3533 5340 concilio

1965 5377 2306 5443 Antiocheno
2348 5377 2452 5432 sub
2494 5377 2787 5432 Aureliano
2821 5375 2962 5445 apud
2995 5367 3386 5429 eumdem'lib.
3434 5388 3531 5440 νιι,³

1965 5485 2084 5540 cap.
2117 5471 2206 5536 50,
2236 5471 2376 5526 inter
2403 5470 2508 5526 alia
2533 5470 2761 5524 crimina
2792 5467 2962 5522 Paulo
2998 5466 3355 5522 Samosateno
3381 5466 3533 5538 obje-

1963 5571 2073 5629 cta,
2107 5578 2214 5617 non
2241 5557 2575 5632 postreme
2616 5561 2792 5616 locum
2830 5559 3092 5627 obtinuit,
3131 5573 3256 5614 cum
3290 5559 3532 5628 psalmos

1962 5664 2015 5709 ct
2043 5662 2256 5719 cantus,
2287 5655 2381 5724 qui
2411 5655 2476 5708 ad
2500 5668 2599 5709 sua
2629 5651 2938 5720 temporain
2969 5651 3256 5705 Dominum
3282 5660 3528 5705 nostrum

1963 5729 2856 5815 recitari.solebant,.explosisse,
2897 5755 2951 5798 ct
2992 5745 3046 5797 in
3094 5742 3269 5797 media
3300 5739 3528 5796 ecclesia

1962 5843 2188 5910 solemni
2223 5839 2502 5898 Paschalis
2538 5841 2625 5896 die
2656 5839 2942 5908 mulieres,
2980 5854 3101 5909 qua:
3144 5836 3445 5894 cantilenas
3477 5837 3537 5900 in
