4100 6378
588 421 725 478 IIIS

1477 413 1724 472 moms
1759 394 2035 470 ALLATII
2070 402 2394 467 DlATRlBA
2433 409 2523 465 ne
2560 410 2973 469 THEODURIS.

3688 407 3815 466 ηιδ

585 541 758 611 ipsius
783 541 970 596 laudes
1000 539 1310 605 funderent,
1345 538 1716 593 introduxisse
1748 556 1760 591 :
1791 535 2056 606 Ψαλμοὺς
2096 534 2157 588 δὲ

2259 534 2516 607 φέροντες
2543 535 2699 601 φῶτα
2728 535 2799 590 ἐκ.
2819 533 2927 589 τῶν
2960 534 3197 606 κηρίνων
3223 532 3550 605 λαμπάδιον,
3580 532 3681 603 τῆς
3725 534 3815 604 βα-

581 640 710 703 cch;
738 637 839 709 μὲν
868 639 947 700 είς
978 637 1068 688 τὸν
1100 634 1301 707 Κύριον
1324 633 1480 705 ἡμῶν
1514 632 1720 704 Ἰησοῦν
1743 630 1978 703 Χριστὸν
2018 628 2156 683 παύ-

585 742 705 790 σας,
727 726 803 789 ὡς
823 725 885 796 δὴ
908 724 1224 795 νεωτέρους,
1247 723 1342 777 καὶ
1360 724 1637 794 νεωτέρων
1656 720 1864 794 ἀνδρῶν
1887 719 2162 791 συγγράμ-

589 836 756 892 ματα,
784 820 864 882 είς
888 817 1077 871 ἐαυτὸν
1103 817 1159 870 δὲ
1193 818 1257 869 ἐν
1286 817 1423 888 μέσῃ
1453 819 1519 887 τῇ
1554 816 1842 887 ἐκκλησίᾳ,
1861 817 1926 886 τῇ
1949 814 2159 886 μεγάλῃ

580 909 678 963 τοῦ
706 908 896 979 Πάσχα
923 908 1129 980 ἡμέρα,
1172 907 1483 978 ψαλμῳδεῖν
1516 908 1779 974 γυναῖκας
1815 902 2162 977 παρασκευά-

564 1003 710 1067 {mw
748 996 823 1056 ὧν
846 1002 942 1056 καὶ
967 1000 1205 1064 ἀκούσας
1235 1002 1300 1056 ἄν
1326 1017 1411 1064 τις
1437 999 1696 1071 φρίξειεν.
1741 1017 1758 1051 ι
1811 997 2060 1054 Psalmos
2109 1005 2163 1051 et

583 1100 800 1155 cantus,
832 1092 926 1162 qui
958 1092 1024 1146 ad
1060 1090 1277 1145 Domini
1306 1091 1480 1145 nostri
1511 1088 1639 1144 Jesu
1669 1089 1871 1144 Christi
1896 1090 2158 1143 honorem

583 1184 861 1239 decantari
890 1184 1157 1249 solebant,
1189 1192 1451 1253 tanquam
1486 1181 1836 1247 recentiores,
1879 1191 1934 1237 et
1964 1196 1995 1235 a
2028 1180 2161 1235 viris

585 1280 907 1334 recentioris
940 1279 1220 1334 memoriae
1254 1280 1449 1346 editos,
1477 1278 1711 1348 explosit
1744 1296 1757 1331 :
1791 1284 1846 1331 et
1890 1276 1945 1330 in
1983 1274 2160 1329 media

584 1371 835 1434 ecclesia,
855 1371 1087 1426 solemni
1116 1370 1401 1426 Paschalis
1431 1369 1540 1435 die,
1573 1369 1849 1433 mulieres,
1881 1382 2003 1438 quae
2030 1383 2161 1422 can-

584 1463 801 1527 tilenas,
833 1478 971 1532 quas
990 1462 1037 1518 si
1066 1462 1341 1533 quispiam
1376 1463 1609 1527 audiret,
1634 1463 1795 1532 plane
1814 1462 2160 1515 exhorresce-

584 1564 690 1620 ret,
726 1556 781 1611 in
815 1556 986 1625 ipsius
1016 1542 1232 1625 lahdem
1264 1554 1589 1621 funderent,
1631 1553 1986 1623 comparavit.
2042 1571 2061 1604 ›
2099 1551 2157 1607 S.

584 1649 920 1719 Augustinus
948 1649 1002 1703 in
1046 1636 1278 1718 epistola
1314 1648 1537 1716 11,34,
1579 1663 1702 1718 quae
1736 1656 1821 1702 est
1852 1647 1920 1701 ad
1957 1646 2161 1701 Janua»

584 1743 729 1795 rium
760 1761 773 1796 :
809 1760 827 1793 ι
861 1740 991 1796 Sine
1022 1742 1366 1797 dubitatione
1400 1741 1714 1796 faciendum
1749 1749 1833 1795 est
1858 1781 1873 1805 ,
1923 1739 2160 1794 maxime

584 1834 641 1889 id
675 1834 821 1904 quod
850 1835 1011 1888 etiam
1035 1835 1101 1889 de
1125 1833 1422 1903 Scripturis
1450 1833 1662 1888 defendi
1695 1842 1893 1903 potest;
1924 1832 2065 1887 sicut
2093 1832 2158 1885 de

586 1924 805 1996 hymnis
836 1934 890 1978 et
922 1925 1150 1993 psalmis
1176 1924 1460 1988 canendis,
1487 1910 1617 1978 cum
1657 1933 1711 1978 et
1739 1924 1911 1993 ipsius
1943 1920 2157 1975 Domini

583 2024 639 2070 et
667 2015 1034 2085 apostolorum
1054 2015 1369 2081 habeamus
1398 2016 1727 2069 documenta
1750 2024 1803 2069 et
1835 2014 2077 2084 exempla
2107 2022 2162 2069 et

556 2118 870 2176 .przecepta.
944 2126 963 2159 ι
1007 2106 1319 2164 Concilium
1373 2107 1694 2162 Toletanum
1742 2122 1796 2160 IV
1850 2107 1959 2175 (ed.
2006 2106 2157 2161 card.

584 2197 891 2264 Aguirrii-‘t.
928 2195 1016 2261 lli,
1048 2215 1101 2268 p.
1121 2198 1271 2268 568),
1292 2210 1395 2265 cap
1430 2198 1518 2263 l5,
1545 2198 1688 2268 quod
1710 2196 1979 2252 Baronins
2005 2210 2161 2253 vocat

461 2343 478 2360 ο
585 2290 999 2357 celeberrimum
1026 2300 1080 2344 et
1107 2291 1357 2360 generale
1389 2289 1491 2361 (ι),
1524 2290 1688 2344 tradit
1728 2305 1743 2341 :
1784 2308 1801 2340 ι
1840 2289 1914 2343 De
1944 2289 2159 2361 hymnis

584 2382 748 2435 etiam
773 2384 1057 2449 canendis,
1089 2392 1143 2438 et
1169 2382 1467 2438 Salvatoris
1492 2391 1546 2437 et
1571 2383 1941 2459 apostolorum
1990 2382 2159 2437 habe-

584 2488 709 2527 mus
735 2474 1064 2544 exemplum.
1099 2494 1117 2527 ι
1147 2473 1378 2544 Operam
1406 2475 1523 2545 ipse
1551 2476 1854 2545 perderem,
1873 2475 1920 2530 si
1945 2490 2066 2546 quas
2091 2474 2159 2528 ad

585 2565 727 2620 hanc
752 2567 1032 2621 veritatem
1058 2566 1489 2622 confirmandam
1531 2567 1770 2637 faciunt,
1816 2583 1881 2624 ex
1932 2567 2158 2623 Patrum

589 2659 807 2728 scriptis
830 2659 1161 2730 colligerem.
1190 2661 1413 2716 Certum
1451 2671 1536 2718 est
1566 2677 1695 2734 ergo
1728 2672 1780 2717 et
1828 2672 1951 2716 ante
1996 2662 2158 2716 Chri-

588 2760 756 2816 stum,
794 2762 848 2805 et
870 2752 1059 2806 eodem
1112 2753 1292 2809 adhuc
1324 2757 1644 2823 superstite,
1688 2765 1741 2809 et
1770 2755 1952 2810 statim
1996 2762 2160 2822 atque

585 2842 639 2895 in
668 2844 865 2897 celum
898 2844 1163 2911 ascendit,
1196 2855 1321 2899 ante
1349 2847 1513 2900 etiam
1559 2848 1735 2917 ipsum
1786 2845 2155 2901 Thaumatur—

583 2947 735 3001 gum,
774 2931 956 2987 fideles
1004 2933 1057 2986 in
1105 2935 1333 2989 ecclesia
1388 2936 1640 3007 hymnos,
1690 2938 1783 3007 qui
1837 2935 1934 2992 Dei
1972 2938 2158 2994 laudes

583 3023 946 3092 continerent,
975 3026 1316 3099 decantasse.

651 3112 769 3168 Non
795 3124 877 3169 est
906 3124 1083 3172 tamen
1129 3120 1498 3186 praetereunda
1543 3122 1838 3178 auctoritas
1889 3121 2153 3193 Socratis,

2259 626 2457 690 σιλίδος
2484 625 2741 692 Εὺδοξίας
2774 625 3118 698 παρεχούσης
3147 624 3245 695 τὴν
3279 626 3360 687 είς
3390 622 3532 679 αὐτὰ
3561 625 3812 693 δαπάνηνο

2257 719 2458 789 πλῆθος
2479 720 2629 783 ὄντες
2648 722 2698 774 οἱ
2733 719 3153 791 Ἀρειανίζυντες
3173 718 3268 772 καὶ
3287 717 3582 789 ζηλοτυπίᾳ
3602 717 3817 789 ληφθέν-

2255 813 2381 902 τες,
2430 809 2731 880 ἀμύνεσθαί
2770 828 2830 864 τε
2859 850 2873 872 ,
2936 810 3031 864 καὶ
3083 809 3474 880 συμπληγάδες
3513 809 3817 881 ἐπεχείρουν

2258 901 2429 955 ποιεῖν
2451 919 2464 932 ’
2501 902 2581 956 ἔτι
2616 903 2725 975 γὰρ
2756 904 2820 956 ἐκ
2844 904 2945 974 τῆς
2976 901 3352 974 προλαϐούσης
3387 902 3701 967 δυναστείας
3736 901 3816 956 ἐν-

2256 990 2447 1064 Θερμοί
2478 1008 2535 1045 τε
2572 986 2708 1064 πρὸς
2732 981 2910 1064 μάχην
2928 990 3087 1065 ἦσαν,
3120 995 3213 1048 καὶ
3240 994 3603 1071 κατεφρόνουν
3628 993 3815 1047 αὐτῶν·

2262 1084 2337 1153 μὴ
2373 1083 2737 1155 μελλήσαντες
2767 1081 2860 1138 οὖν
2880 1087 2937 1137 ἐν
2970 1087 3068 1156 μιᾷ
3088 1085 3196 1159 τῶν
3216 1084 3426 1139 νυκτῶν
3447 1083 3818 1157 συγκρούουσι,

2259 1175 2354 1228 καὶ
2380 1175 2629 1245 βάλλεται
2658 1177 2761 1247 μὲν
2790 1176 2924 1247 λίθῳ
2951 1176 3093 1232 κατά
3128 1177 3380 1248 μετώπου
3420 1178 3633 1248 Βρίσων
3671 1178 3699 1230 ό
3731 1179 3821 1250 τῆς

2260 1266 2527 1338 βασιλίδος
2553 1269 2825 1341 εὐνοῦχος,
2861 1270 3170 1342 συγκροτῶν
3206 1272 3327 1325 τότε
3357 1273 3483 1335 τοὺς
3533 1271 3818 1342 ὑμνῳδούς·

2257 1358 2583 1414 ἀπόλλυνται
2614 1359 2670 1413 δὲ
2697 1361 2789 1414 καί
2823 1379 2965 1426 τινες
3000 1361 3093 1416 τοῦ
3123 1362 3251 1417 λαοῦ
3279 1360 3338 1428 ἐξ
3366 1363 3689 1435 ἀμφοτέρων
3724 1364 3823 1417 τῶν

2262 1452 2464 1525 μερῶν*
2508 1454 2597 1524 ὑφ’
2631 1448 2713 1518 οἷς
2739 1454 2979 1525 κινηθεὶς
3019 1456 3049 1508 ὁ
3096 1455 3346 1527 βασιλεὺς
3374 1455 3667 1510 διεκώλυσε
3707 1457 3826 1522 τοὺς

2226 1617 2230 1623 _
2271 1547 2581 1617 ’Δρειανοὺς
2605 1547 2704 1611 τάς
2725 1548 3048 1617 ὑμνολογίας
3074 1551 3132 1603 ἐν
3152 1549 3230 1620 τῷ
3253 1549 3497 1620 δημοσίῳ
3523 1552 3716 1603 ποιεῖν·
3739 1548 3825 1603 καὶ

2258 1638 2326 1692 τά
2350 1640 2447 1710 μὲν
2480 1640 2995 1712 λεγόμεναητοιαῦτα
3022 1637 3111 1714 ἦν.
3133 1640 3364 1696 Λεκτέον
3394 1641 3451 1694 δὲ
3474 1642 3571 1696 καὶ
3594 1641 3713 1695 ὅθεν
3735 1641 3826 1714 τὴν

2258 1732 2432 1804 ἀρχὴν
2462 1732 2652 1788 ἐλαϐεν
2680 1735 2712 1803 ή
2742 1733 2885 1788 κατά
2918 1734 3044 1798 τοὺς
3077 1733 3411 1804 ἀντιφώνους
3444 1733 3649 1805 ὕμνους
3681 1735 3737 1787 ὲν
3762 1736 3823 1806 τῇ

2260 1825 2523 1898 ἐκκλησίᾳ
2571 1826 2848 1898 συνήθειαι
2902 1828 3159 1896 Ἰγνάτιος
3216 1827 3544 1898 Ἀντιοχείας
3596 1827 3694 1899 τῆς
3735 1826 3828 1880 Συο

2264 1916 2402 1988 ρίας,
2429 1918 2611 1990 τρίτος
2628 1917 2738 1971 ἀπὸ
2760 1918 2854 1972 τοῦ
2884 1917 3179 1971 ἀποστόλου
3210 1917 3413 1989 Πέτρου
3440 1917 3753 1981 ἐπίσκοπος,
3773 1917 3828 1980 ὃς

2262 2012 2355 2062 καὶ
2383 2013 2494 2074 τοῖς
2524 2011 2838 2074 ἀποστόλοις
2858 2011 3039 2074 αὐτοῖς
3066 2010 3456 2082 συνδιέτριψεν,
3475 2011 3742 2064 ὀπτασίαν
3764 2006 3829 2063 εἶ-

2259 2101 2346 2153 δεν
2382 2101 2626 2171 ἀγγέλων
2659 2102 2747 2156 διὰ
2781 2102 2891 2156 τῶν
2936 2100 3251 2170 ἀντιφώνων
3304 2100 3489 2171 ὕμνων
3525 2100 3627 2173 τὴν
3675 2101 3827 2169 ἁγίαν

2261 2197 2463 2269 Τριάδα
2487 2197 2820 2268 ὑμνούντων,
2849 2198 2942 2251 καὶ
2963 2198 3054 2250 τὸν
3073 2198 3272 2268 τρόπον
3284 2196 3379 2250 τοῦ
3401 2196 3679 2268 ὁράματος
3694 2197 3757 2266 τῇ
3774 2196 3828 2247 ἐν

2256 2288 2534 2360 Αντιοχεία
2599 2292 2892 2363 Ἐκκλησία
2911 2291 3241 2363 παρέδωκεν·
3266 2289 3387 2344 ὅθεν
3410 2291 3503 2344 καὶ
3548 2291 3610 2343 ἐν
3640 2290 3829 2353 πάσαις

2256 2386 2378 2445 ταῖς
2411 2381 2753 2453 Ἐκκλησίαις
2776 2383 2913 2456 αὕτη
2948 2386 2980 2455 ἡ
3014 2385 3318 2457 παράδοσις
3354 2383 3530 2453 ἐδόθη*
3563 2374 3717 2446 οὗτος
3740 2382 3826 2453 μὲν

2258 2468 2350 2526 οὖν
2371 2473 2399 2525 ό
2423 2471 2552 2543 περὶ
2574 2471 2679 2525 τῶν
2698 2470 3011 2541 ἀντιφώνων
3037 2471 3222 2543 ὕμνων
3242 2472 3396 2540 λόγος
3412 2472 3583 2525 ἐστίν.
3609 2491 3626 2523 ι
3651 2469 3824 2525 Ariani

2259 2571 2415 2616 extra
2444 2559 2637 2617 urbem
2669 2571 2972 2618 conventus
3017 2563 3268 2632 agebant.
3318 2563 3504 2632 itaque
3533 2577 3660 2618 cum
3700 2559 3827 2615 festa

2258 2654 2525 2725 cujusque
2554 2656 2903 2711 hebdomadaa
2937 2657 3317 2724 occurrebant,
3356 2655 3611 2710 videlicet
3635 2654 3829 2709 Sabba-

2259 2756 2372 2802 tum
2402 2756 2457 2803 et
2485 2747 2601 2803 dies
2636 2746 2974 2811 Dominicus,
3016 2748 3070 2803 in
3116 2749 3319 2819 quibus
3351 2759 3657 2805 conventus
3682 2748 3733 2803 in
3752 2762 3827 2802 ec-

2258 2841 2438 2896 clesiis
2488 2840 2606 2895 ﬁeri
2648 2841 2846 2906 solent,
2903 2841 2978 2895 illi
3022 2842 3164 2896 intra
3194 2851 3381 2912 portas
3403 2841 3644 2897 civitatis
3696 2841 3828 2896 circa

2258 2935 2503 3003 porticus
2541 2934 2595 2988 in
2623 2950 2796 2989 unum
2845 2935 3180 3005 congregati,
3212 2943 3408 2990 cantus
3441 2941 3570 3004 apte
3599 2932 3828 3005 opinioni

2259 3026 2475 3081 Arianae
2502 3026 2892 3096 respondentes
2917 3067 2931 3091 ,
2965 3041 3106 3096 quos
3149 3027 3249 3096 ipsi
3291 3036 3738 3097 composuerant,
3765 3024 3830 3078 al-

2259 3119 2510 3173 ternatim
2536 3119 2804 3173 canebant
2846 3138 2858 3173 :
2891 3119 3056 3188 idque
3095 3135 3192 3189 per
3219 3118 3480 3189 majorem
3516 3118 3695 3173 noctis
3720 3132 3829 3187 par-

582 3207 711 3263 licct
736 3211 1019 3279 prolixior,
1064 3222 1122 3267 ut
1157 3222 1207 3267 et
1252 3214 1578 3285 hymnorum
1631 3217 1683 3270 in
1716 3215 1975 3273 Ecclesia
2021 3236 2155 3275 usus
2180 3225 2227 3287 c
2260 3220 2365 3265 tem
2396 3211 2683 3267 faciebant.
2723 3212 2911 3268 Primo
2939 3212 3183 3267 diluculo
3225 3212 3362 3267 tales
3408 3199 3711 3266 cantilenas
3752 3207 3827 3264 al-

582 3302 1020 3373 antiquissimus,
1046 3308 1106 3361 ‘et
1133 3319 1325 3361 eorum
1359 3308 1513 3378 origo
1560 3308 1630 3362 ab
1667 3309 1784 3379 ipso
1833 3310 2160 3367 Christianae

582 3395 860 3462 religionis
888 3398 1112 3455 exordio
1136 3398 1513 3468 dignoscatur,
1540 3399 1636 3475 lib.
1666 3417 1718 3455 vn
1744 3442 1760 3468 ,
1801 3416 1921 3471 cap.
1957 3403 1990 3457 8
2038 3422 2051 3457 :
2095 3406 2157 3457 υἱ

586 3476 1013 3557 Ἆρειανίζοντες
1082 3488 1186 3553 ἔξω
1240 3490 1340 3561 τῆς
1406 3490 1634 3560 πόλεως,
1679 3493 1779 3557 τὰς
1842 3495 2161 3564 συναγωγάς

581 3575 874 3629 ἐποιοῦντο·
903 3578 1063 3648 ἡνίκα
1094 3575 1186 3633 οὖν
1213 3580 1451 3651 ἑκάστης
1472 3580 1762 3653 ἑϐδομάδος
1781 3584 1973 3656 ἐορτάς
1997 3603 2160 3639 κατε-

582 3665 648 3720 λά
656 3668 875 3737 μὸανον,
905 3687 977 3739 φη
986 3671 1045 3741 μὶ
1068 3670 1131 3742 δὴ
1153 3670 1212 3724 τό
1232 3688 1289 3725 τε
1322 3672 1601 3726 Σάϐὁατον
1623 3676 1716 3727 καὶ
1739 3678 1772 3747 η
1800 3677 2072 3750 Κυριακὴ,
2102 3679 2160 3733 ἐν

582 3755 670 3822 αἷς
703 3761 757 3813 αί
790 3761 1036 3825 συνάξεις
1057 3765 1196 3818 κατά
1218 3764 1317 3828 τὰς
1337 3765 1630 3837 ἐκκλησίας
1653 3766 1872 3822 εἰώθασι
1893 3770 2157 3838 γίνεσθαι,

582 3854 733 3908 αὐτοὶ
766 3855 915 3920 ἐντὸς
942 3857 1049 3910 τῶν
1075 3858 1171 3926 τῆς
1206 3859 1413 3923 πόλεως
1443 3859 1646 3928 πυλῶν,
1685 3862 1811 3933 περὶ
1854 3861 1952 3926 τάς
2000 3862 2159 3927 στοὰς

580 3945 972 4018 ἀθροιζόμενοι,
1006 3952 1099 4004 καὶ
1130 3950 1274 4021 ᾠδὰς
1300 3951 1632 4021 ἀντιφώνους
1650 3954 1786 4024 πρὸς
1814 3953 1911 4026 τὴν
1950 3955 2162 4027 Ἀρεια-

578 4038 676 4109 νῆν
706 4037 863 4105 δόξαν
893 4040 1229 4105 συντιθέντες
1260 4038 1405 4116 ᾖδοψ
1444 4044 1538 4096 καὶ
1572 4044 1733 4096 τοῦτο
1774 4046 1990 4099 ἐποίουν
2018 4047 2160 4102 κατὰ

578 4132 827 4186 πλεῖστον
860 4133 1026 4205 μέρος
1055 4135 1154 4206 τῆς
1176 4136 1385 4199 νυκτός⁹
1412 4137 1518 4190 ὑπὸ
1539 4138 1595 4191 δέ
1623 4137 1815 4210 ὄρθρον
1839 4138 1907 4194 τά
1935 4140 2160 4196 τοιαῦτα

576 4226 855 4296 ἀντίφωνα
880 4226 1157 4298 λέγοντες,
1190 4227 1278 4281 διὰ
1322 4229 1494 4301 μέσης
1535 4232 1634 4302 τῆς
1675 4232 1881 4296 πόλεως
1933 4233 2161 4305 ἐξῄεσαν

575 4319 684 4373 τῶν
715 4318 920 4383 πυλῶν,
950 4321 1043 4373 καὶ
1076 4322 1202 4384 τοὺς
1235 4321 1434 4385 τόπους
1467 4320 1595 4375 ἔνθα
1622 4324 1851 4395 συνῆγον
1882 4324 2159 4395 κατελάμ-

579 4412 755 4465 ϐανονο
787 4412 973 4484 ἐπειδὴ
1007 4411 1063 4465 δὲ
1094 4413 1415 4485 ἐρεθισμοὺς
1441 4415 1583 4469 κατά
1618 4410 1725 4468 τῶν
1774 4415 1835 4470 τὸ
1878 4416 2160 4488 όμοούσιον

580 4502 917 4574 φρονούντων
936 4503 1187 4572 λέγοντες
1212 4506 1311 4558 οὐκ
1332 4506 1618 4561 ἐπαύοντο·
1651 4507 1907 4574 πολλάκις
1928 4509 2038 4581 γὰρ
2065 4510 2160 4564 καὶ

579 4594 829 4667 τοιαύτην
854 4596 994 4669 ᾠδὴν
1023 4597 1226 4669 ἔλεγον
1260 4599 1371 4652 Ποῦ
1410 4602 1547 4654 είσὶν
1573 4602 1622 4656 οἱ
1649 4603 1897 4672 λέγοντες
1928 4602 1996 4656 τὰ
2035 4603 2161 4676 τρία

582 4686 709 4758 μίαν
735 4687 984 4759 δύναμιν;
1022 4690 1155 4743 Τότε
1180 4691 1245 4762 δὴ
1279 4692 1372 4744 καὶ
1408 4693 1664 4764 Ἰωάννης
1695 4693 2045 4765 εὐλαϐηθεὶς,
2085 4695 2158 4767 μή

575 4796 661 4843 τις
686 4779 795 4833 τῶν
822 4780 1206 4852 ἁπλουστέρων
1244 4782 1350 4835 ὑπὸ
1383 4784 1491 4837 τῶν
1530 4783 1784 4838 τοιούτων
1818 4785 1970 4856 ᾠδῶν
1996 4785 2162 4855 ἀφελ-

578 4870 750 4943 κυσθῇ
785 4872 884 4941 τῆς
928 4871 1273 4943 Ἐκκλησίας,
1315 4874 1644 4946 ἀντιτίοησιν
1680 4876 1863 4939 αὐτοῖς
1894 4875 2021 4941 τοὺς
2063 4874 2158 4930 τοῦ

580 4962 708 5017 ἰδίου
741 4962 892 5041 λαοῦ,
928 4964 1075 5029 ὅπως
1102 4964 1168 5018 ἂν
1202 4965 1298 5018 καὶ
1324 4967 1476 5019 αὐτοὶ
1513 4954 1633 5041 ταῖς
1667 4972 2009 5039 νυκτεριναίς
2055 4969 2161 5039 ὑμ-

575 5056 792 5127 νῳδίαις
816 5040 1187 5127 σχολάζοντες,
1213 5060 1502 5132 ἀμαυρῶσι
1530 5051 1642 5133 μὲν
1662 5061 1759 5133 τὴν
1790 5062 2010 5115 ἐκείνων
2036 5062 2162 5134 περὶ

575 5150 764 5205 τούτου
794 5150 1049 5221 σπουδὴν,
1089 5150 1338 5220 βεϐαίους
1366 5153 1423 5206 δὲ
1452 5155 1577 5218 τοὺς
1616 5156 1847 5216 οἰκείους
1880 5155 2017 5226 πρὸς
2061 5156 2161 5228 τὴν

577 5241 784 5296 ἑαυτῶν
817 5242 997 5295 πίστιν
1026 5243 1385 5314 ἐργάσωνται·
1421 5244 1586 5300 ἀλλ⁹ό
1613 5246 1711 5315 μὲν
1742 5246 1945 5309 σκοπὸς
1989 5247 2163 5301 Ἰωάν-

575 5348 666 5384 νου
701 5331 873 5385 ἐδόκει
909 5328 1047 5386 εἶναι
1081 5333 1338 5404 χρηστὸς,
1379 5334 1477 5387 σὺν
1522 5338 1733 5408 ταραχῇ
1764 5335 1821 5390 δὲ
1856 5337 1949 5389 καὶ
1978 5336 2160 5391 κινδύ-

577 5438 689 5484 νοις
720 5423 780 5476 τδ
811 5423 963 5487 τέλος
995 5425 1211 5491 ἐδέξατο
1232 5444 1246 5456 ’
1288 5427 1363 5490 ὼς
1408 5426 1519 5499 γὰρ
1552 5427 1922 5501 λαμπρότεροι
1970 5431 2019 5481 οἱ
2065 5428 2159 5483 τοῦ

576 5514 861 5584 ὁμοουσίου
885 5514 1041 5586 ὕμνοι
1064 5519 1121 5570 ἐν
1146 5522 1266 5581 ταῖς
1296 5522 1634 5591 νυκτεριναῖς
1664 5520 2010 5591 ύμνολογίαις
2035 5520 2163 5573 ἐδεί-

580 5622 790 5659 κνυντο·
820 5609 1167 5680 ἐπινενόηντο
1188 5609 1297 5682 γὰρ
1331 5613 1460 5684 παρ’
1490 5611 1653 5663 αὐτοῦ
1688 5614 1910 5684 σταυροὶ
1930 5613 2163 5685 ἀργυροῖ

650 5738 730 5818 (4)
751 5739 1019 5799 Baronius
1036 5744 1111 5818 ad
1127 5761 1217 5800 an.
1240 5744 1346 5818 (353
1369 5762 1476 5801 non
1500 5746 1616 5818 ipse
1638 5747 1885 5817 generale
1910 5746 2016 5818 hoc
2034 5762 2160 5802 con-

582 5810 767 5863 cilium
786 5814 1117 5886 _vocat,_sed
1164 5831 1196 5869 a
1243 5810 1717 5886 Patribus'qni'ei
1773 5816 2156 5877 interfuerunt.

586 5880 836 5947 generale
869 5883 1192 5949 appellatum
1220 5886 1370 5941 dicit.
1408 5880 1593 5955 Neque
1620 5888 1851 5955 sanejta
1892 5888 2152 5955 appellari

2262 3304 2430 3359 ternis
2454 3320 2550 3373 per
2589 3302 2830 3358 mediam
2853 3304 3044 3358 urbem
3072 3304 3388 3367 recitantes,
3425 3317 3456 3357 e
3484 3303 3659 3373 portis
3690 3315 3831 3371 egre-

2258 3395 2565 3462 diebantur,
2625 3380 2677 3451 et
2708 3396 2777 3451 ad
2846 3397 2965 3451 loca
3017 3396 3111 3450 ubi
3175 3396 3477 3468 agebantur
3539 3403 3830 3452 conventus

2259 3488 2674 3543 contendebant.
2720 3487 2924 3543 Verum
2975 3489 3102 3559 quia
3153 3490 3416 3545 adversus
3457 3490 3588 3545 ﬁdei
3620 3488 3830 3544 consub-

2258 3578 2530 3632 stantialis
2603 3576 2844 3634 fautores
2905 3579 3069 3634 verba
3146 3580 3583 3646 contumeliosa,
3643 3580 3830 3650 quibus

2258 3686 2447 3726 eorum
2497 3672 2714 3727 animos
2759 3673 3071 3738 irritarent,
3116 3673 3301 3729 dicere
3325 3689 3434 3727 non
3483 3673 3827 3736 desinebant,

2260 3779 2383 3817 nam
2408 3780 2548 3833 saepe
2587 3764 2730 3819 hanc
2760 3765 2918 3835 quasi
2972 3766 3303 3823 cantilenam
3340 3767 3394 3819 in
3434 3781 3529 3821 eos
3552 3766 3826 3821 cecinere:

2261 3854 2363 3911 Ubi
2393 3850 2521 3911 sunt
2548 3856 2626 3923 hi,
2657 3857 2750 3926 qui
2795 3856 2897 3912 tria
2935 3872 3097 3911 unam
3138 3858 3327 3913 dicunt
3354 3873 3474 3913 esse
3505 3856 3833 3928 potentiam?

2259 3946 2497 4002 Joannes
2529 3948 2734 4003 veritus
2786 3964 2855 4003 ne
2890 3949 3089 4019 aliquis
3126 3966 3193 4005 ex
3246 3950 3677 4019 simplicioribus
3696 3950 3832 4021 ejus-

2260 4040 2406 4094 modi
2432 4040 2684 4095 cantibus
2717 4040 2785 4095 ab
2815 4039 3057 4096 Ecclesia
3097 4041 3481 4106 abduceretur,
3507 4043 3771 4111 quosdam
3804 4055 3831 4093 e

2260 4148 2363 4188 suo
2392 4134 2595 4203 populo
2632 4133 2742 4189 illis
2773 4132 3131 4204 opponendos
3159 4136 3407 4202 curavit,
3435 4134 3528 4205 qui
3556 4134 3832 4191 nocturnis

2261 4227 2478 4298 hymnis
2510 4227 2863 4282 decantandis
2884 4226 3133 4283 similiter
3169 4243 3389 4297 operam
3419 4229 3650 4293 darent,
3681 4228 3830 4281 Aria-

2262 4333 2568 4388 norumque
2593 4319 2649 4371 in
2679 4333 2743 4373 ea
2789 4334 2848 4373 re
2884 4319 3125 4375 studium
3162 4335 3228 4375 eo
3267 4327 3426 4391 pacto
3446 4320 3829 4389 reprimerent,

2260 4416 2494 4487 denique
2541 4432 2670 4472 suos
2711 4417 2763 4471 in
2801 4408 3042 4487 ip'sorum
3088 4417 3192 4472 lide
3217 4417 3511 4471 admodum
3544 4417 3833 4473 confirmao

2260 4517 2399 4563 rent.
2454 4507 2522 4561 At
2582 4511 2832 4578 quamvis
2882 4510 2988 4564 hoc
3050 4507 3275 4564 Joannis
3325 4510 3635 4565 institutum
3685 4507 3836 4562 valde

2264 4599 2609 4653 commodum
2641 4598 2936 4665 videretur,
2971 4608 3151 4653 tamen
3180 4600 3325 4653 illius
3348 4608 3578 4655 eventus
3604 4584 3834 4655 tumultu

2263 4698 2424 4759 atque
2456 4690 2618 4743 etiam
2645 4692 2887 4760 periculo
2911 4708 3018 4745 non
3058 4692 3254 4746 caruit.
3279 4690 3415 4747 Nam
3445 4692 3535 4745 ubi
3567 4691 3753 4764 hymni
3781 4690 3831 4745 in

2264 4780 2734 4836 consubstantialis
2770 4781 2985 4836 laudem
3022 4782 3319 4849 decantati,
3353 4766 3573 4853 propter
3602 4796 3831 4837 concen-

2263 4883 2377 4929 tum
2434 4875 2586 4928 illnm
2645 4887 2970 4930 nocturnum
3014 4877 3185 4931 multo
3215 4876 3339 4946 plus
3375 4876 3659 4947 dignitatis
3711 4879 3837 4931 sunt

2263 4969 2563 5033 consecuti,
2602 4980 2760 5023 erant
2792 4970 2937 5024 enim
2970 4985 3164 5029 cruces
3194 4981 3465 5040 argentea:
3488 4970 3832 5040 excogitatae,

2263 5061 2463 5130 quibus
2486 5062 2629 5115 cerei
2665 5060 3109 5130 imponebantur,
3140 5059 3386 5115 Eudoxia
3412 5061 3657 5129 Augusta
3689 5074 3835 5115 sum-

2264 5163 2415 5221 ptum
2447 5151 2512 5206 ad
2550 5152 2601 5206 id
2631 5152 3036 5222 suppeditante,
3069 5152 3225 5207 turba
3257 5152 3585 5207 Arianorum
3612 5160 3833 5212 coacta,

2262 5255 2317 5301 et
2346 5246 2707 5300 mmnlationis
2734 5244 2930 5299 ardore
2969 5242 3218 5306 incensa.
3254 5259 3312 5299 se
3362 5244 3586 5310 ulcisci,
3620 5254 3675 5299 et
3716 5255 3834 5298 eum

2262 5340 2589 5394 adversariis
2638 5338 2929 5409 confligere
2968 5337 3226 5392 instituit.
3270 5324 3488 5391 Etenim
3536 5337 3836 5407 principatu

2261 5431 2388 5495 illo,
2432 5447 2593 5500 quem
2635 5429 2967 5502 jampridem
3009 5429 3367 5483 obtinuerant
3396 5429 3737 5493 elati,erant
3772 5425 3834 5479 ad

2262 5540 2497 5594 pugnam
2531 5524 2703 5578 multo
2724 5523 3065 5577 ardentiores
3083 5562 3097 5587 ,
3122 5520 3550 5591 defensoresque
3573 5519 3696 5574 lidei
3721 5533 3838 5571 con-

2262 5616 2628 5671 substantialis
2688 5631 2914 5686 prorsus
2971 5613 3411 5670 contemnebant.
3466 5613 3649 5683 Quare
3695 5608 3838 5663 nulia

2262 5751 2453 5807 stricto
2489 5766 2652 5805 sensu
2695 5759 2907 5819 poterat
2953 5750 3194 5821 synodus
3239 5748 3522 5821 adquam
3570 5744 3837 5815 Hispania:

2261 5832 2476 5945 tantm:
2504 5834 2578 5944 (η,
2596 5821 2786 5879 Galliae
2841 5820 3211 5879 Narbonensis
3257 5820 3498 5892 episcopi
3547 5830 3836 5875 concurre-

2261 5901 2405 5947 ιὐιιι,
2486 5934 2497 5946 .
2532 5922 2548 5944 ι
2590 5934 2603 5947 .
