4100 6366
286 443 422 502 ΞΞΠ

1131 434 1376 494 LEONIS
1409 433 1680 491 ALLATII
1721 429 2041 486 DIATRIBA
2080 428 2168 483 DE
2208 425 2622 483 TllEODORlS.

3401 423 3537 479 1218

288 565 602 635 interposita
641 579 816 629 Inora,
860 571 1018 616 nocte
1040 562 1272 630 quadam
1300 559 1589 614 tumultum
1622 556 1843 610 faciunt.
1876 557 1916 613 Α
1945 567 2064 620 cap.
2093 550 2159 604 l7
2188 569 2200 604 :
2235 569 2253 602 ι
2309 548 2445 603 Vitae
2477 547 2699 602 Patrum
2747 547 2865 603 sine
2918 547 3292 617 probabilibus
3337 561 3538 603 aucto~

286 657 440 710 Briso
461 656 818 724 imperatricis
845 654 1282 722 eunuchus,.qui
1318 661 1500 720 partes
1552 647 1861 702 canentium

290 749 522 819 hymnos
559 749 624 801 ad
664 747 1190 802 commendationem
1235 744 1355 798 ﬁdei
1399 738 1863 796 consubstantialis

287 844 539 900 tuebatur
573 879 587 904 ,
646 840 818 908 lapide
856 840 909 892 in
960 838 1137 892 fronte
1178 837 1498 906 percutitur.
1542 832 1867 886 lntcrierunt

292 934 452 987 etiam
488 933 772 1000 utriusque
817 933 985 1000 partis
1033 929 1278 983 nonnulli
1313 928 1379 981 de
1404 927 1622 995 pepulo.
1655 915 1865 988 Quibus

290 1028 455 1082 rebus
485 1028 778 1095 imperator
806 1026 1099 1080 admodum
1135 1035 1441 1078 commotus
1463 1063 1476 1082 ,
1519 1019 1732 1072 Arianis
1782 1017 1866 1069 in-

291 1119 520 1174 terdixit
569 1134 635 1174 ne
659 1121 886 1190 hymnos
911 1119 962 1170 in
987 1117 1202 1187 publico
1219 1122 1520 1169 cantarent.
1546 1112 1718 1179 Atque
1751 1110 1864 1162 haec

290 1212 511 1282 quidem
563 1213 665 1266 hoc
700 1211 862 1265 modo
896 1220 1044 1280 gesta
1100 1217 1247 1264 sunt.
1294 1205 1412 1260 Jam
1462 1221 1590 1258 vero
1618 1204 1863 1257 dicamus

290 1304 477 1366 etiam,
503 1303 642 1356 unde
669 1303 1004 1357 consuetudo
1035 1302 1382 1371 hymnorum,
1409 1297 1499 1366 qui
1540 1301 1599 1352 in
1631 1295 1860 1349 ecclesia

292 1392 520 1447 alternis
549 1393 929 1454 decantantur,
980 1392 1199 1444 initium
1236 1390 1457 1458 ceperit.
1490 1385 1728 1457 lgna‘llus
1753 1384 1864 1438 An-

292 1483 540 1548 tiochiae,
575 1501 694 1553 qua:
730 1494 812 1538 est
845 1483 897 1541 in
933 1483 1122 1554 Syria,
1155 1482 1346 1536 tertius
1372 1496 1402 1534 a
1433 1479 1592 1534 Petro
1617 1478 1864 1548 apostolo

290 1573 599 1642 cpisc0pus,
628 1574 866 1643 quicum
897 1574 1155 1643 apostolis
1188 1573 1323 1642 ipsis
1358 1572 1586 1625 multum
1616 1576 1862 1623 versatus

290 1673 408 1727 est,
440 1665 705 1719 visionem
738 1665 871 1719 vidit
899 1666 1215 1734 angelorum
1261 1672 1506 1718 sanctam
1540 1660 1859 1714 Trinitatem

290 1755 509 1825 hymnis
555 1757 764 1810 alterna
811 1757 930 1811 vice
955 1756 1259 1812 decantatis
1310 1753 1776 1817 collaudantium,
1810 1758 1862 1806 et

290 1844 525 1900 formam
559 1845 791 1900 canendi
823 1848 879 1900 in
909 1863 970 1901 ea
1000 1847 1213 1901 visione
1255 1860 1566 1915 expressam
1609 1843 1860 1898 Ecclesiae

289 1937 644 1991 Antiochense
676 1939 915 1993 tradidit.
957 1937 1112 1996 Unde
1139 1939 1226 1991 illa
1263 1937 1484 1992 traditio
1519 1937 1572 1990 in
1612 1935 1862 1989 omnibus

289 2027 552 2083 Eeclesiis
601 2039 815 2098 recepta
867 2040 969 2084 est.
1033 2026 1101 2082 Et
1140 2027 1207 2082 de
1246 2029 1462 2098 hymnis
1501 2029 1706 2082 alterna
1749 2027 1863 2081 vice

288 2119 527 2174 cantatis
585 2120 687 2173 ista
735 2121 1015 2174 hactenus.
1058 2136 1077 2169 ι
1129 2119 1246 2173 Non
1289 2120 1392 2171 alia
1443 2125 1668 2170 narrant
1699 2116 1865 2170 Sozo-

289 2227 488 2266 manus
545 2212 638 2264 lib.
698 2227 814 2274 vnI,
863 2226 982 2280 cap.
1031 2210 1100 2276 8,
1134 2225 1198 2263 ac
1237 2206 1576 2279 Nicephorus
1609 2208 1702 2263 lib.
1731 2225 1858 2272 XIII,

289 2318 412 2372 cap.
444 2303 498 2357 8.
536 2302 601 2356 Et
639 2319 705 2357 ne
751 2303 900 2356 dicas
957 2313 1070 2356 tum
1109 2301 1342 2370 primum
1373 2300 1678 2370 hujusmodi
1711 2301 1866 2372 hym-

290 2409 414 2458 nos,
431 2409 536 2447 non
557 2394 820 2457 antea,in
851 2382 1448 2462 Ecclesia'excogitatos
1477 2391 1664 2456 fuisse,
1685 2391 1864 2444 anim-

289 2486 514 2538 adverte
563 2485 804 2539 Socratis
859 2485 1024 2538 verba
1086 2483 1261 2552 capite
1315 2485 1593 2551 superiore
1647 2481 1736 2552 (id
1783 2493 1866 2535 est

288 2577 384 2632 lib.
404 2594 483 2642 vI,
508 2578 559 2641 7,
587 2579 706 2648 tiu.)
739 2596 752 2632 :
783 2576 998 2647 Ηῦξησε
1027 2576 1082 2629 δὲ
1112 2575 1328 2647 πρῶτος
1357 2575 1568 2638 καὶτὰς
1593 2575 1717 2645 περὶ
1742 2575 1866 2638 τοὺς

287 2669 642 2738 νυκτερινοὺς
689 2669 890 2739 ὕμνους
922 2667 1104 2738 εὐχὰς,
1141 2667 1198 2734 ἐξ
1229 2669 1406 2731 αἰτίας
1422 2667 1653 2722 τοιᾶσδε.
1699 2685 1717 2717 ε
1749 2666 1866 2719 Pri-

286 2775 412 2815 mus
447 2761 612 2813 etiam
640 2758 830 2830 (Joan.
862 2760 1078 2830 Chrys.)
1105 2760 1465 2828 precationes,
1501 2775 1623 2828 qua:
1669 2757 1722 2811 in
1765 2774 1866 2811 no-

284 2852 503 2906 cturnis
554 2853 770 2922 hymnis
814 2851 928 2904 ﬁeri
963 2851 1137 2905 solent
1170 2851 1662 2920 amplilicavitgtali
1702 2865 1866 2905 causa

282 2945 570 3000 inductus.
605 2963 622 2996 ι
657 2944 1074 3014 Ampliticantur
1101 2958 1162 2997 ea
1181 2959 1302 3014 qua:
1329 2959 1431 2997 usu
1465 2953 1678 3012 recepta
1700 2951 1862 2997 sunt:

281 3053 402 3106 qua:
430 3045 622 3092 autem
665 3037 844 3106 primo
888 3042 1286 3106 excogitantur,
1333 3051 1456 3090 cum
1484 3036 1727 3088 nondum
1778 3033 1865 3088 ul~

286 3132 394 3186 lam
424 3133 515 3187 sui
541 3131 952 3186 subsistentiam
979 3130 1232 3194 habeant,
1263 3128 1582 3198 ampliﬁcari
1608 3143 1715 3182 non
1741 3142 1866 3196 pos-

291 3233 439 3280 sunt.
473 3225 616 3290 Quid
641 3238 771 3294 ergo
803 3237 870 3276 ex
901 3228 1223 3290 argumento
1247 3219 1513 3275 Perkinsii
1547 3218 1717 3287 probe
1749 3218 1860 3271 col-
1892 3239 1935 3297 ρ

289 3317 422 3388 ligat
452 3317 703 3382 Rivetus,
736 3316 851 3385 ipse
885 3314 1102 3369 viderit.
1135 3312 1238 3367 Sed
1257 3312 1385 3382 quid
1423 3327 1546 3367 cum
1579 3311 1687 3366 illis
1715 3326 1864 3380 agas,

290 3410 384 3480 qui
423 3423 604 3478 neque
631 3408 830 3480 scripta
853 3406 1098 3470 Patrum,
1119 3421 1294 3475 neque
1316 3405 1740 3460 consuetudines
1767 3403 1869 3458 Ec-

289 3501 493 3564 elcsiaz,
523 3514 701 3567 neque
745 3498 993 3551 instituta
1027 3495 1301 3565 majorum
1336 3493 1553 3549 sciunt?
1589 3493 1654 3546 Et
1679 3493 1724 3547 si
1763 3509 1867 3546 un-

290 3605 458 3659 quam
485 3589 650 3642 etiam
679 3589 821 3640 inter
849 3585 1133 3656 legendum
1151 3583 1472 3647 occurrerit,
1504 3583 1649 3652 quod
1677 3597 1866 3636 eorum

294 3682 452 3736 ﬁctas
480 3691 646 3750 atque
677 3696 844 3735 vanas
873 3679 1156 3748 Opiniones
1190 3677 1419 3741 minuat,
1453 3677 1535 3730 vel
1563 3690 1669 3729 non
1695 3675 1866 3728 anim-

293 3775 622 3840 advertunt,
668 3773 748 3827 vel
789 3773 1220 3826 animadversum
1262 3771 1540 3840 negligunt
1573 3786 1586 3822 :
1622 3778 1676 3824 et
1722 3767 1867 3839 quod

294 3867 458 3936 pejus
481 3873 588 3918 est.
624 3863 730 3917 alio
759 3863 1091 3928 distrahunt,
1117 3871 1172 3918 et
1200 3870 1531 3932 pervertunt.
1615 3928 1627 3943 ⁸

360 3951 483 4006 Jam
508 3951 672 4004 audio
729 3949 982 4004 Bivetum
1035 3952 1250 4015 dicere,
1284 3965 1462 4020 neque
1488 3950 1646 4004 enim"
1667 3949 1870 4017 desipit

289 4059 531 4113 semper,
579 4044 725 4112 quod
774 4045 981 4097 utinam
1014 4046 1185 4098 esset!
1237 4043 1494 4098 lectiones
1543 4052 1598 4097 et
1640 4043 1870 4114 hymnos

290 4137 628 4193 constitutos
672 4152 702 4190 a
736 4135 958 4200 Carolo,
993 4151 1058 4189 ex
1082 4134 1304 4189 Patrum
1339 4135 1557 4204 scriptis
1587 4143 1639 4190 et
1668 4135 1721 4188 in
1747 4136 1866 4189 lau-

291 4231 418 4287 dem
449 4238 762 4285 sanctorum
804 4227 973 4282 fuisse
1006 4246 1020 4282 :
1057 4241 1165 4282 non
1194 4229 1418 4282 dubium
1447 4243 1580 4282 vero
1608 4229 1868 4283 lectiones

291 4337 362 4378 ex
407 4321 585 4377 sacris
631 4320 849 4384 litteris,
893 4327 948 4374 et
994 4319 1048 4374 in
1093 4319 1308 4374 laudem
1359 4317 1454 4374 Dei
1513 4319 1866 4389 Christique,

293 4415 472 4468 multo
533 4412 874 4481 antiquiores
928 4410 1131 4474 fuisse,
1180 4420 1235 4465 et
1293 4423 1418 4466 ante
1475 4411 1636 4466 etiam
1691 4413 1866 4481 ipsum

293 4503 577 4558 Christum
615 4513 790 4558 natas.
825 4502 933 4557 Sed
956 4517 1134 4572 neque
1162 4503 1264 4557 hoc
1295 4502 1458 4557 modo
1478 4503 1672 4571 probat
1707 4504 1869 4557 hasce

1965 640 2370 711 ribus'ninime
2397 639 2454 692 in
2484 637 2725 692 Ecclesia
2756 637 3029 707 leguntur.
3080 635 3216 691 Nam
3249 639 3318 692 ab
3348 639 3538 692 ortho-

1966 731 2123 784 doxis
2173 730 2402 783 titulata:
2440 738 2492 783 et
2529 729 2902 798 suscipiuntur
2940 739 2995 783 et
3043 729 3316 799 leguntur.
3363 729 3535 799 Magis

1964 821 2109 874 enim
2143 819 2435 873 Passiones
2460 827 2771 872 sanctorum
2791 827 3089 888 martyrum
3122 819 3266 873 sacri
3294 835 3536 874 canones

1965 921 2316 976 censuerunt,
2352 920 2411 965 ut
2455 911 2617 965 liceat
2658 926 2751 965 eas
2792 912 2954 964 etiam
3010 913 3064 964 in
3117 911 3356 967 Ecclesia
3396 913 3532 982 legi,

1964 1019 2086 1058 cum
2119 1002 2478 1056 anniversarii
2509 1001 2627 1056 dies
2660 1016 2848 1055 eorum
2883 1001 3250 1054 celebrantur.
3295 1021 3314 1053 ι
3344 1002 3533 1058 Canon

1963 1095 2055 1164 qui
2080 1094 2130 1147 id
2155 1093 2364 1147 censuit
2398 1093 2538 1146 inter
2563 1092 2794 1146 concilia
2827 1091 3080 1146 Africana
3113 1102 3194 1146 est
3225 1109 3376 1147 num.
3415 1095 3484 1147 50
3517 1113 3532 1150 :

1975 1185 2202 1252 Ἐξέστω
2220 1185 2300 1236 ἔτι
2325 1185 2430 1255 μὴν
2453 1181 2914 1251 ἀναγινώσκεσθαι
2940 1182 3006 1235 τὰ
3031 1183 3182 1255 Πάθη
3200 1184 3308 1236 τῶν
3330 1185 3538 1255 μαρτύ-

1965 1295 2102 1349 ρων,
2130 1278 2292 1347 sum
2336 1278 2390 1328 αἱ
2447 1277 2660 1346 ἐτήσιαι
2688 1274 2868 1328 αὐτῶν
2910 1276 3109 1346 ἡμέραι
3142 1277 3532 1333 ἐπιτελοῦνται.

1970 1389 1986 1421 ι
2021 1369 2203 1422 Liceat
2234 1370 2398 1422 etiam
2437 1368 2540 1436 legi
2578 1367 2804 1421 Passion
2819 1383 2870 1422 :s
2901 1378 3232 1438 martyrum,
3280 1385 3402 1423 cum
3435 1386 3535 1422 au-

1963 1461 2244 1515 IIiversarii
2295 1460 2410 1514 dies
2464 1475 2654 1514 eorum
2723 1459 3090 1513 celebrantur.
3129 1480 3146 1512 ι
3218 1460 3335 1514 Dixi
3404 1477 3534 1516 vero

1959 1552 2205 1622 probata,
2232 1560 2291 1606 ut
2312 1568 2433 1618 qua:
2461 1551 2527 1604 de
2553 1560 2870 1604 sanctorum
2896 1549 3140 1603 historiis
3164 1551 3232 1604 ab
3263 1552 3534 1606 lIa'reticis

1962 1644 2041 1698 vel
2097 1644 2220 1698 aliis
2259 1642 2398 1696 falso
2437 1643 2636 1711 scripta
2681 1651 2810 1696 sunt
2848 1642 3188 1696 excluderem
3242 1643 3336 1713 (ut
3380 1644 3536 1712 jubet

1961 1748 2134 1786 canon
2169 1730 2460 1784 Trullanus
2490 1731 2668 1800 ωιιιι).
2704 1731 2823 1796 Quo
2852 1732 2935 1785 vel
2965 1733 3079 1786 solo
3101 1732 3302 1797 factum
3331 1743 3441 1797 est,
3475 1742 3560 1787 ut.

1961 1837 2023 1876 ea
2067 1820 2278 1890 legendi
2334 1820 2388 1873 in
2426 1819 2670 1875 Ecclesia
2716 1831 2868 1876 vetus
2904 1823 3239 1877 consuetudo
3266 1823 3534 1878 aGelasio

1897 1897 1935 1951 Β
1964 1914 2244 1982 antiquata
2267 1913 2353 1968 sit.
2375 1911 2622 1966 Gclasius
2645 1928 2779 1982 papa
2805 1913 2856 1966 in
2881 1913 3134 1974 Romano
3163 1915 3395 1970 concilio
3423 1917 3530 1983 (cd.

1967 1998 2129 2053 Labb.
2154 2008 2194 2053 t.
2229 1999 2317 2066 ιν,
2347 1999 2584 2069 p.1265)
2618 2018 2630 2054 :
2671 2019 2687 2050 ι
2709 2000 2870 2055 Gesta
2906 2011 3218 2059 sanctorum
3236 2017 3531 2074 martyrum

1965 2091 2261 2145 secundum
2290 2093 2567 2160 antiquam
2601 2094 3072 2161 consuetudinem,
3105 2097 3368 2164 singulari
3405 2114 3535 2151 cau-

1966 2182 2068 2236 tela
2092 2183 2145 2236 in
2176 2193 2366 2237 sancta
2401 2183 2640 2238 lionIaua
2678 2183 2916 2238 Ecclesia
2945 2201 3053 2240 non
3078 2187 3330 2257 leguntur
3363 2207 3376 2242 :
3406 2191 3534 2258 quia

1963 2288 2174 2340 eorum,
2227 2275 2320 2343 qui
2361 2275 2773 2344 conscripsere,
2841 2276 3064 2329 nomina
3108 2278 3323 2345 penitus
3381 2279 3530 2346 igneo

1965 2375 2175 2431 rantur,
2217 2375 2270 2419 et
2311 2366 2380 2420 ab
2430 2367 2742 2422 inﬁdelibus
2776 2376 2872 2420 aut
2926 2368 3108 2422 idiotis
3157 2368 3430 2438 superﬂua
3479 2380 3536 2424 et

1967 2458 2148 2511 minus
2170 2465 2292 2526 apta
2313 2500 2327 2524 ,
2360 2474 2522 2527 quam
2557 2460 2632 2512 rei
2660 2460 2794 2514 ordo
2828 2458 3020 2523 fuerit,
3047 2461 3245 2529 scripta
3279 2477 3400 2516 esse
3434 2477 3536 2530 pu-

1966 2558 2175 2616 tantur,
2235 2550 2377 2604 sicut
2412 2551 2696 2619 cujusdam
2749 2550 2957 2616 Quirici
3012 2562 3065 2606 et
3115 2553 3348 2619 Juiittaa,
3394 2556 3535 2609 sicut

1965 2642 2181 2710 Georgii
2226 2642 2565 2711 aliorumque
2625 2643 2893 2712 ejusmodi
2945 2642 3258 2710 Passiones,
3303 2663 3424 2714 qua:
3465 2648 3536 2701 ab

1965 2734 2236 2788 hwrcticis
2259 2734 2610 2804 perhibentur
2633 2736 2948 2804 compositae
2979 2755 2993 2791 :
3040 2749 3258 2808 propter
3281 2741 3444 2809 quod,
3477 2750 3537 2795 ut
3617 2753 3622 2760 '

1965 2825 2170 2884 dictum
2197 2834 2300 2890 est,
2327 2842 2395 2880 ne
2431 2827 2512 2880 vel
2539 2827 2672 2882 levis
2707 2829 3082 2883 subsannandi
3108 2831 3344 2884 oriretur
3375 2846 3536 2887 occa-

1966 2915 2080 2980 sio,
2129 2915 2184 2968 in
2238 2922 2425 2970 sancta
2477 2915 2722 2971 Romana
2770 2916 3010 2973 Ecclesia
3054 2935 3163 2974 non
3202 2903 3472 2991 leguntur.
3507 2943 3530 2976 ο

1964 3006 2256 3076 Antiquam
2296 3009 2747 3063 consuetudinem
2794 3009 3004 3080 legendi
3035 3021 3187 3081 gesta
3233 3022 3534 3084 martyrum

1967 3099 2019 3153 in
2048 3099 2293 3156 Ecclesia
2329 3101 2578 3158 Gelasius
2624 3103 2798 3157 multo
2819 3114 2943 3159 ante
2970 3104 3150 3158 Caroli
3189 3115 3428 3176 tempora
3455 3107 3536 3161 fa-

1966 3203 2129 3262 tetur,
2162 3204 2214 3249 et
2245 3195 2519 3250 Adrianus
2545 3195 2720 3250 eidem
2754 3196 2949 3251 Carolo
2991 3199 3313 3254 denuntiat:
3350 3209 3404 3254 et
3435 3200 3537 3254 Ri-

1966 3293 2118 3340 vetus
2153 3294 2207 3340 et
2253 3285 2571 3340 Perkinsius
2611 3288 2845 3354 primum
2882 3302 2910 3341 a
2941 3286 3137 3343 Carolo
3181 3291 3535 3344 constitutam

1966 3393 2086 3433 esse
2131 3378 2387 3432 tradunt?
2440 3378 2506 3432 Et
2564 3390 2622 3433 ut
2676 3380 2850 3450 magis
2897 3389 3082 3436 teneas
3139 3382 3271 3452 quid
3318 3391 3533 3448 essent,

1967 3471 2192 3526 adeatur
2243 3469 2474 3526 Basilius
2525 3469 2893 3526 Seleuciensis
2935 3471 3008 3525 De
3035 3474 3143 3526 vita
3173 3482 3223 3527 et
3264 3474 3536 3528 miraculis

1967 3575 2166 3619 sancta:
2209 3563 2444 3630 Theclw,
2491 3565 2586 3620 lib.
2621 3581 2684 3620 II.
2717 3565 2765 3621 Is
2791 3567 3044 3637 martyris
3072 3564 3286 3620 Thecla:
3327 3567 3414 3621 die
3446 3583 3538 3622 So-

1968 3654 2132 3708 lemni
2178 3655 2246 3710 ad
2287 3657 2592 3710 habendam
2638 3657 2939 3712 orationem
2979 3656 3033 3710 in
3065 3656 3184 3724 ejus
3215 3657 3426 3712 laudem
3476 3673 3540 3714 se

1968 3759 2316 3814 comparans,
2356 3745 2444 3799 die
2483 3747 2836 3802 antecedente
2879 3747 2934 3801 iu
2981 3749 3356 3816 aegritudinem
3412 3765 3537 3818 pcr-

1967 3853 2131 3908 quam
2163 3853 2386 3908 pravam
2416 3839 2636 3904 incidit,
2680 3848 2735 3894 et
2775 3849 3013 3910 martyre
3045 3841 3296 3894 morbum
3340 3840 3539 3894 dissol-

1966 3943 2146 3996 vente,
2174 3932 2226 3986 in
2246 3933 2432 3986 laudes
2452 3932 2572 4000 ejus
2592 3931 2890 3986 eﬂ‘unditur
2913 3934 2967 3986 in
2990 3933 3217 3987 ecclesia
3246 3951 3260 3987 :
3293 3929 3398 3985 Ἦν
3426 3933 3536 4004 γὰρ

1968 4025 2136 4095 αὐτῆς
2167 4025 2200 4094 ἠ
2230 4025 2443 4094 ὲτήσιος
2494 4025 2676 4096 ἑορτήο
2725 4026 3221 4096 παρεσκευασάμην
3269 4025 3326 4094 δὲ
3380 4023 3536 4093 κάγὼ

1968 4117 2109 4189 πρὸς
2125 4116 2344 4171 ἔπαινον
2370 4117 2564 4188 μικρὸν
2579 4117 2676 4187 τῆς
2687 4117 2899 4189 ὲορτῆςο
2913 4117 3100 4189 ὤφθην
3114 4119 3206 4171 ἐπὶ
3219 4118 3311 4172 τοῦ
3324 4117 3536 4188 δεικτη-

1970 4207 2108 4278 ρίου·
2149 4205 2366 4274 λέγεται
2396 4206 2452 4259 δὲ
2479 4205 2652 4270 οὕτως
2674 4207 2879 4270 ὀτόπος
2899 4211 2958 4262 ἐν
2992 4201 3040 4275 ᾧ
3060 4209 3452 4262 ἐπιδείκνυνται
3483 4211 3534 4262 οἱ

1967 4299 2236 4369 λέγοντες,
2261 4298 2420 4352 τοῦτό
2458 4300 2605 4352 ἐστιν
2632 4301 2659 4352 ὁ
2686 4299 2876 4370 ἄμϐων
2906 4301 3022 4370 ἤτοι
3055 4301 3116 4354 τὸ
3153 4301 3531 4374 ἀκροατήριονο

1967 4394 2062 4447 καὶ
2089 4387 2243 4445 εἷπον
2271 4392 2367 4462 μὲν
2403 4393 2558 4448 ἅττα.
2591 4410 2610 4443 ι
2636 4391 2950 4448 Conventus
2989 4394 3395 4449 anniversarius
3415 4395 3537 4464 ejus

1971 4479 2251 4549 agebatur,
2281 4486 2334 4531 et
2363 4479 2428 4532 ad
2446 4476 2746 4531 orationem
2771 4479 3021 4548 exiguam
3045 4480 3110 4533 de
3137 4480 3387 4535 laudibus
3412 4480 3536 4536 festi

293 4592 698 4665 Tliaumaturgi
737 4595 1014 4648 orationes
1044 4567 1254 4649 dubias
1297 4609 1436 4648 esse.
1483 4567 1550 4647 Et
1583 4595 1868 4664 negabitne
1900 4585 1948 4644 υ
1971 4567 2275 4665 ξ’δδθηδίδξη
2301 4582 2385 4665 Ille
2411 4581 2879 4665 εοηξιξθνψηξιι.
2905 4567 2962 4622 In
2979 4569 3206 4665 dicteria
3229 4573 3532 4665 compar-ni,

295 4684 413 4754 ipse
441 4696 498 4740 et
529 4684 1015 4739 Aununtiationem
1047 4681 1305 4754 Virginis,
1338 4693 1392 4737 et
1422 4682 1769 4752 Theophanis
1799 4685 1866 4738 ad

292 4774 580 4830 Christum
625 4775 935 4844 pertinere?
975 4773 1207 4845 Negabit
1259 4775 1485 4831 scilicet.
1539 4773 1680 4841 Quid
1716 4775 1872 4828 tum?

295 4863 588 4921 Lectiones
619 4866 674 4919 in
692 4867 1126 4925 solemnitatibus
1147 4875 1462 4922 sanctorum
1490 4867 1645 4922 valde
1671 4865 1870 4921 Carolo

295 4958 638 5026 antiquiores
694 4966 852 5012 sunt:
909 4966 966 5013 et
1000 4965 1300 5028 martyrum
1349 4959 1480 5012 Acta
1537 4958 1592 5011 in
1630 4955 1868 5013 Ecclesia

296 5058 423 5103 ante
449 5048 700 5102 eumdem
724 5047 978 5104 Carolum
1007 5049 1346 5119 legebantur.
1384 5047 1583 5104 Volens
1605 5057 1737 5119 puto
1765 5049 1872 5102 hoc

299 5139 576 5211 ignoravit
634 5137 904 5195 Rivetus:
961 5155 1136 5210 neque
1181 5140 1327 5194 enim
1384 5140 1520 5194 adeo
1582 5139 1762 5196 infans
1815 5141 1870 5194 in

297 5233 467 5307 rebus
502 5231 910 5297 ecclesiasticis,
965 5241 1018 5287 et
1051 5233 1270 5301 scriptis
1303 5231 1560 5298 Patrum,
1610 5248 1732 5302 quae
1774 5247 1872 5302 pro

297 5322 526 5379 libidine
545 5323 794 5377 deartuat
812 5364 827 5388 ,
858 5323 1256 5378 existimandus
1284 5331 1387 5380 est.
1419 5322 1574 5390 Quod
1609 5324 1654 5379 si
1683 5325 1872 5379 nolens

301 5413 354 5467 id
377 5414 690 5477 nesciverit,
732 5415 958 5468 edoctus
989 5415 1149 5468 modo
1176 5414 1312 5470 sciat
1345 5423 1398 5470 et
1425 5416 1792 5481 obmutescet,
1819 5424 1874 5469 et

301 5505 540 5574 deponat
563 5505 765 5576 aliquid
784 5521 848 5560 ex
874 5504 1016 5560 fastu
1050 5506 1143 5560 illo
1162 5548 1178 5572 ,
1207 5515 1261 5561 et
1291 5514 1441 5561 tanta
1459 5506 1550 5561 illa
1577 5521 1738 5576 quam
1769 5506 1871 5560 sibi

302 5597 546 5652 vindicat
572 5599 838 5652 doctrina.
871 5599 1004 5653 Acta
1035 5606 1331 5669 martyrum
1359 5597 1585 5668 probata
1626 5605 1750 5652 ante
1772 5596 1875 5650 Ca-

302 5687 482 5742 rolum
512 5688 565 5741 in
596 5688 834 5745 Ecclesia
861 5690 1197 5760 legebantur,
1228 5678 1728 5758 consequenterqne
1755 5692 1876 5747 festi

303 5787 623 5834 sanctorum
669 5779 785 5833 dies
823 5780 1258 5834 celebrabantur.
1311 5779 1584 5832 Adrianus
1628 5790 1764 5848 papa
1813 5783 1866 5837 in

302 5865 528 5934 cpistola
566 5868 636 5922 ad
661 5868 903 5939 ejusdem
929 5866 1112 5922 Caroli
1137 5869 1398 5936 scriptum
1434 5867 1510 5922 De
1533 5865 1876 5938 ima'ginibua‘.

1969 4659 2075 4713 hoc
2105 4666 2188 4713 est
2215 4657 2271 4711 in
2322 4657 2442 4710 loco
2483 4657 2572 4710 ubi
2604 4657 2767 4712 verba
2800 4658 2995 4714 facturi
3035 4676 3094 4716 se
3122 4662 3398 4727 exhibent,
3423 4663 3539 4718 sive

1969 4749 2280 4813 ambonem,
2307 4748 2422 4803 sive
2443 4758 2778 4819 suggestum,
2797 4751 2910 4806 sive
2927 4751 3257 4807 auditorium
3275 4753 3532 4823 appelles,

1969 4849 2023 4895 et
2051 4854 2221 4908 pauca
2264 4839 2510 4908 quadam
2544 4840 2678 4895 dixi.
2733 4859 2752 4893 ι
2801 4841 2904 4908 Qui
2939 4844 3054 4913 jam
3091 4846 3337 4900 adductis
3383 4824 3538 4900 testi-

1968 4931 2359 4985 moniisﬁdem
2390 4948 2500 4985 non
2532 4932 2774 4994 adhibet,
2802 4932 3015 4986 etiamsr
3043 4943 3300 4987 sexcenta
3327 4943 3430 4986 alia
3457 4935 3542 4987 ot"-

1969 5019 2234 5102 ferantur,
2263 5022 2598 5090 pervicacius
2629 5023 2960 5077 indurescat.
2989 5021 3328 5093 Legebantur
3357 5023 3540 5092 itaque

1965 5113 2026 5166 in
2068 5113 2306 5168 Ecclesia
2335 5123 2450 5168 tum
2486 5115 2680 5183 Latina
2730 5124 2844 5168 tum
2885 5114 3070 5170 Graeca
3099 5130 3209 5169 non
3249 5113 3542 5183 Scriptum

1968 5218 2134 5258 sacra:
2157 5175 2515 5271 solummodo:
2545 5205 2641 5259 sed
2668 5214 2721 5259 et
2759 5206 2890 5258 Acta
2920 5214 3232 5266 martvrum,
3273 5212 3328 5258 et
3359 5205 3412 5258 in
3444 5205 3540 5260 iis-

1968 5293 2092 5346 dem
2115 5293 2547 5349 solemnitatibus
2569 5295 2638 5348 ab
2660 5293 3051 5363 antiquioribus
3075 5293 3321 5350 Patribus
3342 5295 3540 5350 habitae

1975 5385 2250 5441 orationes
2271 5396 2396 5442 ante
2419 5387 2692 5452 Carolum,
2720 5385 2964 5456 quamvis
2990 5384 3046 5440 id
3068 5385 3318 5455 nequiter
3342 5401 3542 5458 negent

1969 5487 2024 5535 et
2053 5477 2282 5536 Rivetus
2307 5489 2364 5534 et
2389 5479 2718 5535 Perltinsius.

2047 5589 2264 5656 Dicent,
2296 5588 2508 5646 facinus
2548 5592 2650 5646 hoc
2686 5604 2793 5645 non
2838 5603 2959 5642 esse
2995 5597 3180 5642 natum
3225 5588 3365 5657 apud
3419 5589 3540 5646 illos

1979 5693 2052 5734 no
2086 5697 2198 5748 um,
2228 5683 2326 5739 sed
2341 5684 2556 5753 culpam
2588 5681 2923 5736 referendam
2945 5695 3068 5735 esse
3092 5679 3147 5733 in
3173 5677 3540 5748 Sigebertum.

1958 5761 2281 5829 etPaulum
2305 5773 2610 5839 Emillnm,
2627 5773 2720 5839 qui
2741 5782 2864 5828 ante
2893 5787 2953 5826 se
2977 5770 3223 5825 fraudem
3244 5770 3386 5826 hanc
3400 5787 3502 5826 con
3517 5799 3536 5815 -

1975 5849 2251 5934 ceperunt.
2298 5862 2487 5919 Dicent
2538 5864 2788 5932 equidem
2814 5906 2829 5932 ,
2876 5863 2969 5920 sed
3003 5860 3197 5918 callido
3228 5863 3526 5920 mendacio.
