4100 6374
585 422 722 477 1219

1472 420 1720 484 LEONlS
1756 421 2034 488 ALLATlI
2074 425 2396 491 DIATRIBA
2433 437 2518 493 DE
2557 438 2968 496 THEODORIS.

3678 441 3802 496 1220

580 543 960 613 Proponamus
987 542 1146 598 verba
1179 542 1440 612 Sigeberti
1474 553 1591 599 tum
1623 562 1690 599 ex
1721 545 1998 614 Chronico,
2023 559 2136 603 tum
2171 561 2213 612 Α
2242 552 2389 608 nium
2423 555 2899 611 Annuntiationem
2925 553 3280 610 sanctissimae
3305 552 3397 609 Dei
3428 553 3748 622 Genitricis;
3781 576 3796 606 ι

579 649 647 690 ex
678 636 818 689 libro
845 635 918 687 De
947 635 1290 704 scriptoribus
1335 637 1487 705 (cap.
1544 636 1646 706 8i)
1682 657 1697 692 :
1739 656 1757 689 ‹
1793 639 2021 694 Carolus
2048 640 2152 694 imo

581 735 801 795 perator
853 740 947 795 per
987 741 1211 781 manum
1268 725 1424 782 Pauli
1468 729 1682 784 diaconi
1731 730 1815 786 sui
1857 731 2150 801 decerpens

581 816 784 884 optima
813 830 1045 885 quaeque
1099 816 1164 871 de
1207 817 1425 888 scriptis
1474 820 1862 876 catholicorum
1889 819 2109 876 Patrum
2130 863 2146 890 ,

582 909 844 963 lectiones
871 909 1165 978 unicuique
1196 909 1472 966 festivitati
1503 913 1890 968 convenientes
1923 929 2020 984 per
2043 914 2150 969 cir-

580 1001 766 1056 culum
797 1001 926 1055 anni
964 1001 1018 1056 in
1051 1000 1295 1058 Ecclesia
1331 1004 1590 1079 legendas
1618 1006 1905 1077 compilari
1943 1005 2073 1063 fecit
2093 1008 2149 1063 in

579 1093 796 1150 duobus
861 1094 1253 1150 voluminibus.
1306 1115 1326 1148 ι
1385 1094 1461 1152 De
1493 1095 1631 1154 Vitis
1688 1106 2038 1166 sanctorum,
2081 1098 2149 1155 de

581 1172 798 1254 hymnis
826 1183 880 1238 in
912 1183 1018 1250 his,
1053 1198 1124 1238 ne
1149 1184 1372 1239 verbum
1389 1184 1629 1255 quidem.
1671 1185 1792 1253 Qua
1823 1185 2000 1244 fronte
2020 1202 2149 1260 ergo

577 1275 800 1339 dicitur,
822 1291 889 1330 ex
925 1275 1008 1330 his
1026 1273 1290 1346 Sigeberti
1321 1277 1524 1342 verbis,
1551 1286 1605 1332 et
1628 1277 1779 1335 Vitas
1811 1288 2145 1345 sanctorum,

577 1376 632 1422 et
676 1366 910 1438 hymnos
959 1365 1112 1421 festis
1153 1368 1546 1423 convenientes
1599 1384 1630 1423 a
1681 1371 1878 1425 Carolo
1913 1371 2144 1441 primum

577 1458 906 1514 constitutos
943 1457 1150 1512 fuisse?
1195 1457 1262 1512 Et
1286 1461 1562 1528 quomodo
1584 1461 1796 1530 primus
1826 1463 2143 1528 constituit,

577 1551 669 1620 qui
695 1565 763 1605 ex
795 1550 1187 1605 catholicorum
1220 1549 1443 1605 Patrum
1466 1551 1693 1622 scriptis
1714 1594 1729 1620 ,
1759 1568 1882 1624 quae
1910 1564 2035 1610 ante
2061 1555 2144 1626 ip-

577 1658 698 1699 sum
731 1652 922 1709 erant,
967 1643 1258 1712 decerpere
1299 1641 1535 1698 Paulum
1559 1645 1763 1714 jussit?
1803 1646 1972 1703 Erant
2015 1654 2146 1720 ergo

578 1746 701 1792 ante
732 1737 986 1791 Carolum
1029 1734 1296 1804 ejusmodi
1339 1733 1540 1804 scripta
1601 1735 1658 1790 in
1715 1733 1993 1802 Ecclesia,
2051 1738 2145 1793 sed

575 1844 702 1883 cum
752 1827 821 1883 ab
877 1827 1146 1882 lnereticis
1187 1827 1328 1881 male
1388 1825 1612 1890 habita,
1655 1835 1710 1881 et
1750 1825 2011 1882 addititiis
2049 1828 2145 1883 d0-

576 1920 767 1975 ctrinis
787 1927 1146 1989 conspurcala
1167 1918 1338 1972 multa
1355 1928 1617 1985 cerneret,
1635 1919 1802 1989 jussit
1823 1927 1880 1974 ut
1905 1920 2142 1974 triticum

575 2025 640 2064 ex
672 2010 1064 2065 catholicorum
1102 2008 1322 2078 scriptis
1343 2048 1358 2075 ,
1395 2007 1612 2078 rejectis
1657 2009 1957 2075 haereticis,
1985 2001 2148 2081 elige-

575 2111 746 2156 retur.
772 2099 888 2155 Non
926 2101 1108 2169 itaque
1135 2099 1250 2169 ipse
1285 2099 1496 2170 primus
1533 2101 1837 2157 constituit.
1882 2100 2020 2156 Tum
2047 2103 2145 2158 dc-

576 2203 750 2254 mum,
787 2204 855 2242 an
894 2203 1070 2242 unum
1091 2195 1145 2242 et
1177 2188 1318 2242 idem
1353 2187 1486 2255 tibi,
1518 2187 1735 2256 Rivete,
1762 2191 1974 2247 videtur
1998 2207 2146 2247 com-

575 2281 746 2350 pilare
792 2278 1007 2347 facere,
1080 2287 1135 2334 et
1179 2279 1559 2335 constituere?
1607 2280 1914 2352 Compilare
1962 2291 2045 2338 est
2089 2283 2142 2338 in

577 2388 745 2428 unum
797 2387 1033 2445 cogere:
1088 2371 1326 2442 primum
1375 2371 1734 2441 constituere,
1775 2382 1862 2429 est
1909 2375 2144 2444 primum

575 2471 842 2529 statuere,
877 2477 1179 2534 proponere
1199 2502 1216 2528 ,
1243 2463 1576 2518 decernere.
1613 2463 1992 2536 Compilantur
2022 2480 2146 2536 qua:

575 2564 701 2610 ante
741 2565 930 2622 erant;
977 2555 1218 2625 primum
1251 2554 1660 2610 constituuntur
1711 2571 1834 2627 quae
1878 2563 1994 2612 tum
2030 2557 2146 2628 pri-

573 2661 723 2700 mum
767 2653 1086 2702 nascuntur.
1127 2643 1186 2700 Si
1226 2659 1356 2716 ergo
1401 2654 1558 2701 erant
1583 2653 1775 2713 antea,
1826 2660 1936 2702 non
1969 2648 2147 2718 potuit

573 2737 783 2806 primus
813 2737 1149 2793 constituere
1174 2775 1191 2800 ,
1231 2735 1410 2806 potuit
1450 2744 1632 2791 tamen
1666 2735 1781 2806 ipse
1810 2738 2141 2809 compilare,

572 2829 656 2885 vel
686 2827 866 2884 iacere
915 2837 977 2884 ut
1016 2827 1223 2884 Paulus
1257 2827 1596 2900 compilaret.
1619 2827 1758 2883 Male
1777 2842 1908 2900 ergo
1935 2829 2143 2901 legeras

570 2921 734 2976 verba
767 2919 1050 2991 Sigeberti,
1081 2919 1237 2990 pejus
1264 2933 1622 2991 conceperas,
1656 2920 1896 2991 pessime
1929 2929 2021 2976 tua
2040 2934 2142 2994 pro

571 3016 719 3070 illius
756 3013 938 3069 verbis
966 3013 1310 3079 divenditas,
1355 3021 1410 3068 et
1448 3013 1700 3069 lectorem
1735 3011 1907 3069 fallis.
1942 3013 2009 3070 Et
2064 3014 2144 3071 sic

569 3107 696 3162 talis
730 3121 884 3161 error
939 3107 994 3161 in
1051 3115 1286 3176 utroque
1336 3113 1579 3161 vestrum
1630 3103 1749 3160 fuit.
1806 3104 1961 3160 Pauli
2012 3120 2144 3162 vero

570 3197 780 3252 :Emilii
816 3197 894 3252 De
933 3197 1091 3268 gestis
1119 3195 1452 3250 Francorum
1479 3195 1532 3250 in
1574 3195 1769 3251 Carolo
1818 3195 1929 3268 (ed.
1970 3195 2138 3252 Basil.

569 3305 623 3360 p.
641 3289 733 3362 65)
745 3291 911 3345 verba
925 3298 1052 3345 sunt
1071 3308 1084 3343 :
1117 3307 1136 3340 ι
1162 3287 1561 3344 Vetustissimis
1578 3289 2002 3358 exemplaribus,
2024 3304 2146 3344 san-

567 3379 778 3451 ctisque
801 3381 1141 3444 auctoribus,
1185 3379 1417 3449 imperio
1451 3393 1662 3449 opeque
1687 3377 1872 3434 Caroli
1905 3381 2145 3451 undique

567 3472 914 3543 conquisitis,
942 3483 1244 3544 martyrum
1267 3472 1410 3526 vitas
1435 3479 1797 3542 mortemque,
1821 3487 1886 3527 ac
1916 3481 2144 3528 caetero-

567 3578 691 3616 rum
743 3563 999 3617 divorum
1032 3603 1048 3630 ,
1111 3577 1325 3617 summa
1391 3562 1656 3618 brevitate
1705 3565 2020 3634 perstrinxit
2088 3564 2144 3619 in

569 3653 786 3723 templis
827 3654 1105 3724 legendas.
1139 3673 1159 3706 ι
1209 3653 1356 3708 Nulli
1394 3653 1487 3709 hic
1525 3654 1715 3726 hymni
1747 3667 2142 3714 memorantur.

569 3746 856 3803 Lectiones
890 3763 1034 3817 quas
1079 3762 1293 3804 summa
1323 3747 1587 3803 brevitate
1617 3749 1960 3818 [perstrinxit
2003 3749 2145 3806 Pau-

565 3837 688 3904 lus,
713 3853 780 3898 ex
817 3839 1208 3894 vetustissimis
1238 3837 1641 3908 exemplaribus
1685 3839 1998 3910 sanctisque
2045 3854 2144 3895 au-

565 3926 813 3985 cto'ribus
853 3930 1121 4000 decerpta:
1152 3937 1299 3986 sunt.
1335 3927 1600 3984 Laborem
1622 3927 1777 3984 Pauli
1811 3943 1912 3999 ope
1939 3945 2036 3985 sua
2069 3939 2144 3985 at-

567 4037 675 4092 que
709 4022 938 4092 imperio
973 4021 1204 4078 Carolus
1250 4021 1559 4092 promovit,
1586 4020 1919 4092 exemplaria
1949 4039 2142 4095 nempe

565 4114 942 4186 conquirendo
963 4155 979 4182 ,
1013 4123 1070 4170 et
1116 4125 1368 4186 sumptus
1396 4114 1703 4186 eroganda,
1746 4121 1807 4168 ut
1836 4116 2142 4185 promptius

568 4211 626 4265 in
684 4207 925 4264 Ecclesia
978 4209 1308 4280 legerentur,
1342 4225 1464 4280 qua:
1494 4207 1665 4263 nimia
1705 4222 1806 4263 sua
1835 4207 2142 4276 prolixitate

567 4302 799 4357 lectores
826 4301 1103 4372 segniores
1139 4300 1458 4357 reddebant.
1490 4298 1778 4367 Quomodo
1805 4298 1990 4370 itaque
2028 4300 2143 4370 pri-

567 4407 692 4446 mus
714 4380 944 4446 Carolus
980 4391 1241 4448 lectiones
1285 4389 1438 4447 testis
1467 4399 1779 4447 sanctorum
1813 4389 2141 4446 convenien-

568 4491 651 4539 tes
679 4480 998 4537 constituit?

2253 657 2359 698 non
2394 654 2452 699 ut
2483 656 2766 717 argutatur
2801 647 3024 702 Rivetus
3056 647 3154 701 has
3176 661 3296 702 esse
3328 645 3545 705 dubias.
3585 647 3711 715 quia
3737 647 3804 702 le-

2249 737 2459 790 ctiones
2477 747 2529 791 et
2556 737 2744 808 hymni
2771 737 2964 794 diebus
2989 738 3144 794 festis
3165 737 3549 794 convenientes
3573 737 3799 806 primum

2248 827 2499 882 aCarolo
2541 827 2735 898 Magno
2782 830 3062 885 constituti
3101 829 3232 885 sint.
3263 827 3523 894 Quamvis
3545 843 3675 883 vero
3724 845 3802 883 ar-

2250 927 2563 978 gumentum
2604 917 2869 974 Perkinsii
2926 920 3134 974 nullum
3183 919 3274 985 sit,
3311 927 3372 972 ut
3420 933 3585 987 supra
3620 919 3803 987 proba-

2248 1015 2362 1059 tum
2391 1015 2496 1074 est,
2529 1009 2919 1064 attamenillud
2957 1010 3254 1063 maximum
3291 1009 3342 1062 in
3392 1007 3587 1061 Riveto
3615 1006 3802 1072 fuerit,

2248 1097 2437 1153 critico
2489 1114 2674 1154 rerum
2724 1115 3005 1156 sacrarum
3035 1099 3469 1169 improbissimo,
3503 1113 3680 1170 pauca
3707 1099 3801 1152 ista

2245 1186 2512 1246 Perkinsii
2555 1192 2824 1248 intellecta
2881 1206 2990 1246 non
3025 1189 3215 1246 fuisse.
3241 1176 3305 1244 Et
3335 1191 3492 1259 plane
3518 1204 3801 1260 argumen-

2250 1288 2361 1332 tum
2392 1277 2659 1336 Perkinsii
2685 1282 2760 1335 ita
2790 1289 3110 1348 conceptum
3145 1280 3527 1335 stultissimum
3553 1287 3658 1333 est.
3683 1275 3800 1332 Ete-

2246 1375 2358 1427 nim
2382 1373 2427 1426 si
2458 1373 2586 1442 quia
2615 1373 2941 1443 hymnorum
2976 1381 3032 1428 et
3077 1371 3338 1426 festorum
3369 1370 3583 1426 dierum
3614 1369 3797 1424 memi-

2246 1465 2349 1528 nit,
2385 1465 2506 1519 ideo
2532 1473 2642 1520 tres
2675 1465 2760 1520 vel
2795 1475 3032 1536 quatuor
3065 1463 3181 1519 istte
3206 1463 3476 1518 orationes
3501 1461 3801 1532 rejiciendte

2245 1564 2393 1616 sunt,
2450 1554 2741 1625 rejicienda
2795 1564 2954 1611 erunt
2985 1565 3040 1612 et
3087 1553 3412 1625 Evangelia,
3453 1561 3508 1609 et
3551 1554 3800 1623 Epistolas

2243 1645 2428 1711 Pauli,
2471 1657 2525 1703 et
2568 1656 2648 1703 tot
2700 1648 2806 1704 alia
2857 1658 3206 1714 sanctorum,
3257 1647 3350 1718 qui
3379 1656 3503 1701 ante
3549 1646 3798 1700 Carolum

2244 1738 2528 1806 vixerunt,
2579 1749 2929 1795 monumenta
2963 1738 3356 1810 pulcherrima,
3403 1739 3543 1793 etde
3571 1751 3798 1808 quorum

2246 1832 2559 1888 auctoribus
2585 1832 2836 1887 dubitare
2865 1830 3018 1887 nefas
3062 1841 3226 1897 esset,
3248 1831 3331 1885 vel
3353 1845 3419 1885 eo
3450 1829 3571 1884 solo
3592 1829 3800 1884 nomine

2244 1923 2388 1994 quod
2417 1924 2473 1977 in
2495 1923 2602 1981 illis
2634 1924 2839 1979 mentio
2866 1924 3114 1988 habetur,
3135 1933 3186 1978 et
3207 1923 3416 1978 dierum
3445 1921 3726 1986 festorum,
3753 1931 3800 1976 et

2245 2013 2602 2085 hymnorum,
2654 2014 2801 2085 quod
2846 2013 2947 2070 ista
2987 2013 3224 2083 primum
3269 2027 3298 2066 a
3350 2010 3550 2066 Carolo
3601 2011 3798 2066 constio

2245 2113 2359 2160 tuta
2386 2103 2513 2160 sint.

2314 2195 2381 2250 Et
2404 2205 2465 2251 ut
2488 2195 2662 2267 magis
2683 2211 2904 2268 urgeam
2927 2237 2942 2264 ,
2983 2195 3067 2252 hae
3100 2195 3492 2267 Thaumaturgi
3531 2197 3798 2252 orationes

2244 2298 2479 2358 quatuor
2531 2299 2679 2354 sunt,
2723 2299 2833 2345 tres
2889 2290 2945 2344 in
2992 2289 3509 2354 Annuntiationem,
3543 2291 3702 2346 unica
3746 2291 3796 2344 in

2247 2377 2673 2448 'l‘lteophaniam,
2696 2387 2751 2434 et
2775 2394 2840 2433 ex
2866 2379 2952 2436 his
2984 2380 3038 2433 in
3064 2395 3169 2434 una
3200 2387 3434 2442 tantum,
3465 2395 3590 2449 qua:
3613 2388 3695 2435 est
3714 2394 3795 2434 se-

2243 2469 2419 2525 cunda
2448 2469 2505 2524 in
2532 2469 3007 2524 Aununtiationem
3027 2511 3044 2536 ,
3076 2479 3131 2524 et
3161 2469 3371 2524 dierum
3412 2470 3706 2535 festorum,
3749 2479 3795 2523 et

2247 2560 2572 2632 hymnorum
2603 2558 2660 2614 lit
2686 2559 2908 2614 mentio.
2935 2557 3066 2626 Quae
3091 2558 3288 2628 poterit
3329 2558 3601 2630 assignari
3632 2558 3793 2620 ratio,

2243 2661 2304 2709 ut
2331 2667 2437 2707 una
2464 2651 2631 2707 simul
2651 2666 2776 2706 cum
2799 2650 2903 2707 hac
2923 2650 3146 2719 reliquae
3174 2649 3530 2720 rejiciantur?
3576 2649 3791 2703 Etiamsi

2241 2758 2364 2814 quae
2387 2743 2454 2798 de
2479 2740 2632 2798 festis
2670 2750 2728 2797 et
2771 2739 2987 2812 hymnis
3011 2741 3273 2811 loquitur,
3296 2755 3327 2796 e
3349 2740 3572 2810 scriptis
3623 2738 3794 2794 Thau-

2243 2835 2474 2905 maturgi
2515 2843 2662 2892 esset
2714 2833 3142 2900 exterminanda,
3179 2833 3282 2889 ista
3320 2848 3430 2888 non
3457 2847 3572 2888 una
3619 2846 3791 2888 secum

2243 2927 2480 2983 traheret
2500 2927 2654 2981 alias.
2683 2924 2792 2981 Fac
2809 2925 2954 2980 enim
2981 2925 3121 2980 inter
3135 2924 3412 2980 orationes
3430 2923 3792 2988 Seleucianas,

2243 3019 2327 3075 vel
2369 3017 2880 3092 Chrysostomianas
2915 3016 2988 3071 sit
3021 3029 3151 3080 una,
3201 3030 3324 3085 quae
3365 3015 3793 3076 beleuciensem,

2243 3108 2326 3163 vel
2359 3109 2807 3180 Chrysostomum
2842 3121 2950 3161 non
2996 3114 3288 3177 agnoscat.
3341 3105 3534 3160 ideone
3591 3114 3647 3161 et
3682 3103 3795 3158 reli-

2241 3214 2364 3270 qua:
2396 3199 2515 3254 alia:
2549 3196 2904 3253 amandandae
2953 3195 3119 3252 sunt?
3167 3195 3353 3251 Κακοῦ
3383 3195 3620 3267 κόρακος
3640 3192 3794 3249 κακὸν

2245 3291 2368 3345 ὼόν.
2401 3290 2546 3346 inter
2575 3290 2759 3346 decem
2808 3288 3177 3344 adolescentes
3216 3303 3360 3344 unus
3411 3289 3635 3357 spurius
3685 3293 3792 3349 est,

2246 3400 2420 3455 neque
2454 3383 2786 3448 indubitate,
2825 3396 2953 3451 ergo
3007 3381 3187 3435 cazteri
3215 3393 3407 3435 omnes
3425 3379 3637 3449 spurii?
3665 3378 3797 3432 inter

2245 3477 2427 3531 decem
2458 3476 2691 3545 pecudes
2717 3489 2826 3530 una
2873 3475 3026 3543 nigra
3065 3481 3183 3538 est,
3213 3486 3343 3542 ergo
3365 3479 3420 3526 et
3447 3471 3668 3541 reliqum
3700 3482 3794 3523 no-

2245 3570 2400 3621 vem?
2448 3566 2516 3621 Et
2570 3577 2628 3621 ut
2669 3565 2876 3630 ﬁniam,
2931 3565 3072 3619 inter
3119 3563 3337 3620 critieos
3365 3577 3553 3618 sacros
3582 3561 3794 3615 Rivelus

2246 3672 2432 3712 amens
2487 3657 2819 3725 demensque
2869 3663 2972 3721 est,
3026 3668 3156 3724 ergo
3217 3665 3266 3710 et
3311 3661 3582 3724 quotquot
3631 3647 3794 3706 critici

2245 3749 2385 3804 sacri
2405 3749 2568 3804 sunt?
2608 3747 2809 3802 Demus
2853 3761 2982 3816 ergo
3027 3747 3416 3802 dubitationem
3454 3759 3584 3801 esse
3619 3744 3684 3798 de
3719 3755 3794 3794 se-

2244 3836 2420 3892 cunda
2455 3836 2508 3889 in
2535 3834 3042 3902 Annuntiationem,
3073 3836 3200 3906 quia
3231 3843 3285 3889 et
3327 3834 3546 3905 hymni,
3587 3844 3642 3888 et
3687 3830 3794 3884 dies

2245 3925 2366 3982 festi
2406 3927 2460 3982 in
2482 3921 2544 3983 ea
2576 3927 2850 3994 tinninnt;
2886 3942 3015 3996 ergo
3057 3936 3339 3998 propterea
3373 3935 3429 3984 et
3459 3925 3581 3980 alia:
3608 3923 3793 3979 ibidem

2242 4033 2468 4074 annexa:
2516 4018 2570 4072 in
2617 4017 2842 4072 dubium
2869 4017 3184 4072 vertantur?
3206 4013 3517 4080 Vertantur,
3550 4011 3794 4068 fatebitur

2243 4111 2425 4168 forsan
2448 4111 2696 4178 Rivetus,
2731 4111 2819 4165 cui
2852 4111 3035 4164 omnia
3065 4125 3223 4164 sacra
3255 4110 3308 4163 in
3342 4108 3570 4162 dubium
3597 4115 3794 4160 vertere

2243 4203 2300 4258 in
2334 4203 2520 4257 animo
2548 4212 2651 4258 est.
2687 4201 2755 4256 Et
2801 4203 2914 4256 haec
2960 4201 3178 4272 quidem
3215 4200 3282 4255 ad
3314 4199 3553 4254 rationes
3597 4193 3792 4256 Riveti,

2241 4291 2566 4358 Gordianis,
2614 4301 2674 4347 ut
2718 4292 2820 4362 ipsi
2881 4292 3123 4358 videtur,
3176 4290 3334 4346 nodis
3388 4290 3793 4350 circutnllexas,

2241 4387 2377 4444 satis
2400 4387 2528 4442 sint.

2317 4476 2576 4534 Seribunt
2603 4476 2694 4532 alii
2733 4495 2747 4532 :
2781 4475 2980 4542 Verba,
3012 4493 3133 4546 qua:
3165 4475 3230 4532 ad
3262 4473 3520 4531 Iordanis
3552 4476 3703 4545 ripas
3748 4476 3798 4524 et

638 4567 824 4641 Neque
870 4571 1004 4625 illud
1066 4569 1430 4627 omittendum
1478 4577 1604 4626 est:
1653 4569 1818 4627 verba
1871 4568 2136 4626 Perkinsii
2167 4583 2213 4639 ι)
2242 4569 2298 4624 in
2323 4579 2508 4625 monte
2527 4569 2660 4624 dicit
2691 4568 2852 4624 Pater
2873 4569 2942 4624 de
2962 4567 3202 4634 Christo,
3231 4568 3306 4622 ita
3334 4567 3618 4638 conjungit
3641 4573 3796 4631 atque

567 4676 692 4733 quae
733 4661 868 4731 ipse,
902 4671 963 4717 ut
990 4676 1156 4731 supra
1185 4663 1318 4727 dixi,
1343 4678 1451 4719 non
1471 4663 1602 4732 vidi,
1627 4677 1690 4718 ex
1727 4663 1927 4734 quibus
1948 4670 2029 4719 tot
2049 4677 2137 4718 er-

568 4768 722 4810 rores
771 4762 1202 4824 consequuntur,
1280 4753 1503 4810 Rivetus
1543 4754 1755 4811 videtur
1802 4769 1910 4809 non
1980 4754 2140 4809 intel-

569 4845 788 4900 lexisse.
833 4843 1328 4916 Argumentabatur
1366 4845 1635 4917 siquidem
1682 4845 2031 4912 Perkinsius,
2089 4846 2138 4902 si

568 4952 718 4992 sana:
745 4936 944 4992 mentis
980 4950 1205 5008 compos
1235 4937 1540 5002 scribebat,
1561 4937 2136 5008 lectioneshltymnos,

458 5029 466 5038 '
567 5037 621 5082 et
646 5024 798 5082 Vitas
827 5035 1139 5082 sanctorum
1184 5025 1378 5082 diebus
1410 5025 1564 5083 festis
1593 5027 1996 5092 convenientes,
2028 5026 2139 5096 pri-

570 5133 718 5175 mum
743 5133 775 5173 a
796 5118 995 5173 Carolo
1016 5119 1341 5174 constitutos
1365 5118 1555 5174 fuisse.
1582 5118 1726 5190 Ergo
1758 5120 1839 5174 ha:
1865 5119 2139 5174 orationes

570 5217 651 5266 tot
693 5218 821 5265 ante
864 5211 1062 5266 saecula
1101 5211 1391 5266 scribentis
1441 5209 1836 5283 'l‘haumaturgi
1879 5225 2001 5266 esse
2028 5225 2136 5264 non

569 5311 819 5372 possunt.
856 5299 924 5357 Et
953 5301 1299 5358 manifestum
1343 5312 1456 5366 est,
1503 5303 1650 5373 quod
1707 5303 1762 5357 in
1815 5317 2005 5357 earum
2053 5317 2140 5358 se-

571 5393 746 5446 cunda
767 5434 782 5459 ,
806 5393 924 5462 ipso
951 5393 1130 5447 statim
1157 5393 1345 5461 initio,
1371 5394 1559 5448 talium
1589 5394 1792 5447 mentio
1825 5393 2089 5448 habeatur
2119 5410 2134 5447 :

582 5483 807 5555 Ἑορτὰς
840 5485 940 5555 μὲν
971 5487 1188 5550 ἁπάσας
1207 5487 1302 5540 καὶ
1324 5487 1596 5564 ὑμνῳδίαις
1621 5487 1739 5540 δέον
1762 5487 1912 5558 ἡμᾶς
1939 5484 2140 5539 θυσιῶν

570 5575 728 5644 δίκην
769 5577 1097 5649 προσφέρειν
1146 5578 1225 5648 τῷ
1255 5579 1391 5649 Θεῷ,
1426 5578 1640 5651 πρῶτον
1688 5579 1745 5632 δὲ
1777 5577 1993 5631 πάντων
2049 5577 2140 5631 τὸν

573 5665 986 5736 Εὑαγγελισμὸν
1017 5668 1118 5738 τῆς
1140 5669 1303 5736 ἁγίας
1327 5668 1609 5722 Θεοτόκουο
1651 5688 1669 5722 ι
1692 5667 1887 5724 Sacras
1919 5668 2137 5738 quidem

574 5755 836 5811 festorum
866 5757 1208 5813 celebritates
1249 5767 1411 5830 atque
1445 5761 1677 5831 hymnos
1705 5760 1860 5815 decet
1902 5774 2002 5814 nos
2057 5773 2141 5814 sa-

571 5846 902 5903 criﬁciorum
934 5845 1104 5902 instar
1131 5847 1324 5906 oﬂerre
1354 5849 1486 5915 Deo,
1520 5850 1758 5916 primum
1797 5859 1981 5908 autem
2012 5864 2136 5906 om-

1761 6009 1802 6028 ἣν

2203 4687 2209 4694 -
2243 4661 2650 4731 interpretatur,
2703 4675 2770 4716 ac
2812 4659 2860 4714 si
2905 4661 3021 4730 ipsa
3054 4658 3308 4728 baptismi
3339 4658 3473 4712 hora
3503 4658 3645 4712 dicta
3669 4654 3796 4709 fuis-

2241 4762 2364 4808 sent
2387 4793 2403 4820 ,
2440 4761 2630 4809 auctor
2670 4752 2907 4807 homilia:
2948 4753 3002 4806 in
3028 4748 3478 4820 Theophaniam:
3524 4767 3543 4801 ι
3583 4747 3679 4802 Hic
3713 4749 3792 4800 est

2241 4844 2414 4901 Filius
2444 4859 2599 4901 meus
2621 4844 2872 4907 dilectus,
2914 4844 2969 4898 in
2999 4858 3108 4914 quo
3137 4843 3270 4897 mihi
3318 4841 3453 4896 bene
3481 4835 3790 4912 complacui.

2240 4936 2412 4992 Filius
2428 4936 2928 5000 consubstantialis,
2955 4953 2974 4988 ι
2990 4946 3118 5000 etc.,
3135 4933 3278 4990 unde
3298 4933 3582 5006 perspicue
3606 4927 3796 5000 signiti-

2241 5037 2398 5084 catur
2426 5038 2700 5084 auctorem
2729 5028 2872 5084 illius
2905 5027 3140 5083 homilize
3159 5027 3442 5096 scripsisse
3469 5035 3592 5096 post
3610 5021 3721 5077 Arii
3745 5025 3795 5072 et

2245 5117 2462 5173 concilii
2488 5115 2690 5172 Nicaeni
2717 5127 2990 5187 tempora,
3023 5116 3133 5170 imo
3163 5126 3289 5187 post
3322 5117 3468 5186 ipsos
3494 5112 3793 5170 Nestorium

2239 5219 2295 5265 et
2343 5208 2694 5280 Eutychetem
2749 5210 3056 5264 damnatos.
3097 5205 3240 5260 idem
3284 5222 3501 5278 quoque
3532 5202 3793 5278 judicium

2242 5299 2550 5356 iaciendum
2579 5301 2646 5356 de
2675 5300 2950 5354 duodecim
2983 5299 3242 5369 capitibus
3267 5300 3332 5353 de
3367 5300 3500 5370 ﬁde,
3523 5314 3645 5354 cum
3672 5306 3794 5348 ana-

2241 5392 2606 5448 thematismis
2635 5408 2756 5462 qua:
2786 5407 2911 5447 cum
2952 5389 3396 5446 Nestorianorum
3431 5399 3484 5445 et
3517 5383 3791 5460 Eutycbia-

2242 5500 2437 5540 norum
2469 5499 2684 5540 errores
2723 5496 2777 5538 et
2813 5482 3179 5552 blasphemiae.
3211 5481 3500 5546 damnent,
3537 5495 3644 5535 non
3672 5487 3790 5545 p05-

2241 5585 2370 5631 sunt
2405 5583 2683 5629 auctorem
2717 5573 2913 5628 habere
2946 5572 3266 5644 Gregorium
3308 5571 3790 5636 Thaumaturgum.

2241 5668 2334 5736 qui
2370 5667 2553 5720 multis
2578 5674 2703 5720 ante
2732 5665 2925 5720 harum
2959 5665 3235 5720 intereseon
3264 5674 3444 5718 ortum
3475 5663 3634 5717 annis
3659 5658 3789 5713 diem

2241 5772 2400 5824 suum
2421 5757 2649 5811 obierat.
2674 5754 2800 5812 Haec
2825 5755 2964 5811 ratio
2991 5770 3098 5809 non
3115 5755 3274 5824 plane
3296 5754 3592 5809 concludit.
3620 5747 3792 5812 Νειιυε

2241 5845 2386 5912 enim
2431 5847 2560 5918 quia
2610 5846 2832 5903 Patrum
2880 5847 3167 5905 sententiis
3195 5847 3461 5913 haereses,
3489 5859 3609 5916 quae
3656 5840 3789 5909 ipsOS
