4100 6386
263 452 393 511 ηοξ

1133 440 1377 499 LEONIS
1415 434 1694 512 ALLATll
1733 429 2058 488 DIATRIBA
2096 426 2186 484 DE
2226 423 2636 481 THEODOBIS.

3373 425 3392 470 1
3403 421 3511 477 $222

264 575 568 628 subsecuta:
636 575 798 631 snnt,
859 564 1197 636 iugulantur,
1257 563 1379 617 ideo
1424 561 1562 616 bene
1611 557 1842 612 infertur
1871 560 1913 616 Α
1944 564 2051 620 que
2083 545 2382 603 Personam
2411 561 2507 616 per
2537 561 2595 602 se
2630 543 2948 609 subsistere,
2984 550 3040 598 et
3065 542 3226 598 aliam
3262 557 3383 598 esse
3414 547 3513 614 uv-

264 665 434 718 dietas
460 661 754 717 sententias
780 658 864 713 vel
889 656 1281 712 commentaria
1306 696 1321 720 ,
1369 655 1424 707 in
1455 652 1654 722 quibus
1696 649 1830 704 tales

265 753 545 809 sententiae
589 752 932 822 digeruntur,
975 764 1080 804 non
1119 762 1242 802 esse
1278 745 1501 800 Patrum
1533 742 1624 813 qui
1658 741 1830 796 haere-

266 841 419 898 sibus
454 842 781 912 praeiverunt
817 858 830 894 :
872 855 1013 894 cum
1078 835 1312 907 Spiritus
1343 843 1584 890 sanctus
1643 846 1831 888 eorum

269 941 504 986 mentem
535 938 589 985 et
624 930 894 985 calamum
941 928 1216 999 dirigens,
1269 934 1394 982 ante
1420 935 1638 980 exortas
1687 924 1833 993 ipsas

266 1023 523 1090 haereses,
545 1037 638 1077 eas
661 1021 1064 1092 profligaverit;
1100 1028 1159 1075 ut
1185 1020 1445 1075 haberent
1475 1017 1677 1080 fideles,
1709 1031 1832 1070 cum

269 1115 373 1167 illae
403 1121 776 1176 nascerentur,
811 1111 880 1168 ad
921 1111 1202 1166 veritatem
1238 1109 1629 1164 ostendendam
1657 1105 1836 1162 subsi-

266 1205 379 1259 dia.
412 1202 539 1259 Inde
565 1204 708 1260 natis
731 1202 1050 1266 haeresibus,
1080 1200 1172 1271 qui
1207 1210 1324 1256 tum
1351 1199 1598 1254 vivebant
1630 1197 1834 1263 fideles,

269 1313 334 1351 ex
372 1297 722 1366 antiquorum
763 1294 984 1350 Patrum
1023 1294 1244 1366 scriptis
1297 1292 1513 1361 eclogas
1549 1289 1838 1345 commini-

269 1390 585 1451 scebantur,
648 1397 708 1443 ut
748 1402 948 1443 novum
1001 1385 1221 1456 quidem
1277 1384 1654 1439 haereticorum
1718 1394 1840 1436 esse

269 1481 490 1552 dogma,
519 1480 650 1535 illud
690 1488 872 1535 autem
897 1478 1156 1534 Ecclesiae
1177 1475 1622 1546 antiquissimum
1651 1479 1705 1526 et
1733 1469 1838 1524 Pa-

269 1582 416 1628 trum
445 1572 854 1629 commentariis
887 1571 1246 1634 insinuatum,
1268 1585 1333 1624 ex
1353 1568 1552 1639 quibus
1574 1565 1707 1621 illud
1742 1565 1840 1620 eli-

269 1675 478 1732 cerent,
523 1673 1035 1722 commonstrarent.
1084 1662 1159 1718 De
1198 1678 1308 1734 quo
1339 1676 1441 1716 nos
1492 1659 1619 1714 alibi
1662 1659 1836 1729 plura.

267 1757 456 1826 Quare
483 1758 659 1828 potuit
697 1766 754 1812 et
792 1755 1236 1827 Thaumaturgus
1283 1763 1410 1810 ante
1449 1752 1840 1825 Eutychianam

265 1861 326 1905 et
355 1849 615 1904 Arianam
641 1847 892 1904 haeresim
916 1847 1194 1903 veritatem
1215 1860 1482 1916 promere,
1505 1844 1716 1914 etquod
1743 1842 1843 1897 Ec-

1934 639 2198 712 postasim
2223 637 2422 705 Patris,
2454 637 2617 692 aliam
2643 636 2788 701 Filii,
2815 644 2921 690 etc.
2949 632 3215 688 Praeterea
3241 632 3511 689 Vossiana

1933 731 2155 787 videtur
2187 730 2414 786 omnino
2447 731 2647 798 scripta
2681 736 2871 783 contra
2897 725 3152 788 Arianos,
3186 740 3250 780 ac
3279 739 3377 795 per
3406 725 3514 781 hoc

1934 824 2068 880 satis
2097 822 2192 878 diu
2225 832 2347 892 post
2377 831 2621 891 tempora
2651 817 3086 888 Thaumaturgi;
3124 817 3205 872 sic
3241 817 3387 872 enim
3424 817 3510 870 in-

1934 915 2102 985 cipit:
2135 933 2153 967 ‹
2183 913 2553 970 lnimicissimi
2604 921 2659 968 et
2705 911 2866 966 alieni
2915 925 2947 964 a
2986 908 3336 965 confessione
3383 924 3516 978 apo-

1935 1007 2126 1062 stoliea
2153 1013 2305 1071 sunt,
2330 1005 2422 1074 qui
2455 1004 2648 1059 dicunt
2682 1017 2804 1058 esse
2831 1000 3030 1055 Filium
3063 1015 3132 1055 ex
3158 1014 3266 1079 non
3290 1008 3516 1055 exstan-

1937 1097 2104 1162 tibus,
2133 1115 2152 1149 ι
2179 1105 2285 1152 etc.
2312 1094 2380 1150 Et
2411 1092 2556 1151 infra
2585 1112 2599 1150 :
2633 1113 2652 1146 ι
2674 1091 2783 1149 Eos
2805 1107 2958 1156 vero,
2984 1091 3078 1162 qui
3107 1090 3517 1146 communicant

1938 1205 2060 1245 cum
2093 1190 2163 1245 iis
2193 1187 2286 1258 qui
2309 1187 2565 1258 rejiciunt
2594 1184 2984 1249 homoousion,
3016 1190 3277 1253 tanquam
3305 1181 3516 1236 alienos

1939 1296 1968 1335 a
1999 1278 2334 1350 Scripturis;
2389 1287 2444 1334 et
2494 1279 2589 1348 qui
2637 1277 2829 1332 dicunt
2884 1275 3090 1347 aliquid
3137 1289 3206 1328 ex
3247 1272 3516 1326 Trinitate

1939 1381 2179 1428 creatum
2211 1365 2352 1438 esse,
2391 1371 2598 1426 alienos
2637 1369 3040 1423 existimamus.
3071 1385 3090 1418 ι
3145 1365 3376 1421 Constat
3415 1379 3515 1417 au—

1940 1471 2046 1518 tem
2081 1462 2316 1518 Arianos
2349 1461 2554 1517 dixisse
2608 1458 2804 1512 Filium
2841 1472 2963 1512 esse
3009 1471 3077 1511 ex
3111 1470 3219 1510 non
3249 1453 3516 1509 exstanti-

1939 1558 2060 1624 bus,
2079 1566 2134 1612 et
2156 1558 2412 1628 rejecisse
2430 1556 2813 1624 homoousion.
2837 1553 3143 1621 Quinetiam
3174 1551 3250 1607 ita
3277 1551 3519 1621 disputat

1940 1650 2029 1706 hic
2072 1659 2265 1706 auctor
2309 1649 2378 1705 de
2421 1649 2831 1712 incarnatione,
2883 1656 2946 1703 ut
2986 1646 3238 1703 videatur
3269 1646 3518 1702 refellere

1939 1742 2294 1799 Nestorianos
2345 1750 2398 1797 et
2432 1741 2822 1812 Eutychianos.
2871 1739 2938 1794 Et
2975 1740 3090 1796 hac
3117 1738 3338 1809 quidem
3387 1747 3520 1794 sunt

1942 1832 2257 1889 Bellarmini
2283 1839 2623 1902 argumenta.

271 1943 439 1998 clesia
466 1942 580 2011 ipsa
613 1949 736 2010 post
769 1940 977 2010 aliquot
1027 1909 1232 1994 saecula
1269 1909 1530 1994 adversus
1558 1909 1841 1990 haereticos
1874 1909 1913 1962 Β
2011 1925 2204 1982 Posset
2230 1925 2355 1980 addi
2378 1924 2677 1980 auctoritas
2699 1921 2912 1978 Leontii
2947 1920 3022 1976 De
3045 1922 3224 1986 sectis,
3252 1929 3359 1975 act.
3386 1936 3511 1982 vm,

271 2033 328 2087 in
363 2033 448 2088 sui
519 2031 892 2088 defensionem
937 2039 1284 2102 proponeret,
1331 2029 1718 2100 pramuntiare.
1778 2025 1844 2081 Et

272 2124 505 2180 istorum
553 2124 692 2178 ratio
736 2139 844 2178 non
890 2136 1282 2192 usquequaque
1327 2120 1528 2175 absona
1567 2118 1756 2184 fuerit,
1787 2129 1846 2172 ut

272 2213 363 2267 illa
409 2213 582 2268 Riveti
613 2232 626 2268 :
675 2231 694 2264 ‹
725 2211 1087 2266 Bellarminus
1122 2211 1254 2265 nihil
1296 2225 1355 2266 se
1402 2210 1601 2264 habere
1638 2220 1843 2263 certum

270 2305 558 2374 profitetur
606 2313 716 2359 tam
768 2303 834 2359 de
875 2303 1117 2358 bomiliis
1168 2302 1222 2356 in
1277 2300 1759 2355 Annuntiationem
1794 2309 1848 2354 et

271 2395 636 2465 Epiphaniam
663 2395 1022 2460 Dominicam,
1058 2408 1226 2463 quam
1255 2392 1322 2446 de
1356 2392 1536 2447 libello
1562 2391 1638 2446 De
1667 2395 1845 2446 anima

270 2487 341 2540 ad
370 2485 660 2540 Tatianum
682 2524 698 2549 ,
724 2499 960 2556 quorum
1011 2493 1218 2539 veteres
1255 2499 1362 2538 non
1398 2483 1781 2538 meminerunt.
1821 2502 1840 2535 ι

270 2577 418 2650 Ergo
448 2578 539 2633 illa
576 2579 742 2634 dubia
781 2577 1004 2634 fuerint.
1055 2575 1223 2644 Quasi
1257 2592 1385 2632 vero
1409 2576 1552 2647 quod
1581 2579 1846 2632 incertum

269 2677 357 2725 est
383 2669 738 2733 Bcllarmino,
778 2669 833 2724 id
868 2683 1087 2739 quoque
1127 2668 1181 2722 in
1213 2666 1457 2724 Ecclesia
1485 2667 1708 2723 dubium
1733 2669 1803 2724 sit
1833 2689 1846 2724 :

268 2769 327 2815 et
357 2774 602 2830 quorum
640 2775 864 2831 operum
904 2769 1112 2815 veteres
1143 2773 1252 2814 non
1289 2759 1604 2826 meminere,
1653 2775 1716 2814 ea
1761 2759 1847 2814 in~

270 2862 418 2908 certa
452 2853 593 2920 sint;
619 2861 674 2909 et
703 2854 862 2924 quasi
895 2861 1111 2909 veteres
1133 2853 1377 2908 omnium
1407 2853 1774 2921 meminerint,
1798 2863 1852 2908 et

263 2959 366 3000 nos
396 2945 654 3000 omnium
688 2956 954 3012 veterum,
983 2961 1323 3018 quaecunque
1345 2946 1435 3001 illa
1465 2944 1700 3011 fuerint,
1741 2961 1853 3016 prae

260 3038 535 3092 manibus
566 3038 885 3094 habeamus.
922 3037 1029 3093 Sed
1057 3037 1253 3103 Riveti,
1290 3053 1417 3094 cum
1455 3036 1718 3094 solidiora
1744 3051 1851 3093 non

268 3131 502 3199 habeat,
528 3131 623 3186 ltili
664 3141 992 3202 nugamenta
1023 3131 1141 3187 haec
1179 3139 1326 3188 sunt.

350 3311 473 3369 Non
524 3313 702 3367 minor
745 3313 1032 3370 diﬂlcultas
1075 3321 1160 3369 est
1206 3313 1274 3368 de
1311 3312 1653 3384 Expositione
1699 3314 1846 3385 ﬁdei,

269 3422 443 3478 quam
494 3406 586 3460 ille
622 3407 844 3476 scripsit
887 3417 941 3462 et
975 3408 1294 3478 publicavit,
1341 3411 1664 3478 vocavitque
1712 3409 1852 3463 κατὰ

275 3498 484 3571 μέρος·
533 3501 642 3552 no'n
670 3499 815 3568 quod
856 3514 923 3554 ex
965 3509 1150 3570 parte,
1191 3517 1313 3572 quae
1349 3514 1478 3558 sunt
1511 3502 1636 3557 ﬁdei
1678 3503 1854 3557 tradat

270 3599 330 3644 et
362 3597 627 3660 exponat,
656 3589 741 3644 vel
766 3591 910 3662 quod
948 3607 1044 3662 per
1075 3604 1260 3666 partes
1286 3595 1420 3650 inibi
1457 3593 1590 3649 fides
1618 3595 1852 3665 explice-

273 3689 387 3746 tur,
427 3680 513 3734 vel
537 3680 682 3750 quod
712 3679 871 3736 fidem
910 3698 1026 3738 non
1052 3685 1365 3740 universam
1395 3685 1489 3740 sed
1517 3685 1712 3752 partim
1740 3693 1851 3738 tra-

275 3772 392 3838 dat,
432 3773 521 3826 vel
565 3773 712 3842 quod
753 3776 1099 3843 particularis
1143 3778 1276 3834 fides
1321 3777 1514 3843 fuerit,
1567 3777 1662 3833 sed
1707 3776 1854 3848 quod

272 3864 528 3934 singulas
562 3873 614 3918 et
636 3867 897 3934 speciales
920 3867 1044 3922 fidei
1066 3878 1250 3938 partes
1270 3869 1537 3924 enucleat.
1567 3867 1698 3923 Eam
1721 3868 1855 3924 Vos-

271 3958 401 4013 sius
455 3957 700 4023 invenit,
746 3959 1021 4030 ediditque
1051 3960 1240 4017 Latine
1277 3963 1474 4027 solum,
1507 3977 1632 4018 cum
1666 3962 1854 4018 Graeca

273 4064 390 4104 non
422 4049 674 4103 habuerit
696 4049 801 4121 (5).
841 4050 1036 4106 Subdit
1061 4051 1445 4122 Bellarminus,
1475 4053 1708 4110 fortasse
1742 4055 1854 4109 falli

275 4140 566 4196 Vossium.
599 4137 735 4195 Nam
771 4139 1051 4211 Expositio
1076 4144 1223 4214 ﬁdei,
1255 4145 1415 4214 cujus
1451 4147 1700 4202 meminit
1729 4163 1857 4202 san-
1895 4147 1900 4152 ’

269 4239 402 4286 ctus
447 4228 686 4286 Basilius
734 4230 790 4285 in
832 4231 1059 4302 cpistola
1109 4249 1210 4290 cex
1253 4234 1321 4289 ad
1369 4234 1853 4306 Neocaesarienses,

274 4334 405 4374 vere
438 4334 471 4372 a
499 4317 905 4392 Thaumaturgo
938 4323 1138 4393 scripta
1169 4323 1431 4380 adversus
1451 4323 1729 4381 Elianum
1754 4327 1852 4398 (6),

274 4413 520 4467 multum
548 4410 727 4467 differt
757 4428 788 4467 a
812 4411 1077 4468 Vossiana
1120 4414 1264 4469 ista:
1294 4414 1348 4469 in
1379 4414 1467 4470 illa
1503 4417 1650 4470 enim
1685 4417 1854 4474 habe-

273 4506 464 4572 batur,
501 4504 719 4560 Patrem
761 4515 815 4561 et
834 4504 1033 4560 Filium
1069 4507 1347 4578 hypostasi
1396 4524 1518 4566 esse
1562 4525 1754 4579 unum,
1802 4521 1855 4567 et

1877 3267 1920 3325 C

1941 2021 1996 2087 4,
2019 2020 2113 2091 qui
2143 2019 2218 2074 ait
2245 2037 2259 2073 :
2301 2016 2461 2072 Ἀιλλὰ
2489 2017 2584 2070 καὶ
2631 2015 2799 2086 ἄλλην
2849 2015 2982 2085 ἡμῖν
3012 2012 3212 2085 χρῆσιν
3265 2011 3519 2083 παραφέ-

1945 2130 2145 2188 ρουσιν,
2177 2113 2252 2176 ὡς
2289 2111 2399 2166 ἀπὸ
2443 2108 2539 2164 τοῦ
2581 2109 2735 2178 ἁγίου
2786 2106 3089 2179 Γρηγορίου
3135 2104 3228 2159 τοῦ
3258 2105 3520 2175 Θαυματ-

1942 2205 2138 2279 ουργοῦ
2162 2206 2228 2258 ἐκ
2248 2204 2358 2272 τῆς
2384 2201 2536 2257 κατὰ
2553 2200 2734 2270 μέρος
2771 2199 3054 2265 Πίστεως·
3081 2201 3164 2252 Οὐ
3192 2198 3302 2252 δύο
3329 2197 3519 2265 πρόσ-

1946 2314 2096 2364 ωπα,
2122 2301 2194 2353 οὺ
2219 2297 2330 2352 δύο
2355 2297 2588 2365 φύσεις·
2617 2295 2688 2348 οὐ
2709 2292 2805 2346 δεῖ
2826 2290 2937 2362 γὰρ
2965 2292 3234 2358 τέσσαρα
3259 2302 3519 2358 προσκυ-

1945 2395 2090 2451 νεῖν·
2121 2395 2307 2449 καὶτὰ
2326 2391 2544 2464 ἐφεξῆς·
2577 2390 2808 2461 λέγομεν
2839 2387 2897 2442 δὲ
2928 2389 3021 2442 καὶ
3058 2387 3194 2459 πρὸς
3224 2385 3404 2450 τοῦτο,
3439 2387 3521 2439 ὅτι

1946 2488 2158 2561 πρῶτον
2194 2486 2291 2558 μὲν
2347 2485 2442 2539 καὶ
2497 2483 2636 2558 αὕτη
2689 2480 3018 2554 ἀμφεσλήθη
3059 2479 3212 2549 παρὰ
3256 2480 3367 2540 τοῖς
3413 2495 3522 2531 πα-

1945 2581 2262 2652 λαιοτέροις,
2317 2579 2391 2652 μὴ
2425 2572 2564 2631 εἶναι
2615 2573 2710 2630 τοῦ
2760 2573 2916 2643 ἁγίου
2969 2573 3293 2646 Γρηγορίου·
3332 2571 3523 2624 ἔπειτα

1947 2671 2245 2745 Γρηγόριος
2271 2672 2300 2724 ὁ
2343 2667 2631 2731 Νυσσαεὺς
2673 2667 2902 2738 γράφων
2961 2665 3245 2735 ἐπιτάφιον
3291 2666 3372 2728 εἰς
3431 2663 3524 2716 τὸν

1948 2761 2374 2836 Θαυματουργδν
2426 2760 2609 2829 λέγει,
2655 2757 2822 2830 μηδὲν
2881 2755 3220 2828 σύγγραμμα
3261 2753 3523 2826 φέρεσθαι

1948 2853 2137 2921 αὑτοῦ,
2161 2853 2312 2925 εἰμὴ
2369 2852 2536 2924 μόνην
2577 2849 2675 2923 τὴν
2712 2850 2920 2914 Πίστιν,
2953 2849 3021 2920 ἣν
3070 2847 3213 2901 κατὰ
3257 2846 3524 2900 ὀπτασίαν

1950 2945 2112 3002 εἶδεν.
2169 2966 2188 3000 ‹
2215 2944 2507 3001 Proferunt
2542 2943 2703 2999 nobis
2740 2950 2795 2997 et
2816 2941 2980 2995 aliam
3010 2937 3304 3010 quamdam
3335 2945 3526 2993 aucto.

1951 3041 2168 3096 ritatem
2207 3038 2381 3095 sancti
2407 3037 2658 3110 Gregorii
2688 3033 3084 3104 Thaumaturgi
3121 3047 3189 3088 ex
3221 3033 3366 3088 illius
3399 3048 3526 3087 con-

1953 3132 2175 3203 fessione
2214 3132 2340 3201 ﬁdei
2383 3131 2482 3202 τῆς
2519 3127 2660 3184 κατὰ
2698 3127 2880 3200 μέρος.
2935 3125 3060 3181 Νοη
3091 3128 3227 3182 duas
3253 3142 3526 3197 personas,

1955 3224 2151 3294 inquit,
2187 3240 2290 3278 non
2327 3223 2462 3277 duas
2503 3231 2723 3275 naturas
2748 3237 2767 3275 :
2802 3221 2928 3290 quia
2969 3235 3072 3274 non
3101 3219 3380 3273 adoranda
3404 3228 3528 3272 sunt

1953 3330 2198 3392 quatuor.
2245 3319 2314 3374 Et
2359 3319 2466 3374 alia
2510 3333 2632 3388 quae
2671 3324 2997 3387 sequuntur.
3050 3315 3130 3370 Ad
3178 3315 3284 3370 hoc
3309 3329 3530 3385 quoque

1951 3411 2386 3483 respondemus,
2435 3409 2673 3480 primum
2728 3409 2795 3464 de
2838 3408 2943 3463 hac
2986 3407 3173 3462 itidem
3221 3407 3530 3462 dubitatum

1953 3504 2095 3574 apud
2121 3502 2480 3572 antiquiores,
2508 3517 2577 3556 an
2608 3501 2679 3556 sit
2701 3499 2973 3570 Gregorii.
3005 3498 3213 3555 Deinde
3233 3497 3530 3570 Gregorius

1952 3597 2238 3670 Nyssen'us
2309 3595 2617 3650 orationem
2662 3593 2730 3648 de
2777 3592 3194 3663 Thaumaturgo
3245 3589 3529 3645 funebrem

1953 3693 2224 3760 scriltcns,
2259 3692 2471 3746 nullum
2513 3690 2588 3744 ait
2627 3703 2767 3759 opus
2807 3688 2982 3758 ipsius
3025 3687 3080 3742 in
3116 3685 3371 3742 manibus
3409 3701 3532 3743 esse

1954 3794 2148 3857 praeter
2171 3785 2342 3842 solam
2374 3783 2588 3846 Fidem,
2619 3797 2784 3852 quam
2808 3781 2864 3836 in
2889 3781 3100 3836 visione
3128 3779 3526 3851 conspexerit.»

1954 3878 2065 3936 Nec
2101 3879 2248 3934 aliud
2287 3879 2528 3933 sensisse
2561 3875 2850 3946 Eulogium
2893 3873 3263 3944 patriarcham
3292 3872 3532 3927 Alexan-

1954 3970 2172 4025 drinum
2200 3969 2472 4041 colligitur
2498 3983 2566 4023 ex
2597 3965 3210 4021 oratione.illius-tertia
3268 3964 3532 4018 adversus

1955 4062 2352 4118 calumniantes
2378 4068 2596 4116 sanctos
2619 4058 2830 4123 Patres,
2873 4067 2928 4112 et
2974 4058 3267 4113 concilium
3303 4041 3534 4112 Chalce-

1955 4154 2198 4209 donense
2239 4153 2339 4224 (7),
2386 4167 2511 4208 cum
2545 4151 2676 4206 dicit
2712 4169 2725 4206 :
2759 4151 2822 4204 Et
2843 4149 2901 4203 δέ
2939 4167 3022 4215 τις
3048 4152 3183 4222 ἡμῖν
3217 4149 3533 4210 Ἀθανὰσιον

1958 4245 2016 4296 ὲν
2054 4241 2134 4314 τῷ
2158 4241 2301 4311 Περὶ
2342 4241 2704 4311 σαρκώσεως
2734 4238 3056 4315 προκομίζει
3099 4238 3262 4310 λόγῳ,
3307 4239 3402 4294 καὶ
3439 4239 3532 4293 τὸν

1955 4335 2386 4406 Νεοκαισαρείας
2430 4333 2727 4407 Γρηγὸριον
2773 4334 2831 4385 ὲν
2888 4329 2966 4402 τῷ
3016 4331 3158 4400 Περὶ
3218 4329 3329 4400 τῆς
3383 4331 3534 4386 κατὰ

1949 4427 2132 4498 μέρος
2163 4427 2442 4493 πίστεως,
2477 4425 2571 4480 δύο
2603 4425 2781 4495 λέγειν
2817 4423 3146 4496 ,κωλύοντας
3175 4423 3269 4478 ἐπὶ
3295 4424 3533 4498 Χριστοῦ

1954 4519 2054 4584 τὰς
2077 4519 2287 4590 φύσεις,
2312 4536 2365 4574 κ.
2392 4537 2443 4572 τ.
2467 4517 2515 4571 λ.
2551 4537 2570 4570 ι
2601 4515 2659 4572 Si
2687 4531 2813 4571 vero
2837 4515 2961 4584 quis
2991 4514 3150 4571 nobis
3171 4515 3532 4586 Athanasium

272 4596 400 4650 sola
461 4594 636 4649 animi
685 4594 1015 4666 cogitatione
1073 4597 1372 4668 distingui,
1421 4600 1566 4656 unde
1614 4602 1848 4672 suspicio

1957 4611 2198 4682 proferat
2227 4612 2279 4666 in
2314 4611 2455 4666 libro
2487 4610 2567 4665 De
2601 4611 2999 4676 incarnatione;
3030 4609 3349 4682 Gregorium
3404 4608 3533 4664 item

270 4696 398 4741 orta
431 4695 553 4741 erat
583 4699 612 4738 a
633 4685 894 4758 Gregorio
921 4684 1091 4742 f0veri
1118 4687 1366 4744 haeresim
1387 4689 1638 4758 Sabellii;
1664 4709 1858 4763 quam-

269 4778 472 4833 obrem
539 4793 665 4832 eum
707 4777 941 4835 Basilius
1005 4793 1036 4833 a
1083 4777 1486 4840 Sabellianismi
1545 4786 1858 4856 suspicione

267 4868 579 4924 defendere
619 4870 930 4939 contendit;
973 4870 1068 4926 sed
1099 4869 1366 4928 Vossiana
1412 4873 1709 4933 Sabellium
1757 4896 1859 4936 no-

276 4961 538 5022 minatim
591 4961 812 5026 refutat,
857 4977 1035 5034 neque
1086 4981 1326 5036 unquam
1377 4969 1509 5024 dicit
1543 4969 1759 5027 Patrem
1804 4983 1859 5030 et

270 5053 482 5108 Filium
515 5052 794 5123 hypostasi
827 5071 949 5112 esse
984 5073 1175 5127 unum,
1206 5070 1259 5115 et
1289 5062 1405 5117 sola
1443 5065 1674 5122 rationis
1705 5068 1856 5137 cogi-

275 5147 491 5203 tatione
520 5144 815 5216 distingui;
859 5149 953 5205 sed
995 5161 1186 5208 contra
1229 5155 1394 5219 dicit,
1434 5155 1646 5212 Patrem
1686 5168 1742 5214 et
1768 5159 1860 5215 Fi-

275 5236 416 5292 lium
452 5247 650 5292 natura
679 5237 978 5296 divinitatis
1011 5259 1133 5299 esse
1171 5261 1364 5313 unum,
1407 5256 1462 5303 et
1490 5265 1855 5321 unamquam-

353 5399 436 5482 (β)
475 5398 766 5482 Egregium
809 5399 915 5482 hoc
958 5417 1060 5482 nec
1102 5405 1633 5482 breveopusculum
1675 5409 1858 5468 Thau-

281 5471 679 5552 manturgiunos
718 5471 951 5552 denique
985 5471 1170 5552 Graece
1207 5471 1479 5552 edidi—mus
1523 5493 1589 5552 ex
1632 5484 1858 5552 antiquo

279 5536 501 5620 c’odice‘
523 5536 786 5620 Vaticano
835 5536 887 5596 in
915 5543 1210 5620 volumine
1256 5549 1486 5620 septimo
1523 5536 1856 5620 Scriptorum

280 5617 543 5681 veterna},
568 5619 715 5681 part.
746 5625 786 5676 ι,
830 5627 883 5681 p.
908 5611 1154 5669 170-176.
1182 5611 1339 5672 Α.Μζ

470 5675 907 5763 ξίυιῐξιεωίιμοῴθ
936 5685 1203 5763 opusculi,
1233 5689 1378 5763 quod
1414 5686 1858 5763 Thaumaturgus

279 5747 510 5827 scripsit
542 5747 621 5802 De
646 5747 927 5830 riuum.
970 5747 1314 5823 insigue'nos
1344 5758 1709 5827 fragmentum
1741 5747 1859 5816 cudi;

276 5816 468 5891 d_t_mus
514 5828 586 5870 ex
628 5819 830 5891 codice
857 5819 1090 5876 Arabico
1124 5821 1246 5880 Vat.
1294 5827 1372 5891 (in
1406 5844 1567 5891 quam
1615 5831 1858 5891 linguam

277 5845 468 5896 uri-uua
514 5845 586 5870 cst
628 5845 815 5874 uuuwc
857 5845 1090 5876 Aramcu
1133 5845 1246 5880 vat.
1294 5845 1372 5891 ull
1406 5845 1567 5898 quam
1615 5845 1858 5901 linguam

277 5886 411 5939 olim
441 5897 772 5945 conversum
807 5888 1003 5963 fuerat)
1051 5891 1238 5966 Spicit.
1270 5895 1419 5954 Rom.
1445 5908 1500 5973 .t.
1525 5897 1610 5968 ΙΙΙ,
1649 5916 1700 5972 p.
1727 5901 1860 5958 696-

1960 4704 2433 4775 Thaumaturgum
2477 4703 2531 4757 in
2569 4702 2710 4758 libro
2747 4700 2824 4756 De
2880 4701 2984 4771 ﬁde
3033 4701 3317 4756 secundum
3357 4711 3535 4772 partes

1958 4796 2216 4866 exposita,
2250 4793 2602 4865 prohibentes
2647 4792 2784 4847 duas
2815 4791 2871 4846 in
2897 4791 3121 4848 Christo
3161 4806 3408 4846 asserere
3439 4806 3536 4844 na-

1958 4895 2135 4952 turas,
2164 4905 2182 4940 ›
2228 4895 2337 4942 etc.
2387 4884 2453 4940 Et
2486 4900 2554 4940 ne
2578 4884 2647 4941 de
2679 4884 2786 4938 alia
2813 4899 2936 4938 eum
2979 4883 3129 4955 loqui
3159 4883 3399 4954 suspicio
3423 4883 3536 4937 ori-

1959 4988 2132 5045 retur,
2166 4977 2306 5033 infra
2345 4993 2412 5032 ex
2445 4975 2635 5032 eadem
2674 4976 2780 5046 ﬁde
2806 4976 2970 5031 verba
3015 4975 3106 5030 illa
3138 4974 3369 5045 profert,
3413 4987 3536 5044 quae

1958 5070 2286 5141 Apollinaris
2317 5069 2649 5139 impietatem
2688 5068 2935 5124 redolere
2969 5063 3292 5123 videbantur
3321 5083 3335 5119 :
3370 5064 3433 5117 Ἦ
3471 5064 3533 5118 δὲ

1959 5163 2049 5216 τὸν
2079 5155 2504 5233 Θαυματουργδν
2532 5160 2831 5233 Γρηγόριον
2859 5159 3267 5229 ὑποϐαλλομένη
3315 5157 3534 5228 χρῆσις,

1958 5255 2175 5325 λέγεται
2214 5255 2314 5327 μὲν
2363 5255 2474 5327 γὰρ
2496 5255 2703 5308 ἐκείνου
2725 5291 2739 5317 ,
2762 5253 2864 5308 τὸν.
2891 5252 2947 5305 δὲ
2993 5251 3396 5324 ’Δπολλινάριον
3420 5249 3535 5302 εἰσ-

2031 5458 2324 5563 {figunt-nit
2342 5485 2524 5563 hocet
2554 5472 2892 5563 subsequens
2918 5478 3534 5563 Eulggii_testimonium

1960 5550 2194 5612 Aliatius
2231 5556 2338 5610 ἀπὸ
2375 5556 2642 5620 στόματος
2669 5550 2880 5608 Φὼτίου
2927 5554 2982 5607 in
3013 5550 3374 5620 Bibliotheca,
3405 5552 3532 5604 cod.

1960 5573 2194 5612 Attauus
2231 5573 2338 5610 απο
2375 5573 2511 5679 στεᾷι

1958 5642 2154 5693 ccxxx,
2193 5642 2248 5697 p.
2271 5627 2397 5681 845.
2434 5658 2454 5678 ι
2483 5641 2511 5680 e

1961 5691 2170 5752 tionum
2194 5691 2492 5767 quidquam
2527 5691 3015 5767 superest_,_p_raater
3039 5691 3217 5746 Photii
3255 5700 3532 5767 egoerpta.

1958 5767 2071 5823 Nos
2113 5759 2292 5836 tanien
2338 5759 2534 5836 Script.
2566 5759 2666 5820 υὲι.
2705 5775 2744 5819 ι.
2773 5759 2885 5831 Vll,
2917 5770 3062 5833 part.
3086 5777 3127 5829 ι,
3171 5759 3377 5831 ι).177,
3410 5759 3538 5836 ΠΒ,

1959 5851 2026 5908 ex
2067 5838 2176 5892 alio
2202 5835 2414 5908 Eulogii
2458 5835 2772 5908 dogmatico

2824 5829 2988 5902 ope—rc
3026 5849 3136 5892 non
3165 5829 3540 5902 spernendum

1961 5851 2026 5891 ex
2067 5851 2176 5892 atto
2202 5851 2414 5908 nutogu
2459 5851 2772 5906 aogmauco
2824 5853 2857 5889 0
2896 5862 2898 5878 ε

1961 5905 2329 5974 fragmentum
2363 5907 2708 5976 protulimus.
2735 5907 2800 5962 A.

2483 5641 2620 5696 eque
2646 5625 2790 5680 enim
2826 5621 3130 5696 illarum_ii
3159 5619 3371 5696 Eulogii
3411 5635 3539 5675 ora-
3619 5649 3628 5662 -
