4100 6368
337 361 472 417 1225

1180 354 1427 414 LEONIS
1460 353 1731 409 ALLATII
1764 352 2087 409 DIATRIBA
2124 351 2211 405 DE
2252 350 2664 407 TlIEODORiS.

3435 344 3584 406 i228

331 477 669 533 divinitatem
724 472 847 528 Filii
884 487 992 526 non
1039 472 1271 540 primum
1323 470 1549 533 Arium,
1604 470 1697 523 sed
1755 469 1889 523 alios

2009 469 2073 531 εἰς
2128 466 2428 539 μαρτυρίαν
2460 464 2764 536 Γρηγόριον
2812 463 2900 517 τὸν
2942 465 2999 530 ἐν
3047 464 3285 534 Θαύμασι
3349 464 3577 537 διαλὰμ.

331 568 494 622 etiam
524 570 650 618 ante
680 563 857 633 ipsum
883 562 950 615 ab
981 561 1099 628 ipso
1120 559 1327 613 Christi
1366 560 1597 613 adventu
1633 572 1888 627 negasse;

332 668 389 713 et
443 655 818 710 Nestorianam
884 652 1130 706 haeresim
1187 649 1691 721 Eutychianamque
1769 657 1894 701 ante

337 756 513 818 ipsum
548 746 856 802 Nestorium
905 754 958 800 et
1011 743 1365 814 Eutychetem
1403 743 1473 797 ab
1513 742 1635 796 aliis
1680 754 1896 811 quoque

336 841 504 894 fuisse
546 838 967 908 promulgatam,
1014 836 1235 890 memini
1286 850 1373 889 me
1426 835 1554 888 alibi
1602 834 1736 889 satis
1778 830 1896 886 fuse

337 929 618 998 probasse.
675 926 994 981 Vossianam
1037 941 1168 981 vero
1198 940 1412 996 semper
1450 942 1480 979 a
1515 942 1619 978 non
1657 933 1897 978 contem-

334 1023 530 1076 nendis
568 1021 908 1084 auctoribus,
955 1031 1010 1074 et
1059 1020 1113 1072 in
1155 1018 1532 1073 discernendis
1584 1026 1895 1071 sanctorum

335 1114 555 1183 scriptis
582 1113 1010 1169 accuratissimis
1033 1101 1268 1184 agnitam
1294 1111 1457 1166 veluti
1485 1110 1897 1177 Thaumaturgi,

334 1217 387 1262 et
417 1205 826 1275 Thaumaturgo
860 1216 1046 1259 nostro
1079 1206 1426 1267 vindicatam,
1458 1204 1703 1273 quilibet,
1740 1204 1887 1255 dum-

336 1296 499 1350 modo
533 1297 602 1351 sit
634 1297 689 1350 in
718 1296 941 1350 Patrum
986 1295 1354 1349 monumentis
1385 1294 1676 1357 exercitus,
1716 1291 1903 1345 fatebi-

338 1398 446 1441 tur.
478 1384 588 1442 Nec
617 1387 864 1456 singulos
898 1401 1236 1441 recenseam.

405 1478 680 1535 Collector
733 1479 866 1534 satis
916 1480 1204 1547 antiquus,
1255 1476 1507 1547 quisquis
1568 1475 1657 1527 ille
1718 1473 1900 1537 fuerit,

332 1569 722 1623 auctoritatum
759 1568 826 1623 de
859 1567 1074 1621 duabus
1119 1566 1173 1620 in
1200 1566 1419 1621 Christo
1443 1566 1652 1618 naturis
1685 1579 1748 1618 ex
1779 1579 1905 1616 san—

334 1661 447 1715 ctis
495 1660 767 1725 l‘atribus,
810 1674 975 1728 quam
1011 1673 1136 1713 esse
1168 1667 1400 1711 veterem
1441 1656 1813 1711 collectionem
1852 1662 1905 1707 et

338 1752 395 1807 in
418 1751 668 1821 pluribus
700 1751 930 1820 reperiri
970 1748 1316 1804 bibliothecis
1347 1750 1508 1802 tradit
1546 1746 1794 1809 Vossius,
1833 1760 1900 1799 ex

1992 561 2188 628 ψαντα,
2238 558 2366 629 παρ’
2404 550 2477 611 ὧν
2513 559 2607 609 καὶ
2643 556 2739 626 τὴν
2785 556 3105 625 ἐπωνυμίαν
3138 556 3500 627 ἐπλούτησεν·
3543 564 3574 611 ὸ

2000 646 2217 717 μὲνγὰρ
2242 646 2462 716 Κύριος,
2489 665 2506 696 ι
2538 645 2634 697 Διὰ
2653 645 2753 697 δύο
2772 646 3109 716 μαρτύρωνῆ
3141 647 3234 698 καὶ
3250 646 3415 715 τριῶν
3438 646 3566 709 πᾶν,

1995 735 2136 803 εἷπε,
2154 741 2301 808 ῥῆμα
2324 739 2668 808 σταΟήσεται,
2684 757 2699 783 ι
2727 738 2786 789 τὸ
2800 738 3053 807 ἀποχρῶν
3069 737 3246 789 αὐτῶν
3260 739 3338 799 εἰς
3353 737 3571 806 βεϐαίω-

1999 846 2082 881 σιν
2113 831 2249 898 τάχα
2281 828 2587 899 προδηλῶν
2622 831 2782 898 ἡμεῖς
2821 829 2879 880 δὲ
2930 829 3021 880 τὸν
3068 830 3306 881 τοιοῦτον
3337 829 3569 900 ἀριθμὸν

1999 917 2141 975 κατὰ
2176 915 2371 987 πολλὴν
2430 918 2689 988 εὐπορίαν
2736 917 3208 980 διπλασιάσαντες,
3254 919 3412 971 ἕκτον
3466 920 3569 991 ἤδη

1998 1007 2184 1061 τοῦτον
2208 1011 2523 1080 παράγομεν
2584 1010 2773 1078 ἔχοντα
2798 1010 2930 1063 πολὺ
2954 1012 3090 1081 πρὸς
3146 1016 3259 1075 τοῖς
3288 1012 3466 1074 ἄλλοις
3510 1013 3574 1066 τὸ

2000 1098 2329 1164 ἀξιόπιστον,
2350 1102 2407 1165 ὃς
2429 1105 2485 1155 ὲν
2512 1101 2589 1171 τῷ
2620 1102 2768 1155 κατὰ
2794 1102 2974 1170 μέρος
2999 1103 3263 1169 Πίστεως
3287 1105 3451 1158 αὐτοῦ
3486 1104 3574 1158 λό-

2000 1206 2081 1259 γῳ
2098 1190 2269 1243 ταῦτά
2285 1208 2463 1261 φησιν·
2483 1193 2761 1260 Ὁμολογο
2772 1190 2915 1259 {alter
2936 1194 3261 1260 ὀμοούσιον
3287 1193 3365 1259 τῷ
3389 1194 3574 1263 Πατρὶ

1999 1279 2172 1335 εἶναι·
2212 1283 2403 1335 καὶτὰ
2446 1282 2586 1351 ἑξῆς.
2649 1302 2667 1334 ‹
2701 1282 2814 1336 Hoc
2852 1298 3069 1352 quoque
3108 1270 3479 1347 ostendemus,
3525 1285 3572 1339 si

2001 1377 2299 1445 placuerit,
2362 1376 2415 1428 in
2469 1377 2838 1429 testimonium
2903 1375 3234 1429 adducentes
3289 1377 3572 1431 miraculis

2002 1464 2323 1532 praeclarum
2353 1460 2672 1532 Gregorium
2694 1502 2710 1526 ,
2739 1476 2803 1515 ex
2832 1462 3032 1530 quibus
3062 1462 3222 1515 etiam
3269 1477 3569 1533 cognomen

2003 1553 2228 1621 adeptus
2256 1566 2357 1607 εει.
2395 1550 2642 1621 Namque
2666 1550 2952 1615 Dominus,
2981 1571 2999 1602 ι
3030 1552 3081 1605 in
3109 1568 3202 1606 ore
3227 1554 3458 1607 duorum
3488 1555 3573 1607 vel

2003 1646 2166 1699 trium
2213 1646 2430 1700 testium
2460 1660 2623 1698 omne
2651 1647 2874 1699 verbum
2913 1654 3077 1708 stare,
3115 1665 3132 1696 ι
3172 1647 3317 1714 quod
3351 1646 3404 1699 id
3436 1647 3570 1701 satis

2003 1742 2146 1787 esset
2178 1733 2246 1788 ad
2288 1748 2402 1787 rem
2434 1734 2845 1798 cotirmandam,
2878 1733 3090 1787 asserit.
3130 1734 3200 1786 At
3243 1749 3342 1789 nos
3374 1735 3568 1804 hujus-

342 1846 447 1898 liac
477 1843 665 1897 eadem
690 1841 847 1897 Fidei
875 1843 1194 1912 expositione
1218 1840 1501 1895 secundum
1539 1849 1711 1905 partes
1753 1838 1903 1891 testi-
1936 1831 1977 1885 Β
2006 1825 2152 1879 Πιοάί
2196 1840 2505 1887 numerum,
2540 1840 2662 1879 Cum
2699 1823 3065 1878 abundantius
3106 1835 3435 1893 suppeteret.
3467 1827 3573 1880 ἀπ’

338 1936 587 1989 monium
628 1936 853 2005 profert,
889 1936 1033 2006 quod
1063 1934 1231 1989 edidit
1271 1932 1521 1987 Vossius.
1560 1930 1904 1985 Andronicus

335 2027 683 2090 Gamaterus,
730 2043 836 2082 non
885 2026 1315 2082 contemnendus
1346 2033 1564 2085 auctor,
1616 2032 1671 2076 et
1728 2023 1780 2075 in
1829 2022 1905 2076 le-

336 2116 517 2170 ctione
547 2127 862 2170 sanctorum
891 2115 1113 2169 Patrum
1144 2115 1572 2177 versatissimus,
1621 2113 1761 2166 inter
1798 2113 1905 2165 alia

339 2215 656 2261 sanctorum
692 2208 1005 2262 testimonia
1047 2223 1078 2261 a
1107 2222 1166 2261 se
1198 2207 1424 2261 collecta
1457 2205 1524 2259 de
1553 2205 1905 2273 processione

339 2296 594 2365 Spiritus
634 2298 839 2360 sancti,
895 2312 961 2351 ex
992 2298 1093 2350 hac
1145 2312 1362 2366 quoque
1384 2296 1534 2351 Fidei
1585 2296 1905 2363 expositione

339 2401 508 2438 unam
547 2394 603 2439 et
634 2387 862 2440 alteram
903 2402 968 2440 ac
1001 2386 1212 2440 tertiam
1244 2386 1622 2439 auctoritatem
1670 2384 1902 2454 collegit,

336 2484 394 2531 et
438 2477 521 2531 uti
563 2478 832 2547 genuinas
869 2475 1261 2546 Thaumaturgi
1309 2476 1422 2531 suis
1485 2474 1907 2529 animadversio-

340 2569 505 2623 nibus
533 2584 804 2638 exponere
851 2578 1116 2634 conatur;
1156 2567 1246 2622 cui
1289 2567 1626 2637 respondens
1667 2566 1907 2620 Joannes

342 2657 553 2713 Veecus
598 2657 909 2728 patriarcha
938 2656 1609 2726 Constantinopolitanus,
1660 2670 1768 2708 non
1815 2669 1907 2709 eas

341 2757 606 2815 tanquam
642 2745 858 2814 spurias
902 2745 1114 2815 rejicit,
1163 2745 1259 2800 sed
1311 2745 1389 2798 uti
1435 2744 1701 2814 genuinas
1740 2759 1909 2814 agno-

341 2853 525 2900 scens,
561 2852 660 2893 sua
701 2838 1066 2906 explicatione
1096 2838 1164 2891 ab
1194 2837 1400 2891 absona
1432 2836 1699 2892 Camateri
1739 2850 1906 2905 expo-

341 2930 543 2985 sitione
585 2929 638 2982 in
688 2939 890 3001 rectam
938 2928 1172 2999 lideique
1230 2944 1527 2983 consonam
1584 2928 1908 2982 sententiam

342 3021 606 3085 traducit,
651 3029 706 3073 et
744 3035 933 3074 verum
985 3020 1301 3074 earumdem
1361 3034 1586 3074 sensum
1640 3020 1908 3075 enucleat.

342 3108 505 3179 Quod
553 3112 599 3166 si
642 3109 1079 3182 ψευδεπίγραφον
1116 3117 1446 3179 reputasset,
1489 3109 1817 3164 extricasset
1850 3123 1910 3163 se

339 3201 591 3268 facilius,
644 3204 938 3257 asserendo
996 3214 1103 3257 non
1157 3216 1281 3256 esse
1335 3200 1447 3256 illis
1502 3199 1911 3263 attendendum,

340 3309 468 3349 cum
507 3302 694 3349 essent
736 3293 1123 3363 supposititiae.
1160 3293 1418 3359 Quinimo
1446 3293 1587 3348 idem
1618 3291 1828 3348 Veccus
1858 3292 1912 3345 in

338 3387 587 3440 oratione
616 3382 692 3437 De
728 3386 917 3437 unione
951 3384 1311 3438 Ecclesiarum
1342 3400 1407 3438 ex
1436 3399 1499 3438 ea
1530 3392 1788 3454 tanquam
1823 3399 1914 3454 ge-

303 3537 306 3541 ,
342 3479 514 3534 nuina
552 3478 619 3532 ad
649 3478 974 3533 relellendos
998 3477 1215 3532 Graecos
1247 3478 1620 3532 testimonium
1650 3478 1910 3532 assumit:

349 3568 411 3623 '0
454 3569 630 3642 μέγας
666 3570 760 3623 καὶ
802 3569 1226 3642 Θαυματουργὸς
1272 3570 1569 3641 Γρηγόριος
1612 3570 1913 3623 Νεοκαισα-

343 3662 495 3733 ρείας
521 3662 810 3727 ἐπίσκοπος
832 3665 890 3716 ὲν
920 3662 998 3734 τῷ
1023 3658 1166 3734 λόγῴ
1222 3657 1283 3717 06
1328 3666 1361 3734 ή
1404 3663 1564 3735 ἀρχή·
1615 3664 1913 3733 Ἔχθιστοι

341 3753 441 3807 καὶ
487 3754 791 3822 ἀλλότριοι
848 3755 958 3824 τῆς
1009 3755 1419 3823 ἀποστολικῆς
1469 3757 1808 3824 ὁμολογίας,
1859 3757 1913 3808 οἱ

342 3840 450 3894 τὸν
510 3842 645 3895 Υἱὸν
686 3843 754 3907 ἐξ
792 3847 903 3897 οὐκ
956 3844 1145 3898 ὄντων
1174 3844 1491 3915 λέγοντες,
1536 3844 1716 3916 φησίν.
1759 3843 1913 3898 «Ma-

344 3946 484 3998 gnus
524 3942 579 3985 et
608 3933 992 3987 miraculorum
1035 3935 1259 3989 eifector
1291 3934 1911 4007 GrcgoriuslNeoczesa-

344 4020 546 4075 riensis
575 4021 863 4089 episcopus
898 4021 952 4073 in
980 4023 1225 4075 oratione
1254 4024 1414 4089 cujus
1441 4022 1770 4090 principium
1806 4032 1908 4074 est:

348 4112 715 4167 luimicissimi
747 4124 795 4167 et
822 4114 982 4167 alieni
1007 4114 1074 4166 ab
1096 4115 1386 4187 apostolica
1422 4114 1746 4182 confessione
1770 4124 1910 4180 sunt,

342 4205 435 4273 qui
455 4204 662 4282 Filium
684 4221 748 4258 ea:
773 4207 840 4258 iis
869 4221 987 4274 qua:
1016 4221 1119 4257 non
1149 4214 1359 4259 exstant
1387 4213 1651 4270 asserunt,
1679 4205 1907 4274 inquit.»

270 4367 278 4374 .
348 4293 414 4348 Et
451 4295 505 4348 in
535 4284 650 4351 Suis
682 4294 998 4366 Epigraplais
1030 4310 1139 4349 non
1172 4311 1277 4349 una
1308 4295 1463 4351 vice:
1510 4296 1567 4348 '0
1619 4295 1790 4365 μέγας
1820 4297 1914 4349 καί

344 4383 767 4460 Θαυματουργὺς
789 4387 1083 4458 Γρηγὸριος
1099 4387 1523 4459 Νεοκαισαρείας
1543 4388 1835 4450 ἐπίσκοπος
1856 4389 1913 4440 ἐν

2011 1916 2298 1984 plicantes,
2326 1925 2537 1968 sextum
2568 1914 2713 1968 hunc
2746 1915 2798 1967 in
2832 1915 3065 1969 medium
3101 1916 3443 1982 adducimus,
3478 1918 3572 1986 qui

2007 2023 2117 2076 prae
2149 2006 2269 2060 aliis
2299 2006 2401 2060 iide
2438 2006 2792 2075 dignissimus
2835 2016 2936 2060 est.
2976 2004 3074 2059 Iiic
3113 2008 3163 2060 in
3193 2008 3438 2062 oratione
3474 2023 3574 2062 sua

2006 2099 2067 2152 de
2105 2099 2209 2167 ﬁde
2260 2098 2545 2150 secundum
2588 2109 2800 2165 partes,
2842 2099 2957 2152 hinc
3004 2099 3164 2153 habet
3201 2115 3213 2149 :
3250 2099 3575 2168 Conﬁtentur

2008 2192 2503 2245 consubstantialem
2540 2207 2651 2244 esse
2680 2190 2857 2252 Patri,
2887 2202 2990 2245 etc.
3033 2211 3052 2242 »
3083 2190 3148 2244 Et
3188 2200 3330 2247 orat.
3364 2208 3401 2245 ιι
3426 2211 3438 2245 :
3466 2193 3575 2244 Καὶ

2005 2280 2069 2351 δὴ
2108 2280 2321 2335 λεκτέον
2350 2280 2487 2335 κατὰ
2507 2281 2680 2353 ἀρχὰς
2706 2283 2802 2353 τὴν
2832 2283 2988 2354 ῥῆσιν
3025 2283 3118 2336 τοῦ
3149 2283 3574 2357 Θαυματουργοῦ

2008 2375 2310 2446 Γρηγορίου
2336 2414 2350 2438 ,
2408 2374 2502 2428 τοῦ
2546 2374 2607 2428 τὸ
2649 2378 2756 2429 πᾶν
2809 2375 3093 2447 διαϐοήτου
3154 2380 3265 2441 τοῖς
3325 2380 3572 2451 πέρασιν,

2006 2460 2076 2537 ἧς
2122 2466 2220 2518 οὐκ
2270 2464 2335 2518 ἂν
2381 2468 2444 2536 τῇ
2491 2467 2732 2538 προτέρᾳ
2788 2468 2890 2537 τῆς
2933 2467 3028 2521 νῦν
3079 2472 3430 2543 πραγματείᾳ
3455 2472 3574 2526 καθ’

2008 2556 2192 2627 ἕτερον
2241 2555 2514 2627 ἐμνήσθην
2562 2557 2794 2609 σκοπόν·
2843 2558 2875 2626 ὴ
2918 2556 2974 2609 δὲ
3034 2557 3221 2628 ῥῆσις,
3265 2558 3341 2621 ὡς
3380 2558 3445 2613 ἂν
3483 2562 3577 2613 καὶ

2008 2647 2208 2717 ταύτην
2255 2647 2476 2717 γένηταί
2530 2666 2619 2719 μοι
2666 2647 2936 2701 διαλαϐεῖν
2974 2648 3179 2718 τάχιον,
3227 2651 3284 2703 ἐν
3319 2649 3397 2720 τῷ
3435 2649 3576 2722 λόγῳ

2008 2741 2107 2812 τῆς
2150 2740 2312 2795 αὐτοῦ
2361 2740 2511 2793 κατὰ
2548 2739 2729 2810 μέρος
2773 2741 3038 2805 Πίστεως
3085 2742 3345 2811 κειμένη,
3390 2744 3573 2814 φησιν’

2021 2830 2448 2901 Ὀμολογοῦμεν
2501 2832 2822 2899 όμοούσιον
2877 2830 2958 2896 τῷ
3007 2833 3190 2900 Πατρὶ
3238 2831 3425 2888 εἶναι·
3482 2838 3577 2892 καὶ

2008 2922 2166 2978 τοῦτο
2203 2925 2298 2993 μὲν
2338 2926 2367 2976 ὁ
2391 2923 2498 2976 τῶν
2536 2922 2695 2976 θείων
2739 2923 3132 2993 ἀποκαλύψεων
3178 2920 3332 2991 οὗτος
3366 2930 3579 3000 ὑφηγη-

2009 3015 2131 3086 τής.
2177 3035 2195 3065 ι
2225 3013 2292 3068 Et
2323 3030 2451 3068 vero
2495 3013 2880 3083 proferendum
2928 3025 3012 3070 est
3053 3018 3157 3072 hoc
3189 3021 3459 3091 principio
3489 3023 3577 3077 di-

2013 3115 2159 3161 ctum
2186 3104 2579 3175 Thaumaturgi
2608 3105 2876 3176 Gregorii,
2903 3108 3062 3177 cujus
3093 3108 3234 3164 fama
3262 3113 3398 3169 lines
3421 3114 3576 3171 orbis

2015 3198 2276 3268 pervasit,
2308 3199 2463 3267 cujus
2502 3213 2608 3252 non
2638 3199 2748 3252 alio
2774 3214 2939 3267 scopo
2975 3200 3029 3253 in
3068 3203 3392 3270 praecedenti
3434 3221 3576 3277 quo-

2013 3305 2120 3360 que
2151 3302 2384 3345 tractatu
2430 3291 2759 3347 mentionem
2813 3292 3021 3347 induxi.
3076 3292 3287 3352 Dictum
3325 3314 3477 3367 vero,
3509 3316 3578 3357 ne

2015 3395 2201 3437 moras
2231 3381 2465 3435 texendo
2493 3389 2705 3450 tempus
2748 3383 3044 3452 insumam,
3070 3385 3215 3453 jacet
3244 3388 3297 3441 in
3331 3391 3578 3447 oratione

2033 3472 2178 3526 illius
2217 3474 2278 3524 de
2308 3472 2411 3540 ﬁde
2446 3473 2728 3525 secundum
2774 3483 2971 3541 partes,
3005 3484 3060 3529 et
3091 3486 3174 3533 est
3206 3494 3219 3529 :
3257 3477 3579 3550 Conﬁtentur

2013 3563 2513 3619 consubstantialem
2542 3580 2653 3618 esse
2679 3564 2853 3621 Patri.
2890 3565 2955 3620 Et
2986 3567 3091 3622 hoc
3120 3570 3340 3639 quidem
3377 3573 3467 3627 ille
3493 3574 3579 3630 di-

2012 3660 2262 3739 vinarum
2321 3657 2711 3711 revelatiouum
2771 3659 3110 3729 interpres.»
3176 3659 3241 3715 Ει
3270 3661 3579 3718 Demetrius

2010 3749 2290 3821 Cydonius
2322 3749 2398 3804 De
2453 3750 2778 3817 processione
2818 3748 3050 3820 Spiritus
3098 3754 3292 3819 sancti,
3335 3769 3453 3823 cap.
3480 3754 3576 3809 10:

2012 3843 2207 3895 Καίτοι
2255 3841 2350 3894 καὶ
2400 3841 2506 3894 τῶν
2553 3841 2882 3895 διδασκάλων
2938 3844 3078 3906 τινὲς
3124 3845 3222 3914 τὴν
3294 3844 3388 3898 τοῦ
3420 3847 3575 3913 ἁγίου

2013 3932 2329 4002 Πνεύματος
2369 3932 2691 4003 ὲκπόρευσιν
2746 3932 3019 4003 ἔκπεμψιν
3048 3929 3195 3988 -εἷναι
3240 3934 3578 3990 διδάσκουσιν

2015 4022 2181 4076 ἀΐδιον
2199 4039 2212 4052 ο
2244 4020 2400 4075 τοῦτο
2434 4022 2540 4093 ’μὲν
2574 4025 2602 4075 ὀ
2622 4023 3041 4094 Θαυματουργὸς
3070 4025 3396 4096 Γρηγόριος,
3426 4027 3580 4081 τοῦτο

2011 4114 2069 4166 δὲ
2102 4114 2400 4185 Γρηγόριος
2426 4117 2455 4167 ὁ
2484 4114 2767 4183 Θεολόγος⁶
2795 4116 2824 4167 ὀ
2856 4117 2954 4185 μὲν
2977 4118 3034 4168 ὲν
3071 4115 3212 4188 λόγῳ
3254 4111 3316 4170 o6
3348 4121 3380 4188 ἡ
3412 4120 3574 4192 ἀρχή’

2017 4210 2323 4277 Ἔχθιοντοι
2368 4208 2464 4261 καὶ
2507 4209 2839 4276 ἀλλότριοι,
2895 4209 3137 4277 φάσκων·
3182 4210 3275 4264 καὶ
3315 4209 3382 4264 τὰ
3429 4210 3573 4283 ἑξῆς.

2020 4300 2319 4366 «Quamvis
2366 4300 2612 4353 nonnulli
2650 4300 2932 4355 doctorum
2969 4301 3372 4369 processionem
3404 4303 3575 4357 sancti

2016 4390 2252 4461 Spiritus
2279 4391 2626 4446 emissionem
2658 4406 2777 4446 esse
2803 4398 3057 4445 aeternam
3092 4391 3345 4457 doceant,
3374 4393 3576 4463 partim

345 4477 422 4549 τῷ
444 4473 588 4549 λόγῳ
631 4471 692 4532 06
728 4481 761 4550 ἡ
792 4481 953 4551 ἀρχή·
992 4480 1297 4549 Ἔχϐιστοι
1327 4480 1424 4532 καὶ
1471 4481 1770 4547 ἀλλότριοι
1802 4479 1906 4546 τῆς

2013 4483 2230 4551 quidem
2295 4481 2585 4552 Gregorius
2648 4480 3121 4552 Thaumaturgus,
3186 4484 3384 4552 partim
3450 4499 3580 4539 vero

286 4608 290 4612 .
345 4563 761 4635 ἀποστολικῆς
788 4568 1122 4636 ὁμολογίας.
1163 4587 1181 4618 ι
1212 4566 1434 4638 Magnus
1468 4579 1520 4622 et
1546 4567 1587 4621 Τ
1596 4570 1905 4622 haumatur-

346 4645 448 4723 gus
497 4658 794 4725 Gregorius
842 4656 1299 4713 Neocaesariensis
1347 4659 1638 4728 episcopus
1684 4661 1738 4713 in
1780 4677 1908 4715 ora-

294 4795 301 4802 .
346 4747 493 4802 tione
564 4765 686 4819 quze
733 4750 959 4819 incipit:
992 4748 1354 4803 Inimicissimi
1397 4761 1444 4803 et
1485 4751 1645 4805 alieni
1689 4753 1752 4805 ab
1782 4769 1910 4822 apo-

346 4838 534 4894 stolica
557 4843 932 4912 confessione,»
952 4852 1057 4896 etc.
1082 4841 1146 4896 Et
1171 4857 1237 4896 ex
1254 4859 1316 4896 ea
1350 4844 1657 4897 testimonia
1682 4845 1905 4913 profert.

347 4918 617 5003 Georgius
646 4933 934 4989 liletoehita
974 4935 1028 4987 in
1046 4934 1300 4989 oratione
1330 4935 1501 5004 prima
1535 4937 1598 4988 de
1622 4952 1748 5005 pace
1778 4938 1911 4990 inter

342 5020 480 5076 duas
534 5016 851 5079 Ecclesias:
900 5024 963 5079 Ὀ
1013 5024 1110 5096 τὴν
1155 5025 1344 5095 κλῆσιν
1407 5027 1749 5098 ἁρμοζόντως
1802 5032 1911 5092 τοῖς

347 5109 526 5181 ἔργοις
578 5114 756 5187 λαχὼν
795 5116 1092 5189 Γρηγόριος
1158 5117 1188 5170 ὁ
1235 5116 1655 5190 Θαυματουργὸς
1723 5120 1784 5170 ἐν
1835 5119 1911 5189 τῷ

348 5199 489 5275 λόγῳ
542 5202 601 5261 οὗ
630 5209 663 5279 ἡ
688 5209 850 5279 ἀρχή·
887 5209 1193 5278 Ἔχθιστοι
1230 5210 1328 5264 καὶ
1362 5211 1680 5279 ἀλλότριοι,
1725 5211 1905 5281 φησίνο

363 5291 706 5368 Ἁγεννήτου
741 5299 860 5369 μὲν
887 5300 1059 5366 ὄντος
1087 5302 1193 5355 τοῦ
1232 5302 1481 5371 Πατρός,
1522 5304 1615 5356 xci
1651 5303 1720 5356 τὰ
1761 5302 1907 5372 ὲξῆς.

354 5399 373 5430 ι
409 5384 513 5450 Qui
551 5406 747 5445 nomen
788 5391 1046 5457 operibus
1082 5396 1413 5451 conveniens
1442 5404 1636 5451 nactus
1661 5404 1747 5450 est
1770 5394 1897 5450 Gre-

351 5479 531 5540 gorius
567 5484 1026 5553 Thaumaturgus,
1077 5486 1131 5539 in
1182 5487 1429 5541 oratione
1515 5487 1675 5556 cujus
1710 5487 1913 5557 princi-

351 5564 499 5630 Pium
528 5588 547 5626 :
578 5573 948 5630 lnimicissimi
980 5586 1032 5630 et
1065 5578 1227 5631 alieni
1248 5577 1377 5633 dicit
1410 5597 1423 5632 :
1452 5576 1723 5649 Ingenitus
1749 5578 1911 5632 Pater

352 5668 472 5709 tum
504 5663 594 5731 sit,
623 5672 729 5722 etc.
766 5686 786 5719 »
851 5666 1242 5724 Constantinus
1287 5668 1636 5734 Meletiniota,
1690 5681 1831 5725 orat.
1860 5687 1908 5724 ιε

352 5749 603 5824 Δείξομεν
641 5760 699 5813 δὲ
739 5760 831 5813 καὶ
862 5759 923 5812 τὸ
965 5761 1160 5832 παρὸν,
1209 5765 1257 5816 εἰ
1293 5763 1459 5828 δοκεῖ,
1508 5762 1912 5833 παραλαϐόντες

662 5855 936 5917 ΡΑτιιοι.
968 5856 1060 5917 Gn
1126 5858 1206 5918 Χ.

2011 4572 2305 4643 Gregorius
2319 4572 2662 4642 Theologus;
2690 4574 2779 4627 ille
2805 4574 3022 4643 quidem
3051 4574 3102 4628 in
3130 4575 3398 4641 oratione,
3424 4576 3582 4645 cujus

2014 4665 2260 4719 initium:
2298 4664 2664 4719 Inimicissimi
2696 4676 2852 4735 atque
2876 4665 3057 4729 alieni,
3090 4664 3342 4736 inquiens
3364 4707 3379 4729 ,
3408 4677 3514 4723 etc.
3551 4687 3570 4718 »

2013 4753 2136 4808 Vin‘
2168 4755 2389 4826 plures?
2431 4754 2701 4825 Josephus
2737 4756 3042 4827 Bryenuius
3076 4767 3213 4812 orat.
3260 4775 3329 4812 xv
3361 4758 3435 4812 De
3470 4757 3584 4813 Tri-

2012 4847 2210 4901 nitate:
2232 4847 2373 4900 Αὐτὸ
2402 4847 2562 4900 τοῦτο
2594 4846 2839 4917 βούλεται
2870 4848 3012 4902 κατὰ
3038 4851 3236 4915 πάντα,
3274 4850 3367 4904 καὶ
3391 4850 3453 4903 τὸ
3484 4849 3579 4903 τοῦ

2010 4938 2438 5011 Θαυματουργοῦ
2476 4940 2800 5011 Γρηγορίου,
2852 4941 2948 4993 καὶ
2996 4940 3057 4993 τὸ
3094 4939 3185 4993 τοῦ
3216 4940 3458 5013 Νύσσης,
3487 4940 3581 4992 καὶ

2012 5031 2074 5085 τὸ
2094 5031 2187 5085 τοῦ
2220 5032 2626 5103 Χρυσοστόμου,
2652 5031 2745 5086 τοῦ
2778 5032 2877 5103 μὲν
2913 5032 3177 5099 λέγοντος·
3234 5019 3578 5100 Ἆγεννήτου

2007 5123 2123 5193 μὲν
2145 5123 2317 5188 ὄντος
2343 5123 2448 5176 τοῦ
2475 5123 2726 5191 Πατρός,
2761 5122 3151 5193 γεννηθέντος
3180 5122 3248 5176 δὲ
3279 5124 3385 5177 τοῦ
3419 5122 3574 5177 Υὶοῦο

2014 5217 2112 5268 καὶ
2144 5215 2214 5269 τὰ
2246 5215 2392 5288 ἑξῆς.
2448 5237 2465 5270 ι
2493 5215 2608 5272 [loc
2652 5217 2791 5271 idem
2826 5217 2925 5271 sibi
2961 5217 3076 5270 vult
3111 5231 3205 5285 per
3236 5216 3419 5270 omnia
3461 5224 3574 5270 tum

2014 5306 2407 5378 Thaumaturgi
2443 5308 2713 5379 Gregorii,
2770 5317 2882 5361 tum
2933 5306 3182 5378 Nysseni,
3242 5315 3357 5360 tum
3402 5307 3578 5379 Chry-

2013 5401 2240 5454 sostomi
2301 5401 2527 5456 dictum.
2583 5400 2766 5453 Primo
2814 5398 3031 5467 quidem
3091 5397 3305 5452 dicente
3355 5417 3369 5453 :
3422 5396 3581 5469 Inge-

2014 5490 2160 5542 nitus
2195 5505 2313 5543 cum
2354 5489 2423 5542 sit
2455 5489 2656 5553 Pater,
2699 5488 2906 5557 genitus
2945 5497 3120 5541 autem
3148 5485 3358 5556 Filius,
3413 5497 3521 5546 etc.
3552 5510 3572 5543 »

2013 5578 2080 5633 Et
2107 5595 2177 5634 ne
2206 5580 2605 5649 antiquioribus
2633 5578 2855 5633 destitui
2885 5578 3187 5642 videamur,
3218 5582 3579 5637 accersendus

2015 5680 2100 5725 est
2133 5671 2458 5726 Anastasius
2492 5670 2697 5725 Siuaita
2720 5711 2735 5734 ,
2770 5670 2866 5740 qui
2907 5686 2976 5724 ex
3012 5670 3114 5725 hac
3143 5669 3392 5739 Gregorii
3419 5668 3579 5735 Fidei

2014 5764 2357 5833 expositione,
2396 5775 2650 5835 tanquam
2669 5762 3061 5834 Thaumaturgi
3095 5764 3349 5835 genuina,
3370 5764 3575 5823 dictum

3212 5859 3291 5919 39
