4100 6394
524 344 675 406 ’1227

1344 338 1588 395 ΙδΕΘΝῙδ
1624 337 1900 394 ALLATll
1937 334 2266 393 DlATRIBA
2300 336 2388 392 DE
2424 338 2836 397 THEODORIS.

3630 342 3787 400 .1228

534 466 737 530 laudat,
782 473 836 519 et
873 463 1047 519 affert.
1083 462 1220 519 Vide
1250 461 1524 534 Euthym‘ii
1558 461 1829 533 Zygabeni
1866 461 2098 530 Dogma-
2127 460 2175 517 A
2271 458 2597 517 Dubitarunt
2623 478 2752 532 ergo
2779 461 2966 518 Patres
2998 462 3065 518 de
3094 462 3215 527 hac,
3248 462 3401 534 quod
3448 462 3512 519 in
3545 476 3611 518 ea
3637 478 3789 532 repe-

533 558 693 609 ticam
721 555 1046 626 panopliam,
1078 554 1233 608 titulo
1271 552 1483 608 decimo
1514 553 1706 622 quinto
1736 550 1868 620 (10).

601 645 823 701 lnterim
862 644 1254 700 consideranda
1295 651 1423 699 sunt
1460 644 1604 699 dicta
1637 641 1857 697 Baronii
1887 641 1955 695 ad
1999 636 2098 694 an-

528 752 663 792 num
688 735 890 791 Christi
914 736 1040 800 255,
1074 752 1129 790 n.
1154 736 1220 789 l9
1245 755 1259 790 :
1298 753 1318 787 ι
1349 735 1578 791 Constat
1603 735 1761 789 ﬁdem
1787 741 2095 803 susceptam

531 848 561 884 a
599 830 755 884 beata
780 826 1001 895 Virgine
1032 844 1155 882 cum
1181 827 1390 883 Joanne
1433 827 1785 898 evangelista,
1818 824 1987 880 fuisse
2027 826 2096 878 ab

531 923 720 976 eodem
788 921 909 990 ipso
959 919 1221 991 Gregorio
1282 919 1693 975 accuratissime
1749 917 2092 986 explicatam,

531 1014 780 1082 apposito
819 1011 1231 1075 commentario,
1272 1012 1348 1065 De
1376 1010 1700 1080 expositione
1725 1009 1850 1077 ﬁdei
1902 1008 2096 1062 inscri-

528 1117 641 1175 pto,
673 1105 768 1172 qui
811 1104 1011 1160 citatus
1041 1105 1311 1173 reperitur
1352 1103 1491 1156 inter
1523 1102 1661 1156 alios
1691 1116 1721 1155 a
1749 1100 1951 1155 Basilio
1983 1099 2095 1154 Ma-

528 1210 635 1263 gno
668 1194 741 1248 De
769 1193 978 1264 Spiritu
1016 1203 1219 1260 sancto,
1273 1209 1390 1263 cap.
1420 1192 1490 1247 29
1543 1195 1621 1263 (n.
1648 1192 1736 1263 7i)
1782 1200 1835 1246 et
1866 1191 2095 1263 cpistola

528 1289 669 1359 (ccx)
695 1287 761 1342 ad
782 1285 1267 1352 Neocaesarienses,
1296 1295 1349 1339 et
1380 1301 1411 1338 a
1436 1284 1660 1339 Leontio
1689 1282 2039 1338 scholastico.
2069 1302 2089 1335 ι

529 1379 639 1437 Sed
667 1380 871 1436 erroris
913 1379 1019 1434 iste
1045 1379 1293 1448 arguitur
1317 1378 1446 1434 dum
1482 1376 1558 1431 ait
1589 1376 1894 1431 dubitatum
1931 1391 1962 1429 a
1986 1375 2092 1430 Pa-

526 1472 731 1535 tribus,
773 1484 845 1524 an
892 1469 1170 1539 Expositio
1190 1466 1315 1537 ﬁdei
1362 1467 1527 1523 fuerit
1571 1468 1640 1522 ab
1672 1468 1791 1539 ipso
1830 1468 2093 1540 Gregorio
2140 1536 2143 1539 _

527 1563 749 1631 scripta.
781 1559 917 1614 Nam
944 1559 1200 1624 Basilius,
1226 1559 1321 1629 qui
1351 1558 1535 1613 omnia
1561 1557 1811 1627 Gregorii
1840 1569 2092 1615 accurate

526 1660 809 1722 perspecta
845 1649 1069 1715 habuit,
1097 1657 1159 1703 ut
1187 1649 1307 1718 ejus
1338 1663 1475 1717 opus
1500 1649 1740 1714 citat,vet
1781 1648 1849 1703 ab
1881 1663 1946 1703 eo
1972 1651 2090 1704 edi-

526 1758 640 1801 tum
694 1745 865 1801 fuisse
899 1759 1009 1799 non
1055 1742 1286 1809 dubitat,
1319 1742 1447 1797 licet
1491 1740 1637 1796 idem
1684 1742 1759 1797 ibi
1805 1741 1874 1795 de
1901 1742 2088 1797 subsi-

2201 550 2439 604 rirentur
2493 554 2751 607 nonnulla
2780 592 2795 614 ,
2855 568 2977 623 quae
3026 554 3270 609 scholam
3323 552 3680 624 Apollinaris
3733 565 3787 612 et

2198 638 2511 711 Eutychetis
2545 643 2773 697 olerent.
2807 644 3029 699 Certum
3071 653 3153 700 est
3190 646 3502 701 dubitasse.
3554 646 3786 702 Verum-

2196 742 2379 789 tamen
2413 744 2474 790 ut
2500 751 2568 790 ex
2608 750 2799 791 eorum
2839 738 3003 794 dictis
3036 753 3145 793 una
3177 740 3342 793 simul
3382 738 3613 793 collatis
3651 755 3787 794 con-

2197 832 2326 888 stat,
2358 839 2467 879 non
2500 827 2567 880 de
2601 834 2713 881 tota
2746 828 2847 882 hac
2880 827 3145 893 oratione,
3184 828 3277 883 sed
3315 827 3685 882 solummodo
3722 828 3786 882 de

2196 914 2342 969 dicto
2386 916 2614 980 inserto,
2665 918 2718 971 in
2756 932 2868 988 quo
2898 918 3185 973 videbatur
3226 919 3424 974 tollere
3473 934 3507 973 e
3550 933 3781 987 persona

2196 1004 2397 1062 Christi
2429 1009 2565 1062 duas
2595 1017 2840 1077 naturas,
2874 1018 2928 1065 et
2960 1026 3121 1065 unam
3150 1018 3359 1066 tantum
3393 1010 3778 1066 constabilire.

2198 1096 2289 1152 Sic
2314 1097 2611 1169 Eulogius:
2649 1101 2713 1154 Ἦ
2759 1103 2817 1155 δὲ
2857 1103 2949 1155 τὸν
2994 1102 3426 1174 Θαυματουργὸν
3476 1101 3782 1173 Γρηγόριον

2196 1192 2602 1264 ὑποϐαλλομένη
2641 1194 2855 1265 χρῆσις,
2890 1194 3104 1262 λέγεται
3139 1195 3236 1265 μὲν
3255 1195 3365 1266 γὰρ
3405 1193 3653 1257 ἐκείνου,
3689 1193 3779 1245 τὸν

2193 1284 2248 1337 δὲ
2277 1286 2700 1358 [Απολλινάριον
2742 1286 3064 1359 εἰσκομίζει.
3120 1307 3139 1339 ι
3172 1287 3588 1342 Testimonium
3633 1285 3775 1355 quod

2194 1366 2438 1447 Gregorii
2458 1376 2851 1450 Thaumaturgi
2870 1394 3067 1434 nomen
3091 1395 3198 1449 prae
3211 1395 3271 1434 se
3285 1379 3412 1445 fert,
3433 1379 3644 1434 dicitur
3665 1379 3801 1448 qui--

2194 1465 2312 1520 dein
2335 1467 2477 1524 illius
2503 1482 2643 1531 esse,
2672 1470 2765 1524 sed
2786 1470 3153 1541 Apollinarem
3175 1471 3303 1524 olet.
3337 1488 3356 1521 ι
3389 1468 3488 1524 Sic
3517 1469 3776 1524 monachi

2191 1554 2489 1613 Palmstinze
2503 1561 2643 1629 apud
2656 1558 2943 1631 Evagrium
2954 1602 2968 1626 ,
2983 1561 3232 1630 quamvis
3248 1560 3440 1615 dicant
3456 1561 3775 1625 haereticos,

2154 1674 2159 1679 λ
2192 1648 2510 1717 Athanasio,
2535 1652 2815 1721 Gregorio,
2831 1669 2893 1708 ac
2909 1652 3770 1723 Julio,inscriptiseorumnomi-

2192 1742 2371 1807 nibus,
2387 1744 2586 1798 multos
2596 1743 2922 1813 Apollinaris
2937 1745 3596 1815 tractatussupposuisse,
3612 1753 3770 1799 antea

525 1838 740 1894 steutiis
780 1836 985 1906 aliquid
1027 1834 1209 1889 minus
1233 1835 1450 1905 proprie
1471 1834 1747 1889 videretur
1787 1848 1909 1889 esse
1936 1834 2088 1888 locu-
2119 1819 2163 1875 Β
2193 1844 2370 1890 tamen
2392 1836 2660 1901 dixerant,
2689 1856 2708 1889 ς
2738 1835 2961 1892 Patrum
2986 1838 3154 1893 libros
3172 1853 3313 1908 saepe
3341 1838 3685 1908 depravasse
3705 1854 3719 1890 :
3741 1853 3763 1887 ι

524 1938 616 1982 tus
653 1946 666 1981 :
703 1926 848 1982 sicut
883 1933 939 1981 et
981 1925 1228 1979 accidere
1268 1922 1449 1993 potuit
1485 1938 1553 1977 ex
1596 1924 1786 1978 eodem
1831 1931 1980 1977 textu
2020 1924 2089 1977 ab

524 2017 822 2083 lmreticis,
862 2026 924 2070 ut
957 2016 1034 2069 ait
1056 2013 1319 2084 Evagrius
1361 2014 1457 2069 lib.
1494 2029 1577 2080 Ill,
1612 2028 1733 2083 cap.
1766 2014 1858 2081 51,
1894 2013 2087 2083 depra-

523 2119 671 2176 vato,
703 2117 798 2164 aut
822 2123 1105 2179 perperam
1155 2106 1423 2176 exposito.
1479 2104 1613 2161 Rem
1654 2105 2083 2161 consideremus.

505 2203 616 2264 ’Uti
650 2221 840 2263 verum
870 2199 1134 2261 estiidem
1174 2203 1466 2259 revelatam
1495 2217 1526 2256 a
1550 2200 1773 2271 Virgine
1797 2210 1850 2256 et
1878 2199 2087 2256 Joanne

522 2298 858 2369 evangelista
902 2296 1226 2362 adnotasse,
1269 2295 1484 2364 sibique
1529 2308 1836 2349 reservasse
1883 2293 2087 2365 Grego-

523 2394 690 2459 rium,
718 2392 792 2446 ita
831 2390 1030 2446 falsum
1067 2403 1187 2443 eam
1214 2386 1610 2442 commentario
1642 2385 1889 2456 apposito
1923 2400 2086 2440 accu-

522 2485 794 2540 ratissime
815 2482 1135 2553 explicasse.
1164 2478 1255 2535 Sic
1274 2493 1491 2549 quoque
1527 2478 1817 2532 orationem
1832 2477 1947 2534 sive
1971 2475 2084 2530 Ea:-

521 2577 831 2648 positionem
855 2574 1000 2645 ﬁdei,
1025 2572 1357 2643 quaeincipit
1387 2569 1682 2641 "Exﬂtc'mt,
1708 2585 1818 2625 non
1837 2584 1959 2625 esse
1989 2585 2099 2624 ex!

522 2669 867 2738 plicationem
911 2665 1056 2720 illius
1081 2664 1206 2719 ﬁdei
1236 2662 1506 2726 revelatio,
1536 2660 1632 2717 sed
1667 2670 1957 2716 tractatum
1989 2676 2086 2731 per

522 2777 581 2815 se
614 2760 871 2825 divisum,
920 2757 990 2811 ab
1018 2770 1205 2827 eaque
1248 2754 1586 2821 distinctum,
1626 2762 1689 2808 ut
1729 2753 1951 2823 planum
1994 2753 2086 2807 ﬁet

520 2852 733 2923 singula
766 2847 1089 2905 conferenti.
1124 2847 1359 2903 Basilius
1385 2845 1461 2900 De
1489 2844 1693 2916 Spiritu
1719 2853 1922 2913 sancto,
1959 2861 2080 2915 cap.

518 2945 609 3011 '29,
646 2959 716 3000 ne
752 2942 977 2999 verbum
1026 2940 1248 3012 quidem
1298 2937 1429 2994 facit
1473 2935 1904 3007 deEzpositione
1934 2937 2080 3006 ﬁdei,

519 3038 612 3093 sed
644 3033 1021 3091 tantummodo
1045 3031 1475 3104 gloriﬁcationem
1511 3046 1542 3085 a
1570 3029 1832 3101 Gregorio
1857 3029 2079 3095 editam,

2191 1928 2284 1981 καὶ
2302 1926 2490 1996 λόγους
2509 1928 2766 1999 Πατέρων
2782 1928 3040 1993 πολλάκις
3056 1929 3427 1984 νενοθεύκαςι.
3468 1929 3565 1985 Sic
3578 1938 3769 1984 auctor

2201 2018 2332 2073 Vitae
2351 2022 2523 2074 sancti
2556 2020 2781 2074 Maximi
2805 2022 3401 2093 νοοοῑχρήσειςὰγὶων,
3436 2022 3539 2075 καὶ
3563 2022 3769 2093 αἱρετικ-

2189 2111 2300 2166 κῶν
2316 2114 2536 2185 χρήσεις
2557 2113 2688 2185 (ιυο
2713 2114 2891 2186 ῥῆσις,
2915 2114 3028 2171 sive
3059 2116 3273 2186 χρῆσις,
3299 2122 3384 2169 est
3405 2113 3605 2180 dictio,
3632 2112 3764 2169 etfa-

2187 2211 2324 2269 tum,
2347 2204 2773 2273 sententia,pars
2796 2205 3060 2260 orationis
3081 2206 3289 2275 integra
3309 2221 3325 2267 ;
3345 2203 3767 2277 τεμάχιον,ΐιύδ

2187 2303 2354 2363 stum,
2372 2295 2730 2366 fragmentum
2749 2292 2897 2369 ('ﬂa‘
2914 2296 3387 2369 Edpmloqq'dﬁolv
3403 2313 3555 2362 τινα,
3574 2296 3764 2352 cecinit

2187 2388 2471 2458 Euripides
2491 2389 2805 2443 sententiam
2818 2387 3151 2460 quamdam),
3179 2403 3311 2459 pars
3338 2389 3635 2456 orationis,
3655 2403 3760 2443 non

2187 2480 2360 2536 oratio
2393 2480 2621 2551 integra.
2641 2478 2819 2546 Quare
2833 2481 2925 2536 hic
2948 2480 3282 2535 contendunt
3294 2479 3499 2553 χρῆσιν
3517 2480 3666 2535 illam
3679 2480 3759 2534 vel

2187 2575 2363 2645 ῥῆσιν,
2381 2588 2501 2644 quae
2532 2588 2598 2627 ex
2624 2571 2950 2642 Apollinaris
2971 2587 3113 2642 penu
3135 2581 3324 2627 exorta
3349 2581 3459 2640 est,
3485 2571 3761 2626 Thauma-

2185 2667 2327 2737 turgi
2346 2682 2450 2721 non
2478 2681 2620 2730 esse,
2636 2667 2729 2721 sed
2749 2665 3100 2736 Apollinaris.
3122 2664 3240 2719 Non
3270 2665 3394 2720 ideo
3418 2674 3605 2721 tamen
3621 2666 3762 2720 abdi-

2184 2759 2588 2829 cantreliquam
2606 2744 2907 2813 orationem
2920 2760 3313 2825 continuatam,
3336 2773 3465 2827 qua:
3490 2754 3755 2827 Gregorio

2185 2851 2404 2918 indigna
2438 2866 2548 2905 non
2581 2858 2682 2905 est.
2719 2848 2786 2905 Et
2822 2851 2953 2905 dum
2987 2850 3117 2905 dicit
3143 2848 3429 2915 Leontius,
3467 2849 3615 2917 apud
3660 2862 3774 2901 an-.

2186 2941 2450 3011 tiquiores
2490 2940 2830 3006 dubitatum,
2889 2955 2996 2995 non
3045 2940 3112 2995 de
3130 2940 3284 2995 Fidei
3323 2940 3658 3011 expositione
3702 2935 3754 2991 id

2187 3032 2438 3100 affirmat,
2484 3034 2582 3087 sed
2626 3041 2836 3087 tantum
2892 3032 2959 3087 de
3008 3031 3155 3088 dicto
3211 3032 3306 3086 illo
3358 3042 3416 3087 et
3465 3030 3752 3094 sententia,

521 3144 647 3184 cum
697 3128 821 3184 aliis
868 3128 938 3183 ab
978 3126 1100 3182 aliis
1157 3123 1556 3195 antiquioribus
1612 3123 1863 3177 Patribus
1920 3120 2079 3176 factis
2110 3147 2155 3209 α
2186 3140 2349 3195 quam
2384 3125 2464 3180 uti
2507 3127 2653 3195 ipse,
2691 3127 2766 3179 ita
2806 3132 2860 3179 et
2901 3124 2991 3178 alii
3034 3123 3299 3179 Verbatim
3343 3128 3751 3193 expresserunt,

520 3220 731 3277 confert
774 3229 828 3276 et
868 3220 1161 3276 examinat.
1214 3215 1307 3271 Sic
1348 3225 1404 3270 et
1448 3216 1505 3269 in
1553 3214 1781 3285 epistola
1831 3212 1973 3285 (ccx)
2016 3214 2083 3268 de

517 3316 622 3370 alia
647 3316 715 3370 ad
737 3312 1014 3369 Elianum
1052 3311 1254 3381 scripta
1285 3324 1592 3365 sermonem
1631 3309 1810 3374 habet,
1835 3320 1895 3360 ut
1918 3321 2082 3375 supra

517 3416 705 3463 contra
765 3405 1154 3461 Bellarminum
1230 3402 1599 3473 probavimus.
1677 3400 1746 3455 Et
1808 3399 2082 3454 immerito

517 3497 778 3553 Leontius
812 3495 1180 3552 scholasticus
1214 3493 1450 3563 vapulat,
1490 3492 1584 3562 qui
1624 3509 1731 3547 non
1778 3493 1846 3546 de
1884 3491 2081 3546 tradita

516 3607 548 3643 a
593 3589 654 3643 B.
694 3587 937 3658 Virgine,
993 3600 1158 3656 quam
1195 3593 1251 3641 et
1286 3586 1400 3655 ipse
1426 3593 1481 3639 et
1508 3583 1599 3637 alii
1632 3582 1711 3637 uti
1744 3583 1966 3637 verbum
1999 3583 2082 3637 di-

517 3683 705 3735 vinum
751 3679 994 3735 venerati
1036 3687 1202 3745 sunt,
1240 3686 1294 3732 et
1350 3677 1553 3745 scripto
1598 3674 2077 3745 consignaverunt,

516 3773 612 3829 sed
663 3773 732 3827 de
787 3771 889 3825 hac
925 3785 1089 3841 quam
1129 3769 1349 3840 speciali
1411 3769 1565 3822 titulo
1612 3766 1705 3820 τοῦ
1741 3765 1883 3821 κατὰ
1916 3767 2080 3839 μέρος

514 3863 583 3916 ab
640 3850 762 3915 aliis
813 3859 1103 3930 Gregorius
1167 3857 1454 3928 separavit,
1529 3855 1719 3911 scribit
1772 3855 2079 3909 dubitatum

514 3954 685 4009 fuisse
725 3968 757 4007 a
783 3950 1052 4007 Patribus.
1099 3949 1165 4005 Et
1198 3951 1326 4005 licet
1355 3951 1518 4003 etiam
1545 3963 1735 4002 verum
1770 3948 1860 4011 sit,
1895 3947 2078 4001 omnia

513 4045 644 4100 dicti
696 4042 890 4116 [Patris
941 4050 1222 4113 perspecta
1284 4040 1565 4111 habuisse.
1600 4037 1892 4102 Basilium,
1927 4037 2078 4090 nihi-

510 4136 748 4191 lominus
787 4132 1072 4204 Expositio
1118 4133 1271 4202 ﬁdet,
1335 4146 1498 4202 quam
1550 4120 1666 4200 ipse
1711 4128 1989 4200 suggillat,
2024 4136 2077 4183 et

511 4242 776 4285 excusare
786 4227 998 4293 nititur,
1012 4241 1121 4281 non
1146 4224 1250 4280 fuit
1263 4240 1439 4295 neque
1461 4223 1599 4280 illa'a
1610 4220 1832 4293 Virgine
1852 4221 2074 4287 dictata,

513 4336 689 4397 neque
728 4321 841 4374 hac
880 4320 1018 4389 ipsa,
1065 4320 1133 4374 de
1169 4334 1275 4388 qua
1319 4318 1476 4372 nobis
1515 4330 1743 4372 examen
1784 4313 2071 4377 incumbit,

511 4410 605 4468 sed
657 4412 764 4466 alia
811 4412 967 4464 tertia
1008 4412 1074 4465 ad
1098 4409 1399 4472 IElianum,
1450 4409 1565 4463 sive
1588 4406 1917 4475 Gelianum,
1972 4421 2073 4461 ceu

2184 3215 2572 3271 dubitationem
2625 3214 2830 3282 fuisse,
2878 3215 3113 3285 intelligi
3158 3215 3336 3269 debet.
3414 3214 3575 3282 Quod
3625 3224 3751 3267 vero

2183 3306 2372 3362 ultimo
2422 3307 2542 3362 loco
2582 3307 2737 3376 ponit
2786 3323 2854 3361 ex
2906 3305 3171 3361 sententia
3203 3303 3455 3376 Gregorii
3497 3302 3751 3377 Nysseni,

2181 3400 2389 3455 nullum
2438 3414 2560 3455 esse
2602 3415 2741 3469 opus
2784 3397 3176 3469 Thaumaturgi
3211 3406 3411 3468 praeter
3457 3398 3628 3454 solam
3658 3393 3757 3450 Fi-.

2181 3492 2326 3559 dem,
2358 3508 2523 3563 quam
2577 3494 2631 3546 in
2662 3492 2876 3547 visione
2926 3499 3305 3561 conspexerat,
3359 3491 3469 3547 hoc
3515 3505 3628 3545 non
3670 3494 3752 3544 est

2182 3587 2282 3642 hac
2303 3584 2798 3655 Fideiexpositione
2833 3587 2948 3641 sola
2971 3625 2985 3649 ,
3022 3586 3115 3640 sed
3161 3586 3388 3655 reliquis
3432 3585 3595 3640 etiam
3632 3582 3747 3637 aliis
3779 3632 3784 3637 .

2179 3678 2455 3748 operibus,
2484 3694 2606 3747 quae
2640 3678 2941 3732 indubitate
2970 3677 3218 3748 Gregorii
3250 3689 3399 3742 sunt,
3425 3677 3747 3748 Gregorium

2180 3770 2435 3840 spoliare,
2476 3770 2619 3839 quod
2662 3769 2833 3825 fuerit
2873 3770 3035 3839 plane
3080 3769 3380 3834 absonum,
3426 3778 3481 3825 et
3509 3784 3637 3824 vere
3667 3768 3747 3821 in~

2178 3865 2604 3920 consideratum.
2664 3862 2731 3918 Et
2797 3863 2924 3918 licet
2988 3863 3043 3917 id
3104 3861 3388 3934 Nyssenus
3452 3869 3742 3924 assereret,

2177 3955 2480 4028 Nyssenum
2528 3956 2643 4025 ipse
2682 3970 2955 4022 revereor,
2996 3964 3049 4010 et
3085 3955 3230 4011 illius
3263 3955 3408 4010 dicta
3438 3953 3740 4022 exosculor.

2177 4048 2360 4104 Habeo
2429 4058 2609 4104 tamen
2640 4064 2779 4120 quos
2820 4049 2897 4103 illi
2928 4063 3199 4119 opponam
3233 4046 3494 4103 Basilium
3540 4057 3595 4102 et
3622 4042 3743 4099 Ilie-
3844 4074 3845 4077 η

2176 4158 2486 4215 ronymum,
2514 4144 2608 4215 qui
2639 4145 2813 4199 multa
2857 4145 2963 4200 alia
2996 4132 3239 4213 ejusdem
3274 4152 3581 4199 recensent.
3616 4141 3741 4195 Erat

2174 4246 2303 4308 ergo
2331 4237 2401 4291 ab
2426 4237 2694 4293 haereticis
2714 4237 2919 4292 dictum
2942 4235 3074 4290 illud
3104 4235 3170 4289 de
3196 4234 3408 4290 duabus
3442 4234 3497 4288 in
3526 4231 3738 4287 Christo

2173 4330 2384 4384 naturis
2410 4328 2782 4399 depravatum,
2803 4328 2947 4399 quod
2978 4328 3301 4382 Anastasius
3328 4328 3382 4381 in
3417 4327 3611 4396 Ecloge
3642 4336 3735 4378 sua

2175 4435 2243 4475 ex
2276 4419 2497 4489 puriore
2536 4419 2789 4474 codicum
2827 4416 2977 4471 fonte
3022 4416 3304 4482 hauriens,
3359 4423 3422 4470 ut
3459 4412 3590 4468 illud
3628 4409 3738 4464 edi-

496 4506 699 4561 scribit
720 4505 1010 4559 Facundos
1040 4501 1446 4557 Hermianensis
1480 4502 1575 4557 lib.
1598 4517 1634 4556 χ
1663 4506 1808 4572 (cap.
1834 4501 1897 4570 6)
1932 4500 2070 4556 scri-

2182 4510 2326 4566 derat
2354 4508 2816 4580 Thaumaturgus,
2844 4507 3152 4578 exscripsit,
3167 4507 3466 4577 recitatque
3497 4502 3737 4559 Sirmon-

513 4611 631 4668 pta,
665 4607 726 4653 ut
751 4612 916 4667 supra
940 4596 1193 4662 diximus,
1237 4595 1289 4649 in
1324 4611 1430 4665 qua
1471 4594 1539 4649 de
1565 4594 1930 4650 subsistentiis
1958 4608 2069 4649 non

513 4702 586 4746 -ta
624 4690 908 4747 commode
947 4690 1193 4743 locutum
1236 4687 1404 4743 fuisse
1444 4688 1606 4743 tradit
1639 4703 1653 4741 :
1683 4702 1807 4743 cum
1860 4687 1915 4742 in
1945 4686 2068 4754 hac,

512 4789 577 4839 'le
605 4799 713 4854 qua
739 4798 885 4837 nunc
911 4781 1206 4846 dubitatur,
1237 4780 1370 4833 nihil
1408 4780 1478 4835 sit
1506 4794 1682 4849 neque
1718 4780 1771 4834 in
1812 4779 2072 4850 mysterio

518 4875 812 4941 Trinitatis,
860 4887 1035 4942 neque
1084 4871 1141 4926 in
1190 4870 1448 4942 mysterio
1495 4869 1911 4932 lncarnationis,
1961 4884 2069 4922 non

509 4970 789 5039 aptissime
806 4966 1082 5041 traditum,
1107 4963 1457 5034 etzcatholicaa
1472 4960 1725 5017 Ecclesiae
1744 4975 2067 5015 consonum.

510 5062 574 5116 Et
594 5072 704 5117 tres
723 5058 1031 5130 hujusmodi
1048 5056 1416 5127 expositiones
1432 5062 1556 5110 ante
1572 5070 1657 5109 me
1673 5062 1954 5109 notaverat
1968 5054 2069 5108 do-

505 5154 787 5210 ctissimus
810 5151 1047 5208 Jacobus
1068 5149 1391 5206 Sirmondus
1423 5149 1480 5203 in
1506 5147 1650 5202 notis
1668 5147 1735 5202 ad
1753 5146 2069 5203 Facundum

504 5241 975 5303 Hermianensem.

580 5403 694 5473 (10)
755 5401 946 5458 Latine
1005 5402 1222 5473 quidem
1260 5401 1342 5473 _in
1415 5401 1751 5473 Bibliotheca,
1813 5399 2064 5473 Lugdun.

506 5470 626 5527 ‘I’P.
676 5470 725 5528 ἰ.
777 5473 921 5538 XIX,
954 5470 1197 5541 p.187;
1245 5471 1429 5527 Griece
1497 5472 1645 5528 dedit
1674 5470 1926 5527 Allatius}
1964 5471 2069 5541 Zy-

508 5542 703 5612 gabcni
738 5544 1170 5614 _disputationem
1206 5559 1329 5614 cum
1361 5542 1632 5614 saraceno
1674 5544 1842 5597 habes
1874 5542 1926 5596 in
1963 5543 2067 5596 hac

509 5624 697 5684 nostra
726 5612 856 5667 PP;
875 5614 1199 5667 Bibliotheca
1232 5625 1270 5667 t.
1296 5613 1383 5668 IV.
1405 5613 1553 5668 Nova
1586 5623 1639 5669 et
1671 5614 1937 5684 ampliora
1958 5614 2063 5668 alia

499 5683 746 5751 ejusdem
777 5684 976 5752 scripta
1002 5685 1165 5752 praelo
1193 5700 1467 5752 paramus.
1498 5685 1562 5737 A.
1586 5684 1658 5738 Μ.

580 5752 690 5823 (ll)
732 5751 943 5825 lleaps’e
975 5751 1029 5825 in
1074 5751 1260 5809 nostro
1289 5756 1559 5810 volumine
1602 5756 1831 5825 septimo
1864 5753 2059 5823 Script.

502 5837 625 5890 δεμ,
670 5835 809 5889 part.
856 5841 893 5890 ι,
934 5824 1099 5880 hach
1161 5840 1211 5893 p.
1270 5825 1369 5879 165
1427 5826 1639 5882 titulum
1664 5824 1901 5898 χρήσεις
1947 5826 2055 5881 τῶν

2173 4603 2276 4658 dus
2325 4602 2472 4657 dicto
2517 4602 2637 4656 loco
2680 4617 2694 4653 :
2739 4602 2835 4654 Ἐκ
2888 4599 2999 4669 τῆς
3061 4599 3213 4653 κατὰ
3249 4599 3435 4669 μέρος
3476 4597 3735 4657 Πίστεως

2172 4699 2472 4772 Γρηγορίου
2536 4698 2628 4752 τοῦ
2672 4696 2924 4767 Μεγάλου
2963 4695 3055 4751 καὶ
3092 4682 3530 4767 Θαυματουργοῦ
3552 4707 3568 4722 ·
3626 4680 3732 4742 Καὶ

2170 4791 2303 4845 ἐστι
2349 4788 2492 4856 Θεὸς
2529 4788 2832 4857 ἀληθινὸς,
2886 4791 2918 4842 ό
2947 4789 3213 4857 ἄσαρκος
3248 4787 3319 4840 ἐν
3351 4783 3530 4854 σαρκὶ
3557 4791 3730 4853 φανε-

2163 4882 2397 4951 ρωθεὶς,
2434 4880 2659 4945 τέλειος
2694 4878 2768 4947 τῇ
2801 4876 3061 4947 ἀληθινῇ
3099 4877 3197 4931 καὶ
3233 4877 3360 4943 θείᾳ
3393 4872 3727 4937 τελειότητι,

2171 4976 2243 5028 οὐ
2285 4974 2394 5026 δύο
2437 4972 2755 5041 πρόσωπα,
2808 4970 2968 5025 ἀλλὰ
3010 4966 3122 5040 (12)
3152 4967 3260 5022 δύο
3304 4967 3555 5037 φύσεις,
3595 4955 3731 5015 οὐδὲ

2169 5067 2474 5134 τέσσαρας
2519 5062 2887 5132 προσκυνεῖν
2925 5062 3203 5131 λέγομεν,
3250 5057 3391 5113 Θεὸν
3429 5056 3527 5112 καὶ
3576 5051 3724 5108 Υἱὸνο

2173 5157 2322 5213 Θεὸν
2344 5157 2444 5211 καὶ
2472 5156 2801 5224 ἄνθρωπον,
2831 5154 2929 5208 καὶ
2956 5152 3198 5222 Πνεῦμα
3225 5151 3413 5223 ἅγιον.
3441 5169 3463 5202 ι
3495 5148 3574 5203 Ex
3599 5139 3726 5197 Fide

2170 5247 2455 5302 secundum
2492 5257 2669 5316 partes
2701 5244 2948 5316 Gregorii
2988 5242 3165 5315 Magni
3212 5251 3267 5299 et
3298 5233 3711 5305 Thaumaturgii

2172 5408 2457 5482 μακαρίων
2487 5408 2583 5482 κα).
2621 5404 2915 5482 ὀρθοδόξὲν
2947 5401 3223 5482 Π,ᾳτέρωνο
3271 5400 3339 5456 Et
3356 5398 3549 5482 ,ἔξηδᾶ
3586 5390 3720 5482 2(ξῖἓῖ

2170 5470 2282 5558 est;
2315 5470 2956 5558 θεοςιηινξδςίείὒκιὁιὶριεειιιξιῶκίἒ
2987 5470 3227 5542 Denique
3276 5487 3331 5542 p.
3355 5470 3479 5535 202,
3508 5470 3717 5539 χρήσεις

2168 5544 2784 5620 ἄχρηςιέτοχ.ι’Δρειᾱνῶνἶ
2812 5546 2879 5599 A.
2908 5544 2981 5598 M.

2240 5593 3143 5690 (i'a'f'vid'éﬁ"§éﬁiiii{i'nj"me,
3194 5608 3522 5690 pro_§purio
3566 5593 3714 5690 025i?

2167 5674 2364 5743 Recole
2395 5674 3073 5743 nostramvadnotalionem
3100 5674 3151 5750 1⁷,
3262 5674 3580 5753 108’(δηρνα,
3605 5674 3708 5723 noto

2166 5761 2220 5817 8.
2254 5760 2356 5816 col.
2390 5759 2575 5817 1225).
2606 5756 2672 5811 A.
2705 5756 2777 5811 Μ.

2206 5802 2220 5827 ,
2254 5774 2356 5816 cm.
2390 5774 2575 5829 122a).
2606 5774 2672 5811 Α.
2705 5774 2777 5811 tu.
