4100 6372
350 433 488 490 1229

1207 439 1452 496 L110le
1488 439 1765 496 ALLATli
1796 440 2123 496 DIATRIBA
2160 444 2247 498 ne
2280 444 2688 503 THEODORIS.
2764 408 2767 411 ’

3452 457 3589 512 1950

350 554 447 609 Est
472 553 612 610 Deus
666 570 849 618 unus,
901 558 1012 626 qui,
1037 556 1233 629 absque
1278 577 1436 614 carne
1487 576 1605 614 cum
1655 571 1809 623 esset,
1855 560 1988 617 in‘A
2012 555 2427 645 sententiarum,
2457 565 2710 647 qui'dum
2745 582 2812 622 ex
2841 582 2903 623 ea
2936 570 3101 625 verba
3132 573 3359 641 profert,
3401 575 3591 631 scribit

350 663 505 701 carne
533 648 813 716 apparuit,
839 649 1098 717 perfectus
1142 666 1263 703 vera
1292 662 1340 705 et
1364 652 1562 712 divina.
1580 654 1913 722 perfectione,

2019 667 2081 706 ea
2121 669 2179 707 se
2212 670 2427 711 sumere
2468 659 2532 710 ἐκ
2574 658 2666 711 τοῦ
2708 660 2835 730 περὶ
2872 661 3200 732 σαρκώσεως
3231 666 3325 718 καὶ
3356 666 3591 732 πίστεως

347 754 450 791 non
479 738 601 794 dum
627 755 890 808 personat,
925 741 1015 794 sed
1053 750 1262 797 natura:
1299 742 1456 809 dum;
1490 740 1651 815 neque
1690 756 1896 816 quatuo:

2017 744 2176 812 λόγου
2211 749 2268 801 ὲν
2307 752 2372 820 τῇ
2417 751 2680 822 ἑρμηνείᾳ
2716 751 2807 804 τοῦ
2841 753 3090 824 δευτέρου
3120 755 3585 828 ἀναθεματισμοῦ.

344 830 569 883 adorare
604 829 850 894 dicimus,
872 830 1040 884 Deum
1063 841 1114 885 et
1134 830 1352 899 Filium,
1372 833 1537 887 Deum
1560 847 1607 889 et
1632 835 1911 902 hominem,

340 930 391 973 et
414 919 674 988 Spiritum
714 931 975 976 sanctum.
1012 940 1031 973 ι
1090 923 1157 976 Ει
1201 922 1527 996 Euthymius
1569 925 1911 997 Zygabenus,

347 1010 400 1062 in
434 1010 713 1080 Panoplia:
742 1014 897 1067 titulo
919 1013 1006 1078 15,
1028 1028 1092 1067 ea
1125 1015 1177 1067 in
1211 1023 1365 1083 parte
1402 1016 1492 1070 ubi
1521 1018 1588 1071 de
1618 1018 1829 1073 duabus
1857 1020 1910 1073 in

340 1100 562 1155 Christo
597 1104 804 1158 naturis
829 1104 1135 1158 testimonia
1161 1104 1380 1159 Patrum
1419 1108 1657 1176 colligit:
1682 1108 1786 1162 Τοῦ
1803 1112 1913 1164 Με-

338 1192 506 1258 γάλου
551 1194 848 1267 Γρηγορίου
892 1196 986 1250 τοῦ
1033 1197 1457 1271 Θαυματουργοῦ
1500 1203 1566 1255 ὲκ
1610 1199 1717 1269 τῆς
1762 1203 1911 1257 κατὰ

332 1284 517 1352 μέρος
548 1288 841 1355 Πίστεως’
870 1290 980 1342 Καὶ
1009 1290 1139 1343 ἔστι
1167 1290 1311 1357 Θεὸς
1329 1292 1635 1359 ἀληθινὸς,
1665 1298 1698 1347 d
1722 1294 1906 1364 ἄσαρ-

337 1391 443 1441 κος
470 1376 542 1428 ἐν
567 1379 745 1446 σαρκὶ
771 1381 1149 1447 φανερωθεὶς,
1182 1383 1254 1435 οὐ
1284 1381 1393 1435 δύο
1414 1386 1724 1452 πρόσωπα,
1745 1386 1907 1455 (add

337 1464 445 1519 δύο
492 1469 725 1536 φύσεις.
788 1490 807 1521 ‹
850 1470 1027 1542 Magni
1081 1471 1326 1544 Gregorii
1386 1473 1780 1547 Thaumaturgi
1836 1493 1904 1531 ex

333 1558 659 1627 professione
678 1559 802 1629 ﬁdei
830 1564 1114 1615 secundum
1136 1577 1313 1632 partes
1333 1583 1349 1619 .'
1370 1564 1438 1619 Et
1466 1578 1539 1620 est
1568 1567 1702 1621 Deus
1729 1584 1900 1633 uerus,

332 1649 427 1716 qui
453 1658 626 1704 tamen
645 1652 755 1706 sine
784 1668 941 1706 carne
964 1663 1062 1721 est,
1093 1656 1148 1708 in
1168 1672 1324 1709 carne
1351 1660 1618 1725 apparuit,
1653 1676 1753 1713 non
1783 1661 1902 1715 dua:

333 1758 592 1809 personat,
621 1743 713 1797 sed
738 1744 860 1799 dum
875 1756 1101 1802 naturae.
1132 1766 1152 1798 ι
1180 1746 1309 1802 Jure
1341 1749 1523 1819 itaque
1552 1752 1754 1806 dictum
1773 1752 1894 1815 hoc,

334 1840 398 1887 ut
437 1834 781 1902 proferebant
822 1836 1083 1903 btet-elici,
1129 1848 1410 1895 verterunt
1448 1844 1502 1896 in
1547 1844 1769 1897 dubium
1794 1842 1898 1898 Pa-

330 1932 464 1988 tres,
508 1939 578 1979 an
609 1925 851 1995 Gregorii
888 1936 1050 1983 esset.
1103 1926 1169 1982 Et
1192 1929 1258 1985 de
1278 1926 1380 1985 hac
1399 1928 1741 2001 Expositione
1769 1934 1894 2003 ﬁdei

329 2018 472 2071 κατὰ
504 2020 693 2092 μέρος,
719 2023 873 2078 satis.

398 2110 518 2165 Dixi
555 2127 740 2182 supra,
777 2114 932 2170 tidem
964 2115 1225 2187 Gregorio
1278 2118 1569 2172 revelatam
1602 2135 1634 2173 a
1670 2118 1890 2191 Virgine

325 2199 518 2258 Patres
551 2206 811 2262 reveritos
841 2206 1032 2272 fuisse,
1063 2216 1118 2263 et
1150 2209 1203 2261 in
1236 2225 1335 2264 sua
1362 2212 1565 2281 scripta
1618 2213 1886 2267 retulisse.

321 2290 480 2347 Addo
512 2310 677 2361 nunc,
715 2305 769 2351 et
796 2312 860 2351 ex
894 2299 1041 2353 illius
1064 2299 1222 2354 dictis
1251 2301 1418 2355 multa
1451 2301 1574 2357 fidei
1608 2305 1887 2374 mysteria,

322 2383 505 2440 verbis
565 2394 621 2440 et
666 2390 951 2445 sententiis
994 2385 1125 2446 inde
1177 2392 1421 2458 haustis,
1484 2396 1884 2465 comprobasse.

319 2472 398 2528 Ne
440 2478 684 2547 singulos
722 2495 1058 2546 recenseam,
1085 2484 1194 2539 duo
1227 2486 1603 2551 tantummodo
1634 2488 1778 2543 dicta
1805 2489 1889 2544 di-

319 2566 611 2622 sertissimi
641 2568 838 2637 Patris,
867 2583 919 2628 et
948 2573 1058 2638 cui,
1084 2590 1112 2627 a
1142 2575 1458 2645 theologicis
1492 2578 1654 2633 rebus
1683 2579 1887 2648 optime

314 2666 371 2711 et
409 2661 823 2718 accuratissime
867 2666 1231 2733 pertractatis,
1285 2667 1544 2738 Tbeologi
1580 2685 1882 2740 cognomen

316 2747 589 2804 universae
619 2750 876 2808 Ecclesiae
918 2770 1185 2810 consensu
1228 2757 1473 2822 obvenit,
1502 2750 1767 2829 Gregorii,
1800 2760 1883 2825 in-,

314 2853 507 2915 quam,
559 2842 924 2912 Nazianzeni,
996 2846 1049 2901 in
1104 2849 1339 2903 medium
1387 2850 1640 2915 aﬂ‘cram,
1684 2852 1882 2922 quibus

313 2930 605 2987 affirmatio
643 2950 763 2990 mea
807 2946 991 3007 aperte
1027 2941 1459 2997 constabilietur.
1498 2941 1741 2997 Primum
1776 2944 1881 2998 erit

309 3037 375 3077 ex
406 3026 654 3081 oratione
686 3028 750 3082 de
785 3028 1096 3097 baptismate
1121 3032 1220 3104 (or.
1250 3050 1337 3100 SL,
1359 3035 1472 3104 42).
1523 3033 1723 3091 Scribit
1745 3036 1879 3091 Gre—

309 3117 499 3185 gorius
523 3136 536 3171 :
564 3119 729 3174 Οὐδὲν
762 3121 862 3191 τῆς
905 3122 1162 3192 Τριάὅος,
1216 3117 1262 3179 ὧ
1300 3120 1466 3190 οὗτοι,
1499 3127 1623 3181 οὔτε
1664 3128 1870 3194 δοῦλον,

2023 857 2041 888 ο
2071 837 2146 893 Ex
2182 842 2429 897 oratione
2467 843 2532 897 de
2567 844 2941 898 incarnatione
2974 856 3024 900 et
3060 846 3196 911 ﬁde,
3233 848 3288 902 in
3321 849 3586 922 interpre-

2016 933 2219 987 tatione
2263 936 2702 990 anathematismi
2749 938 2993 993 secundi.
3035 958 3054 990 ι
3117 939 3266 996 Licet
3316 943 3459 998 enim
3517 962 3585 1002 ex

2014 1023 2281 1079 divisione
2313 1027 2492 1095 Operis
2538 1028 2593 1081 in
2635 1029 2892 1098 capitula,
2927 1032 3287 1099 capitulorum
3332 1035 3435 1089 sibi
3480 1053 3584 1091 no~

2012 1129 2135 1168 men
2169 1130 2306 1185 opus
2333 1119 2647 1186 praetulerit,
2691 1129 2927 1174 attamen
2969 1122 3044 1175 illi
3077 1128 3206 1194 περὶ
3251 1126 3582 1196 σαρκώσεως

2012 1205 2228 1260 titulum
2288 1208 2356 1261 ab
2400 1217 2622 1263 auctore
2676 1209 2956 1279 praefixum
3013 1213 3219 1277 fuisse,
3275 1229 3341 1269 ex
3390 1219 3579 1274 eodem

2010 1298 2192 1367 operis
2223 1309 2543 1367 argumento
2568 1302 2727 1367 plane
2752 1311 2917 1371 patet.
2999 1302 3201 1359 Scribit
3239 1308 3445 1364 scilicet
3480 1326 3581 1364 au-

2006 1398 2125 1444 ctor
2169 1408 2182 1444 :
2230 1389 2366 1444 Θεοῦ
2412 1393 2594 1462 χάριτι
2650 1393 2766 1457 πῶς
2817 1394 2900 1446 δεῖ
2952 1398 3225 1453 πιστεύειν
3295 1402 3422 1472 περὶ
3482 1403 3582 1473 τῆς

2007 1477 2329 1550 σαρκώσεως
2372 1482 2467 1533 καὶ
2512 1480 2979 1553 ἐνανθρωπήσεως
3025 1485 3116 1538 τοῦ
3142 1487 3270 1541 Υἰοῦ
3314 1488 3406 1542 τοῦ
3442 1489 3577 1543 Θεοῦ

2018 1567 2187 1638 Ἰησοῦ
2211 1570 2465 1638 Χριστοῦ.
2505 1592 2523 1622 ι
2549 1571 2834 1637 Quomodo
2864 1590 2986 1628 cum
3016 1575 3108 1631 Dei
3132 1580 3305 1645 gratia
3331 1592 3579 1649 oporteat

2002 1658 2220 1711 credere
2256 1659 2323 1712 de
2361 1660 2734 1716 incarnatione
2764 1672 2814 1715 et
2842 1663 3288 1721 inhumanatione
3318 1666 3441 1721 Filii
3475 1668 3574 1725 Dei

1999 1746 2130 1805 Jesu
2155 1749 2381 1803 Christi.
2412 1770 2430 1802 ι
2465 1750 2531 1804 Et
2561 1753 2805 1821 apposite
2838 1754 2949 1809 haec
2977 1756 3083 1809 duo
3117 1758 3405 1826 conjunxit
3443 1760 3575 1833 σάρ-

2000 1860 2190 1906 κωσιν,
2216 1844 2307 1896 καὶ
2335 1842 2763 1913 ὲνανορώπησιν,
2799 1846 3217 1914 incarnationem
3245 1859 3294 1903 et
3322 1852 3572 1906 inhumaa

2003 1935 2298 1997 nationem,
2338 1918 2607 2002 tanquam
2656 1936 2750 2005 qui
2793 1946 2846 1990 et
2882 1936 3099 1993 Graecos
3148 1940 3446 1998 catholicos
3486 1959 3573 1998 se-

2002 2034 2281 2092 queretur,
2316 2027 2406 2094 qui
2448 2026 2514 2079 de
2552 2027 2655 2081 hoc
2687 2028 2948 2098 mysterio
2992 2030 3160 2085 libros
3199 2047 3328 2088 suos
3377 2034 3573 2090 inscri-

1999 2114 2127 2168 bere
2154 2116 2414 2183 solebant,
2442 2118 2579 2186 Περὶ
2606 2118 3068 2191 ἐνανθρωπήσεως
3086 2162 3101 2186 ,
3133 2133 3187 2176 et
3212 2123 3574 2181 heterodoxo-

1999 2222 2122 2260 rum
2148 2208 2469 2263 sententiam
2500 2209 2790 2273 reielleret,
2816 2211 2910 2280 qui
2940 2227 3063 2265 cum
3091 2222 3261 2268 totum
3291 2215 3569 2271 hominem

1999 2294 2231 2350 aVcrbo
2271 2305 2582 2368 susceptum
2626 2310 2906 2369 negarent,
2943 2303 3407 2376 ὲνανθρωπήσεως
3441 2307 3574 2361 titu-

1999 2389 2110 2442 lum
2137 2387 2495 2458 rel‘ugicbant,
2526 2401 2580 2443 et
2611 2391 2780 2445 altero
2814 2392 2950 2462 Περὶ
2979 2391 3304 2463 σαρκώσεως
3337 2396 3568 2458 uteban—

1997 2491 2105 2545 tur,
2147 2489 2207 2534 ut
2230 2480 2506 2536 Eudoxius
2549 2481 3188 2552 Constantinopolitanus
3214 2493 3267 2538 et
3291 2485 3567 2555 Apollina-

1996 2573 2075 2626 ris
2115 2573 2229 2640 ipse
2268 2570 2528 2625 fecerant.
2570 2572 2906 2628 Athanasius
2933 2574 3096 2628 etiam
3123 2574 3441 2646 Gregorium
3474 2595 3566 2634 se-

1960 2724 1961 2727 η
1996 2673 2156 2717 cutus
2186 2674 2476 2733 utramque
2506 2679 2690 2719 vocem
2734 2680 2841 2718 una
2872 2666 3156 2732 conjunxit
3183 2678 3369 2722 contra
3398 2668 3566 2739 Apel-

1997 2754 2225 2807 linarem
2263 2754 2377 2825 (lib.
2409 2770 2447 2819 ι,
2477 2755 2568 2823 2i)
2603 2769 2617 2806 :
2653 2756 2950 2825 Mavqaio;
2990 2757 3294 2828 ἀπιστήσας
3339 2762 3402 2831 τῇ
3436 2777 3567 2832 σαρ-

1992 2845 2157 2899 κώσει
2201 2848 2292 2900 καὶ
2320 2847 2730 2919 ἐνανορωπήσει
2774 2847 2868 2901 τοῦ
2914 2849 3140 2920 Κυρίου,
3186 2851 3385 2923 ἀσεϐὴς
3422 2854 3564 2906 κατὰ

1992 2935 2172 2989 πάντα
2220 2935 2432 3004 γέγονε.
2479 2954 2498 2987 ‹
2526 2935 2860 2993 Manicbaaus
2900 2953 3006 2993 non
3041 2940 3268 2994 credens
3313 2940 3565 2996 incarna-

1992 3026 2125 3081 tioni
2152 3037 2206 3082 et
2246 3027 2682 3083 inhumanationi
2706 3028 2943 3093 Domini,
2975 3030 3029 3084 in
3071 3031 3327 3087 onmibus
3361 3032 3561 3104 impius

1989 3117 2167 3172 factus
2221 3126 2322 3172 est.
2357 3137 2376 3170 ι
2430 3118 2564 3172 Illud
2617 3135 2836 3189 quoque
2885 3120 3094 3175 interim
3154 3123 3567 3178 observandum

306 3206 430 3262 οὔτε
461 3212 699 3265 κτιστύν.
757 3231 776 3264 ι
807 3214 950 3269 Nihil
991 3217 1045 3270 in
1072 3216 1360 3281 Trinitate,
1411 3235 1445 3273 ο
1474 3220 1663 3285 amici,
1704 3237 1880 3291 neque

1986 3219 2098 3275 est,
2145 3212 2339 3265 horum
2372 3211 2735 3280 capitulorum
2775 3229 2900 3267 eum
2939 3214 3277 3284 expositione
3317 3216 3372 3269 in
3398 3216 3561 3271 editis

307 3315 528 3357 servum
560 3319 733 3375 neque
761 3316 1024 3361 creatum.
1054 3328 1073 3360 ι
1108 3308 1175 3363 Ει
1198 3310 1358 3379 plane
1392 3311 1466 3366 ita
1487 3322 1588 3368 est.
1626 3312 1691 3367 Et
1718 3323 1875 3367 nota-

303 3390 383 3445 vit
431 3394 621 3448 nescio
674 3399 797 3465 quis
848 3397 901 3451 in
956 3399 1201 3469 margine
1266 3402 1620 3470 manuscripti
1673 3403 1878 3459 codicis

303 3477 555 3538 Vaticani
581 3485 741 3549 1592,
790 3503 912 3559 pag.
938 3489 1006 3544 59
1040 3506 1053 3541 :
1096 3489 1364 3562 Γεώργιον
1410 3493 1726 3566 (Γρηγόριον
1762 3497 1878 3550 vult

301 3574 504 3649 dicere)
532 3579 622 3633 τὸν
642 3580 1066 3653 Θαυματονργὸν
1093 3586 1151 3638 ὲν
1176 3587 1243 3654 τῇ
1271 3585 1652 3654 ἀποκαλύψει
1669 3628 1684 3651 ,
1714 3586 1877 3642 «6ιό-

248 3748 251 3749 ,
301 3671 515 3737 gorium
548 3675 725 3729 innuit
748 3675 1214 3747 Thaumaturgum
1244 3681 1297 3734 in
1323 3680 1652 3736 reuelatione.
1674 3700 1694 3732 ι
1723 3681 1873 3737 Alte-

300 3776 421 3817 rum
448 3774 534 3822 est
554 3769 608 3821 in
633 3769 879 3823 oratione
896 3768 1191 3841 deSpiritu
1217 3781 1396 3825 sancto
1421 3772 1525 3843 (or.
1557 3789 1708 3837 xxxi,
1733 3774 1826 3843 28)
1857 3795 1869 3830 :

297 3853 486 3909 Σέὸειν
526 3858 656 3911 Θεὸν
702 3861 793 3914 τὸν
844 3861 1084 3931 Πατέρα,
1127 3863 1259 3917 Θεὸν
1303 3864 1395 3917 τὸν
1446 3864 1597 3928 Υἰὸν,
1646 3865 1776 3918 Θεὸν
1812 3866 1873 3918 τὸ

298 3944 525 4017 Πνεῦμα
572 3949 633 4001 τὸ
679 3950 852 4018 ἅγιον,
903 3956 1050 4023 τρεῖς
1100 3953 1399 4025 ἰδιότητας,
1440 3954 1665 4026 θεότητα
1718 3956 1869 4026 μίαν,

252 4064 257 4070 ~
294 4030 445 4109 ὅόξῄ,
478 4042 570 4094 καὶ
604 4046 756 4113 τιμῇ,
788 4044 1096 4115 καὶόὐσιᾳ,
1124 4046 1218 4097 καὶ
1253 4046 1499 4117 βασιλείᾳ
1546 4048 1619 4118 μὴ
1652 4047 1870 4118 μεριζο-

298 4130 489 4204 μένην,
530 4133 606 4198 ὣς
641 4152 724 4198 τις
765 4134 872 4188 τῶν
910 4135 1090 4207 μικρῷ
1127 4138 1360 4208 πρόσθεν
1390 4137 1661 4210 Θεοφόρων
1692 4138 1869 4208 ἐφιλο-

293 4221 552 4293 σόφησεν.
620 4242 639 4273 ο
685 4224 874 4279 Colere
917 4223 1086 4278 Deum
1130 4223 1344 4279 Patrem
1372 4266 1388 4291 ,
1430 4224 1600 4280 Deum
1648 4225 1866 4293 Filium,

293 4311 466 4369 Deum
497 4316 759 4385 Spiritum
801 4326 1068 4380 sanctum,
1117 4327 1227 4372 tres
1265 4317 1645 4387 proprietates.
1690 4316 1866 4371 deita-

291 4411 400 4458 tem
448 4422 646 4469 unam,
700 4422 875 4476 neque
921 4408 1126 4477 gloria,
1171 4421 1349 4476 neque
1394 4407 1636 4469 honore,
1692 4420 1866 4476 neque

288 4499 547 4564 essentia,
573 4509 750 4569 neque
776 4513 943 4567 regno
978 4497 1330 4555 subdivisam.
1364 4506 1423 4551 ut
1444 4496 1668 4567 quidam
1700 4498 1863 4566 paulo

1978 3301 2328 3374 Gregorianis
2357 3305 2557 3375 praeligi
2579 3303 2876 3359 Gerardum
2896 3304 3149 3361 Vossium
3186 3307 3557 3377 interpretem,

1978 3407 2103 3447 eum
2146 3402 2325 3448 tamen
2359 3394 2689 3450 Possevinus
2739 3398 2964 3462 scribat,
3011 3398 3270 3468 quoniam
3310 3414 3373 3455 ea
3407 3415 3555 3454 nun-

1979 3502 2144 3555 quam
2193 3496 2287 3540 aut
2316 3486 2502 3557 Grzeee
2536 3496 2632 3543 aut
2674 3487 2866 3544 Latine
2897 3491 3199 3559 prodierint
3253 3492 3304 3545 in
3350 3491 3553 3555 lucem,

1982 3576 2103 3633 ideo
2127 3577 2438 3633 versionem
2466 3580 2681 3633 illorum
2713 3580 2909 3635 factam
2947 3598 2977 3634 a
3003 3580 3296 3637 Francisco
3327 3582 3559 3661 Turria-

1977 3684 2072 3733 no,
2117 3669 2173 3722 in
2218 3670 2495 3739 Apparatu
2544 3687 2645 3725 suo
2686 3672 2970 3741 adjecisse.
3019 3672 3152 3739 Quae
3194 3674 3553 3738 cumiisdem

1973 3760 2177 3825 verbis,
2235 3763 2427 3830 paucis
2475 3762 2799 3829 immutatis,
2849 3780 2961 3834 pra:
3011 3766 3265 3821 manibus
3308 3768 3552 3821 omnium

1975 3854 2065 3919 sit,
2102 3853 2227 3922 quis
2262 3854 2329 3908 ab
2362 3855 2533 3908 altero
2570 3857 2863 3924 acceperit,
2901 3855 3173 3910 incertum
3206 3857 3337 3910 mihi
3359 3866 3461 3912 est.

2043 3943 2103 3997 In
2127 3945 2405 4014 epistolam
2419 3944 2812 4015 Thaumaturgi
2839 3952 3149 3998 canonicam
3172 3948 3549 4001 commentarii

1970 4029 2198 4085 Joannis
2227 4030 2454 4091 Zonaras
2486 4042 2539 4086 et
2564 4031 2837 4088 Theodori
2874 4033 3215 4089 Balsamonis
3246 4035 3374 4090 editi
3416 4045 3550 4091 sunt

1971 4118 2230 4185 Lutetiae;
2280 4119 2623 4176 Balsamonis
2646 4123 2865 4192 quidem
2897 4123 3060 4177 simul
3091 4138 3214 4179 cum
3244 4125 3365 4179 aliis
3397 4126 3549 4194 ejus-

1970 4210 2094 4266 dem
2146 4211 2583 4279 expositionibus
2633 4214 2687 4266 in
2747 4227 2934 4269 sacros
2979 4228 3256 4281 canones;
3318 4213 3547 4270 Zonaras

1968 4319 2099 4359 vero
2122 4303 2434 4372 separatim,
2459 4319 2584 4358 cum
2610 4305 2802 4359 eodem
2826 4303 3255 4375 Thaumaturgo,
3310 4305 3547 4387 Macario

1969 4408 2025 4453 et
2062 4396 2262 4452 Basilio
2321 4397 2692 4464 Seleuciensi,
2745 4396 2971 4452 Lutetiae
3019 4397 3198 4452 in-fol.
3266 4399 3451 4455 Graece
3490 4410 3547 4456 et.

1970 4489 2179 4545 Latine.

290 4595 417 4642 ante
445 4562 548 4647 nos
575 4562 747 4647 dei-fer
775 4562 1192 4661 philosophatus
1230 4598 1332 4644 est.
1361 4609 1381 4639 ι
1420 4589 1478 4642 1η
1514 4590 1741 4644 alterius
1768 4604 1860 4644 co-

2037 4581 2241 4636 Praeter
2296 4583 2430 4645 haec,
2462 4581 2607 4636 illius
2641 4580 2803 4636 etiam
2852 4579 3040 4635 laudat
3065 4580 3323 4651 epistolas
3349 4580 3544 4638 Hiero-

149 4730 204 4757 λθ
286 4674 426 4732 dicis
467 4695 688 4752 quoque
716 4680 958 4735 Vaticani
998 4680 1104 4736 456
1154 4680 1347 4750 pagina
1395 4678 1494 4733 561
1534 4680 1857 4735 adnotatur:

286 4763 588 4841 Γρηγὸριον
633 4773 779 4841 λέγει
817 4773 909 4827 τὸν
955 4772 1374 4844 Θαυματουργὸν
1423 4772 1482 4823 ὲν
1530 4775 1599 4844 τῇ
1636 4773 1861 4826 ἀποκα-

285 4857 493 4925 λύψει.

352 4946 545 5008 Cesset
581 4955 746 5008 etiam
776 4971 1006 5011 censura
1047 4970 1076 5010 a
1103 4954 1433 5009 Bellarmino
1462 4953 1602 5009 facta
1631 4954 1698 5008 de
1724 4955 1858 5007 duo-

282 5036 451 5096 decim
486 5046 760 5115 capitulis,
794 5062 916 5117 quae
947 5056 1126 5102 tamen
1162 5048 1238 5102 uti
1272 5046 1603 5116 Gregoriana
1634 5061 1663 5097 a
1693 5046 1860 5099 colle—

283 5139 431 5186 ctore
480 5137 871 5193 sententiarum
919 5137 987 5193 de
1019 5138 1232 5192 duabus
1274 5136 1327 5190 in
1374 5136 1593 5190 Christo
1644 5134 1857 5189 naturis

217 5231 221 5235 ’
285 5230 673 5288 agnoscuntur.
723 5226 790 5281 Et
818 5226 1014 5282 Suidas
1057 5247 1069 5281 :
1111 5226 1406 5299 Γρηγὸριος
1479 5226 1577 5279 καὶ
1632 5224 1859 5298 Ἀθηνό-

283 5307 451 5383 δωρος
501 5320 855 5391 συναίμονες,
915 5319 1029 5372 ἀλλ’
1058 5322 1087 5373 ὁ
1130 5320 1226 5389 μὲν
1293 5313 1674 5390 τερατουργὸς,
1727 5318 1755 5369 ὁ
1795 5316 1853 5369 δὲ

1967 4688 2185 4743 nymus.
2261 4672 2327 4726 Et
2379 4671 2499 4725 alite
2545 4673 2710 4741 hujus
2757 4671 2920 4741 vulgo
2972 4669 3223 4727 feruntur
3273 4674 3537 4742 epistolae.

1967 4764 2163 4820 Suidas
2195 4781 2209 4816 :
2244 4765 2484 4837 Ἔγραψε
2532 4768 2625 4820 καὶ
2661 4767 2825 4829 ἄλλοις
2844 4783 2903 4820 τε
2942 4765 3139 4829 πολλὰς
3165 4768 3259 4820 καὶ
3289 4766 3541 4831 ποικίλας

1964 4851 2267 4917 ἐπιστολάς.
2310 4872 2330 4905 ε
2361 4854 2588 4925 Scripsit
2632 4865 2686 4908 et
2744 4856 2878 4910 alias
2909 4856 3110 4911 multas
3149 4855 3283 4910 varii
3323 4858 3537 4929 generis

1963 4948 2240 5017 epistolas.
2277 4966 2297 4997 ι
2664 4937 2668 4942 ’
3253 5016 3275 5036 ο

2033 5038 2153 5092 Alia
2207 5053 2425 5108 quoque
2488 5041 2808 5109 scripsisse,
2864 5041 2999 5097 nulli
3053 5040 3276 5096 dubium
3332 5038 3530 5107 fuerit;

1962 5131 2134 5184 multa
2168 5131 2312 5184 enim
2348 5131 2495 5186 illius
2527 5141 2580 5185 et
2610 5133 2744 5187 satis
2773 5132 2981 5202 prolixa
3022 5133 3076 5185 in
3106 5130 3309 5185 Catena
3342 5130 3530 5186 Graeca

1960 5234 2127 5290 super
2153 5216 2473 5283 Jeremiam,
2516 5236 2638 5289 quae
2671 5237 2772 5275 nos
2806 5219 2997 5275 Latina
3043 5218 3293 5279 fecimus,
3332 5227 3387 5273 et
3413 5220 3529 5275 suis

1960 5311 2015 5365 in
2035 5308 2325 5366 Jeremiam
2367 5314 2775 5367 commentariis
2806 5312 3037 5367 inseruit
3060 5309 3311 5375 [‘Michael
3342 5308 3524 5364 Gisle-

1957 5405 2095 5469 rius,
2124 5404 2378 5474 leguntur
2404 5420 2525 5475 qua:
2570 5406 2623 5458 in
2651 5404 2811 5459 editis
2838 5419 2947 5457 non
2980 5403 3269 5456 habentur.

282 5409 570 5480 σοφιστής’
615 5411 818 5482 ἔγραψε
860 5410 916 5463 δὲ
960 5409 1087 5483 περὶ
1127 5409 1453 5483 σαρκώσεως
1490 5411 1585 5463 καὶ
1617 5410 1855 5471 πίστεως

2027 5496 2109 5550 Ad
2159 5496 2306 5551 hunc
2346 5495 2839 5552 Neocaesariensem
2877 5494 3198 5563 Gregorium
3233 5489 3522 5562 Origenem

282 5486 454 5560 λόγον.
501 5521 521 5552 α
542 5504 834 5574 Gregorius
860 5512 915 5558 et
938 5502 1324 5558 Athenodorus
1353 5502 1598 5570 germani
1633 5500 1851 5566 fratres,

284 5582 378 5635 sed
400 5585 487 5642 ille
508 5595 726 5661 quidem
752 5593 1143 5649 miraculorum
1167 5601 1428 5662 patrator,
1459 5591 1548 5646 hic
1581 5591 1849 5659 sophista.

286 5664 514 5743 Scripsit
554 5699 683 5740 vero
731 5685 821 5739 ille
865 5684 931 5739 de
964 5684 1343 5739 incarnatione
1387 5693 1442 5747 et
1484 5681 1590 5737 ﬁde
1641 5683 1848 5737 oratio—

285 5775 425 5819 nem.
458 5787 478 5820 ι
515 5772 666 5833 Hanc
688 5779 831 5833 enim
862 5779 1160 5833 orationem
1190 5792 1299 5832 non
1333 5790 1454 5831 esse
1484 5775 1651 5837 aliud,
1682 5790 1847 5845 quam

282 5849 399 5917 ipsa
466 5864 740 5924 duodecim
793 5872 1060 5942 capitula,
1130 5882 1367 5941 agnosco
1427 5884 1494 5924 ex
1551 5867 1844 5923 collectore

1955 5587 2243 5656 scripsisse
2295 5585 2600 5657 epistolam,
2665 5602 2684 5634 ι
2716 5584 2937 5654 quando
2967 5582 3235 5652 quibusve
3274 5582 3520 5652 philoso-

1952 5677 2127 5746 pbieae
2168 5677 2470 5745 disciplinae
2510 5676 2668 5731 utiles
2699 5675 2810 5728 sint
2848 5674 2916 5727 ad
2950 5686 3230 5727 sacrarum
3268 5671 3519 5741 Scriptu-

1951 5786 2140 5826 rarum
2174 5771 2601 5840 expositionem,
2635 5783 2760 5823 eum
2793 5766 3091 5837 Scriptura;
3125 5767 3461 5828 testimonio,
3490 5782 3510 5815 ι

1951 5863 2166 5919 decimo
2196 5864 2357 5919 tertio
2393 5863 2565 5933 capite
2592 5860 2900 5918 Philocalia:
2940 5860 3235 5924 insertam,
3267 5856 3511 5915 nonnulli
