4100 6410
546 462 675 517 1951
720 492 728 501 ο

1415 456 1667 549 LEON‘IS
1694 446 1977 512 (ALLATII
2014 453 2340 511 DIATRIBA
2377 454 2467 511 DE
2508 454 2923 513 THEODORJS.

3653 464 3781 521 1232

546 598 647 638 nec
683 582 958 639 immerito
989 581 1389 639 existimarunt.
1424 580 1487 635 P.
1513 581 1683 652 Χαῖρε
1711 582 1769 634 ὲν
1790 579 1929 649 Θεῷ,
1968 577 2110 650 κύριε

2229 578 2325 633 vit.
2365 596 2384 630 ο
2441 576 2643 634 Verum
2692 580 2745 635 id
2791 588 2894 644 est,
2945 595 3104 637 nemo
3154 582 3365 641 inﬁcias
3420 584 3597 642 iverit.
3633 608 3653 641 ι
3689 587 3781 645 ilic

546 691 651 745 μου
699 673 1115 739 σπουδαιότατε,
1150 674 1244 727 καὶ
1280 672 1670 742 αἰδεσιμώτατε
1720 671 1801 724 υἱὲ
1832 671 2117 741 Γρηγόριε,

545 767 698 840 παρὰ
737 765 1056 839 Ὦριγένους.
1089 766 1154 819 Ἥ
1183 767 1263 828 εἰς
1285 764 1517 831 σύνεσιν,
1544 782 1598 817 κ.
1629 782 1679 816 τ.
1709 763 1758 818 λ.
1789 762 1847 816 ln
1876 763 2121 834 margine

546 859 753 917 codicis
785 856 1028 913 Vaticani
1059 856 1163 912 589
1197 863 1416 911 notatur
1463 874 1475 908 :
1529 854 1688 907 Ἀλλὰ
1722 854 1781 907 τὸ
1820 854 1995 926 παρὸν
2027 871 2120 906 κε-

546 951 772 1019 φάλαιον
820 948 971 1003 οὐδὲν
1011 948 1199 1019 ἕτερον
1235 947 1369 1017 ἔχει,
1408 948 1455 999 εἰ
1502 946 1575 1017 μὴ
1622 947 1789 1016 μόνην
1833 945 2117 1015 ἐπιστολὴν

545 1038 709 1093 αὐτοῦ
752 1037 846 1092 τοῦ
901 1037 1208 1110 Ὠριγένους
1252 1038 1557 1107 γραφεῖσαν
1616 1036 1754 1107 πρὸς
1798 1036 2114 1107 Γρηγόριον,

542 1134 602 1187 ὃν
635 1149 778 1195 τινες
804 1132 895 1186 τὸν
923 1128 1346 1202 Θαυματουργὸν
1374 1128 1620 1196 λέγουσιν
1647 1124 1805 1182 alvei.
1843 1127 2118 1182 «Praesens

546 1227 654 1280 hoc
696 1222 997 1292 capitulum
1046 1221 1186 1275 nihil
1230 1220 1379 1275 aliud
1433 1219 1697 1283 continet,
1749 1217 1855 1273 nisi
1904 1229 2114 1272 tantum

542 1313 829 1384 epistolam
862 1312 1035 1382 ipsius
1075 1309 1326 1381 Origenis
1374 1310 1635 1379 scriptam
1679 1308 1746 1363 ad
1773 1307 2114 1378 Gregorium,

543 1422 706 1474 quem
754 1404 975 1474 quidam
1019 1402 1486 1473 Thaumaturgum
1540 1416 1662 1456 esse
1702 1401 2060 1455 contendunt.
2091 1418 2111 1453 ι

544 1497 948 1567 Epitomatores
979 1494 1301 1550 Gesneriani
1331 1509 1344 1545 :
1389 1512 1406 1543 ι
1437 1492 1693 1562 Ejusdem
1721 1491 2116 1563 Thaumaturgi

541 1590 792 1661 epistola,
817 1605 913 1645 seu
943 1603 1181 1643 canones
1206 1588 1263 1641 li
1300 1587 1554 1657 impressi
1585 1585 1951 1642 suntBasileaa
1973 1585 2117 1655 apud

538 1681 806 1738 Joannem
850 1681 1181 1737 Frobenium
1222 1695 1367 1735 anno
1397 1680 1553 1745 1518,
1590 1696 1713 1735 cum
1770 1681 1942 1735 sancti
1970 1679 2115 1735 Petri

541 1769 803 1839 Epistola,
839 1777 893 1824 et
914 1767 1203 1836 Gennadii,
1235 1776 1343 1824 etc.
1376 1767 1507 1823 item
1537 1768 1894 1839 Metaphrasi‘s
1928 1772 1985 1823 in
2011 1770 2115 1824 Ec-

544 1856 863 1923 clesiastem,
897 1864 952 1911 et
973 1856 1221 1913 Aristeas
1244 1856 1321 1911 De
1349 1858 1685 1927 septuaginta
1714 1859 1916 1912 duobus
1947 1861 2111 1913 inter-

2224 670 2432 725 scilicet
2470 679 2555 726 est
2590 686 2659 727 ex
2698 672 2817 727 solo
2837 670 3018 729 Patre.
3057 691 3078 726 ι
3138 672 3255 730 Hoc
3284 689 3414 730 vero
3452 675 3649 733 falsum
3683 688 3778 736 est.

2220 759 2509 831 Nunquam
2581 761 2708 816 talia
2770 762 3022 819 Christus
3087 766 3497 835 pronuntiavit;
3566 768 3783 840 ideoque

2219 870 2342 909 eum
2380 865 2668 925 sequentes
2707 854 2903 921 sancti,
2947 855 3016 909 ab
3057 856 3208 913 hisce
3237 858 3509 916 dictandis
3551 862 3781 917 scriben-

2219 946 2414 1016 disque
2464 963 2585 1003 sese
2637 948 2929 1003 abstinent.
2977 967 2995 1000 ‹
3029 949 3133 1016 Qui
3173 966 3237 1005 ex
3266 948 3428 1008 Patre
3473 955 3728 1023 procedit.
3756 972 3775 1006 ι

2219 1035 2334 1093 Hoc
2367 1037 2575 1093 Christi
2615 1047 2720 1105 est,
2764 1054 2929 1094 nemo
2964 1055 3066 1095 nos
3099 1040 3257 1106 fallit,
3282 1040 3487 1097 dictum
3506 1045 3779 1100 exoscula-

2218 1146 2360 1184 mur.
2398 1128 2501 1185 Sed
2536 1132 2590 1184 in
2622 1131 2801 1185 verbis
2828 1130 3031 1188 Christi
3056 1133 3224 1190 dictio
3254 1136 3345 1191 illa
3378 1137 3490 1191 solo
3523 1153 3552 1191 a
3582 1136 3783 1193 Joanne

2217 1219 2709 1292 ilierosolymitano
2743 1221 2945 1289 addita,
2984 1239 3091 1293 qua
3122 1225 3407 1281 oculorum
3439 1227 3555 1282 acie
3582 1229 3783 1297 perspiv

2217 1312 2399 1366 citur?
2448 1311 2562 1383 Ego
2587 1313 2748 1382 plane
2777 1329 2885 1368 non
2909 1315 3084 1370 video.
3126 1335 3145 1368 ι
3169 1315 3260 1371 Uti
3290 1317 3587 1389 Gregorius
3607 1318 3782 1373 Thau-

2216 1412 2523 1473 maturgus.
2558 1421 2578 1454 ›
2637 1401 2750 1458 Hoc
2794 1418 2994 1474 purum
3040 1414 3230 1473 putum
3285 1409 3632 1464 mendacium
3682 1417 3777 1464 est.

2217 1491 2396 1549 Verba
2424 1493 2815 1565 Thaumaturgi
2852 1509 2962 1550 non
3002 1497 3151 1553 aliud
3181 1514 3344 1568 quam
3371 1501 3548 1570 ,verha
3585 1500 3782 1555 Christi

2217 1595 2433 1652 sonant,
2465 1587 2731 1658 Spiritum
2772 1598 3022 1643 sanctum
3062 1606 3128 1645 ex
3142 1591 3254 1646 Deo
3272 1593 3654 1648 exsistentiam
3686 1594 3782 1647 ha-

2215 1679 2363 1746 bere,
2392 1693 2459 1733 ex
2484 1678 2645 1734 Patre
2671 1680 2878 1736 scilicet
2909 1685 3225 1751 procedere.
3260 1684 3336 1739 Ex
3364 1686 3450 1740 his
3485 1697 3543 1740 tu
3577 1687 3783 1757 colligis

2215 1769 2683 1840 Thaumaturgum
2715 1781 2769 1828 et
2789 1773 3065 1829 Christum
3099 1775 3278 1846 ipsum
3314 1777 3631 1843 decernere,
3664 1777 3782 1847 Spi-

2215 1863 2379 1916 ritum
2412 1872 2663 1918 sanctum
2698 1879 2766 1920 ex
2798 1865 2919 1921 solo
2940 1864 3101 1922 Patre
3129 1870 3440 1937 procedere.
3479 1868 3659 1925 Stulto
3689 1883 3785 1939 ego

534 1949 775 2019 pretioue
805 1948 931 2019 legis
957 1947 1234 2004 Hebraicaz
1261 1948 1473 2005 Joanne
1495 1950 1919 2020 OEcolampadio
1948 1951 2116 2005 inter-
2146 1939 2188 1994 Β
2218 1951 2433 2006 stultior
2484 1950 2639 2007 fuero
2665 1994 2681 2018 ,
2735 1954 2784 2008 si
2836 1954 2923 2010 his
2976 1955 3424 2011 conclusionibus
3489 1956 3780 2011 crederem.

541 2053 713 2112 prete.
780 2039 849 2098 In
897 2040 1175 2112 Origenem
1222 2042 1582 2114 Panegyricus
1642 2042 1830 2098 Romae
1884 2044 1937 2096 in
1970 2042 2115 2097 Vati-

541 2151 681 2192 cana
713 2135 1037 2191 bibliotheca
1078 2153 1181 2195 ms.
1218 2148 1485 2193 servatur.
1537 2137 1609 2192 De
1653 2138 1834 2193 anima
1876 2136 2006 2192 liber
2044 2140 2113 2191 ad

545 2227 833 2284 Tatianum
913 2237 1093 2286 exstat
1152 2232 1294 2302 apud
1348 2231 1609 2287 Didaeum
1654 2230 1952 2289 iiurtadum
2004 2232 2112 2290 Vc-

543 2323 724 2379 netiis.
758 2343 778 2376 ι

610 2413 914 2484 Antequam
955 2414 1167 2481 ﬁniam,
1216 2430 1327 2470 non
1375 2415 1647 2470 immerito
1687 2416 1777 2470 hic
1821 2415 2111 2470 nonnullo-

539 2521 663 2561 rum
706 2506 1017 2562 Graecorum
1070 2507 1126 2561 in
1166 2507 1386 2578 propria
1451 2508 1718 2561 sententia
1774 2506 2108 2563 defendenda

542 2597 709 2653 ardor
765 2598 1073 2657 obstinatus
1107 2599 1468 2670 exagitandus
1497 2610 1599 2666 est,
1643 2599 1735 2668 qui
1773 2600 1905 2654 tanti
1933 2598 2109 2656 Patris

540 2688 663 2744 iidei
699 2689 1126 2759 expositionem,
1160 2688 1420 2744 divinitus
1461 2690 1723 2755 habitam,
1766 2690 1835 2744 ab
1868 2689 2108 2745 Ecclesia

538 2789 654 2836 tum
682 2780 945 2836 Orientali
997 2790 1114 2835 tum
1156 2781 1489 2837 Occidentali
1539 2783 1774 2852 agnitam
1835 2797 1896 2837 ac
1958 2797 2109 2837 rece-

538 2879 710 2941 ptam,
762 2871 903 2926 male
954 2885 1088 2926 sana
1127 2870 1572 2941 interpretatione
1615 2871 1669 2925 in
1719 2870 1879 2925 aliam
1919 2872 2108 2927 adver-

540 2977 767 3032 samque
817 2960 1137 3017 sententiam
1191 2962 1450 3025 trahunt,
1493 2969 1548 3017 et
1585 2977 1807 3018 sensum
1855 2978 1884 3017 a
1926 2970 2107 3017 mente

541 3055 625 3114 sui
679 3038 957 3124 scriptoris
1009 3054 1275 3109 absonum
1324 3054 1687 3124 distorquent.
1745 3052 1817 3109 Ut
1866 3055 2105 3123 reliquos

539 3156 876 3218 prmteream,
902 3146 1079 3217 neque
1107 3147 1251 3201 enim
1286 3146 1411 3200 talia
1448 3146 1795 3201 examinandi
1834 3147 1987 3201 locus
2016 3145 2105 3201 hic

536 3247 873 3308 opportunus
913 3251 1034 3292 esse
1069 3236 1307 3303 videtur,
1341 3251 1486 3290 unus
1528 3251 1638 3305 pra:
1686 3236 1807 3290 aliis
1852 3237 2104 3291 audiatur
2132 3271 2174 3327 Ο

532 3325 773 3382 Joannes
814 3323 1344 3394 Hierosolymitanus
1390 3333 1528 3380 orat.
1564 3324 1637 3379 De
1669 3324 1873 3395 Spiritu
1923 3334 2103 3380 sancto

537 3416 797 3472 adversus
834 3415 1059 3470 Latinos
1102 3417 1220 3468 τοὺ
1264 3416 1373 3486 γὰρ
1417 3415 1543 3469 ἄλλο
1584 3434 1644 3468 τιη
1676 3413 1825 3470 εἷπον
1867 3419 1916 3470 οἱ
1962 3418 2107 3485 ἅγιοι

532 3502 701 3573 οὗτοι,
728 3509 842 3563 ἀλλ’
870 3509 899 3562 ὃ
923 3511 1155 3582 Χριστὸς
1195 3511 1383 3580 εἴρηκε
1403 3550 1419 3575 ,
1464 3508 1708 3562 τουτέστι
1755 3509 1815 3562 τὸ
1848 3510 1910 3561 ἐκ
1947 3508 2105 3578 μόνου

536 3596 629 3650 τοῦ
653 3597 885 3669 Πατρὸς,
909 3599 938 3650 ὃ
963 3601 1027 3651 ὲκ
1059 3599 1152 3651 τοῦ
1194 3601 1310 3653 Πατ
1321 3601 1411 3670 pb;
1433 3598 1807 3670 ἐκπορεύεται,
1837 3598 1931 3651 καὶ
1954 3599 2013 3651 τὸ
2043 3600 2106 3652 ἐκ

537 3686 631 3740 τοῦ
661 3687 794 3741 Θεοῦ
825 3689 919 3746 καὶ
958 3691 1170 3760 Πατρὸς
1195 3691 1296 3763 τὴν
1323 3690 1553 3763 ὓπαρξιν
1579 3690 1721 3762 ἕχον,
1760 3692 1941 3757 καθὼς
1966 3694 2109 3764 Γρη-

541 3772 774 3853 γόριοςο
791 3782 900 3837 Θαυ
908 3786 1212 3856 ματουργὸς
1227 3786 1283 3837 ὲν
1298 3788 1363 3857 τῇ
1398 3786 1791 3854 Ἀποκαλύψει
1802 3787 1964 3839 αὐτοῦ
1979 3785 2101 3859 ἔφη·

545 3876 656 3926 Ἕν
675 3874 917 3943 Πνεῦμα
937 3875 1124 3945 ἅγιον,
1152 3877 1218 3930 τὸ
1247 3877 1315 3931 ἐκ
1340 3876 1488 3931 Θεοῦ
1516 3876 1629 3944 τὴν
1652 3878 1911 3948 ὕπαρξιν
1939 3878 2105 3948 ἕχον,

540 3965 638 4018 καὶ
677 3965 752 4020 δι’
795 3967 931 4021 Υιοῦ
971 3970 1272 4038 πεφηνὸς,
1320 3970 1553 4040 δηλαδὴ
1587 3971 1711 4036 τοῖς
1758 3971 2104 4042 ἀνθρώποις.

542 4074 560 4106 ι
579 4052 767 4125 Neque
782 4054 928 4110 enim
947 4055 1093 4109 aliud
1112 4057 1281 4111 sancti
1301 4056 1577 4121 dixerunt,
1605 4072 1766 4127 quam
1784 4059 1926 4126 quod
1942 4057 2105 4113 Chri-

532 4154 653 4202 stus
675 4148 1066 4217 pronuntiavit.
1092 4146 1191 4203 Hic
1208 4148 1464 4204 nimirum
1483 4157 1567 4205 est
1583 4165 1647 4205 ex
1664 4150 1781 4205 solo
1808 4149 1989 4216 Patre,
2009 4153 2101 4221 qui

533 4255 600 4293 ex
628 4238 790 4295 Patre
813 4241 1077 4311 procedit,
1112 4250 1166 4296 et
1199 4242 1293 4311 qui
1333 4258 1399 4296 ex
1423 4241 1533 4299 Deo
1562 4251 1615 4296 et
1636 4240 1794 4297 Patre
1829 4243 2103 4297 exsisten-

535 4332 665 4386 tiam
683 4332 864 4398 habet,
895 4333 1281 4403 utiGregorius
1297 4333 1736 4402 Thaumaturgus
1760 4334 1813 4387 in
1844 4349 1942 4389 sua
1966 4334 2104 4389 dixit

533 4420 848 4476 reuelatione
877 4438 896 4477 :
921 4441 939 4474 ι
967 4421 1120 4477 Unus
1162 4422 1396 4493 Spiritus
1447 4434 1692 4491 sanctus,
1719 4441 1782 4479 ex
1814 4425 1925 4481 Deo
1959 4425 2103 4479 exsi-

544 4532 563 4563 σ
591 4512 840 4567 stentiam
872 4513 1097 4579 habens,
1115 4524 1168 4569 et
1193 4515 1286 4584 qui
1316 4531 1411 4584 per
1436 4515 1633 4571 Filium
1665 4516 2103 4585 apparuit,scili-

2217 2041 2379 2108 Audi,
2404 2040 2479 2093 mi
2513 2041 2697 2096 homo.
2725 2040 2803 2095 Ex
2834 2040 2994 2097 Patre
3022 2042 3271 2113 procedit
3311 2042 3552 2111 Spiritus
3595 2055 3614 2094 :
3657 2055 3782 2111 ergo

2216 2147 2281 2186 ex
2329 2132 2445 2186 solo
2490 2131 2687 2198 Patre;
2744 2130 2946 2189 falsum
3007 2133 3062 2187 id
3105 2142 3209 2189 est.
3276 2132 3463 2189 Potest
3515 2132 3782 2203 siquidem

2214 2222 2359 2294 quod
2391 2222 2635 2291 procedit
2669 2237 2733 2277 ex
2761 2222 2941 2288 Patre,
2984 2233 3039 2281 et
3076 2239 3144 2279 ex
3193 2223 3301 2280 alio
3334 2238 3554 2295 quoque
3597 2237 3784 2292 proce-

2213 2316 2361 2372 dere.
2404 2314 2471 2369 Et
2520 2331 2586 2370 ex
2616 2316 2755 2372 Filio
2800 2318 3095 2387 procedere
3138 2316 3251 2386 jam
3305 2318 3445 2387 apud
3474 2316 3784 2370 Catholieos

2213 2419 2436 2470 omnes,
2480 2414 2535 2460 et
2565 2405 2858 2476 Seripturae
2905 2415 2961 2463 et
3002 2418 3315 2463 sanctorum
3363 2405 3587 2461 Patrum
3634 2404 3783 2461 testi-

2211 2498 2414 2555 moniis
2445 2500 2849 2555 constabilitum
2876 2510 2979 2556 est.
3021 2499 3202 2569 IEque
3233 2501 3395 2554 etiam
3429 2499 3535 2553 hoc
3569 2513 3781 2554 mecum

2214 2590 2357 2645 scias
2397 2610 2410 2644 :
2445 2590 2570 2645 licet
2603 2590 2854 2646 Christus
2898 2590 3203 2661 reliquique
3238 2605 3430 2645 omnes
3471 2587 3669 2644 Patres
3702 2587 3784 2642 di-

2210 2683 2451 2749 xissent,
2486 2699 2552 2739 ex
2595 2683 2714 2739 solo
2740 2682 2900 2737 Patre
2942 2680 3203 2752 Spiritum
3243 2680 3568 2750 procedere,
3607 2679 3782 2734 adhuc

2211 2774 2411 2829 Filium
2448 2791 2556 2830 non
2591 2775 2805 2831 excludi
2845 2774 2915 2829 ab
2950 2773 3052 2829 ista
3081 2773 3451 2843 processione,
3489 2771 3638 2842 quod
3676 2771 3783 2826 cla-

2209 2866 2448 2922 rissimis
2489 2868 2754 2937 exemplis
2806 2866 3191 2936 comprobatur
3239 2880 3270 2919 a
3310 2863 3512 2920 Basilio
3563 2866 3779 2934 Magno,

2207 2969 2263 3014 et
2294 2959 2413 3015 fuse
2447 2962 2736 3031 exponitur
2774 2976 2803 3014 a
2830 2958 3043 3014 Joanne
3078 2957 3257 3013 Vecco
3296 2957 3616 3028 patriarcha
3642 2955 3781 3011 Con-

2208 3052 2694 3121 stantinopolitano
2758 3050 2837 3105 De
2896 3051 3225 3119 processione
3286 3049 3521 3119 Spiritus
3581 3049 3778 3113 sancti,

2208 3159 2327 3213 cap.
2355 3144 2442 3211 1‘2,
2477 3153 2531 3200 et
2562 3160 2592 3199 a
2623 3143 2785 3199 Petro
2817 3143 3074 3213 episcopo
3107 3141 3499 3198 Mediolanensi
3529 3149 3676 3196 orat.
3716 3140 3781 3194 ad

2207 3234 2457 3290 Alexium
2486 3236 2856 3300 Comnenum,
2897 3235 3129 3305 aliisque
3156 3231 3603 3304 quamplurimis.
3636 3230 3783 3286 Adde

2206 3334 2464 3394 praeterea
2494 3326 2551 3380 in
2579 3326 2780 3382 divinis
2807 3340 3069 3396 apparere
3094 3341 3186 3394 per
3207 3323 3436 3391 Filium,
3466 3323 3609 3378 nihil
3638 3320 3782 3377 aliud

2206 3427 2432 3485 notare,
2471 3435 2635 3488 quam
2680 3419 3090 3484 exsistentiam;
3127 3427 3182 3472 et
3220 3417 3340 3472 i‘use
3360 3415 3586 3472 Patrum
3632 3414 3781 3469 testi-

2208 3511 2412 3565 moniis
2466 3510 2518 3564 id
2569 3511 2765 3581 prohat
2802 3510 3141 3581 Nicephorus
3185 3509 3502 3581 Blemmyda
3553 3516 3697 3562 orat.
3727 3507 3779 3571 i,

2205 3599 2283 3654 De
2316 3602 2644 3671 processione
2674 3599 2907 3671 Spiritus
2946 3602 3119 3655 sancti
3146 3617 3165 3655 :
3191 3614 3293 3655 nec
3320 3607 3531 3655 tantum
3559 3612 3783 3669 proces-

2206 3694 2378 3748 sionis
2426 3707 2649 3760 nomen,
2700 3694 2796 3749 sed
2836 3702 2890 3749 et
2935 3693 3072 3748 alias
3113 3692 3380 3749 dictiones
3438 3691 3783 3762 apertissime

2206 3792 2259 3839 et
2290 3784 2409 3838 sine
2448 3784 2560 3838 ullo
2598 3785 2867 3840 velamine
2919 3784 2987 3842 de
3034 3784 3151 3853 ipsa
3216 3784 3496 3839 essentiali
3546 3781 3783 3853 Spiritus

2205 3875 2522 3931 exsistentia
2577 3876 2751 3938 sumi,
2801 3871 3041 3931 Joannes
3072 3874 3283 3931 Veccus
3314 3882 3455 3929 orat.
3480 3873 3557 3927 De
3589 3873 3784 3926 unione

2208 3969 2586 4024 Ecclesiarum.
2639 3968 2706 4023 Et
2756 3983 2826 4024 ne
2867 3969 3056 4038 iniqua
3103 3969 3199 4024 lite
3243 3977 3457 4036 tempus
3518 3974 3780 4030 teramus,

2205 4064 2292 4118 adi
2312 4061 2570 4117 Basilium
2605 4058 2855 4130 Magnum
2885 4060 3047 4130 epist.
3076 4059 3225 4131 (256)
3248 4059 3315 4113 ad
3335 4056 3781 4127 Amphilochium

2204 4169 2325 4223 qua:
2373 4152 2598 4221 incipit:
2643 4150 3002 4222 Ἐζητημένον
3051 4151 3153 4222 ἤδη
3197 4148 3349 4220 παρὰ
3396 4148 3633 4212 πολλοῖς.
3675 4146 3781 4201 Fu-

2202 4259 2328 4299 cum
2372 4244 2555 4313 itaque
2582 4242 2714 4300 facit
2744 4244 2860 4299 suis
2887 4242 3090 4298 Grazcis
3110 4241 3428 4312 patriarcha
3461 4239 3781 4312 Hierosoly-

2204 4338 2468 4395 mitanus.
2504 4352 2627 4391 cum
2680 4352 2746 4391 ex
2797 4336 2950 4392 hisce
2975 4334 3372 4405 Thaumaturgi
3406 4333 3614 4401 verbis,
3659 4346 3782 4405 quae

2205 4431 2279 4485 illi
2307 4428 2546 4486 Joannes
2577 4429 2909 4499 evangelista
2934 4427 3383 4494 communicavit,
3422 4440 3580 4482 suam
3606 4422 3781 4481 astrui

2203 4527 2271 4578 de
2309 4523 2659 4593 processione
2690 4520 2925 4591 Spiritus
2973 4535 3041 4576 ex
3092 4519 3211 4575 solo
3248 4518 3408 4573 Patre
3449 4516 3777 4573 sententiam

540 4623 560 4655 ε
592 4612 678 4660 σει
706 4605 1076 4661 hominibus-ﬁ
1098 4606 1239 4673 Quid
1275 4607 1364 4662 hic
1390 4609 1571 4678 eloqui
1610 4609 1786 4678 potuit
1820 4609 2100 4663 inconsul-
2132 4608 2176 4662 D
2204 4614 2512 4677 contendit,
2559 4621 2615 4668 et
2649 4610 3036 4666 sincerissima!
3093 4624 3157 4663 ac
3203 4606 3609 4663 candidissima:
3653 4602 3776 4660 ﬁdei

528 4696 693 4751 tius?
753 4695 952 4751 Annon
1010 4697 1116 4754 isto
1165 4699 1329 4753 modo
1380 4700 1635 4770 loquendi
1687 4699 2096 4755 confunduntur

524 4787 737 4856 omnia,
778 4798 833 4845 et
872 4787 1058 4845 inﬁma
1104 4790 1332 4845 summis
1362 4792 1511 4861 paria
1540 4792 1709 4847 ﬁent?
1751 4810 1769 4843 ε
1797 4790 1915 4846 Non
1950 4792 2096 4848 aliud

522 4875 788 4941 dixerunt
834 4881 1031 4947 sancti,
1079 4896 1244 4953 quam
1298 4884 1443 4956 quod
1479 4883 1733 4941 Christus
1776 4885 2095 4955 pronuntia-

2202 4701 2531 4772 proi‘essioni
2566 4700 2765 4755 vulnus
2810 4697 3065 4769 impingit
3110 4696 3461 4785 inhonestum
3493 4703 3661 4764 atque
3694 4694 3778 4748 in-

2205 4795 2501 4860 tolerabile,
2531 4792 2695 4862 quod
2735 4805 2846 4846 non
2876 4791 3118 4848 indicare
3157 4787 3347 4846 lectori
3382 4803 3479 4860 per
3519 4797 3777 4845 transen-

2203 4897 2351 4947 nam,
2383 4882 2657 4954 piaculum
2689 4880 2840 4937 duxi.
