4100 6366
345 652 3568 718 Μ

1562 836 1733 880 ANNO
1776 833 2002 879 DOMINI
2041 829 2339 876 CCLXVIII.

1046 1030 1309 1368 S.

1431 1012 2871 1231 DIONYSIUS

1481 1347 1968 1408 ALEXANDRINU
1984 1347 2020 1402 S
2059 1343 2387 1401 EPISCOPU
2399 1345 2435 1399 S

920 1527 1424 1625 NOTITIA
1503 1515 2985 1614 HISTOBICO-LITTERARIA.

1171 1722 1458 1784 (GALLAND.,
1482 1718 1591 1768 Yet.
1631 1716 1771 1764 Patr.
1800 1710 2045 1772 Biblioth.,
2079 1718 2117 1760 t.
2141 1710 2230 1771 Ill,
2251 1711 2474 1773 Proleg.,
2500 1725 2548 1774 p.
2573 1710 2718 1772 xxx.)

418 2020 460 2076 1.
503 1996 1595 2100 DionysiusAlexandrinusneognomento
1626 2014 1873 2100 Magnus.
1899 2012 2142 2100 'Oi'igenis
2175 2012 2406 2078 auditor,
2443 2008 3073 2100 Scholwndlexandrinte.
3112 2007 3429 2062 moderator.
3462 2002 3577 2073 Quo

348 2101 574 2158 tempore
605 2078 877 2144 ordinatus
906 2089 1200 2158 episcopus.
1220 2078 1370 2158 Ejus
1395 2087 1664 2158 prmeipua
1692 2078 1855 2158 gésta.
1889 2078 2213 2137 Littérarum
2241 2089 2598 2135 monumenta.
2637 2078 2761 2158 Dies
2790 2078 3119 2158 emortualis.

416 2107 447 2143 η
488 2107 574 2143 ore
605 2107 877 2144 oramatus
906 2107 1200 2158 episcopus.
1238 2107 1370 2156 ejus
1395 2107 1664 2155 prteupua
1692 2107 1855 2156 gena.
1889 2107 2213 2137 Litterarum
2241 2107 2598 2135 manumanus.
2637 2107 2761 2133 νεεδ
2790 2107 3119 2134 ωηυι-ιιιιιιιδ.

416 2107 484 2214 If‘.’
537 2160 791 2229 Pleraque
836 2158 981 2213 illius
1010 2160 1206 2224 scripta
1224 2156 1512 2227 deperdita.
1541 2156 1672 2221 Quae
1702 2155 1839 2225 apud
1873 2162 2061 2207 veteres
2099 2162 2390 2218 seruantur,
2418 2167 2556 2205 nunc
2607 2150 2836 2219 primum
2885 2149 3126 2203 collecta.
3167 2147 3274 2203 Pro
3331 2149 3575 2217 temporis

348 2231 554 2284 ratione
582 2230 862 2295 disposita.
1545 2253 1547 2256 ⁴

417 2298 503 2351 Ill.
554 2299 626 2353 De
654 2299 800 2352 illius
830 2298 1065 2354 Elcncho
1091 2308 1144 2353 et
1178 2297 1431 2366 Apologia
1465 2296 2074 2366 speciatimﬂdisseritur.

413 2368 507 2423 IV.
535 2367 654 2433 Qua
677 2369 949 2423 occasione
974 2385 1101 2438 opus
1130 2358 1389 2437 ejusmodi
1412 2358 1688 2435 scriptum.
1721 2365 1851 2434 Ejus
1876 2365 2120 2433 pretium.
2149 2362 2278 2427 Qua:
2301 2370 2550 2432 superant
2584 2361 2900 2431 fragmenta.
2933 2359 3205 2425 Quomodo
3234 2358 3541 2414 distributa.

414 2521 459 2577 l.
496 2521 616 2590 Quo
649 2532 888 2593 tempore
920 2523 972 2577 in
1032 2522 1216 2577 Africa
1244 2522 1568 2593 Cyprianus,
1596 2520 1823 2575 ﬂorebat
1853 2520 1907 2573 in
1944 2524 1979 2578 A
2011 2516 2326 2589 Dionysium
2376 2516 2681 2571 Romanum
2733 2515 3065 2585 pontificem,
3100 2513 3259 2584 quasi
3291 2513 3358 2568 de
3414 2510 3576 2570 Verbi

349 2613 584 2686 Egypto
618 2615 930 2687 Dionysius,
959 2615 1025 2669 ab
1055 2615 1295 2683 antiquis
1324 2613 1575 2668 Patribus
1607 2611 1785 2683 Magni
1816 2627 1908 2667 co-

348 2717 703 2776 gnomentum
728 2707 852 2775 jure
867 2707 1093 2778 adeptus
1119 2706 1215 2777 (a).
1249 2706 1488 2776 Origenis
1516 2704 1666 2759 valde
1693 2705 1912 2773 insignis

346 2797 564 2850 auditor
597 2797 719 2866 fuit,
751 2806 886 2853 teste
919 2796 1247 2868 Hieronymo
1280 2796 1374 2866 (b),
1403 2796 1491 2851 cui
1523 2803 1578 2851 et
1611 2795 1808 2849 librum
1842 2794 1914 2846 De

347 2889 603 2958 martyrio
641 2889 977 2959 nuncupavit
1015 2889 1107 2959 (ε).
1143 2888 1355 2944 Scholae
1384 2888 1764 2943 Alexandrina:
1792 2895 1915 2956 post

346 2977 634 3034 Heraclam
660 2980 990 3045 moderator,
1022 2982 1193 3036 cidem
1222 2979 1485 3036 successit
1513 2980 1566 3033 in
1601 2972 1913 3048 episcopatu

345 3085 493 3125 anno
512 3086 572 3124 Ill
601 3070 1414 3142 imperiiPhilippi,Christi?“
1444 3069 1543 3142 (ά).
1567 3068 1696 3124 Post
1711 3069 1916 3137 aliquot

347 3162 416 3217 ab
445 3162 583 3216 inito
611 3163 925 3232 episcopatu
962 3179 1156 3229 annos,
1191 3171 1377 3216 exorta
1407 3160 1781 3231 persecutione
1809 3158 1915 3213 De-

345 3253 529 3319 ciana,
591 3256 819 3310 secessit
847 3274 859 3309 :
918 3254 1014 3310 sed
1045 3255 1205 3324 paulo
1236 3263 1359 3324 post
1406 3269 1435 3309 a
1469 3253 1735 3308 militibus
1759 3267 1912 3307 com-

346 3346 650 3413 prehensus
679 3362 744 3401 ac
765 3346 1067 3417 Taposirim
1094 3347 1377 3410 deductus,
1410 3346 1504 3400 Dei
1538 3355 1669 3400 nutu
1691 3360 1723 3398 a
1755 3343 1915 3399 Chri—

345 3437 652 3490 slianorum
690 3438 1091 3492 rusticanorum
1115 3439 1293 3505 turba,
1322 3438 1524 3492 invitus
1559 3437 1704 3502 licet,
1749 3436 1915 3490 mira-

334 3527 528 3605 biliter
550 3528 651 3583 fuit
680 3539 898 3599 ereptus
923 3530 1013 3601 (ε).
1050 3531 1265 3587 Interim
1295 3546 1425 3586 vero
1453 3530 1703 3586 saeviente
1726 3544 1913 3599 perse-

332 3621 568 3691 cutione
597 3624 906 3694 complures
965 3623 1306 3679 Alexandriae
1364 3623 1434 3678 ob
1464 3622 1665 3677 Christi
1713 3637 1913 3676 nomen

331 3696 674 3784 fmartyrium
725 3717 1029 3780 subierunt,
1065 3734 1298 3788 quorum
1347 3717 1579 3788 gloriosa
1617 3714 1913 3771 certamina

332 3804 577 3879 ipsemet
608 3807 893 3880 Dionysius
915 3810 1112 3865 litteris
1131 3809 1472 3880 consignavit
1494 3811 1582 3881 (f).
1619 3812 1776 3863 Anno
1809 3808 1914 3861 ‘25:).

348 3897 598 3953 interfuit
618 3901 825 3970 synodo
845 3900 1214 3965 Antiochena},
1242 3917 1339 3971 pro
1360 3902 1597 3957 sedando
1620 3902 1912 3956 schismate

348 3983 896 4053 Novatianicoacuc;
946 3989 1015 4044 ad
1046 4006 1207 4059 quem
1253 3992 1415 4045 etiam
1459 3992 1736 4062 epistolam
1773 3993 1910 4047 scri-

348 4077 460 4151 Ρείι
490 4075 588 4147 (9)-

419 4166 631 4223 lnterca
665 4168 923 4239 temporis
951 4167 1210 4239 Nepotem
1230 4169 1549 4246 episcopum
1574 4168 1908 4242 AEgyptium,

334 4274 459 4331 quo
482 4259 706 4315 doctore
750 4260 1039 4314 Arsinoitze
1074 4259 1461 4316 Chiliastarum
1489 4276 1672 4317 errore
1698 4262 1913 4318 fuerant

346 4351 567 4419 imbuti,
596 4351 812 4407 duobus
833 4351 986 4406 libris
1012 4350 1156 4405 circa
1184 4349 1385 4406 Christi
1416 4366 1619 4406 annum
1651 4354 1756 4409 954
1781 4371 1911 4410 con-

332 4442 570 4523 futavit;
611 4442 703 4497 ubi
739 4458 956 4512 quoque
988 4443 1054 4499 de
1078 4442 1398 4514 Apocalypsi
1432 4445 1689 4498 nonnulla
1723 4454 1907 4501 notatu

333 4528 508 4607 'digna
564 4534 873 4591 edisseruit.
914 4534 1176 4605 Deinceps
1209 4539 1264 4591 in
1314 4536 1540 4591 dissidio
1570 4537 1637 4592 de
1674 4539 1909 4609 rebapti-

346 4622 536 4677 zandis
584 4621 873 4689 hazreticis,
907 4638 1007 4692 pro
1033 4622 1285 4679 Ecclesiae
1333 4639 1466 4692 pace
1493 4626 1908 4698 redintegranda

345 4711 530 4779 plures
564 4712 779 4783 scripsit
801 4713 870 4767 ad
893 4714 1138 4770 diversos
1165 4714 1442 4784 epistolas.
1478 4715 1761 4774 Valeriano
1794 4722 1908 4774 Au-

343 4810 504 4872 gusto
544 4802 640 4857 Dei
690 4802 984 4861 Ecclesiam
1024 4806 1142 4861 dira
1190 4808 1561 4876 persecutione
1603 4810 1904 4880 divexante,

344 4903 468 4962 post
494 4893 806 4963 praeclaram
824 4894 1220 4953 confessionem
1244 4914 1428 4955 coram
1450 4898 1746 4958 IEmiliano
1768 4920 1906 4976 pra:-

344 4983 488 5041 fecto
519 4987 791 5056 augustali
822 4988 1044 5056 editam,
1077 4988 1291 5059 Cephro
1324 4990 1506 5063 Libyae
1532 4995 1788 5064 oppidum
1823 4997 1908 5051 in-

344 5076 709 5132 cultissimum
743 5078 823 5133 ire
855 5080 1169 5149 compulsus
1197 5088 1307 5145 est;
1344 5083 1487 5137 unde
1516 5087 1676 5152 paulo
1707 5094 1825 5154 post
1850 5087 1906 5141 in

344 5165 698 5224 Maremidem
731 5170 963 5240 migrare
980 5172 1167 5241 jussus
1192 5172 1296 5229 fuit
1324 5175 1420 5246 (h).
1455 5175 1782 5232 Gliscentem
1809 5178 1907 5233 Sa-

346 5257 636 5323 bellianam
671 5260 922 5317 haeresim
950 5263 1079 5318 dum
1109 5265 1467 5337 impugnaret,
1498 5269 1707 5324 delatus
1733 5279 1815 5326 est
1839 5272 1908 5327 ad

418 5413 492 5484 (a)
525 5412 749 5498 Eusebia,
774 5415 937 5498 ‘Hist.
988 5421 1171 5476 eccles.
1204 5423 1300 5478 lib.
1357 5441 1432 5479 vu
1472 5425 1613 5489 init.,
1650 5426 1716 5480 ad
1747 5441 1907 5498 quem

347 5481 524 5538 locum
554 5481 665 5539 vid.
693 5484 873 5541 Vales.

420 5552 494 5631 (Ib)
514 5552 877 5631 _l_lieron.,__De
904 5558 1006 5612 vir.
1030 5559 1231 5631 illustr.
1265 5576 1385 5631 cap.
1415 5562 1503 5618 69.

421 5621 490 5760 ξε)
514 5626 738 5707 Eus_eh.,
772 5625 914 5707 Hist.
940 5628 1068 5682 ecct.
1111 5630 1208 5684 lib.
1243 5621 1462 5702 vr,cap.
1498 5633 1587 5688 44.

443 5693 497 5760 d)
523 5692 598 5747 ld.
626 5695 888 5760 1b|d.,hb.
919 5713 995 5760 vr,
1021 5714 1142 5760 cap.
1175 5699 1264 5756 55.
1294 5699 1417 5756 Vid.
1460 5701 1587 5758 Dod‘

386 5759 396 5769 '
421 5692 497 5761 (ά)
523 5692 598 5771 ld_.
626 5695 888 5771 ibid.,1ib.
919 5713 995 5765 vr,
1021 5714 1142 5767 cap.
1175 5699 1264 5771 55.
1294 5692 1426 5756 Vid.‘
1460 5701 1671 5771 Dodw.,
1695 5705 1909 5763 dissert.

352 5762 492 5837 sing.
522 5763 589 5837 ad
620 5779 746 5833 Opp.
776 5762 989 5830 Pears.,
1016 5762 1137 5837 pa'g.
1169 5768 1257 5825 84.

421 5827 491 5903 (ἐς)
522 5827 760 5903 Dionys,
784 5836 941 5903 epist.
970 5827 1034 5890 16
1062 5827 1184 5893 adv.
1215 5840 1492 5900 Gcrman..
1517 5842 1642 5897 infr.
1673 5845 1775 5901 col.
1794 5843 1948 5902 1516.

430 5894 497 5969 (ί)
532 5898 633 5969 1(1.,
658 5894 880 5976 δρίέιίδ
905 5907 971 5961 ad
997 5905 1129 5963 Fab.
1163 5908 1288 5965 infr.
1322 5894 1609 5971 toris-.96;

2014 2607 2182 2662 divini
2208 2621 2331 2661 cum
2364 2604 2524 2660 Patre
2555 2603 3119 2661 consubstantialitate
3149 2618 3258 2659 non
3282 2611 3427 2658 recte
3453 2616 3580 2658 sen-

2015 2699 2169 2753 tiret:
2206 2697 2300 2753 sed
2330 2697 2471 2751 hanc
2499 2697 2615 2766 ipse
2647 2694 2806 2750 fama:
2834 2710 2947 2749 sua:
2973 2693 3211 2749 inustam
3240 2693 3417 2750 labem
3449 2706 3584 2762 qua-

2014 2797 2140 2844 tuor
2169 2788 2324 2842 libris
2345 2786 2656 2856 perscriptis
2699 2784 2943 2841 detersit.
2993 2783 3200 2839 Exinde
3246 2799 3395 2850 vero,
3423 2779 3580 2837 Vale-

2018 2881 2172 2935 riano
2200 2896 2228 2934 a
2253 2876 2433 2933 Persis
2487 2889 2664 2947 capto,
2696 2884 2750 2929 et
2794 2874 3067 2931 Macriano
3115 2873 3401 2930 interfecto
3452 2887 3579 2927 cum

2014 2972 2160 3037 liliis,
2190 2985 2321 3041 pace
2348 2970 2566 3024 demum
2625 2985 2657 3024 a
2686 2968 2930 3025 Gallieno
2980 2966 3308 3023 Christianis
3347 2965 3580 3030 reddita,

2015 3061 2118 3116 sub
2146 3060 2306 3116 ﬁnem
2335 3060 2461 3114 anni
2491 3058 2590 3114 261
2637 3058 3021 3113 Alexandriam
3067 3072 3350 3129 regressus
3383 3056 3470 3126 (i),
3499 3057 3581 3110 ci-

2015 3154 2172 3208 vibus
2203 3160 2373 3222 peste,
2427 3149 2568 3205 fame
2614 3150 2866 3219 belloque
2906 3149 3165 3205 intestino
3205 3148 3583 3204 laborantibus

2014 3255 2210 3313 praesto
2234 3240 2337 3296 fuit
2358 3241 2443 3312 Ο).
2468 3240 2812 3296 Antiochiam
2857 3249 3080 3296 vocatus
3130 3240 3197 3295 ad
3233 3239 3496 3310 judicium
3526 3239 3581 3293 in

2015 3350 2179 3390 causa
2203 3331 2353 3389 Pauli
2379 3333 2716 3388 Samosateni
2745 3333 3027 3388 ferendum
3050 3373 3063 3397 ,
3092 3346 3214 3387 cum
3244 3331 3314 3386 ob
3333 3330 3580 3385 affectam

2016 3437 2227 3483 aetatem
2255 3434 2309 3481 et
2330 3425 2695 3480 valetudinem
2727 3425 2857 3479 huic
2884 3423 3067 3479 itineri
3114 3422 3448 3479 conﬁciendo
3476 3422 3581 3476 im-

2014 3534 2112 3589 par
2137 3526 2301 3581 esset,
2327 3517 2466 3571 datis
2490 3516 2555 3571 ad
2578 3514 2880 3570 Ecclesiam
2919 3514 3315 3570 Antiochenam
3364 3513 3582 3579 litteris,

2015 3609 2335 3664 sententiam
2366 3623 2519 3662 suam
2542 3606 2932 3676 pronuntiavit.
2970 3604 3090 3671 Quo
3131 3614 3311 3661 autem
3342 3617 3586 3675 tempore

2016 3700 2255 3771 synodus
2271 3697 2552 3762 agebatur,
2571 3712 2885 3767 supremum
2903 3697 3044 3751 diem
3062 3696 3195 3751 ohiit
3210 3696 3292 3749 vir
3308 3695 3585 3751 admiran-

2015 3791 2138 3857 dus,
2167 3791 2372 3846 exactis
2397 3790 2451 3844 in
2472 3789 2785 3859 episcopatu
2808 3788 3185 3857 septemdecim
3204 3788 3382 3852 annis,
3408 3786 3585 3839 ἔτεσιν

1942 3883 1984 3937 Β
2012 3880 2400 3947 ἑπτακαίδεκα,
2460 3889 2521 3934 ut
2551 3888 2744 3933 auctor
2794 3887 2878 3933 est
2924 3877 3194 3934 Eusebius
3228 3878 3320 3948 (k),
3352 3876 3581 3931 Gallieni

2013 3972 2353 4042 imperatoris
2376 3987 2475 4038 xu,
2531 3969 2737 4025 Christi
2767 3968 2874 4024 265
2921 3970 3159 4025 ineunte.
3216 3968 3367 4023 Hanc
3399 3977 3579 4022 autem

2010 4061 2370 4118 chronotaxin
2402 4060 2790 4134 Dionysianam
2820 4069 3192 4123 contexentes,
3226 4057 3582 4130 chuienium

2012 4156 2064 4209 in
2102 4156 2292 4225 primis
2314 4170 2506 4210 sumus
2540 4155 2791 4210 assectati
2820 4155 2901 4224 (l).
2924 4154 3122 4209 Verum
3157 4153 3300 4207 diem
3348 4151 3413 4206 ad
3458 4150 3583 4205 Dio-

2010 4245 2147 4317 nysii
2188 4245 2540 4301 emortualem
2574 4229 2719 4316 quod
2766 4247 2977 4310 attinet,
3034 4245 3290 4300 lectorem
3351 4241 3583 4299 fortasse
3626 4296 3629 4305 ,

2009 4337 2153 4392 haud
2200 4335 2482 4407 pmnitebit
2504 4337 2835 4391 Dodwellum
2866 4338 3014 4393 adire
3046 4334 3163 4406 (m).

2078 4429 2144 4483 ll.
2199 4428 2613 4498 Quamplurima
2669 4428 2956 4498 scripsisse
3007 4427 3236 4498 Magnus
3288 4426 3581 4499 Dionysius

2008 4533 2072 4573 ex
2132 4519 2397 4573 hactenus
2437 4519 2598 4574 dictis
2642 4521 2800 4590 plane
2841 4520 3193 4589 eomperitur,
3223 4536 3458 4590 quorum
3492 4530 3580 4577 ta-

2009 4624 2131 4662 men
2159 4624 2283 4677 pars
2316 4610 2553 4664 maxima
2608 4610 2833 4666 interiit.
2865 4610 2996 4676 Quae
3026 4626 3157 4666 vero
3191 4613 3333 4683 apud
3371 4614 3582 4671 vcteres

2007 4700 2303 4754 etiamnum
2334 4709 2593 4770 superant
2618 4717 2682 4756 ex
2740 4703 2888 4757 illius
2926 4703 3228 4759 litterarum
3258 4718 3584 4760 monumen-

2007 4793 2097 4857 tis,
2129 4793 2305 4862 magni
2339 4808 2470 4847 sane
2498 4793 2763 4860 ducenda,
2792 4809 2853 4849 ea
2882 4812 3029 4851 nunc
3055 4796 3295 4867 primum
3327 4797 3380 4852 in
3407 4810 3582 4851 unum

2007 4885 2228 4940 collecta
2247 4898 2315 4938 ex
2342 4883 2597 4949 Eusebio,
2631 4884 2955 4955 Athanasio,
2988 4887 3188 4945 Basilio
3220 4891 3450 4960 aliisque
3473 4888 3580 4943 Ec-

2007 4976 2184 5030 clesia:
2223 4975 2599 5045 scriptoribus,
2656 4977 2710 5031 in
2768 4979 3005 5033 medium
3045 4979 3409 5049 proferimus;
3467 4996 3578 5048 quo

2007 5069 2263 5122 nimirum
2303 5068 2605 5138 fragmenta
2659 5070 2851 5125 saltem
2888 5087 3112 5140 operum
3140 5073 3274 5127 tanti
3306 5072 3483 5125 Patris
3510 5088 3581 5127 ex

2008 5162 2341 5230 reliquorum
2390 5160 2600 5230 iactura
2657 5162 3041 5218 detrimentum
3092 5173 3371 5232 acceptum
3420 5163 3580 5219 nobis

2014 5254 2412 5323 quadamtenus
2445 5256 2685 5313 sarciaut
2722 5266 3100 5328 reparentque.
3154 5255 3220 5309 Et
3272 5255 3427 5324 plura
3454 5258 3578 5324 qui-

2083 5428 2156 5497 (g)
2189 5429 2291 5495 ld.,
2320 5431 2476 5500 epist.
2508 5431 2540 5484 Ξ).
2571 5433 2632 5484 ad
2660 5431 2852 5484 Norat.
2890 5429 3015 5483 infr.
3046 5428 3336 5500 colilﬁ96.

2086 5494 2158 5571 ('12)
2189 5494 2288 5571 ld_-,
2322 5494 2478 5571 epist.
2522 5501 2640 5571 tog
2674 5500 2862 5571 sine.
2897 5500 3000 5553 col.
3032 5494 3187 5571 1520:

2084 5566 2149 5637 (ἱ)
2182 5569 2295 5639 ᾼΙάη
2323 5566 2481 5639 epist.
2527 5570 2587 5624 11
2617 5566 2688 5624 ad
2723 5569 3077 5639 Hertnamm.,
3108 5566 3371 5639 infrlppl.
3399 5568 3567 5625 51°25.

2087 5634 2149 5709 (ί)
2179 5637 2279 5709 ιιι,
2314 5634 2563 5709 epistJﬁ
2591 5641 2654 5694 ad
2682 5640 2858 5703 Alex.,
2890 5637 3015 5691 infr.
3047 5638 3147 5692 col.
3181 5634 3341 5709 1535.

2091 5707 2162 5777 (It)
2193 5708 2410 5777 Euseb,
2445 5708 2586 5762 Hist.
2619 5710 2745 5762 eccl.
2782 5710 2874 5762 lib.
2904 5724 3001 5772 vn,
3037 5723 3157 5776 cap.
3194 5707 3282 5760 28.

2084 5777 2157 5847 ,(1)
2191 5776 2476 5847 Lequien..
2508 5781 2600 5833 0r.
2628 5778 2826 5834 Christ.
2859 5788 2991 5832 tom.
3029 5777 3093 5840 ll,
3126 5793 3246 5847 pag.
3279 5777 3402 5831 591.

2090 5845 2185 5917 (ni)
2215 5845 2425 5911 Dddw.,
2452 5850 2722 5907 dissertat.
2741 5851 2878 5921 sing.
2909 5848 2974 5904 ad
2997 5845 3357 5919 opp.'Pears.,
3376 5861 3494 5916 cap.
3522 5845 3590 5913 (3,~

2019 5915 2049 5989 ᾗ
2081 5917 2168 5985 18,
2201 5933 2320 5989 pag.
2350 5918 2436 5973 70.

2154 5955 2168 5985 ,
2201 5933 2320 5989 pag.
2352 5933 2436 5973 tu.
