4100 6394
512 492 657 549 1355

1520 486 1577 543 S.
1620 485 1918 541 DlONYSll
1955 483 2421 541 ALEXANDle
2456 480 2786 541 EPISCOPL'

3650 485 3787 541 1956

503 611 631 667 dem
659 611 839 666 adhuc
880 611 947 665 de
996 610 1228 681 singulis
1277 609 1496 679 scriptis
1546 608 1900 680 Dionysianis
1958 624 2089 679 pro—
2121 613 2167 670 Α
2193 622 2320 677 gare
2353 607 2562 661 nititur.
2610 605 2765 673 Quod
2794 600 2916 661 cum
2948 605 3179 662 feliciter
3221 605 3565 679 praestiterit,
3601 606 3784 676 impu-

502 705 648 760 t'erre
692 706 746 758 in
786 712 1035 773 promptu
1066 712 1239 769 esset,
1288 703 1410 757 aliis
1457 703 1573 757 sive
1623 702 1919 758 observata
1965 703 2085 757 sive

501 797 670 852 etiam
702 796 1006 866 praeterita;
1037 810 1158 865 quae
1190 804 1371 848 tamen
1416 793 1632 865 longius
1658 811 1819 864 quam
1854 810 1952 864 par
1987 795 2080 859 sit,

500 885 573 940 ab
609 883 855 938 instituto
885 898 986 939 nos
1019 883 1372 939 abducerent.
1407 882 1702 953 Postquam
1757 885 2082 954 igitur'san-

456 972 576 1032 "eti
600 975 779 1030 Patris
805 976 977 1030 nostri
1024 984 1175 1044 gesta
1198 976 1438 1031 strictim
1479 976 1883 1047 ordinatimque
1907 977 2084 1047 digesc

503 1063 698 1131 simus,
730 1065 976 1120 eamdem
1011 1066 1272 1135 temporis
1305 1066 1573 1119 rationem
1606 1079 1854 1122 servasse
1884 1076 1997 1121 tum
2026 1068 2082 1122 in

503 1156 623 1223 ejus
648 1170 873 1223 operum
908 1154 1227 1223 fragmentis
1260 1197 1275 1222 ,
1305 1164 1417 1210 tum
1449 1157 1503 1210 in
1533 1157 1779 1225 epistolis
1808 1159 2085 1212 excuden-

502 1247 587 1301 dis
621 1247 755 1301 satis
805 1247 1118 1302 habuimus.
1151 1246 1370 1317 Siquid
1419 1262 1550 1302 vero
1603 1250 1873 1317 reliquum
1918 1248 2083 1304 fuerit

502 1339 649 1408 quod
698 1339 935 1408 aliquam
968 1339 1495 1395 animadversionem
1523 1349 1794 1410 reposcat.
1825 1340 2084 1410 subjectae

500 1430 886 1485 adnotationes
952 1432 1201 1485 nonnihil
1248 1431 1388 1486 lucis
1456 1430 1753 1487 aﬂ‘undent.
1813 1432 2081 1486 Craterum

501 1523 646 1578 haud
678 1524 1138 1592 praetermittenda
1167 1522 1482 1578 censuimus
1510 1539 1633 1593 quae
1661 1524 1976 1579 observavit
1999 1524 2084 1577 vir

500 1616 852 1671 doctissimus
871 1614 1065 1671 Petrus
1081 1615 1415 1671 Coutantius
1438 1615 1512 1686 (η)
1531 1616 1599 1670 ad
1615 1616 1796 1685 operis
1820 1615 2086 1685 fragmen-

503 1718 579 1771 ta,
618 1707 879 1762 Elenclms
909 1719 959 1763 et
991 1708 1243 1778 Apologia
1278 1707 1557 1778 inscripti;
1591 1725 1712 1779 quae
1743 1709 1797 1762 in
1834 1708 1936 1764 hac
1963 1708 2080 1763 edi-

502 1801 649 1855 tione
670 1808 926 1870 quartum
959 1800 1141 1855 locum
1168 1808 1439 1870 occupant
1462 1801 1637 1870 partis
1663 1817 1678 1855 ι
1703 1799 1942 1870 Operum
1961 1800 2083 1856 Dio-

502 1891 882 1963 nysianorum,
910 1893 979 1946 ad
999 1890 1277 1959 exemplar
1307 1899 1495 1946 exacta
1527 1890 1706 1947 studio
1736 1892 1981 1962 ejusdem
2020 1905 2078 1946 ν.

505 1982 574 2036 cl.
605 1983 1012 2038 concinnatum.
1044 1981 1136 2036 Sic
1169 1990 1353 2037 autem
1387 1999 1445 2038 se
1478 1983 1697 2038 habent.

572 2073 662 2129 ΙΙΙ.
703 2093 721 2126 ι
771 2073 920 2144 Opus
952 2074 1197 2145 Dionysii
1228 2075 1605 2141 Alexandrini,
1637 2091 1703 2130 ex
1729 2090 1840 2144 quo
1874 2075 2081 2131 descri-

502 2176 596 2237 pta
649 2179 778 2222 sunt
820 2167 1121 2239 fragmenta
1152 2170 1429 2239 proposita
1457 2211 1472 2236 ,
1509 2169 1843 2224 Athanasius
1876 2170 2078 2239 passim

502 2259 689 2312 laudat
718 2258 813 2328 (ο).
846 2258 1101 2328 Ejusdem
1129 2261 1428 2317 meminere
1451 2261 1688 2317 Basilius
1717 2261 1791 2334 (p)
1809 2271 1863 2317 et
1892 2260 2078 2317 lliero-

501 2363 702 2419 nymus
730 2351 826 2420 (q).
849 2350 954 2406 Sed
979 2352 1033 2406 hi
1050 2352 1160 2408 duo
1181 2355 1433 2411 doctores
1462 2374 1569 2413 non
1590 2376 1695 2417 una
1712 2363 1924 2417 ratione
1950 2364 2079 2418 illud

502 2442 766 2497 indicant.
795 2442 1159 2516 Hieronymus
1182 2448 1326 2503 enim
1352 2449 1405 2503 in
1427 2450 1598 2507 libros
1621 2465 1858 2523 quatuor
1882 2456 2079 2511 distin-

502 2543 651 2588 ctum
708 2536 901 2590 docet:
937 2535 1173 2595 Basilius
1227 2556 1358 2596 vero
1408 2544 1657 2612 quaedam
1719 2547 1865 2603 illius
1917 2551 2079 2604 verba

503 2632 761 2696 tanquam
799 2642 865 2681 ea:
889 2629 1120 2683 secunda
1149 2631 1219 2683 ad
1244 2630 1560 2703 Dionysium
1585 2640 1942 2707 cognominem
1971 2644 2082 2712 epi-

501 2717 639 2770 stola
662 2717 886 2788 profert.
916 2718 994 2774 R-e
1017 2730 1200 2777 autem
1233 2738 1360 2779 vera
1390 2734 1445 2781 et
1471 2728 1527 2781 in
1557 2728 1728 2784 libros
1762 2731 2078 2789 distinctum

501 2824 622 2864 esse
650 2820 704 2865 et
732 2811 976 2881 epistolae
1009 2827 1209 2868 nomen
1239 2816 1289 2870 ei
1323 2832 1624 2887 congruere
1671 2836 1739 2876 ex
1776 2823 2079 2881 Athanasio

501 2912 718 2958 constat
768 2920 783 2970 ;
819 2905 912 2974 qui
946 2905 1167 2974 quidem
1194 2907 1248 2961 in
1285 2908 1513 2979 epistola
1558 2913 1627 2967 de
1656 2920 1921 2972 sententia
1951 2918 2080 2973 Dio-

501 2999 643 3070 nysii
680 3015 830 3054 num.
867 3001 932 3055 l5
963 3000 1098 3057 dicit
1136 3020 1150 3057 :
1198 3002 1488 3075 Dionysius
1518 3022 1677 3084 quam
1727 3009 1956 3078 primum
1997 3013 2081 3065 sui

502 3094 765 3163 purgandi
798 3097 973 3163 gratia
1005 3095 1168 3151 libros
1190 3098 1378 3165 edidit,
1404 3115 1535 3169 quos
1572 3101 1848 3172 inscripsit
1873 3119 1890 3157 :
1918 3100 2081 3156 Eten-

503 3185 631 3238 chus
664 3194 714 3239 et
744 3185 1002 3258 Apologia
1028 3204 1046 3241 :
1073 3197 1128 3244 et
1158 3206 1312 3245 num.
1347 3191 1416 3245 14
1444 3193 1511 3248 de
1543 3195 1746 3264 scripto
1776 3195 1965 3249 eodem
2003 3197 2083 3250 sic

2190 700 2369 755 dentis
2411 700 2699 755 calumnia:
2723 700 2919 755 merito
2946 701 3124 770 arguit
3150 700 3492 755 Athanasius
3516 698 3783 761 Arianos.

2190 792 2336 861 quod
2371 806 2433 846 ea
2467 793 2617 847 velut
2654 791 2896 862 Dionysii
2926 792 3212 846 venditare
3259 806 3368 846 non
3408 790 3789 862 erubuerint,

2188 899 2309 955 qua:
2333 884 2422 937 ille
2444 884 2624 954 palam
2661 892 2956 954 aperteque
2981 884 3246 953 rejecerit.

2257 974 2351 1029 IV.
2395 975 2501 1032 Ista
2536 976 2778 1048 Dionysii
2826 975 3088 1047 Apologia
3138 991 3204 1031 eo
3255 974 3483 1045 majoris
3526 985 3619 1029 est
3666 990 3784 1031 mo—

2186 1068 2376 1132 menti,
2404 1069 2547 1137 quod
2566 1068 2849 1137 specimini
2872 1069 3031 1123 nobis
3059 1068 3127 1122 sit
3148 1082 3338 1122 eorum
3361 1083 3490 1137 qua:
3513 1066 3783 1121 fecissent

2186 1160 2367 1215 caeteri
2401 1158 2592 1214 Patres
2637 1158 3123 1214 Nicaanoconcilio
3158 1160 3473 1227 superiores
3501 1198 3518 1222 ,
3574 1159 3785 1227 quibus

2185 1251 2446 1305 nonnulla
2500 1250 2823 1305 exciderunt
2869 1250 3085 1305 Arianae
3124 1249 3384 1319 impietati
3416 1249 3476 1302 in
3536 1247 3780 1317 speciem

2185 1352 2438 1411 cognata,
2474 1345 2519 1398 si
2554 1358 2649 1397 eos
2695 1342 2892 1397 similis
2920 1343 3217 1396 necessitas
3254 1340 3320 1395 ad
3377 1339 3786 1409 explicandam.

2143 1432 2150 1444 '
2186 1432 2428 1502 apertius
2462 1442 2700 1488 mentem
2747 1450 2901 1490 suam
2932 1433 3302 1502 compulisset.
3335 1429 3469 1485 Inde
3501 1431 3659 1485 enim
3698 1426 3792 1483 fa-,

2184 1525 2285 1579 cile
2308 1526 2599 1580 adducitur
2632 1528 2863 1597 quisque
2897 1536 2955 1580 ut
2984 1526 3207 1587 credar,
3239 1522 3520 1577 neminem
3576 1537 3649 1575 ex
3695 1521 3781 1574 eis

2186 1618 2430 1673 futurum
2460 1621 2649 1685 fuisse,
2696 1621 2790 1690 qui
2839 1637 2947 1676 non
2987 1620 3210 1690 perinde
3250 1630 3413 1689 atque
3440 1617 3776 1689 Dionysius,

2185 1711 2431 1766 eamdem
2472 1701 2754 1781 perﬁdiam
2808 1713 3142 1767 damnasset.
3173 1709 3249 1764 Ex
3281 1710 3385 1766 hoc
3417 1724 3592 1780 opere
3652 1726 3774 1779 qua:

2183 1803 2559 1870 exscribenda,
2612 1821 2734 1874 quae
2764 1803 3223 1874 praetermittenda
3257 1802 3481 1858 duxerit
3519 1800 3774 1855 Athana—

2184 1896 2322 1961 sius,
2350 1910 2500 1949 num.
2536 1893 2604 1948 14
2630 1896 2853 1965 exponit
2879 1894 2933 1948 in
2967 1895 3114 1949 hunc
3143 1893 3364 1947 modum
3392 1908 3405 1943 :
3453 1890 3635 1946 Verba
3658 1890 3773 1960 ejus

2182 1984 2600 2059 quamplurima,
2649 1986 2837 2057 quibus
2872 2004 2950 2043 res
2998 1989 3053 2043 in
3102 1986 3445 2057 quwstionem
3501 1984 3776 2038 adductas

2181 2080 2449 2149 expendit,
2476 2089 2570 2132 aut
2601 2095 2665 2133 ea:
2698 2079 2880 2134 allatis
2918 2079 3211 2133 ratiociniis
3246 2077 3454 2147 colligit
3484 2118 3503 2143 ,
3542 2087 3641 2130 aut
3688 2076 3787 2130 ina

2186 2183 2476 2245 terrogatus
2499 2174 2829 2228 adversarios
2857 2174 3112 2243 coarguit,
3141 2172 3221 2225 vel
3237 2155 3623 2224 obtrectatores
3647 2184 3771 2221 suos

2183 2270 2534 2334 criminatur,
2590 2266 2652 2319 ob
2694 2266 2955 2320 librorum
3000 2265 3362 2334 prolixitatem
3397 2262 3681 2326 amittens,
3708 2276 3770 2313 ea

2183 2363 2355 2416 solum
2407 2377 2696 2431 proponam
2723 2398 2739 2423 ,
2774 2376 2890 2429 qua:
2921 2360 2989 2410 ad
3040 2356 3438 2410 criminationes
3480 2353 3771 2411 diluendas

2181 2455 2483 2508 necessaria
2518 2452 2850 2507 videbuntur.
2880 2450 2936 2504 ln
2969 2450 3036 2504 iis
3070 2465 3199 2504 vero
3231 2463 3353 2518 qua:
3376 2447 3672 2511 exscribit,
3702 2445 3768 2501 li-

2182 2548 2403 2602 brorum
2435 2521 2934 2601 ordinem‘minime
2968 2550 3170 2605 servat,
3200 2543 3295 2598 sed
3330 2551 3500 2611 prout
3535 2556 3625 2595 res
3655 2548 3768 2594 tra—

2181 2646 2336 2693 ctatae
2366 2638 2731 2707 postulabant,
2762 2651 2907 2690 nunc
2933 2650 3100 2688 unum
3132 2644 3187 2688 ct
3213 2635 3445 2688 alterum
3492 2632 3768 2703 fragmen-

2185 2741 2297 2785 tum
2330 2746 2397 2786 ex
2428 2731 2567 2785 libro
2594 2731 2773 2801 primo
2806 2730 3030 2800 profert,
3056 2738 3169 2783 tum
3205 2727 3352 2781 aliud
3396 2741 3467 2780 ex
3497 2724 3765 2809 secundo,

2184 2824 2415 2879 subinde
2441 2833 2718 2894 quartum,
2746 2839 2936 2877 rursus
2981 2837 3045 2875 ex
3078 2820 3252 2889 primo
3281 2858 3296 2883 ,
3341 2817 3431 2873 cui
3487 2810 3643 2870 aliud
3699 2829 3764 2868 ex

2185 2925 2381 2984 quarto
2429 2915 2694 2984 adjungit.
2728 2914 2798 2966 At
2850 2929 2973 2968 cum
3007 2911 3176 2965 nostri
3211 2908 3445 2964 instituti
3482 2909 3559 2964 sit
3586 2905 3765 2976 operis

2184 3005 2428 3074 ejusdem
2465 3004 2727 3074 reliquias
2758 3011 3014 3058 accurate
3044 3002 3298 3071 colligere
3325 3041 3342 3067 ,
3380 2998 3605 3069 singula
3652 2994 3766 3049 fra-

2189 3104 2407 3163 gmenta
2432 3110 2497 3149 eo
2524 3095 2716 3148 ordine
2742 3093 2999 3147 exhibete
3028 3092 3200 3147 satius
3244 3090 3424 3145 visum
3461 3096 3570 3154 est,
3604 3099 3765 3157 quem

2185 3195 2403 3240 servant
2435 3186 2575 3240 inter
2600 3202 2659 3241 se
2688 3186 2835 3250 libri,
2860 3202 2925 3238 ex
2952 3184 3151 3254 quibus
3172 3183 3444 3252 descripta
3473 3188 3626 3237 sunt.
3658 3177 3772 3232 Dab.

448 3301 453 3305 ο
501 3277 787 3347 loquitur:
821 3279 1124 3351 Epistolam
1153 3301 1308 3338 suam
1341 3282 1564 3339 Elenchi
1591 3294 1641 3339 et
1680 3286 1954 3356 Apologia
2008 3288 2079 3340 ti-
2108 3296 2153 3356 ρ
2187 3295 2334 3333 mum
2365 3279 2409 3335 si
2439 3289 2717 3350 gestorum
2747 3295 2870 3349 qua:
2897 3279 2997 3332 hoc
3044 3293 3181 3347 opus
3215 3282 3641 3346 praecesserunt,
3675 3285 3760 3325 se-

502 3370 613 3424 tulo
640 3372 930 3442 inscripsit.
963 3374 1208 3445 Epistola
1236 3377 1402 3449 igitur
1421 3386 1539 3433 erat
1570 3386 1805 3448 quatuor
1830 3381 1883 3433 in
1909 3380 2079 3435 libros

500 3461 757 3518 distincta
781 3505 796 3530 ,
825 3465 1069 3536 adeoque
1099 3483 1208 3522 una
1252 3484 1318 3523 ex
1353 3468 1422 3523 iis
1460 3484 1598 3539 quas
1635 3468 1927 3543 Dionysius
1962 3487 1992 3525 a
2023 3488 2081 3527 se

502 3551 683 3609 fusius
710 3565 764 3610 et
800 3558 1081 3613 tractantis
1101 3574 1254 3614 more
1281 3559 1518 3616 dictatas
1541 3560 2081 3635 (διδασκαλικώτερον

501 3643 903 3715 ὐφηγούμενος)
936 3658 1115 3703 vocat.
1154 3647 1273 3705 Non
1306 3651 1375 3705 ab
1410 3667 1476 3707 eo
1509 3652 1712 3719 statim,
1744 3663 1803 3721 ut
1828 3652 1895 3708 de
1921 3637 2082 3710 accu-

503 3734 718 3791 satione
763 3752 862 3792 sua
912 3741 1279 3798 commonitus
1312 3742 1432 3810 fuit,
1474 3745 1645 3800 missa
1674 3755 1778 3801 est.
1826 3744 1961 3800 Nam
2014 3764 2082 3802 ne

504 3826 842 3885 accusationi
872 3828 1063 3885 deesse
1096 3830 1390 3900 videretur,
1417 3834 1463 3888 si
1504 3836 1806 3891 rescribere
1836 3836 2082 3893 Romano

503 3919 726 3987 praesuli
760 3920 964 3976 diutius
998 3921 1259 3989 dill‘erret,
1298 3925 1426 3982 huic
1475 3926 1763 3997 epistolam
1794 3930 2081 4000 praemisit,

503 4024 669 4081 quam
700 4011 841 4067 infra
869 4029 1021 4068 num.
1052 4014 1085 4069 6
1110 4016 1290 4086 ipsum
1319 4016 1643 4090 Dionysium
1666 4018 1971 4076 Romanum
2004 4023 2083 4076 al-

502 4099 735 4169 loquens
776 4115 1043 4160 memorat
1080 4107 1166 4161 bis
1224 4110 1438 4166 verbis:
1500 4112 1611 4165 Καὶ
1663 4113 1747 4165 σοὶ
1799 4111 1865 4165 δι’
1917 4112 2082 4185 ἄλλης

504 4192 794 4269 ἐπιστολῆς
823 4196 1057 4270 ἔγραψα.
1092 4199 1359 4267 Quocirca
1389 4217 1501 4258 non
1531 4206 1694 4258 modo
1720 4204 1962 4274 epistola,
1987 4205 2083 4262 sed

504 4293 561 4340 et
589 4287 815 4356 epistola
849 4293 1081 4346 secunda
1132 4293 1203 4346 ad
1234 4293 1550 4364 Dionysium
1585 4298 1942 4367 cognominem
1974 4313 2083 4352 non

506 4379 650 4434 male
678 4395 708 4433 a
733 4379 937 4467 Basilio
969 4385 1294 4454 appellatur.
1321 4384 1497 4440 Simul
1524 4388 1687 4442 etiam
1717 4398 1802 4443 est
1822 4389 2082 4443 Elenchus

504 4478 561 4524 et
598 4470 898 4542 Apologia:
934 4475 1207 4547 Elencbus
1252 4479 1474 4548 quidem
1528 4481 1972 4539 adversariorum
2030 4494 2086 4538 et

506 4573 890 4618 accusatorum
920 4564 1189 4638 Dionysii,
1220 4570 1315 4639 qui
1356 4570 1412 4625 in
1445 4572 1550 4627 hoc
1582 4589 1745 4643 opere
1775 4590 2082 4646 coarguun-

2187 3373 2320 3427 riem
2383 3372 2777 3442 expendamus,
2810 3371 2876 3424 ad
2910 3379 3121 3439 tempus
3149 3368 3291 3422 circa
3337 3368 3485 3437 quod
3511 3365 3765 3422 elabora-

2187 3475 2301 3520 tum
2333 3476 2436 3530 est,
2469 3466 2706 3536 quodam
2752 3465 2913 3519 modo
2971 3464 3275 3534 pertingere
3302 3463 3509 3518 licebit.
3560 3459 3764 3529 Nempe

2190 3558 2396 3627 aliquot
2425 3557 2667 3628 Dionysii
2700 3556 3051 3613 Alexandrini
3103 3556 3366 3610 adversus
3420 3552 3762 3610 Sabellianos

2192 3650 2454 3721 epistolze,
2481 3648 2656 3720 Xysto
2700 3648 2954 3718 pontiﬁce
2985 3648 3214 3717 vulgatae
3238 3689 3254 3715 ,
3293 3647 3663 3703 accusationis
3697 3644 3761 3697 il-

2191 3744 2300 3798 lius
2331 3742 2677 3797 occasionem
2722 3741 3010 3797 dederunt.
3054 3740 3179 3795 Inde
3230 3741 3463 3810 permoti
3516 3728 3760 3793 nonnulli

2188 3834 2475 3899 Catholici,
2500 3834 2619 3903 ipso
2648 3832 3017 3887 Alexandrino
3051 3833 3280 3901 praesule
3307 3833 3499 3897 inscio,
3534 3830 3761 3885 Romam

2188 3924 2545 3980 convolarunt
2571 3964 2587 3989 ,
2622 3934 2676 3980 et
2710 3940 2830 3994 quae
2869 3924 2969 3979 sibi
3007 3924 3059 3977 in
3098 3924 3217 3994 ejus
3262 3924 3483 3993 scriptis
3512 3921 3761 3992 diSplice-

2187 4018 2319 4073 bant
2365 4018 2430 4072 ad
2463 4016 2768 4073 Romanum
2816 4017 3125 4087 pontiﬁcem
3179 4017 3508 4071 detulerunt.
3567 4014 3760 4071 Statim

2188 4108 2475 4162 admonuit
2509 4106 2804 4178 Dionysius
2843 4106 3123 4161 Romanus
3165 4105 3477 4177 Dionysium
3528 4106 3761 4159 Alexan-

2188 4199 2430 4254 drinum.
2465 4197 2515 4255 Is
2546 4213 2677 4252 vero
2734 4199 2810 4252 illi
2839 4197 3157 4254 satisfacere
3211 4199 3446 4267 primum
3484 4193 3756 4256 brevibus,

2188 4305 2422 4360 moxque
2480 4290 2868 4361 prolixioribus
2934 4290 3129 4345 litteris
3190 4291 3583 4360 quamprimum
3623 4329 3638 4354 ,
3700 4294 3757 4339 ut

2189 4382 2519 4437 Athanasius
2544 4392 2717 4445 notat,
2753 4383 2982 4437 studuit.
3015 4382 3284 4449 Quocirca
3333 4382 3408 4435 nil
3435 4389 3580 4437 vetat
3627 4391 3756 4448 quo-

2190 4477 2374 4531 minus
2414 4476 2557 4531 hanc
2616 4474 2866 4546 Dionysii
2919 4474 3238 4544 Apologiam
3288 4472 3355 4527 ad
3403 4486 3608 4527 annum
3654 4466 3765 4522 262'

2190 4571 2421 4625 attinere
2470 4584 2814 4624 censeamus.
2856 4566 2988 4622 Eam
3040 4583 3258 4638 quoque
3304 4566 3549 4622 eruditus
3599 4559 3756 4617 Tille«

446 4668 451 4675 ‘
506 4660 600 4708 tur
633 4662 798 4723 atque
826 4657 1218 4728 confutantur;
1254 4660 1517 4732 Apologia
1553 4640 1684 4720 vero
1730 4640 1931 4734 ipsius-
1954 4665 2083 4720 Dio-
2112 4640 2156 4695 Ῑ)
2191 4662 2433 4718 montius
2465 4662 2532 4716 ad
2584 4662 2712 4716 anni
2764 4660 2929 4731 hujus
2957 4660 3164 4715 exitum
3200 4659 3390 4718 referri
3423 4672 3585 4729 posse
3614 4651 3753 4710 arbi-v

507 4744 675 4815 nysii,
713 4748 808 4816 qui
844 4747 901 4802 in
928 4752 1118 4806 eodem
1148 4752 1216 4807 de
1245 4753 1477 4824 objectis
1503 4757 1783 4813 erroribus
1815 4773 1936 4813 sese
1960 4773 2085 4828 pur-

582 4908 662 4987 (ιι)
690 4906 1184 4987 (Eoptant,__ljl'pis_tt.
1216 4912 1377 4987 Rom.
1410 4917 1624 4986 pontiﬁ,
1654 4932 1775 4986 pag.
1799 4917 1904 4970 277
1931 4933 2083 4987 seqq.

583 4978 657 5047 (υ)
682 4977 944 5056 Athan“,
967 4977 1063 5037 lib.
1095 4982 1173 5056 De
1212 4977 1426 5056 synod.,
1461 5002 1520 5041 n.
1552 4977 1837 5056 dph-epist.
1889 4989 1956 5041 de
1986 4977 2084 5043 de-

508 5057 644 5106 cret.
677 5046 795 5105 Nic.
833 5046 983 5126 syn.,
1010 5068 1066 5108 n.
1093 5053 1186 5121 25,
1218 5046 1273 5111 εἳ
1299 5046 1461 5126 epist.
1496 5058 1562 5113 de
1597 5046 1829 5113 sentem.
1860 5056 2082 5128 Dionys.

2192 4765 2389 4813 tratur.
2427 4774 2446 4809 ι
2485 4754 2551 4810 Et
2582 4756 2699 4810 haec
2728 4754 2796 4809 de
2827 4753 3024 4826 Magno
3057 4752 3316 4824 Dionysio
3345 4752 3500 4810 satis.

2266 4912 2343 4983 (ρ)
2374 4912 2563 4984 Basil.,
2592 4912 2688 4984 lib_.
2714 4913 2791 4966 De
2823 4911 2965 4984 Spir.
2992 4920 3187 4975 sancl.,
3226 4925 3346 4984 cap.
3383 4909 3475 4965 29.

2265 4981 2339 5055 (ς)
2371 4981 2613 5053 Hierom,
2642 4982 2719 5038 De
2739 4984 2838 5039 vir.
2863 4981 3096 5049 'illustr.,
3127 4996 3247 5052 cap.
3271 4982 3361 5039 69.
