4100 6392
588 487 729 539 1245

1570 484 1624 541 S.
1668 478 1966 540 DlONYSll
2006 472 2314 533 EPISCOPI
2353 468 2832 531 ALEXANDRINI-

3686 467 3817 524 12'“

586 600 744 668 licet,
790 611 845 658 et
891 619 1082 659 eorum
1108 620 1229 675 qua:
1256 604 1358 660 sub
1387 611 1574 659 ventre
1606 612 1734 659 sunt
1775 600 2054 663 satietate,
2099 598 2122 650 ἰι

2222 590 2424 655 ,ταῦτα
2461 588 2612 660 ᾠήθη
2654 585 2979 675 ποριεῖσθαι,
3009 585 3219 656 ἑορταῖς
3252 583 3346 637 καὶ
3378 581 3598 646 θυσίαις
3628 585 3717 637 καὶ
3746 587 3819 639 ls-_

586 703 672 749 est
702 695 756 749 in
782 696 917 751 cibis
944 712 1007 750 ac
1029 698 1262 767 poculis,
1308 699 1361 752 in
1393 695 1596 765 nuptiis
1637 703 1691 749 et
1735 694 1789 747 in
1838 692 1906 747 iis
1949 688 2114 760 quibu

2254 680 2411 754 ρείων
2445 660 2856 748 σφαγαῖςθΕγὼ
2882 676 2938 728 δὲ
2971 674 3230 745 ἀθετῆσαι
3264 675 3364 745 μὲν
3388 674 3496 726 οὐκ
3533 672 3601 726 ἂν
3628 672 3823 746 τολμή-.

585 782 693 839 ista
728 784 1008 841 honestius
1040 787 1220 855 parari
1261 801 1421 856 posse
1457 782 1831 843 existimabat,
1877 777 2028 833 festis
2065 776 2150 828 ni-

587 876 785 929 mirum
823 885 877 931 et
925 878 1229 946 sacrificiis,
1276 889 1329 933 et
1360 877 1663 932 hostiarum
1703 869 2142 928 mactationibus.

585 966 697 1038 Ego
730 984 859 1025 vero
898 970 1096 1024 librum
1129 970 1278 1023 illum
1308 967 1528 1037 rejicere
1553 964 1775 1021 omnino
1803 977 1912 1016 non
1944 962 2142 1025 ausim,

581 1060 880 1127 praesertim
928 1076 1052 1116 cum
1087 1060 1242 1115 multi
1288 1075 1354 1115 ex
1393 1058 1652 1113 fratribus
1694 1070 1818 1109 eum
1849 1050 2032 1122 magni
2060 1050 2144 1104 [ιι--

581 1148 745 1202 ciant.
787 1147 892 1202 Sed
924 1150 1234 1219 hujusmodi
1263 1149 1329 1203 de
1360 1149 1451 1202 illo
1478 1146 1784 1216 opinionem
1811 1141 2141 1210 concipiens,

579 1236 736 1305 quasi
763 1252 956 1292 sensus
983 1240 1085 1295 mei
1116 1240 1335 1294 modum
1361 1236 1584 1292 excedat
1607 1275 1621 1298 ,
1657 1248 1911 1289 arcanam
1946 1246 2136 1301 quam-

578 1329 702 1384 dam
746 1331 1014 1401 planeque
1057 1331 1426 1386 admirabilem
1457 1328 1789 1399 singularum
1822 1341 2002 1380 rerum
2050 1325 2136 1378 in-

581 1421 924 1491 telligentiam
972 1423 1138 1477 latere
1176 1423 1444 1478 existimo.
1477 1420 1611 1474 Nam
1642 1419 1744 1475 etsi
1782 1419 1896 1488 ipse
1921 1433 2026 1471 non
2056 1418 2138 1471 in-

577 1513 774 1580 telligo,
810 1514 1054 1583 suspicor
1085 1524 1262 1569 tamen
1310 1515 1553 1569 altiorem
1587 1510 1874 1582 quemdam
1915 1524 2135 1564 sensum

576 1605 755 1660 verbis
782 1606 1022 1661 subesse.
1074 1604 1257 1674 anue
1294 1621 1398 1659 non
1447 1619 1569 1657 meo
1598 1603 1767 1671 ipsius
1788 1600 1993 1670 judicio
2024 1615 2138 1652 me-

577 1693 682 1748 tior
725 1704 886 1764 atque
928 1695 1170 1749 aestimo:
1222 1694 1313 1748 sed
1364 1694 1485 1763 plus
1517 1693 1638 1747 fidei
1664 1681 1928 1752 tribuens,
1969 1689 2137 1744 subli—

2249 791 2404 843 σαιμι
2430 772 2493 825 τὺ
2523 770 2722 842 βιϐλίον
2741 786 2754 799 ·
2796 767 3004 821 πολλῶν
3035 766 3167 822 αὐτὸ
3191 766 3280 819 διὰ
3312 764 3557 834 σπουδῆς
3597 764 3811 834 ἐχόντων

2243 865 2519 935 ἁδελφῶνο
2577 863 2795 935 μείζονα
2839 861 2896 914 δὲ
2944 861 3043 931 τῆς
3090 857 3324 929 ἐμαυτοῦ
3377 856 3694 928 φρονήσεως
3724 855 3812 927 τὴν

2246 956 2510 1027 ὑπόληψιν
2557 954 2655 1025 τὴν
2696 953 2825 1024 περὶ
2874 950 3043 1005 αὐτοῦ
3090 949 3402 1021 λαμϐάνων,
3428 946 3811 1017 κεκρυμμένην

2243 1046 2381 1101 εἶναί
2422 1063 2541 1100 τινα
2584 1045 2678 1098 καὶ
2709 1043 3157 1115 θαυμασιωτέραν
3185 1041 3280 1112 τὴν
3312 1040 3438 1095 καθ’
3473 1039 3702 1092 ἕκαστον
3730 1038 3811 1089 ὲκ-

2242 1138 2402 1208 δοχὴν
2449 1136 2828 1207 ὑπολαμϐάνω.
2869 1135 2978 1190 Καὶ
3025 1136 3133 1205 γὰρ
3181 1137 3229 1186 εί
3281 1133 3355 1204 μὴ
3410 1131 3658 1202 συνίημι,
3700 1128 3806 1182 ἀλλ’

2241 1228 2450 1282 ὑπονοῶ
2480 1244 2544 1295 γε
2570 1227 2692 1281 νοῦν
2724 1244 2845 1279 τινα
2878 1225 3170 1297 βαθύτερον
3195 1223 3479 1293 ἐγκεῖσθαι
3495 1226 3609 1285 τοῖς
3639 1223 3805 1292 ῥήμα-

2244 1337 2326 1372 σιν
2345 1337 2357 1349 ·
2393 1321 2490 1372 οὑκ
2520 1320 2632 1390 ἰδίῳ
2660 1319 2830 1372 ταῦτα
2860 1317 3069 1389 μετρῶν
3090 1318 3181 1371 καὶ
3204 1316 3404 1388 κρίνων
3435 1314 3699 1385 λογισμῷ,
3719 1314 3803 1367 πί-

2244 1428 2356 1464 στει
2400 1410 2456 1463 δὲ
2503 1410 2661 1464 πλέον
2700 1411 2897 1482 νέμων,
2929 1409 3230 1480 ὑψηλότερα
3267 1409 3300 1478 ἢ
3344 1407 3439 1460 ὑπ’
3466 1406 3604 1477 ἐμοῦ
3646 1422 3804 1459 κατα-

2241 1510 2504 1582 ληφθῆναι
2546 1509 2829 1580 νενόμικα·
2874 1509 2967 1562 καὶ
3009 1509 3109 1561 οὐκ
3155 1504 3547 1575 ἀποδοκιμάζω
3577 1500 3805 1556 ταῦταᾶ

2243 1602 2317 1673 μὴ
2365 1600 2678 1671 συνεώρακα
2699 1617 2712 1630 ·
2762 1599 3022 1673 θαυμάξω
3049 1599 3105 1653 δὲ
3138 1598 3332 1670 μᾶλλον
3363 1599 3448 1650 ὅτι
3486 1596 3563 1669 μὴ
3596 1596 3689 1649 καὶ
3728 1588 3803 1646 εἴ·

2240 1691 2349 1744 δον.
2719 1703 2739 1735 ’.
2960 1736 2965 1742 .
3578 1706 3581 1709 ‘

571 1796 742 1851 miora
778 1810 899 1851 esse
935 1807 1133 1847 censeo
1169 1807 1328 1861 quam
1368 1799 1428 1844 ut
1473 1806 1503 1844 a
1557 1806 1644 1846 me
1680 1787 2089 1860 'percipiantur.
2130 1787 2244 1843 Nec
2279 1805 2343 1845 ea
2381 1790 2684 1847 condemno
2735 1803 2856 1859 qua:
2892 1786 3194 1857 intelligere
3229 1799 3339 1840 non
3379 1781 3538 1854 potui
3580 1798 3594 1834 :
3632 1792 3799 1836 veruti

571 1888 699 1965 inde
735 1886 972 1943 admiror
1008 1885 1196 1956 magis.
1237 1885 1379 1953 quod
1413 1900 1606 1954 capere
1642 1898 1752 1937 non
1788 1895 2028 1950 possum.

642 1960 733 2034 iV.
781 1981 1019 2036 Posthazc
1050 1984 1248 2051 integro
1288 1982 1628 2036 Revelatiouis
1656 1982 1788 2036 libro
1814 1985 2114 2038 examinato

2307 1988 2378 2038 A'.
2432 1972 2559 2040 Ἐπὶ
2593 1986 2825 2050 τούτοις
2853 1985 2967 2052 τὴν
2996 1985 3148 2051 ὅλην
3192 1982 3300 2048 τῆς
3343 1960 3796 2045 mammam

572 2080 847 2142 postquam
884 2073 1204 2141 apertissime
1231 2074 1474 2139 ostendit,
1506 2091 1623 2128 eum
1663 2092 1876 2143 prorsus
1920 2076 2140 2147 intelligi

576 2177 679 2215 non
709 2178 858 2231 posse
872 2162 1032 2232 juxta
1063 2164 1265 2218 obvium
1297 2167 1565 2218 verborum
1592 2182 1820 2233 sensum,
1854 2166 1962 2219 haec
1980 2169 2141 2237 subji-

574 2251 698 2304 cit:
730 2251 988 2308 Absoluta
1032 2254 1247 2309 demum
1295 2254 1547 2308 universa
1594 2253 1943 2324 praedictione
1992 2273 2088 2311 sua
2120 2298 2134 2322 ,

572 2343 830 2412 propheta
861 2345 1046 2402 beatos
1080 2346 1396 2416 pronuntiat
1423 2355 1535 2399 tum
1567 2362 1661 2401 eos
1688 2346 1780 2416 qui
1808 2362 1927 2401 eam
1951 2363 2136 2402 serva-

570 2432 766 2497 verint,
823 2441 937 2489 tum
977 2452 1036 2491 se
1083 2437 1281 2506 ipsum.
1319 2436 1513 2492 Beatus
1539 2477 1555 2502 ,
1594 2437 1803 2508 inquit,
1835 2439 1924 2509 qui
1964 2451 2133 2495 servat

566 2525 720 2579 verba
744 2528 1027 2596 prophetia:
1060 2529 1182 2581 libri
1207 2528 1393 2597 hujus;
1429 2539 1478 2583 et
1506 2546 1598 2600 ego
1622 2531 1729 2600 ipse
1760 2528 2011 2597 Joannes,
2044 2533 2135 2602 qui

566 2615 675 2670 han:
698 2616 801 2671 vidi
823 2628 974 2689 atque
996 2620 1174 2673 audivi
1212 2620 1250 2672 ί.
1274 2618 1539 2675 Joannem
1564 2621 1728 2691 igitur
1755 2622 1901 2676 hunc
1927 2624 2130 2689 vocari,

563 2714 619 2761 et
651 2707 846 2763 librum
891 2725 922 2763 a
969 2708 1176 2766 Joanne
1227 2713 1490 2782 scriptum
1543 2727 1692 2778 esse,
1738 2727 1846 2767 non
1897 2713 2128 2768 inficior.

562 2795 758 2853 Fateor
787 2799 928 2854 enim
953 2801 1123 2854 sancti
1147 2800 1430 2870 cujusdam
1450 2809 1513 2875 ret
1536 2801 1718 2855 divino
1738 2799 1938 2871 Spiritu
1964 2800 2129 2856 afflati

565 2890 664 2944 viri
692 2889 745 2944 id
776 2905 912 2960 opus
936 2907 1072 2946 esse.
1129 2890 1233 2946 Sed
1262 2892 1404 2947 hunc
1442 2893 1618 2962 ipsum
1649 2908 1769 2949 esse
1804 2894 2127 2962 apostolum,

563 2978 804 3036 Zeberlazi
835 2981 1022 3048 tilium,
1054 2981 1238 3037 Jacobi
1284 2982 1530 3050 fratrem,
1566 2984 1722 3051 cujus
1768 2992 1852 3038 est
1887 2983 2126 3054 Evange-

561 3072 693 3126 lium
737 3073 868 3127 illud
912 3073 1056 3143 quod
1101 3075 1384 3128 secundum
1415 3080 1673 3129 Joannem
1715 3075 2029 3131 inscribitur
2073 3086 2127 3132 et

561 3162 799 3233 Epistola
823 3165 1107 3230 catholica,
1139 3167 1282 3219 haud
1309 3166 1465 3221 facile
1487 3168 1870 3223 concesserim.
1902 3166 2037 3222 Nam
2061 3183 2126 3223 ex

560 3255 844 3326 utriusque
875 3256 1033 3326 genio
1063 3265 1115 3311 et
1139 3255 1315 3310 forma
1356 3258 1635 3327 loquendi,
1673 3264 1728 3312 et
1752 3273 1818 3313 ex
1844 3257 2010 3312 libelli
2043 3268 2123 3313 to-

557 3350 666 3405 tius
697 3350 862 3405 ductu
893 3366 957 3406 ac
983 3351 1334 3420 dispositione
1355 3392 1371 3418 ,
1416 3367 1527 3407 non
1567 3368 1735 3406 unum
1767 3353 2125 3422 eumdemque

554 3445 874 3512 scriptorem
898 3460 1017 3499 esse
1044 3445 1296 3513 coniicio.
1324 3442 1531 3514 Quippe
1556 3445 1882 3514 evangelista
1903 3446 2120 3514 quidem

554 3531 745 3587 nullibi
780 3547 976 3587 nomen
1009 3549 1168 3587 suum
1204 3532 1426 3588 ascribit
1461 3551 1474 3587 :
1509 3549 1608 3589 nec
1641 3543 1812 3588 semet
1851 3534 1985 3603 ipse,
2028 3543 2122 3589 aut

554 3626 612 3678 in
656 3622 986 3693 Evangelio,
1029 3623 1204 3677 autin
1246 3622 1484 3693 Epistola
1528 3623 1803 3693 praedicat.
1849 3623 1918 3677 Et
1959 3624 2119 3692 paulo

552 3723 671 3784 post
705 3713 925 3769 subdit:
965 3713 1202 3770 Joannes
1230 3730 1359 3769 vero
1400 3730 1690 3783 nusquam,
1728 3730 1829 3770 nec
1860 3722 2116 3783 tanquam

552 3804 621 3861 de
654 3820 711 3860 se
742 3805 880 3875 ipso,
928 3821 1028 3861 nec
1057 3816 1311 3877 tanquam
1355 3807 1422 3862 de
1449 3807 1636 3861 altero.
1674 3808 1742 3861 At
1770 3807 1859 3863 ille
1895 3807 1989 3877 Qui
2013 3807 2119 3863 lie-

551 3898 870 3953 velationem
902 3898 1146 3967 scripsit,
1194 3899 1248 3951 in
1297 3898 1415 3967 ipso
1445 3899 1623 3952 statim
1654 3899 1877 3953 exordio
1918 3914 2116 3954 nomen

551 4004 708 4044 suum
756 3989 1021 4060 praefigit,
1076 4005 1200 4045 cum
1245 3991 1321 4043 ait
1354 4008 1367 4045 :
1402 3989 1666 4044 Revelatio
1708 3989 1836 4045 Iesu
1880 3990 2113 4060 Christi,

547 4096 707 4151 quam
749 4080 890 4134 dedit
934 4081 1035 4149 ipsi
1075 4078 1153 4133 ut
1186 4080 1365 4150 palam
1407 4080 1598 4148 faceret
1647 4082 1805 4135 servis
1836 4083 1946 4134 suis
1989 4080 2115 4136 cele-

548 4173 712 4238 riter,
772 4180 822 4225 et
869 4171 1187 4242 signiﬁcavit
1243 4173 1452 4224 mittens
1504 4188 1596 4240 per
1664 4172 1907 4243 angelum
1959 4188 2113 4227 suum

543 4263 743 4319 Joanni
781 4283 928 4320 servo
956 4283 1071 4334 suo,
1105 4268 1194 4337 qui
1246 4268 1556 4337 testiﬁcatus
1603 4279 1682 4323 est
1729 4268 1939 4323 verbum
1984 4269 2110 4335 Dei;

543 4371 595 4410 et
626 4359 978 4411 testimonium
1003 4358 1135 4427 ejus,
1167 4375 1483 4428 quascunque
1515 4360 1644 4414 vidit
1675 4364 1717 4416 ².
1743 4361 1825 4417 Ad
1858 4363 1974 4416 haec
2005 4360 2112 4430 epi-

545 4449 737 4503 stolam
777 4449 967 4503 scribit
1012 4467 1026 4504 :
1071 4448 1337 4515 Joannes,
1376 4450 1581 4520 inquit,
1625 4462 1817 4521 septem
1857 4451 2108 4507 Eaclesiis

542 4556 661 4612 ante
693 4550 813 4593 sunt
840 4541 894 4593 in
935 4542 1097 4606 Asia,
1139 4543 1313 4611 gratia
1345 4543 1485 4597 vobis
1525 4554 1574 4598 et
1607 4560 1713 4614 pax
1742 4545 1784 4598 ³.
1827 4542 2109 4615 Evangeli-

544 4644 654 4688 stcs
694 4648 829 4702 .vero
878 4647 947 4688 ne
994 4635 1270 4690 catholicae
1322 4636 1537 4705 quidem
1593 4636 1847 4708 Epistolas
1909 4654 2107 4693 nomen

2234 2078 2580 2144 βασανίσας
2607 2077 2860 2146 γραφὴν,
2889 2076 3186 2132 ἀδύνατον
3205 2074 3273 2127 δὲ
3296 2071 3496 2140 αὐτὴν
3522 2071 3672 2125 κατὰ
3691 2067 3798 2135 τὴν

2238 2172 2554 2239 πρόχειρον
2577 2152 2899 2248 ἀποδείξας
2926 2167 3191 2222 νοεῖσθαι
3221 2163 3517 2228 διάνοιαν,
3540 2158 3796 2230 ἐπιφέρει

2234 2261 2459 2332 λέγων’
2495 2258 2819 2323 Συντελέσας
2847 2260 2910 2331 δὴ
2948 2261 3147 2323 πᾶσαν,
3177 2257 3252 2322 ὡς
3292 2258 3490 2322 εἰπεῖν,
3529 2253 3629 2327 τὴν
3672 2267 3796 2333 sipo:

2236 2351 2483 2423 φητείαν,
2523 2351 2812 2422 μακαρίζει
2842 2352 2870 2403 ὁ
2892 2349 3175 2421 προφήτης
3196 2348 3318 2412 τούς
3340 2365 3404 2401 τε
3433 2346 3795 2417 φυλάσσοντας

2233 2443 2419 2513 αὐτὴν,
2455 2443 2547 2496 καὶ⁹
2577 2442 2642 2513 δὴ
2678 2443 2771 2495 καὶ
2804 2441 3013 2495 ἑαυτόν.
3055 2439 3356 2509 Μακάριος
3384 2438 3525 2511 γὰρ,
3553 2436 3739 2507 φησὶν,
3761 2436 3807 2485 δ’

2232 2529 2425 2599 τηρῶν
2465 2530 2605 2597 τοὺς
2634 2530 2853 2601 λόγους
2883 2529 2992 2599 τῆς
3023 2530 3384 2599 προφητείας
3418 2528 3529 2581 τοῦ
3558 2524 3789 2591 ,ϐιϐλίου

2231 2620 2476 2673 τούτου·
2522 2617 2681 2689 κάγὼ
2725 2617 2996 2686 Ἰωάννης
3035 2622 3067 2673 d
3109 2617 3362 2683 βλέπων
3412 2616 3513 2671 καὶ
3564 2614 3791 2670 ἀκούων

2230 2711 2433 2766 ταῦτα.
2467 2711 2762 2765 Καλεῖσθαι
2790 2711 2887 2783 μὲν
2917 2705 3009 2765 οὖν
3032 2711 3190 2764 αὑτὸν
3236 2711 3515 2781 Ἰωάννην,
3543 2707 3637 2762 καὶ
3660 2702 3788 2758 εἶναι

2229 2808 2326 2879 τὴν
2367 2808 2583 2880 γραφὴν
2635 2808 2880 2862 Ἰωάννου
2914 2807 3138 2880 ταύτην,
3186 2807 3285 2859 οὑκ
3333 2805 3570 2877 ἀντερῶ,
3618 2801 3785 2870 Ἀγίου

2233 2901 2330 2972 μὲν
2371 2901 2481 2972 γὰρ
2526 2895 2664 2953 εἷναί
2705 2916 2850 2964 τινος
2888 2900 2982 2954 καὶ
3022 2898 3382 2952 θεοπνεύστου
3432 2894 3680 2951 συναινῶ.
3714 2891 3791 2944 Οὑ

2231 2991 2335 3063 μὴν
2366 2992 2561 3063 ῥᾳδίως
2588 2991 2652 3047 ἂν
2683 2991 2972 3063 συνθείμην
2997 2990 3182 3044 τοῦτον
3204 2987 3341 3045 εἶναι
3363 2990 3457 3043 τὸν
3480 2985 3780 3048 ἀπόστολον,
3828 3015 3842 3040 ι
3882 3058 3903 3071 Β

2225 3083 2318 3137 τὸν
2362 3084 2475 3138 υἱὸν
2514 3084 2817 3146 Ζεϐεδαίου,
2877 3086 2970 3140 τὸν
3011 3084 3237 3154 ἀδελφὸν
3287 3082 3604 3137 Ἰακὼεου’“
3629 3073 3688 3135 οὖ
3725 3076 3785 3138 τὸ

2226 3175 2550 3246 Εὐαγγέλιω
2581 3177 2642 3230 τὸ
2669 3177 2819 3231 κατὰ
2858 3175 3132 3245 Ἰωάννην
3168 3174 3668 3247 ἐπιγεγραμμένον,
3696 3169 3780 3224 καὶ

2225 3269 2259 3339 ἠ
2311 3269 2593 3341 Ἐπιστολὴ
2625 3272 2658 3342 ἡ
2687 3268 2962 3340 καθολική.
2993 3268 3372 3340 Τεκμαίρομαι
3401 3268 3511 3338 γὰρ
3535 3266 3597 3320 ἐκ
3615 3283 3671 3319 τε
3695 3260 3778 3317 τοῦ

2222 3359 2384 3431 nec»;
2416 3362 2712 3433 ἑκατέρων,
2740 3361 2835 3415 καὶ
2863 3361 2955 3414 τοῦ
2983 3361 3089 3414 τῶν
3120 3361 3290 3429 λόγων
3334 3361 3534 3425 εἴδους,
3570 3359 3662 3412 καὶ
3688 3355 3780 3424 τῆς

2218 3451 2313 3505 τοῦ
2351 3453 2553 3524 βιϐλίου
2596 3454 2928 3525 διεξαγωγῆς
2959 3453 3255 3529 λεγομένης
3284 3454 3420 3527 (‘20),
3463 3454 3536 3525 μὴ
3575 3451 3664 3504 τὸν
3691 3448 3779 3501 αὑ-

2217 3547 2309 3601 τὸν
2355 3545 2511 3603 εἶναι.
2564 3548 2622 3600 '0
2680 3549 2779 3619 μὲν
2827 3548 2936 3620 γὰρ
2985 3548 3393 3619 εὑαγγελιστὴς,
3446 3542 3680 3616 οὐδαμοῦ
3721 3539 3777 3593 τὸ

2216 3638 2384 3709 ὄνομα
2438 3637 2601 3693 αὑτοῦ
2654 3639 3072 3711 παρεγγράφει’
3113 3639 3233 3693 οὐδὲ
3273 3639 3538 3709 κηρύσσει
3574 3634 3774 3696 ἑαυτὸν,

2215 3729 2335 3784 οὔτε
2374 3731 2459 3784 διὰ
2499 3730 2593 3784 τοῦ
2620 3730 2970 3799 Εὐαγγελίου,
3012 3730 3134 3785 οὔτε
3179 3731 3267 3785 διὰ
3305 3733 3405 3803 τῆς
3446 3726 3771 3794 Ἐπιστολῆς.

2214 3817 2338 3874 Εἶθ’
2366 3820 2615 3887 ὑποϐὰς,
2646 3820 2830 3875 πάλιν
2866 3820 3049 3874 ταῦτα
3076 3820 3269 3889 λέγει’
3314 3821 3568 3889 Ἰωάννης
3604 3817 3657 3869 δὲ
3693 3814 3777 3866 οὑ-

2212 3909 2383 3982 δαμοῦ
2429 3910 2547 3966 οὐδὲ
2578 3910 2655 3975 ὡς
2690 3912 2817 3983 περὶ
2859 3911 3071 3976 ἑαυτοῦ,
3107 3911 3227 3965 οὐδὲ
3259 3910 3333 3974 ὡς
3384 3910 3514 3982 περὶ
3557 3908 3768 3967 έτέρου’

2211 4002 2240 4054 ὁ
2282 4002 2338 4055 δὲ
2370 4003 2484 4075 τὴν.
2513 4003 2875 4075 Ἀποκάλυψιν
2912 4003 3147 4075 γράψας,
3193 4003 3356 4066 εὐθύς
3397 4020 3457 4055 τε
3490 3998 3677 4055 ἑαυτὸν
3718 3998 3770 4047 ὲν

2211 4096 2351 4166 ἀρχῇ
2382 4094 2704 4166 προτάσσει·
2751 4094 3150 4163 Ἀποκὰλυψις
3186 4093 3379 4160 Ἰησοῦ
3414 4089 3670 4162 Χριστοῦ
3695 4085 3772 4155 ἣν

2209 4186 2428 4243 ἔδωκεν
2448 4186 2607 4253 αὐτῷ
2633 4186 2821 4252 δεῖξαι
2850 4186 2971 4253 τοῖς
2998 4186 3243 4252 δούλοις
3275 4185 3461 4239 αὐτοῦ
3491 4185 3560 4238 ἐν
3579 4178 3765 4249 τάχει’

2209 4277 2307 4330 καὶ
2324 4277 2630 4347 ἐσήμανεν
2657 4279 3025 4345 ἀποστείλας
3047 4278 3144 4333 διὰ
3172 4277 3279 4331 τοῦ
3306 4276 3564 4349 ἀγγέλου
3592 4268 3767 4327 αὐτοῦ
3808 4348 3809 4351 η

2207 4365 2289 4432 τῷ
2315 4367 2512 4433 δούλῳ
2538 4368 2723 4423 αὐτοῦ
2761 4367 2995 4437 Ἰωάννῃ
3015 4385 3029 4398 ·
3067 4367 3134 4434 ὃς
3154 4368 3529 4437 ἐμαρτύρησε
3555 4363 3658 4419 τὸν
3679 4359 3767 4414 1d-

2207 4476 2318 4528 γον
2358 4460 2462 4514 τοῦ
2496 4460 2665 4524 θεοῦ,
2696 4459 2793 4513 καὶ
2823 4458 2937 4527 τὴν
2967 4460 3302 4528 μαρτυρίαν
3330 4459 3519 4513 αὐτοῦ
3551 4456 3664 4510 ὅσα
3687 4445 3766 4505 εἴ·

2208 4549 2332 4604 δεν.
2349 4547 2482 4604 Εἶτα
2501 4552 2596 4605 καὶ
2620 4552 2907 4623 ἐπιστολὴν
2927 4552 3147 4623 γράφει·
3182 4551 3455 4619 Ἰωάννης
3480 4548 3601 4613 ταῖς
3625 4540 3765 4599 ἑπτὰ

2222 4642 2595 4709 Ἐκκλησίαις
2611 4640 2818 4709 ταῖς-ὲν
2828 4642 2901 4712 τῇ
2917 4644 3094 4709 Ἀσίᾳ,
3110 4642 3280 4711 χάρις
3297 4635 3773 4713 ὑμῖνκαὶείρήνηί

543 4740 703 4780 suum
739 4724 1004 4793 praefixit;
1050 4726 1142 4780 sed
1181 4727 1384 4797 absque
1415 4728 1519 4782 ulla
1554 4728 1839 4785 verborum
1881 4727 2106 4797 ambage

2222 4733 2279 4786 Ὀ
2312 4734 2369 4786 δέ
2404 4751 2465 4803 γε
2506 4735 2914 4807 εὐαγγελιστὴς,
2948 4734 3069 4788 οὐδὲ
3094 4736 3156 4788 τὸ
3213 4734 3323 4807 [ton
3388 4733 3510 4807 τῆς]
3559 4725 3762 4785 καθολι-

540 4814 609 4869 ab
640 4814 760 4885 ipso
799 4815 997 4871 divina:
1046 4817 1388 4873 revelationis
1422 4821 1679 4891 mysterio
1719 4836 1948 4878 exorsus
2000 4831 2099 4877 est.

540 4907 691 4972 Quod
722 4906 847 4977 fuit,
888 4907 1082 4976 inquit,
1126 4908 1190 4961 ab
1220 4910 1408 4974 initio;
1447 4910 1583 4980 quod
1615 4910 1933 4976 audivimus,
1966 4913 2103 4982 quod

537 4997 764 5052 vidimus
788 4999 952 5052 oculis
985 4999 1177 5053 nostris
1209 4999 1251 5054 ⁸.
1304 4998 1385 5056 Ob
1412 5001 1724 5072 hujusmodi
1758 5002 1903 5057 enim
1944 5018 2101 5059 reve-

2211 4823 2312 4894 κῆς
2346 4825 2661 4896 Ἐπιστολῆς
2690 4826 3035 4898 προέγραψεν
3064 4826 3255 4880 ἑαυτοῦ
3287 4827 3347 4881 τὸ
3385 4827 3552 4896 ὄνομα
3574 4840 3587 4853 ·
3634 4813 3761 4874 ἀλλά

2207 4915 2514 4986 ὰπερίττως
2546 4918 2637 4970 ἀπ’
2671 4919 2833 4972 αὐτοῦ
2862 4919 2954 4972 τοῦ
2990 4920 3287 4992 μυστηρίου
3320 4919 3419 4988 τῆς
3452 4917 3598 4979 Θείας
3632 4911 3759 4965 ἀπο·

2208 5005 2489 5075 καλύψεως
2514 5007 2716 5080 ἤρξατο
2732 5027 2745 5041 ⁸
2781 5013 2851 5064 Ὅ
2875 5007 2954 5082 ἦν
2973 5012 3073 5065 ἀπ’
3100 5009 3318 5080 ἀρχῆς,
3352 5010 3384 5064 ὃ
3405 5007 3759 5078 ἀκηκόαμεν.
3871 5019 3877 5029 '

608 5171 626 5204 ι
655 5169 825 5238 Apoc.
854 5185 994 5234 xm,
1022 5170 1079 5238 7,
1100 5171 1154 5226 8.
1216 5128 1253 5211 ’³
1280 5173 1446 5244 Apoc.
1480 5191 1518 5241 ι,
1552 5177 1603 5241 1,
1634 5176 1689 5230 2.
1767 5176 1941 5234 'lbid.
1978 5179 2032 5236 4.
2108 5180 2122 5213 ¹

2222 5179 2367 5237 loan.
2394 5196 2433 5248 ι,
2460 5183 2511 5238 l.

533 5333 831 5419 praeferret.
863 5336 1001 5419 Hinc
1028 5339 1838 5419 immeritolegitsibeupdeegv
1857 5318 2103 5406 Christi)-

536 5403 863 5488 pliorson‘us,
892 5411 1139 5488 tumuliic
1166 5420 1277 5465 tum
1310 5403 1577 5488 infpriore
1605 5403 1724 5488 loco
1748 5403 2098 5488 'Eusebiaiio;

532 5487 662 5560 cum,
683 5480 873 5560 potius
904 5492 972 5560 ex‘
1006 5480 1097 5534 illo
1126 5481 1271 5537 hunc
1292 5480 1596 5560 reformare
1614 5487 1909 5560 debuisset,
1939 5480 2101 5560 quani

532 5543 757 5680 api.ch
766 5545 915 5599 illum
942 5547 1258 5619 depravare.
1292 5551 1492 5610 Vaces.
1532 5557 1600 5611 ad
1638 5555 1839 5613 Euseb.
1885 5543 1980 5615 libi.
2015 5543 2097 5627 ui,

768 5685 1135 5767 Διεξαγωγῆς
1185 5694 1533 5765 λεγομένης.
1593 5694 1709 5751 Hoc
1776 5699 2096 5755 vocabulum

575 5754 814 5833 roprium
842 5754 957 5836 fuit
994 5754 1291 5826 rhetorum,
1324 5754 1398 5819 ἰιι
1444 5754 1546 5819 vox
1594 5767 1683 5821 illa
1729 5768 2026 5841 λεγομένης
2065 5785 2097 5825 a

575 5830 795 5877 ἰοιιγειο
830 5825 1081 5877 adiuncta
1130 5832 1262 5877 satis
1302 5834 1499 5877 imiimi
1553 5835 1613 5877 Fl
1657 5835 1935 5877 Mncnnlnc
1977 5841 2097 5877 ηιιι-

536 5835 795 5890 monysm
830 5835 1081 5894 adjuncta
1130 5835 1262 5887 satis
1302 5835 1521 5890 indicat.
1552 5835 1616 5890 Et
1656 5835 1936 5894 Muscul'us
1977 5835 2099 5910 qui-

533 5889 656 5949 dem
682 5900 965 5951 tractatum
991 5897 1113 5953 libri
1140 5900 1534 5974 interpretatur.
1566 5906 2088 5980 Christopborsouus

2203 5360 2382 5409 autem
2417 5355 2732 5427 discursum.
2772 5356 2883 5427 Ego
2920 5355 3256 5427 διεξαγωγὴν
3302 5356 3441 5411 idem
3474 5364 3592 5427 esse
3632 5360 3754 5427 fel}-

2205 5439 2319 5487 sco,
2355 5426 2501 5499 quod
2514 5411 2965 5499 ⁸ἀίεροείιίοῗιειιι,
2999 5411 3111 5480 sive
3126 5411 3452 5499 oix'ovopiav,
3468 5422 3601 5499 Napi
3621 5411 3753 5499 ρξεξ·

2200 5488 2425 5563 ριγαγεῖν
2478 5488 2638 5550 ἰάθη(
2670 5504 2753 5549 est
2799 5511 2862 5551 ac
2903 5496 3121 5549 διοικεῖν
3153 5539 3168 5563 ,
3223 5507 3282 5551 ιιι
3308 5488 3506 5549 ἐοιίίιὶι
3539 5488 3747 5560 Ξυίόιιξ.

2202 5561 2384 5636 Possis
2409 5566 2568 5636 etiam
2600 5565 2937 5633 interpretari
2977 5561 3202 5620 formam
3241 5574 3296 5619 et
3329 5566 3584 5636 rationem
3626 5567 3750 5636 scrt-

2199 5630 2360 5709 bcndi
2396 5630 2919 5709 seucharacterem,
2944 5637 3086 5705 quod
3128 5637 3412 5709 confirmat
3449 5630 3745 5709 ρίοῐξῖδίυεζ

2203 5701 2400 5776 Primo_
2416 5705 2562 5776 enim
2588 5705 2694 5759 ἀπὸ
2716 5705 2809 5758 τοῦ
2847 5701 3008 5776 ἤθους
3041 5708 3233 5775 probat
3263 5701 3617 5776 Apocalypsip
3646 5703 3745 5776 nul]

2202 5785 2327 5845 esse
2371 5771 2599 5845 Joannis
2629 5765 2880 5842 apostoli:
2930 5765 3131 5831 Deinde
3187 5793 3251 5830 ex
3297 5765 3436 5845 stylo
3469 5765 3533 5845 tet
3582 5765 3749 5845 forma

2203 5842 2498 5912 scribendi,
2526 5844 2578 5900 id
2609 5835 2692 5902 est
2711 5846 3042 5905 ex.dictione
3073 5855 3233 5918 atque
3256 5835 3553 5902 sen'tentiis.
3593 5835 3662 5891 lo.
