4100 6460
293 5624 299 5630 ’
378 5621 543 5690 .enir'n
576 5621 922 5676 scribendum
959 5632 1044 5677 est
1076 5638 1143 5677 ex
1186 5625 1372 5679 codice
1409 5621 1573 5690 Med.,

386 429 534 484 1249

1346 423 1771 481 FRAGMENTA
1806 423 1899 479 EX
1935 423 2160 480 LIBRIS
2189 426 2277 480 DE
2317 425 2627 483 NATUitA.

3506 433 3644 488 19.30

348 570 355 585 υ
462 551 536 602 Z’.
576 548 697 601 Ἔτι
722 547 778 602 δὲ
812 546 907 601 καὶ
961 545 1061 617 τῆς
1095 545 1348 616 φράσεως
1381 544 1479 616 τὴν
1525 545 1789 617 διαφορὰν
1848 545 1963 598 ἐστι

2142 547 2252 602 Vll.
2305 546 2572 601 Praeterea
2617 560 2681 599 cx
2734 545 2972 601 dictione
3022 546 3138 616 ipsa
3187 547 3384 619 conjici
3441 560 3643 621 potest,

378 638 772 711 τεκμήρασθαι
822 636 918 690 τοῦ
951 634 1286 704 Εὐαγγελίου
1335 635 1432 688 καὶ
1482 636 1582 706 τῆς
1654 633 1970 705 Ἐπιστολῆς

384 732 535 804 πρὸς
566 731 665 803 τὴν
708 729 1094 800 Ἀποκάλυψιν.
1115 727 1197 781 Τὰ
1228 729 1323 799 μὲν
1354 727 1466 800 γὰρ
1494 728 1565 783 οὐ.
1585 727 1744 799 μόνον
1773 728 1972 781 ἀπταί-

387 840 537 887 στως
568 821 713 877 κατὰ
731 821 829 892 τὴν
866 820 1130 891 Ἑλλήνων
1156 819 1360 891 φωνὴν,
1393 819 1529 874 ἀλλὰ
1550 819 1645 873 καὶ
1670 818 1973 888 λογιώτατα

382 919 511 978 ταῖς
540 914 739 982 λέξεσι,
787 914 900 977 τοῖς
961 912 1353 984 συλλογισμοῖς,
1396 914 1516 976 ταῖς
1561 911 1846 978 συντάξεσι
1872 912 1971 982 τῆς

383 1005 690 1076 ἑρμηνείας
739 1004 1067 1075 γέγραπταιο
1105 1002 1299 1057 πολλοῦ
1324 1020 1388 1072 γε
1433 1003 1512 1056 δεῖ
1540 1002 1814 1075 βάρϐαρόν
1850 1020 1973 1056 τινα

383 1098 651 1166 φθόγγον,
678 1096 710 1167 ἢ
743 1095 1103 1166 σολοικισμὸν,
1136 1094 1329 1166 ἥόλως
1365 1094 1670 1166 ἰδιωτισμόν
1703 1098 1761 1147 ἐν
1791 1094 1972 1158 αὐτοῖς

384 1189 704 1259 εὑρεθῆναι.
749 1189 1034 1258 Ἑκάτερον
1066 1188 1176 1258 γὰρ
1236 1181 1380 1257 εἶχεν
1437 1187 1511 1252 ὡς
1577 1187 1718 1239 ἔοικε
1764 1187 1853 1239 τὸν
1889 1185 1974 1238 λό-

384 1266 657 1352 γον’(ἓϐγ
681 1281 1020 1352 ἀμφοτέρους
1049 1279 1196 1351 αὐτῴ
1215 1280 1582 1351 χαρισαμένου
1616 1279 1711 1332 τοῦ
1746 1278 1971 1350 Κυρίου,

385 1372 492 1426 τόν
525 1391 583 1425 τε
612 1373 711 1442 τῆς
739 1371 1014 1440 γνώσεως,
1048 1371 1138 1424 τόν
1166 1387 1226 1423 τε
1257 1372 1353 1439 τῆς
1378 1371 1649 1441 φράσεως.
1687 1368 1887 1423 Τοῦτον
1918 1370 1974 1422 δὲ

387 1461 740 1531 ἀποκάλυψιν
767 1461 864 1532 μὲν
888 1460 1210 1531 ἑωρακέναι,
1245 1459 1340 1512 καὶ
1362 1458 1561 1528 γνῶσιν
1581 1460 1859 1531 εἰληφέναι
1880 1460 1975 1511 καὶ

385 1554 734 1627 προφητείαν
758 1554 859 1606 οὐκ
887 1553 1116 1623 ἀντερῶο
1143 1551 1422 1606 διάλεκτον
1450 1551 1632 1622 μέντοι
1686 1552 1780 1605 καὶ
1802 1551 1976 1620 γλῶσ-

390 1665 502 1701 σαν
525 1646 624 1699 οὐκ
654 1646 896 1717 ἀκριϐῶς
952 1644 1364 1716 Ἑλληνίζουσαν
1399 1644 1565 1698 αὑτοῦ
1628 1644 1830 1715 βλέπω·
1859 1643 1973 1697 ἀλλ’

374 1724 656 1809 Αίδιώμασι
713 1737 810 1808 μὲν
864 1737 1214 1808 βαρϐαρικοῖς
1271 1735 1570 1809 χρώμενον,
1611 1738 1704 1791 καί
1739 1752 1841 1789 που
1880 1736 1975 1788 καὶ

388 1830 783 1893 σολοικίζοντα·
820 1830 962 1901 ἆπερ
983 1832 1084 1884 οὐκ
1114 1831 1410 1898 ἀναγκαῖον
1440 1828 1535 1885 νῦν
1560 1829 1826 1898 ἐκλέγειν*
1850 1827 1973 1880 οὐδὲ

383 1922 508 1993 γὰρ
552 1921 945 1986 ἐπισκώπτων,
1002 1925 1076 1995 μή
1132 1941 1219 1988 τις
1278 1923 1506 1997 νομίσῃ,
1565 1921 1736 1975 ταῦτα
1787 1918 1969 1975 εἷπον·

385 2014 535 2068 ἀλλὰ
589 2015 747 2086 μόνον
771 2016 866 2088 τὴν
892 2017 1249 2088 ἀνομοιότητα
1295 2017 1584 2070 διευθύνων
1637 2014 1839 2068 τούτων
1865 2013 1974 2068 τῶν

389 2106 648 2175 γραφῶν.

2072 648 2337 709 quantum
2371 637 2723 708 Evangelium
2757 645 2812 692 et
2843 637 3081 708 Epistola
3118 638 3374 695 diﬂ’erant
3399 640 3468 694 ab
3498 640 3650 711 Apo-

2074 728 2301 799 ealypsi.
2323 726 2460 783 Nam
2482 728 2576 783 illa
2600 726 2818 797 quidem
2844 742 2954 783 non
2980 728 3146 783 modo
3169 731 3474 793 emendate,
3497 732 3646 801 quod

2072 823 2139 876 ad
2173 821 2421 878 Graecum
2449 836 2759 877 sermonem
2808 822 3033 885 attinet,
3087 837 3276 876 verum
3320 824 3483 877 etiam
3517 839 3644 878 cum

2073 928 2286 969 summa
2332 914 2600 984 elegantia
2644 920 2759 967 tum
2792 912 2847 966 in
2878 911 3059 968 verbis
3079 951 3093 977 ,
3129 922 3242 967 tum
3272 912 3326 966 in
3357 928 3647 983 argumen-

2071 1005 2391 1073 tationibus,
2445 1014 2498 1060 et
2561 1006 2616 1060 in
2646 1015 2761 1060 tota
2804 1004 3067 1059 orationis
3100 1005 3493 1074 compositione
3521 1022 3646 1076 per-

2075 1098 2277 1165 scripta
2301 1104 2459 1162 sunt;
2498 1078 2704 1150 tantum
2731 1096 2903 1159 abest,
2936 1104 2997 1150 ut
3022 1095 3396 1151 barbarismus
3424 1097 3643 1167 aliquis,

2076 1195 2170 1240 aut
2198 1186 2560 1251 soloecismus,
2608 1195 2702 1241 aut
2743 1188 2978 1258 denique
3030 1187 3341 1244 idiotismus
3374 1189 3646 1260 quispiam

2076 1277 2129 1329 in
2163 1277 2271 1330 illis
2303 1277 2758 1346 deprehendatur.
2801 1278 3045 1349 Utroque
3076 1280 3222 1334 enim
3246 1280 3505 1350 praeditus
3527 1288 3647 1335 erat

2075 1371 2460 1439 evangelistes,
2516 1386 2768 1426 sermone
2818 1372 3078 1426 nimirum
3112 1387 3175 1427 ac
3209 1373 3468 1441 scientia;
3518 1388 3645 1427 cum

2076 1462 2189 1517 hmc
2222 1461 2331 1517 duo
2359 1462 2460 1532 ipsi
2495 1460 2762 1517 Dominus
2808 1464 3202 1529 concessisset,
3256 1465 3539 1520 scientiam
3573 1463 3650 1519 si-

2074 1554 2189 1607 mul
2219 1563 2273 1609 et
2296 1554 2684 1624 eloquentiam.
2754 1554 2907 1609 lllum
2942 1546 3072 1611 verb
3105 1558 3486 1612 revelationem
3522 1557 3647 1626 qui-

2074 1647 2198 1701 dem
2229 1648 2432 1703 vidisse
2453 1690 2468 1711 ,
2521 1657 2577 1704 et
2603 1649 2884 1703 scientiam
2916 1665 2979 1705 ac
3006 1649 3313 1705 futurorum
3344 1650 3650 1720 praedictio-

2075 1756 2198 1794 nem
2249 1741 2524 1810 accepisse
2554 1758 2661 1796 non
2696 1743 2939 1810 inlicior;
2977 1758 3164 1797 verum
3211 1743 3502 1797 dictionem
3527 1742 3649 1811 ejus

2076 1846 2183 1885 non
2214 1832 2504 1886 admodum
2537 1834 2777 1889 Graecam
2816 1834 3188 1889 animadverto
3208 1875 3223 1899 ,
3277 1835 3369 1889 sed
3402 1834 3649 1889 barbari-

2081 1924 2215 1978 smis
2246 1935 2410 1994 atque
2437 1925 2705 1979 interdum
2737 1926 3062 1980 soloacismis
3095 1926 3455 1996 inquinatam.
3497 1924 3649 1990 Quos

2081 2014 2300 2084 quidem
2336 2015 2388 2068 in
2418 2017 2826 2084 praesentiarum
2876 2031 3187 2086 excerpere,
3224 2017 3645 2086 haudquaquam

2081 2120 2303 2160 necesse
2334 2116 2435 2160 est.
2476 2106 2663 2177 Neque
2703 2108 2847 2161 enim
2896 2107 3263 2163 subsannandi
3308 2108 3489 2164 animo
3533 2109 3650 2162 lucc

390 2215 427 2254 a
460 2215 547 2255 me
576 2201 720 2256 dicta
753 2217 874 2258 esse
897 2202 1189 2274 quisquam
1227 2202 1543 2258 existimet:
1583 2201 1677 2257 sed
1720 2201 1901 2271 potius
1928 2215 1993 2256 eo
2036 2201 2285 2269 consilio,
2324 2209 2384 2256 ut
2433 2202 2722 2273 utriusque
2771 2203 2956 2273 scripti
3003 2202 3501 2259 dissimilitudinem
3552 2219 3649 2256 ex-

392 2292 716 2359 penderem.

1986 2614 2124 2703 II.

1324 2826 1485 2913 EX
1560 2823 1952 2913 LlBRlS
2027 2822 2174 2910 DE
2247 2822 2724 2914 NATURA

1667 3012 1978 3075 Adversus
2013 3014 2384 3093 Epicureos.

523 3185 690 3250 (Apud
714 3172 957 3233 Euserium
981 3173 1261 3245 Prwpa'at.
1304 3192 1472 3245 evang.
1502 3179 1586 3230 lib.
1610 3193 1708 3241 xiv,
1733 3192 1871 3242 capp.
1895 3178 2061 3239 25-27,
2084 3179 2361 3241 interprete
2383 3186 2436 3229 ct
2453 3182 2716 3232 scholiaste
2743 3182 3012 3233 FRANCISCO
3039 3183 3219 3234 Vtczno
3240 3195 3341 3234 soc.
3359 3182 3522 3244 ἔθευ.)

1152 3482 1231 3536 Α⁹.

387 3575 558 3645 Πρὸς
582 3575 721 3641 τοὺς
741 3576 866 3629 κατ’
898 3575 1271 3643 Ἐπίκουρον,
1306 3578 1601 3644 Πρόνοιαν
1622 3576 1741 3644 μὲν
1758 3576 1973 3643 ἀρνου-

461 3646 719 3724 μένους,
753 3646 995 3715 ἀτόμοις
1037 3644 1106 3698 δὲ
1150 3647 1425 3717 σώμασιν
1476 3646 1865 3712 ἀνατιθέντας
1906 3646 1970 3700 τὸ

463 3730 611 3771 παν.

463 3807 706 3878 Πότερον
734 3805 844 3879 (27)
882 3796 941 3863 ἓν
975 3810 1091 3863 ἐστι
1139 3808 1377 3878 συναφὲς
1409 3807 1469 3861 τὸ
1498 3811 1626 3873 πᾶν,
1646 3808 1722 3873 ὡς
1752 3811 1883 3880 ἡμῖν
1914 3825 1975 3862 τε

387 3897 491 3953 καὶ
519 3899 631 3961 τοῖς
680 3899 1029 3966 σοφωτάτοις.
1052 3900 1317 3972 Ἐλλήνων
1363 3900 1609 3956 Πλάτωνι
1642 3901 1737 3955 καὶ
1790 3899 1972 3954 Πυθα-

290 3994 295 3998 ’
388 3990 556 4061 γόρα,
587 3990 679 4042 καὶ
709 3992 820 4053 τοῖς
850 3990 958 4043 ἀπὸ
996 3991 1096 4062 τῆς
1124 3993 1297 4056 Στοᾶς
1322 3993 1417 4046 καὶ
1469 3991 1806 4064 Ἡρακλείτῳ
1850 3993 1974 4062 φαί-

391 4098 567 4136 νεται·
598 4082 633 4153 ἢ
657 4081 770 4145 δύο,
795 4081 871 4146 ὡς
901 4083 1031 4148 ἴσως
1062 4103 1147 4149 τις
1177 4084 1467 4150 ὑπέλαϐεν,
1499 4085 1533 4157 ἢ
1565 4087 1660 4139 καὶ
1693 4085 1863 4139 πολλὰ
1882 4086 1976 4140 καὶ

392 4172 631 4244 ἄπειρα,
668 4171 742 4236 ὣς
763 4180 905 4227 τισίν
926 4173 1108 4238 ἄλλοις
1136 4174 1334 4240 ἔδοξεν,
1385 4174 1436 4227 οἳ
1469 4173 1693 4238 πολλαῖς
1734 4175 1832 4245 τῆς
1860 4174 1976 4228 δια·

392 4266 546 4330 νοίας
598 4258 960 4340 παραφοραῖς,
1009 4268 1104 4322 καὶ
1144 4268 1414 4331 ποικίλαις
1447 4270 1748 4339 προφοραῖς
1781 4268 1978 4339 ὀνομά-

391 4373 505 4410 των
555 4355 656 4428 τὴν
699 4355 809 4411 τῶν
857 4356 994 4413 ὅλων
1055 4357 1415 4431 ἐπεχείρησαν
1482 4359 1977 4431 κατακερματίζειν

391 4446 605 4513 οὐσίαν,
635 4446 861 4521 ἄπειρόν
887 4466 970 4516 τε,
1021 4451 1116 4504 καὶ
1153 4451 1468 4524 ἀγέννητον,
1502 4453 1598 4508 καὶ
1642 4452 1975 4524 ἀπρονόητον

393 4538 770 4619 ὑποτίθενταη
832 4541 896 4619 Οἱ
958 4542 1056 4613 μὲν
1108 4542 1238 4616 γὰρ,
1293 4544 1531 4617 ἀτόμους
1585 4544 1976 4617 προσειπόντες

395 4615 649 4705 ἅφθαρτά
671 4652 792 4688 τινα
824 4615 917 4688 καὶ
946 4615 1285 4708 σμικρότατα
1320 4615 1571 4709 σώματα,
1619 4615 1822 4708 πλῆθος
1844 4636 1977 4692 ἀνά·-

396 4724 591 4794 ριθμα,
623 4723 718 4779 καί
749 4743 803 4779 τι
840 4726 1040 4798 χωρίον
1097 4727 1276 4797 κενὸν,
1313 4728 1541 4800 μέγεθος
1590 4730 1972 4802 ἀπεριόριστον

395 4815 812 4887 προϐαλόμενοι,
842 4815 1043 4883 ταύτας
1077 4819 1140 4891 δή
1177 4836 1307 4890 φασι
1332 4820 1430 4885 τὰς
1471 4820 1726 4891 ἀτόμους,
1750 4820 1824 4883 ὡς
1849 4819 1974 4872 ἔτυ-

280 4920 285 4927 ’
392 4921 488 4976 χεν
520 4907 581 4958 ὲν
614 4905 692 4978 τῷ
717 4907 858 4979 κενῷ
910 4909 1238 4981 φερομένας,
1300 4909 1621 4981 αὐτομάτως
1676 4926 1734 4963 τε
1768 4925 1972 4980 συμπι-

2839 3480 2879 3536 1.

2081 3573 2342 3630 Adversus
2380 3573 2665 3642 Epicureos
2688 3615 2702 3638 ,
2741 3577 2831 3645 qui
2858 3585 2907 3628 et
2938 3573 3335 3628 Providentiam
3372 3575 3646 3645 toilebmtt,

2204 3657 2253 3700 et
2282 3646 2572 3700 individuis
2602 3645 2906 3716 corporibus
2939 3647 3183 3700 universa
3214 3646 3530 3702 tribuebant.

2150 3807 2344 3864 Utrum
2372 3824 2540 3863 unum
2574 3817 2657 3863 est
2681 3816 2843 3879 atque
2871 3816 3054 3877 aptum
3079 3822 3145 3861 ex
3167 3821 3288 3863 sese
3310 3806 3648 3872 universum,

2077 3901 2156 3956 uti
2207 3900 2366 3955 nobis
2408 3899 2832 3970 Graecorumque
2882 3898 3300 3969 sapientissimis
3336 3897 3548 3953 Platoni
3594 3908 3650 3954 et

2078 3991 2429 4065 Pythagoras,
2485 3990 2683 4047 Stoicis
2725 3999 2778 4046 et
2810 3989 3081 4045 Heraclito
3132 3990 3380 4058 videtur;
3415 4006 3483 4044 an
3517 3991 3648 4056 duo,

2079 4081 2541 4155 quemadmodum
2569 4080 2708 4137 forte
2734 4096 2842 4135 non
2870 4096 3033 4135 nemo
3060 4079 3341 4152 cogitarit;
3377 4096 3444 4134 an
3479 4080 3650 4135 multa

2079 4175 2263 4245 potius
2311 4174 2555 4243 adeoque
2599 4171 2846 4236 inﬁnita,
2894 4182 2956 4226 ut
3002 4171 3124 4226 aliis
3173 4171 3497 4242 quibusdam
3533 4171 3651 4242 pla-

2081 4267 2231 4332 cuit,
2285 4265 2376 4335 qui
2412 4264 2657 4334 pluribus
2685 4265 2883 4319 mentis
2908 4262 3217 4331 erroribus,
3267 4279 3332 4318 ac
3356 4260 3522 4318 variis
3552 4278 3652 4334 ap-

2081 4357 2432 4428 pellationum
2462 4355 2673 4422 formis,
2709 4355 2947 4410 universi
2975 4362 3225 4409 naturam
3253 4350 3559 4428 distrahere
3585 4371 3651 4412 ac

2079 4450 2321 4506 lacerare
2365 4449 2569 4516 conati,
2622 4448 2893 4503 inﬁnitum
2920 4448 3050 4502 illud
3079 4462 3234 4515 esse,
3282 4456 3405 4502 ortu
3438 4463 3648 4515 carere,

2081 4555 2180 4595 nec
2225 4541 2338 4594 ullo
2381 4537 2742 4593 Providentiae
2777 4538 3005 4593 consilio
3048 4537 3161 4608 regi
3205 4538 3545 4605 voluerunt?
3582 4536 3650 4592 lli

2080 4628 2227 4686 enim
2273 4640 2516 4697 atomos,
2570 4630 2880 4699 incorrupta
2912 4628 3159 4699 quaedam
3187 4629 3493 4699 exiguaque
3523 4643 3650 4683 cor-

2077 4723 2338 4793 puscula,
2373 4736 2711 4791 numeroque
2739 4720 2951 4775 inﬁnita
2996 4718 3379 4787 nominantes,
3429 4735 3651 4790 unaque

2078 4816 2314 4888 spatium
2340 4814 2560 4885 aliquod
2593 4828 2823 4869 vacuum
2850 4852 2866 4878 ,
2898 4827 3000 4867 nec
3028 4811 3155 4868 ullis
3184 4812 3385 4868 ﬁnibus
3411 4810 3649 4867 cireum-

2079 4908 2340 4978 scriptum
2368 4906 2709 4971 invehentes,
2759 4912 2972 4960 atomos
3002 4903 3122 4959 illas
3154 4892 3424 4971 dictitant,
3456 4903 3561 4959 hoc
3588 4901 3648 4959 in

466 5059 581 5132 (26)
629 5061 746 5115 Τὸν
791 5064 996 5131 λόγον,
1052 5062 1180 5131 τὴν.
1212 5062 1458 5132 γνῶσιν.
1513 5061 1823 5118 Posteriora
1858 5061 1970 5119 duo

2076 5061 2175 5117 tris
2200 5048 2594 5132 fragmentum,
2627 5040 3294 5132 Eusebianteudiligentiaz'
3319 5054 3644 5132 beneﬁcium

393 5132 561 5204 verba
592 5134 963 5204 expungenda
998 5142 1146 5194 sunt.
1193 5134 1393 5204 quippe
1437 5148 1560 5204 quae
1587 5148 1970 5204 sensumgper-

381 5201 638 5267 .turhant,
681 5201 874 5257 nec’iu
914 5201 1227 5271 Mazarino,
1271 5201 1574 5259 Fuketi'ano
1615 5218 1680 5269 ac
1713 5201 1969 5259 Medicam

368 5271 596 5365 12.2910:
604 5272 827 5365 sane
835 5271 1087 5365 esse
1105 5289 1203 5343 ρει·
1240 5273 1498 5365 eam
1531 5273 1970 5365 senatus.“

397 5340 691 5415 Dionysius
721 5340 809 5394 τὸν
847 5340 1146 5415 ἐνδιάθετον
1175 5344 1273 5398 καὶ
1299 5344 1389 5397 τὸν
1406 5340 1753 5415 ’προφορικδν
1777 5340 1932 5411 λόγον
1950 5382 1965 5405 ,

400 5412 452 5465 id
481 5410 566 5465 est
593 5410 855 5482 rationem
880 5413 1078 5482 quaejn
1113 5423 1296 5468 mente
1323 5410 1615 5468 recondita
1632 5421 1735 5479 est,
1768 5422 1822 5466 et
1847 5410 1968 5482 qua:

401 5495 651 5553 sermone
680 5480 974 5553 profertur.
1004 5481 1118 5553 Hoc
1139 5491 1245 5549 est,
1272 5484 1420 5553 quod
1450 5484 1733 5553 subjungit
1760 5480 1966 5553 Diony-

403 5550 536 5632 sius,
568 5550 745 5633 rdv'ts
776 5552 875 5622 τῆς
918 5550 1190 5620 γνώσεως,
1218 5550 1307 5608 τόν
1349 5571 1408 5607 τε
1438 5555 1536 5625 τῆς
1554 5550 1837 5677 φράσεως.
1875 5550 1967 5634 Sic

403 5635 543 5673 enim
576 5622 922 5676 scribendum
959 5632 1044 5677 est
1076 5638 1143 5677 ex
1186 5625 1372 5678 codice
1409 5623 1573 5678 Med..
1649 5623 1765 5678 uk..
1797 5623 1964 5676 Savd.

1649 5623 1765 5689 dk.,
1797 5623 1964 5676 Savil.

405 5700 461 5763 et
497 5688 657 5763 Μυκη
689 5706 797 5745 non
822 5700 906 5763 put
938 5693 1100 5763 vulgo
1146 5693 1373 5763 legitur,
1417 5694 1508 5747 τόν
1539 5688 1600 5746 τε
1630 5694 1729 5763 τῆς
1752 5688 1965 5762 σοφίας,

404 5758 576 5831 τόντε
602 5762 701 5830 τῆς
732 5761 1003 5829 γνώσεως,
1028 5758 1233 5831 absque
1262 5758 1372 5818 ullo
1401 5780 1585 5818 sensu.
1609 5758 1808 5818 Vates.

471 5828 580 5901 (27)
605 5828 881 5900 Πότερον,
904 5850 957 5885 κ.
1000 5849 1049 5885 τ.
1083 5833 1131 5885 λ.
1146 5828 1597 5890 Ῥυιοιιει-τίῑηυιη
1634 5835 1734 5889 hoc
1772 5832 1830 5888 S.
1868 5833 1970 5888 Pa.

2075 5140 2160 5187 est
2190 5150 2203 5201 ι
2237 5124 2347 5201 (ιιῖο
2391 5124 2634 5201 alioqui,
2678 5138 2874 5199 praeter
2915 5129 3019 5183 alia
3064 5124 3322 5201 pigrique
3354 5124 3646 5201 sapientis-

2077 5200 2204 5257 simi
2241 5194 2344 5256 viri
2371 5194 2729 5266 monimenta,
2764 5194 3097 5254 careremus.
3130 5194 3398 5266 Vtcan—
3417 5194 3499 5266 Ad
3527 5195 3645 5250 haec

2075 5279 2335 5342 excerpta
2392 5264 2724 5342 Dionysiana
2777 5270 2862 5342 sic,
2909 5267 3250 5342 proloquitur
3304 5264 3573 5342 Eusebius
3600 5280 3640 5342 _:

2082 5361 2101 5393 ι
2135 5332 2292 5396 Nunc
2317 5340 2471 5409 juvat
2510 5332 2577 5396 e'x
2624 5338 2866 5410 Dionysii
2892 5332 3175 5410 episcopi,
3206 5332 3648 5410 homin_is_Chri—

2074 5402 2739 5482 Stianam'philosophiam
2766 5402 3034 5482 'professi,
3066 5402 3229 5476 opere
3260 5406 3406 5482 quod
3440 5402 3519 5458 De
3547 5420 3648 5482 no-

2075 5492 2198 5537 tura
2223 5476 2572 5551 conscripsit,
2608 5476 2802 5551 pauea‘
2826 5477 3072 5551 quaedam
3092 5491 3145 5551 _e
3174 5476 3361 5531 multis
3388 5489 3510 5551 quae
3543 5476 3644 5530 ad-

2073 5566 2264 5608 versus
2309 5547 2625 5621 Epicurumi
2659 5547 2936 5621 disputat,
2986 5547 3645 5621 subjungere._Tu_vero

2071 5624 2190 5693 ejus
2217 5614 2830 5693 ipsissimaperlegeIL
2837 5614 3124 5693 Inscriptio
3167 5614 3298 5693 vero
3338 5614 3645 5693 Eusebiana

2072 5686 2145 5747 ita
2171 5686 2421 5748 se'hahet
2451 5708 2464 5742 :
2498 5686 2745 5742 ’Ᾱπὺτῶν
2778 5687 2917 5755 Περὶ
2948 5689 3187 5755 φύσεως
3221 5686 3493 5740 Διονυσίου
3523 5688 3644 5739 ἑπι-

2073 5765 2276 5816 σκόπου
2324 5759 2742 5830 Ἀλεξανδρείας.
2777 5757 2862 5830 ξπ
2887 5757 3126 5828 Dionysii
3154 5756 3504 5812 Alexandrini
3535 5758 3645 5821 epi-

2071 5835 2214 5899 scopi
2245 5834 2394 5887 libris
2420 5832 2495 5885 De
2521 5828 2737 5884 natura.
2770 5828 2938 5882 GALL.
3080 5848 3081 5851 η
