  <div class='ocr_page' id='page_1' title='image "/cluster/home/n/w/nwhite01/storage/ocr_20150623/10/coo.31924054872894/637.png"; bbox 0 0 4100 6410; ppageno 0'>
   <div class='ocr_carea' id='block_1_1' title="bbox 556 361 3795 433">
    <p class='ocr_par' dir='ltr' id='par_1_1' title="bbox 556 361 3795 433">
     <span class='ocr_line' id='line_1_1' title="bbox 556 361 3795 433; baseline 0.002 -12"><span class='ocrx_word' id='word_1_1' title='bbox 556 367 686 427; x_wconf 61' lang='grc' dir='ltr'>δεδι</span> <span class='ocrx_word' id='word_1_2' title='bbox 1534 368 1594 422; x_wconf 89' lang='lat' dir='ltr'><strong>S.</strong></span> <span class='ocrx_word' id='word_1_3' title='bbox 1635 364 1930 421; x_wconf 70' lang='lat' dir='ltr'><strong>DIONYSII</strong></span> <span class='ocrx_word' id='word_1_4' title='bbox 1968 361 2275 420; x_wconf 81' lang='lat' dir='ltr'><strong>EPISCOPI</strong></span> <span class='ocrx_word' id='word_1_5' title='bbox 2314 364 2782 424; x_wconf 72' lang='lat' dir='ltr'><strong>ALEXANDRINI</strong></span> <span class='ocrx_word' id='word_1_6' title='bbox 3654 368 3795 433; x_wconf 52' lang='lat'><strong>1352</strong></span> 
     </span>
    </p>
   </div>
   <div class='ocr_carea' id='block_1_2' title="bbox 554 483 2104 563">
    <p class='ocr_par' dir='ltr' id='par_1_2' title="bbox 554 483 2104 555">
     <span class='ocr_line' id='line_1_2' title="bbox 554 483 2104 555; baseline 0.001 -18"><span class='ocrx_word' id='word_1_7' title='bbox 554 498 729 539; x_wconf 79' lang='lat' dir='ltr'><strong>vacuo</strong></span> <span class='ocrx_word' id='word_1_8' title='bbox 758 491 958 538; x_wconf 89' lang='lat' dir='ltr'><strong>temere</strong></span> <span class='ocrx_word' id='word_1_9' title='bbox 982 483 1108 538; x_wconf 88' lang='lat' dir='ltr'><strong>dum</strong></span> <span class='ocrx_word' id='word_1_10' title='bbox 1136 483 1416 550; x_wconf 81' lang='lat' dir='ltr'><strong>feruntur,</strong></span> <span class='ocrx_word' id='word_1_11' title='bbox 1445 483 1575 538; x_wconf 89' lang='lat' dir='ltr'><strong>dum</strong></span> <span class='ocrx_word' id='word_1_12' title='bbox 1603 500 1732 540; x_wconf 88' lang='lat' dir='ltr'><strong>casu</strong></span> <span class='ocrx_word' id='word_1_13' title='bbox 1758 494 1977 555; x_wconf 76' lang='lat' dir='ltr'><strong>propter</strong></span> <span class='ocrx_word' id='word_1_14' title='bbox 2004 485 2104 539; x_wconf 90' lang='lat' dir='ltr'><strong>im-</strong></span> 
     </span>
    </p>
   </div>
   <div class='ocr_carea' id='block_1_3' title="bbox 2203 483 3796 563">
    <p class='ocr_par' dir='ltr' id='par_1_3' title="bbox 2217 484 3796 563">
     <span class='ocr_line' id='line_1_3' title="bbox 2217 484 3796 563; baseline 0.008 -27"><span class='ocrx_word' id='word_1_15' title='bbox 2217 484 2455 548; x_wconf 86' lang='grc' dir='ltr'>πτούσας</span> <span class='ocrx_word' id='word_1_16' title='bbox 2489 485 2746 557; x_wconf 82' lang='grc' dir='ltr'><strong>ἀλλήλαις</strong></span> <span class='ocrx_word' id='word_1_17' title='bbox 2773 487 2862 542; x_wconf 78' lang='grc' dir='ltr'>διὰ</span> <span class='ocrx_word' id='word_1_18' title='bbox 2886 485 3064 560; x_wconf 77' lang='grc' dir='ltr'>ῥύμην</span> <span class='ocrx_word' id='word_1_19' title='bbox 3086 489 3341 551; x_wconf 79' lang='grc' dir='ltr'><strong>ἄτακτον,</strong></span> <span class='ocrx_word' id='word_1_20' title='bbox 3373 490 3472 545; x_wconf 76' lang='grc' dir='ltr'>καὶ</span> <span class='ocrx_word' id='word_1_21' title='bbox 3499 492 3796 563; x_wconf 65' lang='grc' dir='ltr'>συμπλεκος</span> 
     </span>
    </p>
   </div>
   <div class='ocr_carea' id='block_1_4' title="bbox 550 574 2104 651">
    <p class='ocr_par' dir='ltr' id='par_1_4' title="bbox 550 576 2104 646">
     <span class='ocr_line' id='line_1_4' title="bbox 550 576 2104 646; baseline 0.001 -17"><span class='ocrx_word' id='word_1_22' title='bbox 550 586 711 646; x_wconf 88' lang='lat' dir='ltr'><strong>petus</strong></span> <span class='ocrx_word' id='word_1_23' title='bbox 736 576 1192 646; x_wconf 87' lang='lat' dir='ltr'><strong>perturbationem</strong></span> <span class='ocrx_word' id='word_1_24' title='bbox 1221 578 1340 632; x_wconf 56' lang='lat' dir='ltr'><strong>alia</strong></span> <span class='ocrx_word' id='word_1_25' title='bbox 1361 593 1485 632; x_wconf 91' lang='lat' dir='ltr'><strong>cum</strong></span> <span class='ocrx_word' id='word_1_26' title='bbox 1513 578 1639 631; x_wconf 90' lang='lat' dir='ltr'><strong>aliis</strong></span> <span class='ocrx_word' id='word_1_27' title='bbox 1677 585 2031 639; x_wconf 89' lang='lat' dir='ltr'><strong>concurrunt,</strong></span> <span class='ocrx_word' id='word_1_28' title='bbox 2057 592 2104 631; x_wconf 76' lang='lat' dir='ltr'><strong>at</strong></span> 
     </span>
    </p>
   </div>
   <div class='ocr_carea' id='block_1_5' title="bbox 2203 574 3791 651">
    <p class='ocr_par' dir='ltr' id='par_1_5' title="bbox 2229 574 3791 651">
     <span class='ocr_line' id='line_1_5' title="bbox 2229 574 3791 651; baseline 0.005 -24"><span class='ocrx_word' id='word_1_29' title='bbox 2229 575 2394 644; x_wconf 86' lang='grc' dir='ltr'>μένας</span> <span class='ocrx_word' id='word_1_30' title='bbox 2427 574 2516 628; x_wconf 75' lang='grc' dir='ltr'><strong>διὰ</strong></span> <span class='ocrx_word' id='word_1_31' title='bbox 2542 576 2601 629; x_wconf 83' lang='grc' dir='ltr'><strong>τὸ</strong></span> <span class='ocrx_word' id='word_1_32' title='bbox 2626 576 2992 648; x_wconf 86' lang='grc' dir='ltr'>πολύσχημον,</span> <span class='ocrx_word' id='word_1_33' title='bbox 3041 578 3283 649; x_wconf 81' lang='grc' dir='ltr'>ἀλλήλων</span> <span class='ocrx_word' id='word_1_34' title='bbox 3311 579 3791 651; x_wconf 74' lang='grc' dir='ltr'>ἐπιλαμϐάνεσθαι,</span> 
     </span>
    </p>
   </div>
   <div class='ocr_carea' id='block_1_6' title="bbox 551 666 2104 742">
    <p class='ocr_par' dir='ltr' id='par_1_6' title="bbox 551 668 2104 739">
     <span class='ocr_line' id='line_1_6' title="bbox 551 668 2104 739; baseline -0.001 -18"><span class='ocrx_word' id='word_1_35' title='bbox 551 677 776 739; x_wconf 79' lang='lat' dir='ltr'><strong>propter</strong></span> <span class='ocrx_word' id='word_1_36' title='bbox 806 668 1155 736; x_wconf 74' lang='lat' dir='ltr'><strong>multiplicem</strong></span> <span class='ocrx_word' id='word_1_37' title='bbox 1186 668 1412 738; x_wconf 81' lang='lat' dir='ltr'><strong>ﬁguram</strong></span> <span class='ocrx_word' id='word_1_38' title='bbox 1446 669 1584 723; x_wconf 91' lang='lat' dir='ltr'><strong>inter</strong></span> <span class='ocrx_word' id='word_1_39' title='bbox 1610 682 1730 723; x_wconf 87' lang='lat' dir='ltr'><strong>sese</strong></span> <span class='ocrx_word' id='word_1_40' title='bbox 1757 668 2104 724; x_wconf 87' lang='lat' dir='ltr'><strong>commiscen-</strong></span> 
     </span>
    </p>
   </div>
   <div class='ocr_carea' id='block_1_7' title="bbox 2203 666 3794 742">
    <p class='ocr_par' dir='ltr' id='par_1_7' title="bbox 2223 666 3794 742">
     <span class='ocr_line' id='line_1_7' title="bbox 2223 666 3794 742; baseline 0.008 -24"><span class='ocrx_word' id='word_1_41' title='bbox 2223 666 2319 718; x_wconf 74' lang='grc' dir='ltr'>καὶ</span> <span class='ocrx_word' id='word_1_42' title='bbox 2352 666 2492 719; x_wconf 83' lang='grc' dir='ltr'>οὓτω</span> <span class='ocrx_word' id='word_1_43' title='bbox 2517 666 2610 728; x_wconf 71' lang='grc' dir='ltr'><strong>τόν</strong></span> <span class='ocrx_word' id='word_1_44' title='bbox 2629 684 2690 719; x_wconf 88' lang='grc' dir='ltr'><strong>τε</strong></span> <span class='ocrx_word' id='word_1_45' title='bbox 2718 667 2921 738; x_wconf 82' lang='grc' dir='ltr'>κόσμον</span> <span class='ocrx_word' id='word_1_46' title='bbox 2953 670 3046 722; x_wconf 72' lang='grc' dir='ltr'><strong>καὶ</strong></span> <span class='ocrx_word' id='word_1_47' title='bbox 3092 668 3169 722; x_wconf 79' lang='grc' dir='ltr'>τὰ.</span> <span class='ocrx_word' id='word_1_48' title='bbox 3186 672 3243 723; x_wconf 80' lang='grc' dir='ltr'><strong>ἐν</strong></span> <span class='ocrx_word' id='word_1_49' title='bbox 3276 670 3448 741; x_wconf 79' lang='grc' dir='ltr'>αὐτῷ,</span> <span class='ocrx_word' id='word_1_50' title='bbox 3516 672 3714 742; x_wconf 83' lang='grc' dir='ltr'>μᾶλλον</span> <span class='ocrx_word' id='word_1_51' title='bbox 3743 676 3794 730; x_wconf 83' lang='grc' dir='ltr'>δὲ</span> 
     </span>
    </p>
   </div>
   <div class='ocr_carea' id='block_1_8' title="bbox 555 757 2104 834">
    <p class='ocr_par' dir='ltr' id='par_1_8' title="bbox 555 757 2104 826">
     <span class='ocr_line' id='line_1_8' title="bbox 555 757 2104 826; baseline 0.001 -17"><span class='ocrx_word' id='word_1_52' title='bbox 555 768 665 820; x_wconf 86' lang='lat' dir='ltr'><strong>tur,</strong></span> <span class='ocrx_word' id='word_1_53' title='bbox 702 773 825 812; x_wconf 91' lang='lat' dir='ltr'><strong>cum</strong></span> <span class='ocrx_word' id='word_1_54' title='bbox 850 757 1255 826; x_wconf 84' lang='lat' dir='ltr'><strong>apprehendere</strong></span> <span class='ocrx_word' id='word_1_55' title='bbox 1284 766 1475 812; x_wconf 89' lang='lat' dir='ltr'><strong>mutuo</strong></span> <span class='ocrx_word' id='word_1_56' title='bbox 1503 772 1645 823; x_wconf 90' lang='lat' dir='ltr'><strong>sese,</strong></span> <span class='ocrx_word' id='word_1_57' title='bbox 1675 766 1789 811; x_wconf 91' lang='lat' dir='ltr'><strong>tum</strong></span> <span class='ocrx_word' id='word_1_58' title='bbox 1820 757 1965 811; x_wconf 87' lang='lat' dir='ltr'><strong>hunc</strong></span> <span class='ocrx_word' id='word_1_59' title='bbox 1989 771 2104 825; x_wconf 86' lang='lat' dir='ltr'><strong>quo</strong></span> 
     </span>
    </p>
   </div>
   <div class='ocr_carea' id='block_1_9' title="bbox 2203 757 3793 834">
    <p class='ocr_par' dir='ltr' id='par_1_9' title="bbox 2222 757 3793 834">
     <span class='ocr_line' id='line_1_9' title="bbox 2222 757 3793 834; baseline 0.006 -25"><span class='ocrx_word' id='word_1_60' title='bbox 2222 758 2457 827; x_wconf 83' lang='grc' dir='ltr'><strong>κόσμους</strong></span> <span class='ocrx_word' id='word_1_61' title='bbox 2482 757 2741 829; x_wconf 83' lang='grc' dir='ltr'><strong>ἀπείρους</strong></span> <span class='ocrx_word' id='word_1_62' title='bbox 2798 759 3096 814; x_wconf 87' lang='grc' dir='ltr'>ἀποτελεῖν.</span> <span class='ocrx_word' id='word_1_63' title='bbox 3143 761 3358 831; x_wconf 79' lang='grc' dir='ltr'><strong>Ταύτης</strong></span> <span class='ocrx_word' id='word_1_64' title='bbox 3402 761 3464 815; x_wconf 82' lang='grc' dir='ltr'>δὲ</span> <span class='ocrx_word' id='word_1_65' title='bbox 3518 763 3619 832; x_wconf 82' lang='grc' dir='ltr'><strong>τῆς</strong></span> <span class='ocrx_word' id='word_1_66' title='bbox 3647 764 3793 834; x_wconf 76' lang='grc' dir='ltr'>δόξης</span> 
     </span>
    </p>
   </div>
   <div class='ocr_carea' id='block_1_10' title="bbox 551 847 2104 925">
    <p class='ocr_par' dir='ltr' id='par_1_10' title="bbox 551 847 2104 918">
     <span class='ocr_line' id='line_1_10' title="bbox 551 847 2104 918; baseline -0.001 -16"><span class='ocrx_word' id='word_1_67' title='bbox 551 865 659 918; x_wconf 90' lang='lat' dir='ltr'><strong>quc</strong></span> <span class='ocrx_word' id='word_1_68' title='bbox 705 847 1006 913; x_wconf 90' lang='lat' dir='ltr'><strong>mundum,</strong></span> <span class='ocrx_word' id='word_1_69' title='bbox 1056 864 1283 917; x_wconf 72' lang='lat' dir='ltr'><strong>quzequc</strong></span> <span class='ocrx_word' id='word_1_70' title='bbox 1337 849 1456 918; x_wconf 90' lang='lat' dir='ltr'><strong>ipso</strong></span> <span class='ocrx_word' id='word_1_71' title='bbox 1503 850 1850 903; x_wconf 71' lang='lat' dir='ltr'><strong>continentur</strong></span> <span class='ocrx_word' id='word_1_72' title='bbox 1890 850 2104 915; x_wconf 70' lang='lat' dir='ltr'><strong>omnia1</strong></span> 
     </span>
    </p>
   </div>
   <div class='ocr_carea' id='block_1_11' title="bbox 2203 847 3792 925">
    <p class='ocr_par' dir='ltr' id='par_1_11' title="bbox 2233 848 3792 925">
     <span class='ocr_line' id='line_1_11' title="bbox 2233 848 3792 925; baseline 0.007 -26"><span class='ocrx_word' id='word_1_73' title='bbox 2233 848 2550 920; x_wconf 85' lang='grc' dir='ltr'>Ἐπίκουρος</span> <span class='ocrx_word' id='word_1_74' title='bbox 2601 849 2855 925; x_wconf 72' lang='grc' dir='ltr'>γεγόνασι</span> <span class='ocrx_word' id='word_1_75' title='bbox 2904 851 2996 904; x_wconf 74' lang='grc' dir='ltr'><strong>καὶ</strong></span> <span class='ocrx_word' id='word_1_76' title='bbox 3045 853 3403 925; x_wconf 66' lang='grc' dir='ltr'>Δημόκριτοςε</span> <span class='ocrx_word' id='word_1_77' title='bbox 3463 853 3714 909; x_wconf 80' lang='grc' dir='ltr'>τοσοῦτον</span> <span class='ocrx_word' id='word_1_78' title='bbox 3740 857 3792 910; x_wconf 79' lang='grc' dir='ltr'>δὲ</span> 
     </span>
    </p>
   </div>
   <div class='ocr_carea' id='block_1_12' title="bbox 552 922 2104 1013">
    <p class='ocr_par' dir='ltr' id='par_1_12' title="bbox 552 939 2104 994">
     <span class='ocr_line' id='line_1_12' title="bbox 552 939 2104 994; baseline 0.001 -2"><span class='ocrx_word' id='word_1_79' title='bbox 552 939 663 993; x_wconf 88' lang='lat' dir='ltr'><strong>imo</strong></span> <span class='ocrx_word' id='word_1_80' title='bbox 710 956 838 993; x_wconf 87' lang='lat' dir='ltr'><strong>vero</strong></span> <span class='ocrx_word' id='word_1_81' title='bbox 882 940 1114 993; x_wconf 91' lang='lat' dir='ltr'><strong>mundos</strong></span> <span class='ocrx_word' id='word_1_82' title='bbox 1142 942 1306 993; x_wconf 85' lang='lat' dir='ltr'><strong>etiam</strong></span> <span class='ocrx_word' id='word_1_83' title='bbox 1354 940 1596 994; x_wconf 81' lang='lat' dir='ltr'><strong>inﬁnitos</strong></span> <span class='ocrx_word' id='word_1_84' title='bbox 1627 939 1854 994; x_wconf 68' lang='lat' dir='ltr'><strong>edicere.</strong></span> <span class='ocrx_word' id='word_1_85' title='bbox 1914 940 2030 994; x_wconf 85' lang='lat' dir='ltr'><strong>Hac</strong></span> <span class='ocrx_word' id='word_1_86' title='bbox 2060 940 2104 994; x_wconf 78' lang='lat' dir='ltr'><strong>in</strong></span> 
     </span>
    </p>
   </div>
   <div class='ocr_carea' id='block_1_13' title="bbox 2203 922 3790 1013">
    <p class='ocr_par' dir='ltr' id='par_1_13' title="bbox 2218 922 3790 1013">
     <span class='ocr_line' id='line_1_13' title="bbox 2218 922 3790 1013; baseline 0.006 -23"><span class='ocrx_word' id='word_1_87' title='bbox 2218 937 2579 1009; x_wconf 84' lang='grc' dir='ltr'>διεφώνησαν,</span> <span class='ocrx_word' id='word_1_88' title='bbox 2602 922 2611 937; x_wconf 55' lang='grc'><strong><em>⁸</em></strong></span> <span class='ocrx_word' id='word_1_89' title='bbox 2631 941 2753 993; x_wconf 78' lang='grc' dir='ltr'>ὅσον</span> <span class='ocrx_word' id='word_1_90' title='bbox 2778 943 2806 994; x_wconf 85' lang='grc' dir='ltr'>ὀ</span> <span class='ocrx_word' id='word_1_91' title='bbox 2838 942 2955 1012; x_wconf 83' lang='grc' dir='ltr'>μὲν,</span> <span class='ocrx_word' id='word_1_92' title='bbox 2988 922 3275 1013; x_wconf 77' lang='grc' dir='ltr'>ἐλαχίστας</span> <span class='ocrx_word' id='word_1_93' title='bbox 3325 944 3533 1008; x_wconf 85' lang='grc' dir='ltr'>πάσας,</span> <span class='ocrx_word' id='word_1_94' title='bbox 3593 947 3688 999; x_wconf 70' lang='grc' dir='ltr'><strong>καὶ</strong></span> <span class='ocrx_word' id='word_1_95' title='bbox 3710 947 3790 1000; x_wconf 83' lang='grc' dir='ltr'>διὰ</span> 
     </span>
    </p>
   </div>
   <div class='ocr_carea' id='block_1_14' title="bbox 549 1029 2113 1101">
    <p class='ocr_par' dir='ltr' id='par_1_14' title="bbox 549 1029 2113 1101">
     <span class='ocr_line' id='line_1_14' title="bbox 549 1029 2113 1101; baseline 0.001 -16"><span class='ocrx_word' id='word_1_96' title='bbox 549 1031 813 1085; x_wconf 88' lang='lat' dir='ltr'><strong>sententia</strong></span> <span class='ocrx_word' id='word_1_97' title='bbox 861 1029 1127 1100; x_wconf 83' lang='lat' dir='ltr'><strong>Epicurus</strong></span> <span class='ocrx_word' id='word_1_98' title='bbox 1179 1030 1627 1101; x_wconf 89' lang='lat' dir='ltr'><strong>Democritusque</strong></span> <span class='ocrx_word' id='word_1_99' title='bbox 1681 1031 1881 1086; x_wconf 81' lang='lat' dir='ltr'><strong>versati</strong></span> <span class='ocrx_word' id='word_1_100' title='bbox 1936 1031 2113 1086; x_wconf 82' lang='lat' dir='ltr'><strong>sunt:</strong></span> 
     </span>
    </p>
   </div>
   <div class='ocr_carea' id='block_1_15' title="bbox 539 1121 2115 1192">
    <p class='ocr_par' dir='ltr' id='par_1_15' title="bbox 539 1121 2115 1192">
     <span class='ocr_line' id='line_1_15' title="bbox 539 1121 2115 1192; baseline 0.001 -16"><span class='ocrx_word' id='word_1_101' title='bbox 539 1121 651 1176; x_wconf 74' lang='lat' dir='ltr'><strong>hoc</strong></span> <span class='ocrx_word' id='word_1_102' title='bbox 680 1137 788 1177; x_wconf 91' lang='lat' dir='ltr'><strong>uno</strong></span> <span class='ocrx_word' id='word_1_103' title='bbox 810 1121 1145 1192; x_wconf 70' lang='lat' dir='ltr'><strong>discrimine,</strong></span> <span class='ocrx_word' id='word_1_104' title='bbox 1178 1123 1324 1192; x_wconf 91' lang='lat' dir='ltr'><strong>quod</strong></span> <span class='ocrx_word' id='word_1_105' title='bbox 1352 1121 1620 1192; x_wconf 89' lang='lat' dir='ltr'><strong>Epicurus</strong></span> <span class='ocrx_word' id='word_1_106' title='bbox 1648 1121 1902 1177; x_wconf 90' lang='lat' dir='ltr'><strong>minimas</strong></span> <span class='ocrx_word' id='word_1_107' title='bbox 1926 1137 2115 1177; x_wconf 90' lang='lat' dir='ltr'><strong>omnes</strong></span> 
     </span>
    </p>
   </div>
   <div class='ocr_carea' id='block_1_16' title="bbox 543 1137 2113 1283">
    <p class='ocr_par' dir='ltr' id='par_1_16' title="bbox 543 1137 2113 1283">
     <span class='ocr_line' id='line_1_16' title="bbox 543 1137 2113 1192; baseline 0.001 -16"><span class='ocrx_word' id='word_1_108' title='bbox 543 1137 651 1176; x_wconf 81' lang='lat' dir='ltr'><strong>noc</strong></span> <span class='ocrx_word' id='word_1_109' title='bbox 680 1137 788 1177; x_wconf 90' lang='lat' dir='ltr'><strong>uno</strong></span> <span class='ocrx_word' id='word_1_110' title='bbox 810 1137 895 1177; x_wconf 83' lang='lat' dir='ltr'><strong>OIS</strong></span> <span class='ocrx_word' id='word_1_111' title='bbox 959 1137 1145 1188; x_wconf 77' lang='lat' dir='ltr'><strong>lmine,</strong></span> <span class='ocrx_word' id='word_1_112' title='bbox 1178 1137 1324 1192; x_wconf 87' lang='lat' dir='ltr'><strong>quou</strong></span> <span class='ocrx_word' id='word_1_113' title='bbox 1352 1137 1620 1192; x_wconf 58' lang='lat' dir='ltr'><strong>epicurus</strong></span> <span class='ocrx_word' id='word_1_114' title='bbox 1648 1138 1902 1177; x_wconf 79' lang='lat' dir='ltr'><strong>minimas</strong></span> <span class='ocrx_word' id='word_1_115' title='bbox 1926 1137 2113 1177; x_wconf 89' lang='lat' dir='ltr'><strong>omnes</strong></span> 
     </span>
     <span class='ocr_line' id='line_1_17' title="bbox 543 1137 2113 1283; baseline 0.001 -17"><span class='ocrx_word' id='word_1_116' title='bbox 543 1222 757 1267; x_wconf 82' lang='lat' dir='ltr'><strong>atomos</strong></span> <span class='ocrx_word' id='word_1_117' title='bbox 777 1254 792 1277; x_wconf 92' lang='lat'><strong>,</strong></span> <span class='ocrx_word' id='word_1_118' title='bbox 824 1137 1068 1283; x_wconf 50' lang='lat' dir='ltr'><strong>qzrsque</strong></span> <span class='ocrx_word' id='word_1_119' title='bbox 1098 1223 1383 1283; x_wconf 77' lang='lat' dir='ltr'><strong>propterea</strong></span> <span class='ocrx_word' id='word_1_120' title='bbox 1428 1229 1622 1269; x_wconf 89' lang='lat' dir='ltr'><strong>sensus</strong></span> <span class='ocrx_word' id='word_1_121' title='bbox 1646 1230 1753 1268; x_wconf 90' lang='lat' dir='ltr'><strong>non</strong></span> <span class='ocrx_word' id='word_1_122' title='bbox 1785 1214 2113 1282; x_wconf 80' lang='lat' dir='ltr'><strong>attingeret;</strong></span> 
     </span>
    </p>
   </div>
   <div class='ocr_carea' id='block_1_17' title="bbox 546 1302 2110 1359">
    <p class='ocr_par' dir='ltr' id='par_1_17' title="bbox 546 1302 2110 1359">
     <span class='ocr_line' id='line_1_18' title="bbox 546 1302 2110 1359; baseline -0.001 -2"><span class='ocrx_word' id='word_1_123' title='bbox 546 1302 888 1359; x_wconf 82' lang='lat' dir='ltr'><strong>Democritus</strong></span> <span class='ocrx_word' id='word_1_124' title='bbox 921 1305 1212 1358; x_wconf 90' lang='lat' dir='ltr'><strong>nonnullas</strong></span> <span class='ocrx_word' id='word_1_125' title='bbox 1255 1305 1443 1358; x_wconf 83' lang='lat' dir='ltr'><strong>saltem</strong></span> <span class='ocrx_word' id='word_1_126' title='bbox 1490 1304 1757 1358; x_wconf 82' lang='lat' dir='ltr'><strong>maximas</strong></span> <span class='ocrx_word' id='word_1_127' title='bbox 1786 1318 1908 1359; x_wconf 89' lang='lat' dir='ltr'><strong>esse</strong></span> <span class='ocrx_word' id='word_1_128' title='bbox 1936 1304 2110 1358; x_wconf 80' lang='lat' dir='ltr'><strong>vellet.</strong></span> 
     </span>
    </p>
   </div>
   <div class='ocr_carea' id='block_1_18' title="bbox 543 1394 2115 1463">
    <p class='ocr_par' dir='ltr' id='par_1_18' title="bbox 543 1394 2115 1463">
     <span class='ocr_line' id='line_1_19' title="bbox 543 1394 2115 1463; baseline -0.001 -14"><span class='ocrx_word' id='word_1_129' title='bbox 543 1395 812 1450; x_wconf 65' lang='lat' dir='ltr'><strong>Creterum</strong></span> <span class='ocrx_word' id='word_1_130' title='bbox 841 1395 1149 1450; x_wconf 85' lang='lat' dir='ltr'><strong>individuas</strong></span> <span class='ocrx_word' id='word_1_131' title='bbox 1182 1396 1303 1449; x_wconf 84' lang='lat' dir='ltr'><strong>illas</strong></span> <span class='ocrx_word' id='word_1_132' title='bbox 1329 1404 1382 1449; x_wconf 87' lang='lat' dir='ltr'><strong>et</strong></span> <span class='ocrx_word' id='word_1_133' title='bbox 1408 1394 1512 1449; x_wconf 91' lang='lat' dir='ltr'><strong>dici</strong></span> <span class='ocrx_word' id='word_1_134' title='bbox 1543 1406 1596 1449; x_wconf 89' lang='lat' dir='ltr'><strong>et</strong></span> <span class='ocrx_word' id='word_1_135' title='bbox 1621 1410 1764 1460; x_wconf 87' lang='lat' dir='ltr'><strong>esse,</strong></span> <span class='ocrx_word' id='word_1_136' title='bbox 1789 1402 2007 1463; x_wconf 82' lang='lat' dir='ltr'><strong>prOpter</strong></span> <span class='ocrx_word' id='word_1_137' title='bbox 2032 1394 2115 1447; x_wconf 90' lang='lat' dir='ltr'><strong>in-</strong></span> 
     </span>
    </p>
   </div>
   <div class='ocr_carea' id='block_1_19' title="bbox 545 1480 2114 1553">
    <p class='ocr_par' dir='ltr' id='par_1_19' title="bbox 545 1480 2114 1553">
     <span class='ocr_line' id='line_1_20' title="bbox 545 1480 2114 1553; baseline -0.003 -14"><span class='ocrx_word' id='word_1_138' title='bbox 545 1485 916 1539; x_wconf 83' lang='lat' dir='ltr'><strong>dissolubilem</strong></span> <span class='ocrx_word' id='word_1_139' title='bbox 942 1498 1131 1539; x_wconf 81' lang='lat' dir='ltr'><strong>carum</strong></span> <span class='ocrx_word' id='word_1_140' title='bbox 1157 1485 1491 1548; x_wconf 79' lang='lat' dir='ltr'><strong>ﬁrmitatem,</strong></span> <span class='ocrx_word' id='word_1_141' title='bbox 1515 1495 1743 1553; x_wconf 84' lang='lat' dir='ltr'><strong>uterque</strong></span> <span class='ocrx_word' id='word_1_142' title='bbox 1773 1482 1948 1536; x_wconf 88' lang='lat' dir='ltr'><strong>docet.</strong></span> <span class='ocrx_word' id='word_1_143' title='bbox 1974 1480 2114 1535; x_wconf 86' lang='lat' dir='ltr'><strong>Sunt</strong></span> 
     </span>
    </p>
   </div>
   <div class='ocr_carea' id='block_1_20' title="bbox 546 1573 2119 1646">
    <p class='ocr_par' dir='ltr' id='par_1_20' title="bbox 546 1573 2119 1646">
     <span class='ocr_line' id='line_1_21' title="bbox 546 1573 2119 1646; baseline -0.004 -15"><span class='ocrx_word' id='word_1_144' title='bbox 546 1586 760 1639; x_wconf 86' lang='lat' dir='ltr'><strong>tamen,</strong></span> <span class='ocrx_word' id='word_1_145' title='bbox 785 1577 879 1646; x_wconf 91' lang='lat' dir='ltr'><strong>qui</strong></span> <span class='ocrx_word' id='word_1_146' title='bbox 906 1585 1217 1631; x_wconf 87' lang='lat' dir='ltr'><strong>atomorum</strong></span> <span class='ocrx_word' id='word_1_147' title='bbox 1248 1577 1471 1630; x_wconf 83' lang='lat' dir='ltr'><strong>nomine</strong></span> <span class='ocrx_word' id='word_1_148' title='bbox 1495 1590 1723 1645; x_wconf 88' lang='lat' dir='ltr'><strong>corpora</strong></span> <span class='ocrx_word' id='word_1_149' title='bbox 1752 1573 2001 1643; x_wconf 69' lang='lat' dir='ltr'><strong>quaedam</strong></span> <span class='ocrx_word' id='word_1_150' title='bbox 2032 1573 2119 1626; x_wconf 84' lang='lat' dir='ltr'><strong>in-</strong></span> 
     </span>
    </p>
   </div>
   <div class='ocr_carea' id='block_1_21' title="bbox 545 1664 2115 1743">
    <p class='ocr_par' dir='ltr' id='par_1_21' title="bbox 545 1664 2115 1743">
     <span class='ocr_line' id='line_1_22' title="bbox 545 1664 2115 1743; baseline -0.004 -19"><span class='ocrx_word' id='word_1_151' title='bbox 545 1671 832 1743; x_wconf 79' lang='lat' dir='ltr'><strong>telligunt,</strong></span> <span class='ocrx_word' id='word_1_152' title='bbox 885 1687 1006 1739; x_wconf 69' lang='lat' dir='ltr'><strong>quae</strong></span> <span class='ocrx_word' id='word_1_153' title='bbox 1047 1671 1293 1739; x_wconf 90' lang='lat' dir='ltr'><strong>partibus</strong></span> <span class='ocrx_word' id='word_1_154' title='bbox 1320 1677 1540 1724; x_wconf 84' lang='lat' dir='ltr'><strong>careant</strong></span> <span class='ocrx_word' id='word_1_155' title='bbox 1568 1669 1682 1737; x_wconf 91' lang='lat' dir='ltr'><strong>ipsa</strong></span> <span class='ocrx_word' id='word_1_156' title='bbox 1719 1668 1968 1737; x_wconf 88' lang='lat' dir='ltr'><strong>quidem,</strong></span> <span class='ocrx_word' id='word_1_157' title='bbox 2006 1664 2115 1719; x_wconf 90' lang='lat' dir='ltr'><strong>sint</strong></span> 
     </span>
    </p>
   </div>
   <div class='ocr_carea' id='block_1_22' title="bbox 544 1758 2110 1830">
    <p class='ocr_par' dir='ltr' id='par_1_22' title="bbox 544 1758 2110 1830">
     <span class='ocr_line' id='line_1_23' title="bbox 544 1758 2110 1830; baseline -0.003 -17"><span class='ocrx_word' id='word_1_158' title='bbox 544 1771 724 1814; x_wconf 89' lang='lat' dir='ltr'><strong>tamen</strong></span> <span class='ocrx_word' id='word_1_159' title='bbox 759 1761 996 1814; x_wconf 88' lang='lat' dir='ltr'><strong>universi</strong></span> <span class='ocrx_word' id='word_1_160' title='bbox 1028 1770 1239 1830; x_wconf 86' lang='lat' dir='ltr'><strong>partes;</strong></span> <span class='ocrx_word' id='word_1_161' title='bbox 1296 1776 1362 1815; x_wconf 76' lang='lat' dir='ltr'><strong>ex</strong></span> <span class='ocrx_word' id='word_1_162' title='bbox 1394 1760 1593 1829; x_wconf 86' lang='lat' dir='ltr'><strong>quibus</strong></span> <span class='ocrx_word' id='word_1_163' title='bbox 1617 1798 1632 1822; x_wconf 91' lang='lat'><strong>,</strong></span> <span class='ocrx_word' id='word_1_164' title='bbox 1666 1758 1954 1812; x_wconf 66' lang='lat' dir='ltr'><strong>individua“:</strong></span> <span class='ocrx_word' id='word_1_165' title='bbox 1986 1772 2110 1810; x_wconf 89' lang='lat' dir='ltr'><strong>cum</strong></span> 
     </span>
    </p>
   </div>
   <div class='ocr_carea' id='block_1_23' title="bbox 543 1849 2113 1920">
    <p class='ocr_par' dir='ltr' id='par_1_23' title="bbox 543 1849 2113 1920">
     <span class='ocr_line' id='line_1_24' title="bbox 543 1849 2113 1920; baseline -0.004 -14"><span class='ocrx_word' id='word_1_166' title='bbox 543 1852 687 1917; x_wconf 76' lang='lat' dir='ltr'><strong>sint,</strong></span> <span class='ocrx_word' id='word_1_167' title='bbox 739 1850 967 1906; x_wconf 81' lang='lat' dir='ltr'><strong>conﬂata</strong></span> <span class='ocrx_word' id='word_1_168' title='bbox 1015 1853 1247 1920; x_wconf 87' lang='lat' dir='ltr'><strong>primum</strong></span> <span class='ocrx_word' id='word_1_169' title='bbox 1282 1851 1501 1913; x_wconf 90' lang='lat' dir='ltr'><strong>omnia,</strong></span> <span class='ocrx_word' id='word_1_170' title='bbox 1536 1851 1591 1903; x_wconf 91' lang='lat' dir='ltr'><strong>in</strong></span> <span class='ocrx_word' id='word_1_171' title='bbox 1632 1849 1848 1905; x_wconf 90' lang='lat' dir='ltr'><strong>easdem</strong></span> <span class='ocrx_word' id='word_1_172' title='bbox 1894 1862 2113 1918; x_wconf 91' lang='lat' dir='ltr'><strong>quoque</strong></span> 
     </span>
    </p>
   </div>
   <div class='ocr_carea' id='block_1_24' title="bbox 544 1939 2114 2013">
    <p class='ocr_par' dir='ltr' id='par_1_24' title="bbox 544 1939 2114 2013">
     <span class='ocr_line' id='line_1_25' title="bbox 544 1939 2114 2013; baseline -0.003 -17"><span class='ocrx_word' id='word_1_173' title='bbox 544 1945 932 1998; x_wconf 76' lang='lat' dir='ltr'><strong>dissolvantur.</strong></span> <span class='ocrx_word' id='word_1_174' title='bbox 977 1942 1201 2011; x_wconf 90' lang='lat' dir='ltr'><strong>llarum,</strong></span> <span class='ocrx_word' id='word_1_175' title='bbox 1231 1951 1393 2013; x_wconf 91' lang='lat' dir='ltr'><strong>prout</strong></span> <span class='ocrx_word' id='word_1_176' title='bbox 1417 1942 1663 2012; x_wconf 91' lang='lat' dir='ltr'><strong>partibus</strong></span> <span class='ocrx_word' id='word_1_177' title='bbox 1689 1949 1906 2005; x_wconf 87' lang='lat' dir='ltr'><strong>carent,</strong></span> <span class='ocrx_word' id='word_1_178' title='bbox 1936 1939 2114 1993; x_wconf 88' lang='lat' dir='ltr'><strong>nomi-</strong></span> 
     </span>
    </p>
   </div>
   <div class='ocr_carea' id='block_1_25' title="bbox 2218 1028 3791 1105">
    <p class='ocr_par' dir='ltr' id='par_1_25' title="bbox 2218 1028 3791 1105">
     <span class='ocr_line' id='line_1_26' title="bbox 2218 1028 3791 1105; baseline 0.005 -25"><span class='ocrx_word' id='word_1_179' title='bbox 2218 1028 2376 1081; x_wconf 78' lang='grc' dir='ltr'>τοῦτο</span> <span class='ocrx_word' id='word_1_180' title='bbox 2408 1029 2858 1100; x_wconf 66' lang='grc' dir='ltr'>ἀνεπαισθήτους</span> <span class='ocrx_word' id='word_1_181' title='bbox 2888 1032 2918 1083; x_wconf 84' lang='grc' dir='ltr'><strong>ό</strong></span> <span class='ocrx_word' id='word_1_182' title='bbox 2944 1031 3001 1084; x_wconf 82' lang='grc' dir='ltr'>δὲ</span> <span class='ocrx_word' id='word_1_183' title='bbox 3021 1032 3376 1104; x_wconf 73' lang='grc' dir='ltr'>Δημόκριτος,</span> <span class='ocrx_word' id='word_1_184' title='bbox 3413 1034 3515 1087; x_wconf 51' lang='grc' dir='ltr'><strong>καὶ⁵</strong></span> <span class='ocrx_word' id='word_1_185' title='bbox 3540 1034 3791 1105; x_wconf 78' lang='grc' dir='ltr'><strong>μεγίστας</strong></span> 
     </span>
    </p>
   </div>
   <div class='ocr_carea' id='block_1_26' title="bbox 2216 1115 3790 1194">
    <p class='ocr_par' dir='ltr' id='par_1_26' title="bbox 2216 1115 3790 1194">
     <span class='ocr_line' id='line_1_27' title="bbox 2216 1115 3790 1194; baseline 0.004 -22"><span class='ocrx_word' id='word_1_186' title='bbox 2216 1115 2363 1173; x_wconf 75' lang='grc' dir='ltr'>εἷναί,</span> <span class='ocrx_word' id='word_1_187' title='bbox 2386 1137 2535 1184; x_wconf 87' lang='grc' dir='ltr'>τινας</span> <span class='ocrx_word' id='word_1_188' title='bbox 2568 1120 2804 1190; x_wconf 84' lang='grc' dir='ltr'><strong>ἀτόμους</strong></span> <span class='ocrx_word' id='word_1_189' title='bbox 2834 1122 3123 1176; x_wconf 76' lang='grc' dir='ltr'>ὑπέλαϐεν.</span> <span class='ocrx_word' id='word_1_190' title='bbox 3169 1123 3434 1193; x_wconf 81' lang='grc' dir='ltr'>Ἀτόμους</span> <span class='ocrx_word' id='word_1_191' title='bbox 3454 1124 3512 1177; x_wconf 82' lang='grc' dir='ltr'>δὲ</span> <span class='ocrx_word' id='word_1_192' title='bbox 3545 1121 3681 1177; x_wconf 81' lang='grc' dir='ltr'>εἷναί</span> <span class='ocrx_word' id='word_1_193' title='bbox 3704 1143 3790 1194; x_wconf 71' lang='grc' dir='ltr'><strong>φα-</strong></span> 
     </span>
    </p>
   </div>
   <div class='ocr_carea' id='block_1_27' title="bbox 2218 1210 3787 1289">
    <p class='ocr_par' dir='ltr' id='par_1_27' title="bbox 2218 1210 3787 1289">
     <span class='ocr_line' id='line_1_28' title="bbox 2218 1210 3787 1289; baseline 0.006 -28"><span class='ocrx_word' id='word_1_194' title='bbox 2218 1225 2300 1261; x_wconf 91' lang='grc' dir='ltr'><strong>σιν</strong></span> <span class='ocrx_word' id='word_1_195' title='bbox 2333 1210 2654 1281; x_wconf 74' lang='grc' dir='ltr'>ἀμφότεροι,</span> <span class='ocrx_word' id='word_1_196' title='bbox 2687 1211 2780 1265; x_wconf 77' lang='grc' dir='ltr'><strong>καὶ</strong></span> <span class='ocrx_word' id='word_1_197' title='bbox 2832 1211 3103 1281; x_wconf 82' lang='grc' dir='ltr'>λέγεσθαι·</span> <span class='ocrx_word' id='word_1_198' title='bbox 3129 1213 3216 1267; x_wconf 88' lang='grc' dir='ltr'><strong>διὰ</strong></span> <span class='ocrx_word' id='word_1_199' title='bbox 3267 1215 3365 1285; x_wconf 80' lang='grc' dir='ltr'>τὴν</span> <span class='ocrx_word' id='word_1_200' title='bbox 3411 1216 3610 1270; x_wconf 81' lang='grc' dir='ltr'>ἄλυτον</span> <span class='ocrx_word' id='word_1_201' title='bbox 3642 1221 3787 1289; x_wconf 76' lang='grc' dir='ltr'>στερ-</span> 
     </span>
    </p>
   </div>
   <div class='ocr_carea' id='block_1_28' title="bbox 2218 1301 3785 1379">
    <p class='ocr_par' dir='ltr' id='par_1_28' title="bbox 2218 1301 3785 1379">
     <span class='ocr_line' id='line_1_29' title="bbox 2218 1301 3785 1379; baseline 0.031 -33"><span class='ocrx_word' id='word_1_202' title='bbox 2218 1301 2437 1370; x_wconf 77' lang='grc' dir='ltr'>ρότητα,</span> <span class='ocrx_word' id='word_1_203' title='bbox 2472 1304 2534 1355; x_wconf 87' lang='grc' dir='ltr'>Οἱ</span> <span class='ocrx_word' id='word_1_204' title='bbox 2564 1302 2643 1367; x_wconf 85' lang='grc' dir='ltr'><strong>δὲ,</strong></span> <span class='ocrx_word' id='word_1_205' title='bbox 2674 1303 2772 1366; x_wconf 84' lang='grc' dir='ltr'>τὰς</span> <span class='ocrx_word' id='word_1_206' title='bbox 2796 1304 3032 1374; x_wconf 81' lang='grc' dir='ltr'>ἀτόμους</span> <span class='ocrx_word' id='word_1_207' title='bbox 3065 1306 3161 1375; x_wconf 81' lang='grc' dir='ltr'><strong>μὲν</strong></span> <span class='ocrx_word' id='word_1_208' title='bbox 3185 1307 3579 1377; x_wconf 67' lang='grc' dir='ltr'><strong>ὀνομάσαντεςν</strong></span> <span class='ocrx_word' id='word_1_209' title='bbox 3613 1309 3785 1379; x_wconf 69' lang='grc' dir='ltr'>ἀμερῆ</span> 
     </span>
    </p>
   </div>
   <div class='ocr_carea' id='block_1_29' title="bbox 2216 1386 3786 1469">
    <p class='ocr_par' dir='ltr' id='par_1_29' title="bbox 2216 1386 3786 1469">
     <span class='ocr_line' id='line_1_30' title="bbox 2216 1386 3786 1469; baseline 0.006 -26"><span class='ocrx_word' id='word_1_210' title='bbox 2216 1394 2381 1458; x_wconf 78' lang='grc' dir='ltr'>φασὶν</span> <span class='ocrx_word' id='word_1_211' title='bbox 2409 1386 2819 1464; x_wconf 63' lang='grc' dir='ltr'>εἶναισῶματα,</span> <span class='ocrx_word' id='word_1_212' title='bbox 2852 1394 2944 1447; x_wconf 82' lang='grc' dir='ltr'>τοῦ</span> <span class='ocrx_word' id='word_1_213' title='bbox 2973 1397 3171 1460; x_wconf 88' lang='grc' dir='ltr'>παντὸς</span> <span class='ocrx_word' id='word_1_214' title='bbox 3208 1398 3370 1469; x_wconf 83' lang='grc' dir='ltr'>μέρη,</span> <span class='ocrx_word' id='word_1_215' title='bbox 3406 1400 3466 1464; x_wconf 79' lang='grc' dir='ltr'><strong>ἐξ</strong></span> <span class='ocrx_word' id='word_1_216' title='bbox 3514 1392 3590 1452; x_wconf 86' lang='grc' dir='ltr'>ὧν</span> <span class='ocrx_word' id='word_1_217' title='bbox 3623 1400 3786 1453; x_wconf 86' lang='grc' dir='ltr'>ἀδιαι-</span> 
     </span>
    </p>
   </div>
   <div class='ocr_carea' id='block_1_30' title="bbox 2218 1477 3785 1557">
    <p class='ocr_par' dir='ltr' id='par_1_30' title="bbox 2218 1477 3785 1557">
     <span class='ocr_line' id='line_1_31' title="bbox 2218 1477 3785 1557; baseline 0.007 -20"><span class='ocrx_word' id='word_1_218' title='bbox 2218 1486 2391 1555; x_wconf 87' lang='grc' dir='ltr'>ρέτων</span> <span class='ocrx_word' id='word_1_219' title='bbox 2418 1486 2586 1541; x_wconf 72' lang='grc' dir='ltr'>ὄντων</span> <span class='ocrx_word' id='word_1_220' title='bbox 2641 1477 2947 1541; x_wconf 75' lang='grc' dir='ltr'>συντίθεται</span> <span class='ocrx_word' id='word_1_221' title='bbox 3001 1487 3069 1541; x_wconf 84' lang='grc' dir='ltr'>τὰ</span> <span class='ocrx_word' id='word_1_222' title='bbox 3104 1491 3299 1552; x_wconf 83' lang='grc' dir='ltr'>πάντα,</span> <span class='ocrx_word' id='word_1_223' title='bbox 3335 1492 3433 1544; x_wconf 72' lang='grc' dir='ltr'><strong>καὶ</strong></span> <span class='ocrx_word' id='word_1_224' title='bbox 3479 1495 3561 1557; x_wconf 79' lang='grc' dir='ltr'><strong>είς</strong></span> <span class='ocrx_word' id='word_1_225' title='bbox 3602 1494 3638 1547; x_wconf 76' lang='grc' dir='ltr'><strong>ἃ</strong></span> <span class='ocrx_word' id='word_1_226' title='bbox 3677 1494 3785 1547; x_wconf 82' lang='grc' dir='ltr'>δια-</span> 
     </span>
    </p>
   </div>
   <div class='ocr_carea' id='block_1_31' title="bbox 2215 1577 3867 1655">
    <p class='ocr_par' dir='ltr' id='par_1_31' title="bbox 2215 1577 3867 1655">
     <span class='ocr_line' id='line_1_32' title="bbox 2215 1577 3867 1655; baseline 0.006 -25"><span class='ocrx_word' id='word_1_227' title='bbox 2215 1577 2422 1635; x_wconf 87' lang='grc' dir='ltr'>λύεται.</span> <span class='ocrx_word' id='word_1_228' title='bbox 2456 1580 2568 1632; x_wconf 72' lang='grc' dir='ltr'><strong>Καὶ</strong></span> <span class='ocrx_word' id='word_1_229' title='bbox 2589 1580 2792 1633; x_wconf 78' lang='grc' dir='ltr'>τούτων</span> <span class='ocrx_word' id='word_1_230' title='bbox 2838 1582 2970 1650; x_wconf 76' lang='grc' dir='ltr'>φασὶ</span> <span class='ocrx_word' id='word_1_231' title='bbox 2995 1580 3105 1633; x_wconf 88' lang='grc' dir='ltr'><strong>τῶν</strong></span> <span class='ocrx_word' id='word_1_232' title='bbox 3131 1582 3353 1653; x_wconf 78' lang='grc' dir='ltr'>ἀμερῶν</span> <span class='ocrx_word' id='word_1_233' title='bbox 3405 1585 3786 1655; x_wconf 68' lang='grc' dir='ltr'>ὀνοματοποτδν</span> <span class='ocrx_word' id='word_1_234' title='bbox 3862 1628 3867 1633; x_wconf 82' lang='lat'><strong>.</strong></span> 
     </span>
    </p>
   </div>
   <div class='ocr_carea' id='block_1_32' title="bbox 2212 1670 3782 1744">
    <p class='ocr_par' dir='ltr' id='par_1_32' title="bbox 2212 1670 3782 1744">
     <span class='ocr_line' id='line_1_33' title="bbox 2212 1670 3782 1744; baseline 0.006 -23"><span class='ocrx_word' id='word_1_235' title='bbox 2212 1670 2476 1739; x_wconf 83' lang='grc' dir='ltr'><strong>Διόδωρον</strong></span> <span class='ocrx_word' id='word_1_236' title='bbox 2529 1673 2831 1740; x_wconf 78' lang='grc' dir='ltr'>γεγονέναι·</span> <span class='ocrx_word' id='word_1_237' title='bbox 2886 1672 3057 1744; x_wconf 70' lang='grc' dir='ltr'>ὄνομα</span> <span class='ocrx_word' id='word_1_238' title='bbox 3113 1676 3192 1734; x_wconf 83' lang='grc' dir='ltr'><strong>δὲ,</strong></span> <span class='ocrx_word' id='word_1_239' title='bbox 3225 1677 3408 1744; x_wconf 62' lang='grc' dir='ltr'>φασιν,</span> <span class='ocrx_word' id='word_1_240' title='bbox 3447 1678 3636 1741; x_wconf 78' lang='grc' dir='ltr'>αὐτοῖς</span> <span class='ocrx_word' id='word_1_241' title='bbox 3664 1678 3782 1732; x_wconf 76' lang='grc' dir='ltr'>ἄλλο</span> 
     </span>
    </p>
   </div>
   <div class='ocr_carea' id='block_1_33' title="bbox 2225 1761 3778 1839">
    <p class='ocr_par' dir='ltr' id='par_1_33' title="bbox 2225 1761 3778 1839">
     <span class='ocr_line' id='line_1_34' title="bbox 2225 1761 3778 1839; baseline 0.005 -27"><span class='ocrx_word' id='word_1_242' title='bbox 2225 1761 2578 1831; x_wconf 84' lang='grc' dir='ltr'>Ἡρακλείδης</span> <span class='ocrx_word' id='word_1_243' title='bbox 2637 1761 2894 1833; x_wconf 81' lang='grc' dir='ltr'>θέμενος,</span> <span class='ocrx_word' id='word_1_244' title='bbox 2941 1764 3197 1818; x_wconf 80' lang='grc' dir='ltr'>ἐκάλεσεν</span> <span class='ocrx_word' id='word_1_245' title='bbox 3251 1767 3484 1833; x_wconf 72' lang='grc' dir='ltr'>ὄγκους,</span> <span class='ocrx_word' id='word_1_246' title='bbox 3550 1769 3678 1839; x_wconf 78' lang='grc' dir='ltr'>παρ’</span> <span class='ocrx_word' id='word_1_247' title='bbox 3721 1762 3778 1823; x_wconf 70' lang='grc' dir='ltr'>οὗ</span> 
     </span>
    </p>
   </div>
   <div class='ocr_carea' id='block_1_34' title="bbox 2146 1813 3781 1925">
    <p class='ocr_par' dir='ltr' id='par_1_34' title="bbox 2146 1813 3781 1925">
     <span class='ocr_line' id='line_1_35' title="bbox 2146 1813 3781 1925; baseline 0.005 -24"><span class='ocrx_word' id='word_1_248' title='bbox 2146 1813 2188 1868; x_wconf 73' lang='grc' dir='ltr'><strong>Β</strong></span> <span class='ocrx_word' id='word_1_249' title='bbox 2212 1813 2309 1903; x_wconf 66' lang='grc' dir='ltr'><strong>καί</strong></span> <span class='ocrx_word' id='word_1_250' title='bbox 2355 1813 2761 1921; x_wconf 69' lang='grc' dir='ltr'>Ἀσκληπιάδης</span> <span class='ocrx_word' id='word_1_251' title='bbox 2782 1813 2787 1815; x_wconf 53' lang='grc'>⁷</span> <span class='ocrx_word' id='word_1_252' title='bbox 2810 1813 2857 1902; x_wconf 57' lang='grc' dir='ltr'><strong>δ’</strong></span> <span class='ocrx_word' id='word_1_253' title='bbox 2881 1813 3097 1923; x_wconf 45' lang='lat' dir='ltr'><strong>est:</strong></span> <span class='ocrx_word' id='word_1_254' title='bbox 3112 1813 3520 1925; x_wconf 35' lang='lat' dir='ltr'><strong>etesias;</strong></span> <span class='ocrx_word' id='word_1_255' title='bbox 3557 1813 3781 1909; x_wconf 43' lang='lat' dir='ltr'><strong>&quot;Qui;</strong></span> 
     </span>
    </p>
   </div>
   <div class='ocr_carea' id='block_1_35' title="bbox 2220 1938 2461 2010">
    <p class='ocr_par' dir='ltr' id='par_1_35' title="bbox 2220 1938 2461 2010">
     <span class='ocr_line' id='line_1_36' title="bbox 2220 1938 2461 2010; baseline 0 -18"><span class='ocrx_word' id='word_1_256' title='bbox 2220 1955 2297 2009; x_wconf 84' lang='grc' dir='ltr'><strong>μα</strong></span> <span class='ocrx_word' id='word_1_257' title='bbox 2330 1938 2461 2010; x_wconf 77' lang='grc'><strong>(28).</strong></span> 
     </span>
    </p>
   </div>
   <div class='ocr_carea' id='block_1_36' title="bbox 543 2028 3780 2104">
    <p class='ocr_par' dir='ltr' id='par_1_36' title="bbox 543 2028 3780 2104">
     <span class='ocr_line' id='line_1_37' title="bbox 543 2028 3780 2104; baseline 0.001 -17"><span class='ocrx_word' id='word_1_258' title='bbox 543 2036 630 2087; x_wconf 88' lang='lat' dir='ltr'><strong>nis</strong></span> <span class='ocrx_word' id='word_1_259' title='bbox 666 2042 942 2088; x_wconf 85' lang='lat' dir='ltr'><strong>auctorem</strong></span> <span class='ocrx_word' id='word_1_260' title='bbox 973 2033 1179 2089; x_wconf 85' lang='lat' dir='ltr'><strong>faciunt</strong></span> <span class='ocrx_word' id='word_1_261' title='bbox 1211 2033 1505 2089; x_wconf 89' lang='lat' dir='ltr'><strong>Diodorum</strong></span> <span class='ocrx_word' id='word_1_262' title='bbox 1536 2051 1551 2087; x_wconf 90' lang='lat'><strong>:</strong></span> <span class='ocrx_word' id='word_1_263' title='bbox 1585 2048 1679 2088; x_wconf 89' lang='lat' dir='ltr'><strong>eas</strong></span> <span class='ocrx_word' id='word_1_264' title='bbox 1700 2048 1849 2096; x_wconf 86' lang='lat' dir='ltr'><strong>vero,</strong></span> <span class='ocrx_word' id='word_1_265' title='bbox 1880 2031 1989 2086; x_wconf 89' lang='lat' dir='ltr'><strong>alio</strong></span> <span class='ocrx_word' id='word_1_266' title='bbox 2013 2028 2256 2093; x_wconf 90' lang='lat' dir='ltr'><strong>nomine,</strong></span> <span class='ocrx_word' id='word_1_267' title='bbox 2281 2030 2495 2099; x_wconf 73' lang='grc' dir='ltr'>ὄγκους,</span> <span class='ocrx_word' id='word_1_268' title='bbox 2525 2029 2629 2086; x_wconf 86' lang='lat' dir='ltr'><strong>hoc</strong></span> <span class='ocrx_word' id='word_1_269' title='bbox 2673 2040 2756 2087; x_wconf 91' lang='lat' dir='ltr'><strong>est</strong></span> <span class='ocrx_word' id='word_1_270' title='bbox 2802 2032 2965 2088; x_wconf 76' lang='lat' dir='ltr'><strong>moles</strong></span> <span class='ocrx_word' id='word_1_271' title='bbox 2988 2073 3003 2098; x_wconf 94' lang='lat'><strong>,</strong></span> <span class='ocrx_word' id='word_1_272' title='bbox 3052 2047 3149 2089; x_wconf 84' lang='lat' dir='ltr'><strong>seu</strong></span> <span class='ocrx_word' id='word_1_273' title='bbox 3192 2036 3451 2104; x_wconf 83' lang='lat' dir='ltr'><strong>pondera,</strong></span> <span class='ocrx_word' id='word_1_274' title='bbox 3473 2034 3780 2094; x_wconf 78' lang='lat' dir='ltr'><strong>Heraclides</strong></span> 
     </span>
    </p>
   </div>
   <div class='ocr_carea' id='block_1_37' title="bbox 544 2124 2282 2199">
    <p class='ocr_par' dir='ltr' id='par_1_37' title="bbox 544 2124 2282 2199">
     <span class='ocr_line' id='line_1_38' title="bbox 544 2124 2282 2199; baseline -0.003 -15"><span class='ocrx_word' id='word_1_275' title='bbox 544 2130 788 2198; x_wconf 84' lang='lat' dir='ltr'><strong>vocabat,</strong></span> <span class='ocrx_word' id='word_1_276' title='bbox 804 2129 944 2199; x_wconf 92' lang='lat' dir='ltr'><strong>quod</strong></span> <span class='ocrx_word' id='word_1_277' title='bbox 976 2145 1174 2185; x_wconf 89' lang='lat' dir='ltr'><strong>nomen</strong></span> <span class='ocrx_word' id='word_1_278' title='bbox 1197 2130 1267 2185; x_wconf 87' lang='lat' dir='ltr'><strong>ab</strong></span> <span class='ocrx_word' id='word_1_279' title='bbox 1293 2144 1359 2185; x_wconf 91' lang='lat' dir='ltr'><strong>eo</strong></span> <span class='ocrx_word' id='word_1_280' title='bbox 1380 2129 1726 2199; x_wconf 86' lang='lat' dir='ltr'><strong>Asclepiades</strong></span> <span class='ocrx_word' id='word_1_281' title='bbox 1756 2126 1999 2183; x_wconf 87' lang='lat' dir='ltr'><strong>medicus</strong></span> <span class='ocrx_word' id='word_1_282' title='bbox 2024 2124 2282 2195; x_wconf 88' lang='lat' dir='ltr'><strong>suscepit.</strong></span> 
     </span>
    </p>
   </div>
   <div class='ocr_carea' id='block_1_38' title="bbox 1288 2224 1356 2280">
    <p class='ocr_par' dir='ltr' id='par_1_38' title="bbox 1288 2224 1356 2280">
     <span class='ocr_line' id='line_1_39' title="bbox 1288 2224 1356 2280; baseline 0.029 -2"><span class='ocrx_word' id='word_1_283' title='bbox 1288 2224 1356 2280; x_wconf 87' lang='grc' dir='ltr'><strong>ΙΙ.</strong></span> 
     </span>
    </p>
   </div>
   <div class='ocr_carea' id='block_1_39' title="bbox 544 2338 2106 2411">
    <p class='ocr_par' dir='ltr' id='par_1_39' title="bbox 544 2338 2106 2411">
     <span class='ocr_line' id='line_1_40' title="bbox 544 2338 2106 2411; baseline 0 -20"><span class='ocrx_word' id='word_1_284' title='bbox 544 2338 737 2392; x_wconf 80' lang='lat' dir='ltr'><strong>Rerum</strong></span> <span class='ocrx_word' id='word_1_285' title='bbox 770 2338 909 2393; x_wconf 87' lang='lat' dir='ltr'><strong>inter</strong></span> <span class='ocrx_word' id='word_1_286' title='bbox 932 2339 1172 2411; x_wconf 65' lang='lat' dir='ltr'><strong>homines</strong></span> <span class='ocrx_word' id='word_1_287' title='bbox 1194 2339 1504 2411; x_wconf 61' lang='lat' dir='ltr'><strong>rulgarium</strong></span> <span class='ocrx_word' id='word_1_288' title='bbox 1516 2340 1790 2411; x_wconf 73' lang='lat' dir='ltr'><strong>exemplis,</strong></span> <span class='ocrx_word' id='word_1_289' title='bbox 1821 2338 2106 2409; x_wconf 86' lang='lat' dir='ltr'><strong>Epicureo-</strong></span> 
     </span>
    </p>
   </div>
   <div class='ocr_carea' id='block_1_40' title="bbox 995 2408 1635 2479">
    <p class='ocr_par' dir='ltr' id='par_1_40' title="bbox 995 2408 1635 2479">
     <span class='ocr_line' id='line_1_41' title="bbox 995 2408 1635 2479; baseline 0.005 -18"><span class='ocrx_word' id='word_1_290' title='bbox 995 2426 1111 2461; x_wconf 85' lang='lat' dir='ltr'><strong>rum</strong></span> <span class='ocrx_word' id='word_1_291' title='bbox 1139 2408 1328 2477; x_wconf 86' lang='lat' dir='ltr'><strong>dogma</strong></span> <span class='ocrx_word' id='word_1_292' title='bbox 1358 2409 1635 2479; x_wconf 81' lang='lat' dir='ltr'><strong>refellitur.</strong></span> 
     </span>
    </p>
   </div>
   <div class='ocr_carea' id='block_1_41' title="bbox 612 2522 2105 2595">
    <p class='ocr_par' dir='ltr' id='par_1_41' title="bbox 612 2522 2105 2595">
     <span class='ocr_line' id='line_1_42' title="bbox 612 2522 2105 2595; baseline 0.003 -20"><span class='ocrx_word' id='word_1_293' title='bbox 612 2522 717 2587; x_wconf 82' lang='lat' dir='ltr'><strong>Qul</strong></span> <span class='ocrx_word' id='word_1_294' title='bbox 755 2523 967 2577; x_wconf 85' lang='lat' dir='ltr'><strong>tandem</strong></span> <span class='ocrx_word' id='word_1_295' title='bbox 1018 2524 1269 2579; x_wconf 87' lang='lat' dir='ltr'><strong>homines</strong></span> <span class='ocrx_word' id='word_1_296' title='bbox 1298 2525 1433 2579; x_wconf 90' lang='lat' dir='ltr'><strong>istos</strong></span> <span class='ocrx_word' id='word_1_297' title='bbox 1462 2524 1732 2592; x_wconf 81' lang='lat' dir='ltr'><strong>feramus,</strong></span> <span class='ocrx_word' id='word_1_298' title='bbox 1783 2526 1912 2581; x_wconf 92' lang='lat' dir='ltr'><strong>dum</strong></span> <span class='ocrx_word' id='word_1_299' title='bbox 1941 2539 2105 2595; x_wconf 83' lang='lat' dir='ltr'><strong>opera</strong></span> 
     </span>
    </p>
   </div>
   <div class='ocr_carea' id='block_1_42' title="bbox 541 2614 2105 2684">
    <p class='ocr_par' dir='ltr' id='par_1_42' title="bbox 541 2614 2105 2684">
     <span class='ocr_line' id='line_1_43' title="bbox 541 2614 2105 2684; baseline 0.002 -16"><span class='ocrx_word' id='word_1_300' title='bbox 541 2615 819 2683; x_wconf 76' lang='lat' dir='ltr'><strong>sapientiae</strong></span> <span class='ocrx_word' id='word_1_301' title='bbox 844 2614 999 2684; x_wconf 88' lang='lat' dir='ltr'><strong>plena</strong></span> <span class='ocrx_word' id='word_1_302' title='bbox 1025 2654 1040 2679; x_wconf 91' lang='lat'><strong>,</strong></span> <span class='ocrx_word' id='word_1_303' title='bbox 1075 2630 1247 2683; x_wconf 89' lang='lat' dir='ltr'><strong>eoque</strong></span> <span class='ocrx_word' id='word_1_304' title='bbox 1272 2615 1390 2684; x_wconf 92' lang='lat' dir='ltr'><strong>ipso</strong></span> <span class='ocrx_word' id='word_1_305' title='bbox 1416 2617 1555 2671; x_wconf 91' lang='lat' dir='ltr'><strong>bona</strong></span> <span class='ocrx_word' id='word_1_306' title='bbox 1580 2655 1595 2679; x_wconf 91' lang='lat'><strong>,</strong></span> <span class='ocrx_word' id='word_1_307' title='bbox 1647 2632 1776 2671; x_wconf 91' lang='lat' dir='ltr'><strong>casu</strong></span> <span class='ocrx_word' id='word_1_308' title='bbox 1811 2616 1954 2672; x_wconf 83' lang='lat' dir='ltr'><strong>facta</strong></span> <span class='ocrx_word' id='word_1_309' title='bbox 1983 2629 2105 2671; x_wconf 82' lang='lat' dir='ltr'><strong>esse</strong></span> 
     </span>
    </p>
   </div>
   <div class='ocr_carea' id='block_1_43' title="bbox 539 2707 2100 2776">
    <p class='ocr_par' dir='ltr' id='par_1_43' title="bbox 539 2707 2100 2776">
     <span class='ocr_line' id='line_1_44' title="bbox 539 2707 2100 2776; baseline 0.001 -16"><span class='ocrx_word' id='word_1_310' title='bbox 539 2707 767 2761; x_wconf 81' lang='lat' dir='ltr'><strong>dicunt?</strong></span> <span class='ocrx_word' id='word_1_311' title='bbox 792 2722 915 2776; x_wconf 70' lang='lat' dir='ltr'><strong>qua:</strong></span> <span class='ocrx_word' id='word_1_312' title='bbox 937 2714 990 2761; x_wconf 91' lang='lat' dir='ltr'><strong>et</strong></span> <span class='ocrx_word' id='word_1_313' title='bbox 1020 2707 1230 2776; x_wconf 84' lang='lat' dir='ltr'><strong>singula</strong></span> <span class='ocrx_word' id='word_1_314' title='bbox 1265 2708 1520 2775; x_wconf 89' lang='lat' dir='ltr'><strong>seorsim,</strong></span> <span class='ocrx_word' id='word_1_315' title='bbox 1549 2716 1603 2762; x_wconf 90' lang='lat' dir='ltr'><strong>et</strong></span> <span class='ocrx_word' id='word_1_316' title='bbox 1630 2707 1794 2764; x_wconf 86' lang='lat' dir='ltr'><strong>simul</strong></span> <span class='ocrx_word' id='word_1_317' title='bbox 1827 2708 2100 2774; x_wconf 81' lang='lat' dir='ltr'><strong>universa,</strong></span> 
     </span>
    </p>
   </div>
   <div class='ocr_carea' id='block_1_44' title="bbox 536 2797 2097 2866">
    <p class='ocr_par' dir='ltr' id='par_1_44' title="bbox 536 2797 2097 2866">
     <span class='ocr_line' id='line_1_45' title="bbox 536 2797 2097 2866; baseline 0 -15"><span class='ocrx_word' id='word_1_318' title='bbox 536 2799 585 2851; x_wconf 86' lang='lat' dir='ltr'><strong>ei</strong></span> <span class='ocrx_word' id='word_1_319' title='bbox 618 2797 775 2865; x_wconf 86' lang='lat' dir='ltr'><strong>cujus</strong></span> <span class='ocrx_word' id='word_1_320' title='bbox 825 2798 1008 2851; x_wconf 92' lang='lat' dir='ltr'><strong>omnia</strong></span> <span class='ocrx_word' id='word_1_321' title='bbox 1047 2798 1204 2866; x_wconf 90' lang='lat' dir='ltr'><strong>jussu</strong></span> <span class='ocrx_word' id='word_1_322' title='bbox 1234 2799 1587 2863; x_wconf 79' lang='lat' dir='ltr'><strong>exstiterant,</strong></span> <span class='ocrx_word' id='word_1_323' title='bbox 1622 2800 1763 2854; x_wconf 88' lang='lat' dir='ltr'><strong>bona</strong></span> <span class='ocrx_word' id='word_1_324' title='bbox 1820 2797 1932 2853; x_wconf 89' lang='lat' dir='ltr'><strong>sint</strong></span> <span class='ocrx_word' id='word_1_325' title='bbox 1958 2799 2097 2854; x_wconf 85' lang='lat' dir='ltr'><strong>visa.</strong></span> 
     </span>
    </p>
   </div>
   <div class='ocr_carea' id='block_1_45' title="bbox 550 2887 2101 2959">
    <p class='ocr_par' dir='ltr' id='par_1_45' title="bbox 550 2887 2101 2959">
     <span class='ocr_line' id='line_1_46' title="bbox 550 2887 2101 2959; baseline 0.001 -19"><span class='ocrx_word' id='word_1_326' title='bbox 550 2888 693 2940; x_wconf 79' lang='lat' dir='ltr'><strong>Vidit</strong></span> <span class='ocrx_word' id='word_1_327' title='bbox 719 2888 877 2951; x_wconf 80' lang='lat' dir='ltr'><strong>enim,</strong></span> <span class='ocrx_word' id='word_1_328' title='bbox 898 2888 1093 2957; x_wconf 88' lang='lat' dir='ltr'><strong>inquit,</strong></span> <span class='ocrx_word' id='word_1_329' title='bbox 1120 2887 1259 2942; x_wconf 81' lang='lat' dir='ltr'><strong>Deus</strong></span> <span class='ocrx_word' id='word_1_330' title='bbox 1292 2898 1481 2943; x_wconf 80' lang='lat' dir='ltr'><strong>cuncta</strong></span> <span class='ocrx_word' id='word_1_331' title='bbox 1501 2906 1620 2959; x_wconf 66' lang='lat' dir='ltr'><strong>quae</strong></span> <span class='ocrx_word' id='word_1_332' title='bbox 1644 2891 1837 2959; x_wconf 70' lang='lat' dir='ltr'><strong>fecerat</strong></span> <span class='ocrx_word' id='word_1_333' title='bbox 1864 2905 1884 2943; x_wconf 90' lang='lat'><strong><em>:</em></strong></span> <span class='ocrx_word' id='word_1_334' title='bbox 1912 2899 1960 2943; x_wconf 88' lang='lat' dir='ltr'><strong>et</strong></span> <span class='ocrx_word' id='word_1_335' title='bbox 1986 2905 2101 2943; x_wconf 86' lang='lat' dir='ltr'><strong>ecce</strong></span> 
     </span>
    </p>
   </div>
   <div class='ocr_carea' id='block_1_46' title="bbox 540 2980 2107 3051">
    <p class='ocr_par' dir='ltr' id='par_1_46' title="bbox 540 2980 2107 3051">
     <span class='ocr_line' id='line_1_47' title="bbox 540 2980 2107 3051; baseline 0.001 -20"><span class='ocrx_word' id='word_1_336' title='bbox 540 2980 675 3032; x_wconf 86' lang='lat' dir='ltr'><strong>bona</strong></span> <span class='ocrx_word' id='word_1_337' title='bbox 698 2980 847 3034; x_wconf 82' lang='lat' dir='ltr'><strong>valde</strong></span> <span class='ocrx_word' id='word_1_338' title='bbox 875 2980 942 3036; x_wconf 75' lang='lat'><strong>“.</strong></span> <span class='ocrx_word' id='word_1_339' title='bbox 1002 2980 1324 3051; x_wconf 82' lang='lat' dir='ltr'><strong>Quanquam</strong></span> <span class='ocrx_word' id='word_1_340' title='bbox 1386 2996 1454 3035; x_wconf 90' lang='lat' dir='ltr'><strong>ne</strong></span> <span class='ocrx_word' id='word_1_341' title='bbox 1497 2982 1693 3051; x_wconf 86' lang='lat' dir='ltr'><strong>pusilla</strong></span> <span class='ocrx_word' id='word_1_342' title='bbox 1739 2980 1957 3050; x_wconf 89' lang='lat' dir='ltr'><strong>quidem</strong></span> <span class='ocrx_word' id='word_1_343' title='bbox 2008 2981 2107 3034; x_wconf 83' lang='lat' dir='ltr'><strong>illa</strong></span> 
     </span>
    </p>
   </div>
   <div class='ocr_carea' id='block_1_47' title="bbox 537 3070 2099 3141">
    <p class='ocr_par' dir='ltr' id='par_1_47' title="bbox 537 3070 2099 3141">
     <span class='ocr_line' id='line_1_48' title="bbox 537 3070 2099 3141; baseline 0.001 -18"><span class='ocrx_word' id='word_1_344' title='bbox 537 3070 779 3139; x_wconf 83' lang='lat' dir='ltr'><strong>cogitant</strong></span> <span class='ocrx_word' id='word_1_345' title='bbox 825 3071 1130 3141; x_wconf 85' lang='lat' dir='ltr'><strong>vulgarium</strong></span> <span class='ocrx_word' id='word_1_346' title='bbox 1181 3072 1425 3141; x_wconf 84' lang='lat' dir='ltr'><strong>exempla</strong></span> <span class='ocrx_word' id='word_1_347' title='bbox 1474 3087 1680 3133; x_wconf 89' lang='lat' dir='ltr'><strong>rerum,</strong></span> <span class='ocrx_word' id='word_1_348' title='bbox 1733 3087 1965 3141; x_wconf 92' lang='lat' dir='ltr'><strong>quorum</strong></span> <span class='ocrx_word' id='word_1_349' title='bbox 1997 3072 2099 3141; x_wconf 91' lang='lat' dir='ltr'><strong>ipsi</strong></span> 
     </span>
    </p>
   </div>
   <div class='ocr_carea' id='block_1_48' title="bbox 2961 2223 3037 2277">
    <p class='ocr_par' dir='ltr' id='par_1_48' title="bbox 2961 2223 3037 2277">
     <span class='ocr_line' id='line_1_49' title="bbox 2961 2223 3037 2277; baseline 0 0"><span class='ocrx_word' id='word_1_350' title='bbox 2961 2223 3037 2277; x_wconf 86' lang='lat' dir='ltr'><strong>B’.</strong></span> 
     </span>
    </p>
   </div>
   <div class='ocr_carea' id='block_1_49' title="bbox 2393 2334 3633 2407">
    <p class='ocr_par' dir='ltr' id='par_1_49' title="bbox 2393 2334 3633 2407">
     <span class='ocr_line' id='line_1_50' title="bbox 2393 2334 3633 2407; baseline -0.002 -16"><span class='ocrx_word' id='word_1_351' title='bbox 2393 2335 2525 2391; x_wconf 77' lang='grc' dir='ltr'><strong>Ἀπὸ</strong></span> <span class='ocrx_word' id='word_1_352' title='bbox 2557 2334 2675 2390; x_wconf 78' lang='grc' dir='ltr'>τῶν</span> <span class='ocrx_word' id='word_1_353' title='bbox 2704 2336 2774 2391; x_wconf 79' lang='grc' dir='ltr'><strong>ἐν</strong></span> <span class='ocrx_word' id='word_1_354' title='bbox 2800 2334 3134 2405; x_wconf 74' lang='grc' dir='ltr'>ἀνθρώποις</span> <span class='ocrx_word' id='word_1_355' title='bbox 3161 2336 3633 2407; x_wconf 77' lang='grc' dir='ltr'>ὑποδειγμάτων.</span> 
     </span>
    </p>
   </div>
   <div class='ocr_carea' id='block_1_50' title="bbox 2282 2517 3777 2593">
    <p class='ocr_par' dir='ltr' id='par_1_50' title="bbox 2282 2517 3777 2593">
     <span class='ocr_line' id='line_1_51' title="bbox 2282 2517 3777 2593; baseline 0.002 -20"><span class='ocrx_word' id='word_1_356' title='bbox 2282 2519 2408 2583; x_wconf 90' lang='grc' dir='ltr'>Πῶς</span> <span class='ocrx_word' id='word_1_357' title='bbox 2436 2519 2613 2573; x_wconf 77' lang='grc' dir='ltr'>αὐτῶν</span> <span class='ocrx_word' id='word_1_358' title='bbox 2663 2518 3043 2590; x_wconf 83' lang='grc' dir='ltr'>ἀνασχὼμεθα,</span> <span class='ocrx_word' id='word_1_359' title='bbox 3093 2521 3302 2593; x_wconf 85' lang='grc' dir='ltr'>τυχηρά</span> <span class='ocrx_word' id='word_1_360' title='bbox 3330 2520 3602 2589; x_wconf 82' lang='grc' dir='ltr'>λεγόντων</span> <span class='ocrx_word' id='word_1_361' title='bbox 3648 2517 3777 2575; x_wconf 78' lang='grc' dir='ltr'>εἶναι</span> 
     </span>
    </p>
   </div>
   <div class='ocr_carea' id='block_1_51' title="bbox 2212 2609 3776 2682">
    <p class='ocr_par' dir='ltr' id='par_1_51' title="bbox 2212 2609 3776 2682">
     <span class='ocr_line' id='line_1_52' title="bbox 2212 2609 3776 2682; baseline 0.001 -18"><span class='ocrx_word' id='word_1_362' title='bbox 2212 2610 2593 2682; x_wconf 84' lang='grc' dir='ltr'>συμπτώματα</span> <span class='ocrx_word' id='word_1_363' title='bbox 2632 2609 2699 2662; x_wconf 73' lang='grc' dir='ltr'>τὰ</span> <span class='ocrx_word' id='word_1_364' title='bbox 2750 2609 2908 2678; x_wconf 80' lang='grc' dir='ltr'>σοφὰ,</span> <span class='ocrx_word' id='word_1_365' title='bbox 2968 2610 3063 2663; x_wconf 74' lang='grc' dir='ltr'><strong>καὶ</strong></span> <span class='ocrx_word' id='word_1_366' title='bbox 3098 2610 3184 2663; x_wconf 75' lang='grc' dir='ltr'><strong>διὰ</strong></span> <span class='ocrx_word' id='word_1_367' title='bbox 3230 2610 3386 2664; x_wconf 77' lang='grc' dir='ltr'>τοῦτο</span> <span class='ocrx_word' id='word_1_368' title='bbox 3424 2611 3497 2664; x_wconf 78' lang='grc' dir='ltr'>τὰ</span> <span class='ocrx_word' id='word_1_369' title='bbox 3528 2611 3666 2665; x_wconf 86' lang='grc' dir='ltr'>καλὰ</span> <span class='ocrx_word' id='word_1_370' title='bbox 3690 2611 3776 2681; x_wconf 75' lang='grc' dir='ltr'>δη-</span> 
     </span>
    </p>
   </div>
   <div class='ocr_carea' id='block_1_52' title="bbox 2212 2695 3774 2774">
    <p class='ocr_par' dir='ltr' id='par_1_52' title="bbox 2212 2695 3774 2774">
     <span class='ocr_line' id='line_1_53' title="bbox 2212 2695 3774 2774; baseline 0.002 -19"><span class='ocrx_word' id='word_1_371' title='bbox 2212 2703 2635 2774; x_wconf 83' lang='grc' dir='ltr'>μιουργήματα;</span> <span class='ocrx_word' id='word_1_372' title='bbox 2664 2695 2737 2755; x_wconf 79' lang='grc' dir='ltr'>ὧν</span> <span class='ocrx_word' id='word_1_373' title='bbox 2764 2700 2994 2754; x_wconf 75' lang='grc' dir='ltr'>ἕκαστόν</span> <span class='ocrx_word' id='word_1_374' title='bbox 3027 2718 3083 2753; x_wconf 90' lang='grc' dir='ltr'><strong>τε</strong></span> <span class='ocrx_word' id='word_1_375' title='bbox 3128 2701 3248 2754; x_wconf 81' lang='grc' dir='ltr'>καθ’</span> <span class='ocrx_word' id='word_1_376' title='bbox 3289 2704 3448 2755; x_wconf 77' lang='grc' dir='ltr'>ἑαυτὸ</span> <span class='ocrx_word' id='word_1_377' title='bbox 3474 2704 3774 2774; x_wconf 84' lang='grc' dir='ltr'>γενόμενον,</span> 
     </span>
    </p>
   </div>
   <div class='ocr_carea' id='block_1_53' title="bbox 2208 2792 3776 2867">
    <p class='ocr_par' dir='ltr' id='par_1_53' title="bbox 2208 2792 3776 2867">
     <span class='ocr_line' id='line_1_54' title="bbox 2208 2792 3776 2867; baseline 0.002 -22"><span class='ocrx_word' id='word_1_378' title='bbox 2208 2792 2362 2864; x_wconf 75' lang='grc' dir='ltr'>ὤφθη</span> <span class='ocrx_word' id='word_1_379' title='bbox 2392 2792 2469 2864; x_wconf 77' lang='grc' dir='ltr'>τῷ</span> <span class='ocrx_word' id='word_1_380' title='bbox 2494 2792 2853 2865; x_wconf 78' lang='grc' dir='ltr'>προστάξαντι</span> <span class='ocrx_word' id='word_1_381' title='bbox 2878 2792 3126 2860; x_wconf 87' lang='grc' dir='ltr'>γενέσθαι</span> <span class='ocrx_word' id='word_1_382' title='bbox 3162 2793 3343 2856; x_wconf 84' lang='grc' dir='ltr'>καλὸν,</span> <span class='ocrx_word' id='word_1_383' title='bbox 3362 2795 3461 2848; x_wconf 70' lang='grc' dir='ltr'><strong>καὶ</strong></span> <span class='ocrx_word' id='word_1_384' title='bbox 3486 2796 3776 2867; x_wconf 75' lang='grc' dir='ltr'>συλλήϐδην</span> 
     </span>
    </p>
   </div>
   <div class='ocr_carea' id='block_1_54' title="bbox 2207 2879 3777 2953">
    <p class='ocr_par' dir='ltr' id='par_1_54' title="bbox 2207 2879 3777 2953">
     <span class='ocr_line' id='line_1_55' title="bbox 2207 2879 3777 2953; baseline 0.002 -17"><span class='ocrx_word' id='word_1_385' title='bbox 2207 2882 2406 2953; x_wconf 81' lang='grc' dir='ltr'>ὁμοίως</span> <span class='ocrx_word' id='word_1_386' title='bbox 2442 2884 2676 2937; x_wconf 77' lang='grc' dir='ltr'>ἅπαντα.</span> <span class='ocrx_word' id='word_1_387' title='bbox 2708 2879 2848 2936; x_wconf 83' lang='grc' dir='ltr'>Εἷδε</span> <span class='ocrx_word' id='word_1_388' title='bbox 2878 2882 3009 2951; x_wconf 75' lang='grc' dir='ltr'>γὰρ,</span> <span class='ocrx_word' id='word_1_389' title='bbox 3042 2883 3224 2953; x_wconf 70' lang='grc' dir='ltr'>φησιν,</span> <span class='ocrx_word' id='word_1_390' title='bbox 3250 2887 3283 2937; x_wconf 82' lang='grc' dir='ltr'><em>ὀ</em></span> <span class='ocrx_word' id='word_1_391' title='bbox 3331 2885 3480 2952; x_wconf 74' lang='grc' dir='ltr'>Θεὸς</span> <span class='ocrx_word' id='word_1_392' title='bbox 3499 2887 3571 2940; x_wconf 83' lang='grc' dir='ltr'>τὰ</span> <span class='ocrx_word' id='word_1_393' title='bbox 3590 2885 3777 2939; x_wconf 74' lang='grc' dir='ltr'>πάντα</span> 
     </span>
    </p>
   </div>
   <div class='ocr_carea' id='block_1_55' title="bbox 2208 2973 3775 3043">
    <p class='ocr_par' dir='ltr' id='par_1_55' title="bbox 2208 2973 3775 3043">
     <span class='ocr_line' id='line_1_56' title="bbox 2208 2973 3775 3043; baseline 0 -13"><span class='ocrx_word' id='word_1_394' title='bbox 2208 2976 2325 3030; x_wconf 84' lang='grc' dir='ltr'>ὅσα</span> <span class='ocrx_word' id='word_1_395' title='bbox 2350 2977 2629 3043; x_wconf 79' lang='grc' dir='ltr'>ἐποίησε,</span> <span class='ocrx_word' id='word_1_396' title='bbox 2665 2974 2766 3029; x_wconf 79' lang='grc' dir='ltr'>καὶ</span> <span class='ocrx_word' id='word_1_397' title='bbox 2802 2973 2928 3027; x_wconf 72' lang='grc' dir='ltr'>ἰδοὺ</span> <span class='ocrx_word' id='word_1_398' title='bbox 2960 2975 3116 3028; x_wconf 74' lang='grc' dir='ltr'>καλὰ</span> <span class='ocrx_word' id='word_1_399' title='bbox 3155 2977 3315 3031; x_wconf 76' lang='grc' dir='ltr'>λίαν.</span> <span class='ocrx_word' id='word_1_400' title='bbox 3359 2976 3504 3030; x_wconf 78' lang='grc' dir='ltr'>Ἀλλ’</span> <span class='ocrx_word' id='word_1_401' title='bbox 3536 2978 3655 3031; x_wconf 78' lang='grc' dir='ltr'>οὐδὲ</span> <span class='ocrx_word' id='word_1_402' title='bbox 3677 2978 3775 3032; x_wconf 84' lang='grc' dir='ltr'><strong>ἀπὸ</strong></span> 
     </span>
    </p>
   </div>
   <div class='ocr_carea' id='block_1_56' title="bbox 2206 3068 3775 3142">
    <p class='ocr_par' dir='ltr' id='par_1_56' title="bbox 2206 3068 3775 3142">
     <span class='ocr_line' id='line_1_57' title="bbox 2206 3068 3775 3142; baseline -0.001 -17"><span class='ocrx_word' id='word_1_403' title='bbox 2206 3070 2310 3125; x_wconf 85' lang='grc' dir='ltr'><strong>τῶν</strong></span> <span class='ocrx_word' id='word_1_404' title='bbox 2346 3069 2553 3140; x_wconf 79' lang='grc' dir='ltr'>μικρῶν</span> <span class='ocrx_word' id='word_1_405' title='bbox 2583 3068 2691 3139; x_wconf 73' lang='grc'><strong>(29)</strong></span> <span class='ocrx_word' id='word_1_406' title='bbox 2732 3068 2839 3122; x_wconf 85' lang='grc' dir='ltr'><strong>τῶν</strong></span> <span class='ocrx_word' id='word_1_407' title='bbox 2862 3069 3127 3139; x_wconf 61' lang='grc' dir='ltr'>συνήθων,</span> <span class='ocrx_word' id='word_1_408' title='bbox 3156 3070 3249 3123; x_wconf 75' lang='grc' dir='ltr'><strong>καὶ</strong></span> <span class='ocrx_word' id='word_1_409' title='bbox 3282 3069 3435 3142; x_wconf 81' lang='grc' dir='ltr'>παρὰ</span> <span class='ocrx_word' id='word_1_410' title='bbox 3470 3072 3637 3135; x_wconf 83' lang='grc' dir='ltr'>πόδας</span> <span class='ocrx_word' id='word_1_411' title='bbox 3662 3088 3775 3124; x_wconf 90' lang='grc' dir='ltr'>νου-</span> 
     </span>
    </p>
   </div>
   <div class='ocr_carea' id='block_1_57' title="bbox 538 3128 2104 3232">
    <p class='ocr_par' dir='ltr' id='par_1_57' title="bbox 538 3128 2104 3232">
     <span class='ocr_line' id='line_1_58' title="bbox 538 3128 2104 3232; baseline 0.001 -17"><span class='ocrx_word' id='word_1_412' title='bbox 538 3128 751 3217; x_wconf 63' lang='lat' dir='ltr'><strong>monitu</strong></span> <span class='ocrx_word' id='word_1_413' title='bbox 795 3128 978 3217; x_wconf 57' lang='lat' dir='ltr'><strong>doceri</strong></span> <span class='ocrx_word' id='word_1_414' title='bbox 1029 3164 1269 3232; x_wconf 87' lang='lat' dir='ltr'><strong>possint,</strong></span> <span class='ocrx_word' id='word_1_415' title='bbox 1319 3128 1579 3232; x_wconf 78' lang='lat' dir='ltr'><strong>quidquid</strong></span> <span class='ocrx_word' id='word_1_416' title='bbox 1623 3128 1889 3231; x_wconf 77' lang='lat' dir='ltr'><strong>ejusmodi</strong></span> <span class='ocrx_word' id='word_1_417' title='bbox 1933 3128 2104 3217; x_wconf 49' lang='lat' dir='ltr'><strong>est-ut</strong></span> 
     </span>
    </p>
   </div>
   <div class='ocr_carea' id='block_1_58' title="bbox 2203 3128 3773 3232">
    <p class='ocr_par' dir='ltr' id='par_1_58' title="bbox 2207 3151 3773 3232">
     <span class='ocr_line' id='line_1_59' title="bbox 2207 3151 3773 3232; baseline 0.001 -19"><span class='ocrx_word' id='word_1_418' title='bbox 2207 3158 2501 3213; x_wconf 88' lang='grc' dir='ltr'>θετούντων</span> <span class='ocrx_word' id='word_1_419' title='bbox 2552 3155 3028 3230; x_wconf 76' lang='grc' dir='ltr'>παραδειγμάτων,</span> <span class='ocrx_word' id='word_1_420' title='bbox 3077 3157 3137 3223; x_wconf 79' lang='grc' dir='ltr'>ἐξ</span> <span class='ocrx_word' id='word_1_421' title='bbox 3169 3151 3241 3212; x_wconf 82' lang='grc' dir='ltr'>ὧν</span> <span class='ocrx_word' id='word_1_422' title='bbox 3272 3158 3531 3214; x_wconf 88' lang='grc' dir='ltr'>δύνανται</span> <span class='ocrx_word' id='word_1_423' title='bbox 3576 3159 3773 3232; x_wconf 85' lang='grc' dir='ltr'>μανθά-</span> 
     </span>
    </p>
   </div>
   <div class='ocr_carea' id='block_1_59' title="bbox 537 3252 2105 3323">
    <p class='ocr_par' dir='ltr' id='par_1_59' title="bbox 537 3252 2105 3323">
     <span class='ocr_line' id='line_1_60' title="bbox 537 3252 2105 3323; baseline 0.001 -16"><span class='ocrx_word' id='word_1_424' title='bbox 537 3252 751 3309; x_wconf 86' lang='lat' dir='ltr'><strong>fruetus</strong></span> <span class='ocrx_word' id='word_1_425' title='bbox 797 3255 999 3323; x_wconf 90' lang='lat' dir='ltr'><strong>aliquid</strong></span> <span class='ocrx_word' id='word_1_426' title='bbox 1031 3263 1084 3309; x_wconf 90' lang='lat' dir='ltr'><strong>et</strong></span> <span class='ocrx_word' id='word_1_427' title='bbox 1116 3254 1370 3308; x_wconf 85' lang='lat' dir='ltr'><strong>utilitatis</strong></span> <span class='ocrx_word' id='word_1_428' title='bbox 1395 3253 1615 3320; x_wconf 80' lang='lat' dir='ltr'><strong>all&#39;erat,</strong></span> <span class='ocrx_word' id='word_1_429' title='bbox 1665 3254 1715 3308; x_wconf 95' lang='lat' dir='ltr'><strong>id</strong></span> <span class='ocrx_word' id='word_1_430' title='bbox 1763 3269 1873 3308; x_wconf 89' lang='lat' dir='ltr'><strong>non</strong></span> <span class='ocrx_word' id='word_1_431' title='bbox 1901 3262 2105 3309; x_wconf 83' lang='lat' dir='ltr'><strong>temere</strong></span> 
     </span>
    </p>
   </div>
   <div class='ocr_carea' id='block_1_60' title="bbox 537 3344 2105 3414">
    <p class='ocr_par' dir='ltr' id='par_1_60' title="bbox 537 3344 2105 3414">
     <span class='ocr_line' id='line_1_61' title="bbox 537 3344 2105 3414; baseline -0.001 -15"><span class='ocrx_word' id='word_1_432' title='bbox 537 3360 603 3399; x_wconf 86' lang='lat' dir='ltr'><strong>ac</strong></span> <span class='ocrx_word' id='word_1_433' title='bbox 634 3346 750 3399; x_wconf 91' lang='lat' dir='ltr'><strong>sine</strong></span> <span class='ocrx_word' id='word_1_434' title='bbox 775 3346 956 3400; x_wconf 86' lang='lat' dir='ltr'><strong>studio</strong></span> <span class='ocrx_word' id='word_1_435' title='bbox 978 3345 1117 3408; x_wconf 86' lang='lat' dir='ltr'><strong>ﬁeri,</strong></span> <span class='ocrx_word' id='word_1_436' title='bbox 1139 3344 1232 3399; x_wconf 89' lang='lat' dir='ltr'><strong>sed</strong></span> <span class='ocrx_word' id='word_1_437' title='bbox 1267 3345 1447 3414; x_wconf 90' lang='lat' dir='ltr'><strong>potius</strong></span> <span class='ocrx_word' id='word_1_438' title='bbox 1473 3344 1658 3399; x_wconf 88' lang='lat' dir='ltr'><strong>solerti</strong></span> <span class='ocrx_word' id='word_1_439' title='bbox 1684 3359 1945 3398; x_wconf 88' lang='lat' dir='ltr'><strong>manuum</strong></span> <span class='ocrx_word' id='word_1_440' title='bbox 1979 3358 2105 3413; x_wconf 86' lang='lat' dir='ltr'><strong>ope-</strong></span> 
     </span>
    </p>
   </div>
   <div class='ocr_carea' id='block_1_61' title="bbox 539 3434 2103 3507">
    <p class='ocr_par' dir='ltr' id='par_1_61' title="bbox 539 3434 2103 3507">
     <span class='ocr_line' id='line_1_62' title="bbox 539 3434 2103 3507; baseline -0.001 -17"><span class='ocrx_word' id='word_1_441' title='bbox 539 3452 598 3490; x_wconf 92' lang='lat' dir='ltr'><strong>ra</strong></span> <span class='ocrx_word' id='word_1_442' title='bbox 628 3453 786 3491; x_wconf 89' lang='lat' dir='ltr'><strong>suum</strong></span> <span class='ocrx_word' id='word_1_443' title='bbox 820 3453 882 3492; x_wconf 88' lang='lat' dir='ltr'><strong>ac</strong></span> <span class='ocrx_word' id='word_1_444' title='bbox 913 3438 1192 3507; x_wconf 87' lang='lat' dir='ltr'><strong>proprium</strong></span> <span class='ocrx_word' id='word_1_445' title='bbox 1240 3436 1293 3489; x_wconf 93' lang='lat' dir='ltr'><strong>iu</strong></span> <span class='ocrx_word' id='word_1_446' title='bbox 1343 3452 1501 3491; x_wconf 85' lang='lat' dir='ltr'><strong>usum</strong></span> <span class='ocrx_word' id='word_1_447' title='bbox 1532 3435 1803 3489; x_wconf 87' lang='lat' dir='ltr'><strong>elaborari</strong></span> <span class='ocrx_word' id='word_1_448' title='bbox 1836 3454 1849 3488; x_wconf 90' lang='lat'><strong>:</strong></span> <span class='ocrx_word' id='word_1_449' title='bbox 1876 3443 1932 3489; x_wconf 89' lang='lat' dir='ltr'><strong>at</strong></span> <span class='ocrx_word' id='word_1_450' title='bbox 1961 3434 2103 3489; x_wconf 90' lang='lat' dir='ltr'><strong>idem</strong></span> 
     </span>
    </p>
   </div>
   <div class='ocr_carea' id='block_1_62' title="bbox 536 3525 2107 3597">
    <p class='ocr_par' dir='ltr' id='par_1_62' title="bbox 536 3525 2107 3597">
     <span class='ocr_line' id='line_1_63' title="bbox 536 3525 2107 3597; baseline -0.004 -13"><span class='ocrx_word' id='word_1_451' title='bbox 536 3529 701 3586; x_wconf 87' lang='lat' dir='ltr'><strong>simul</strong></span> <span class='ocrx_word' id='word_1_452' title='bbox 746 3537 911 3597; x_wconf 88' lang='lat' dir='ltr'><strong>atque</strong></span> <span class='ocrx_word' id='word_1_453' title='bbox 961 3527 1305 3582; x_wconf 78' lang='lat' dir='ltr'><strong>fructuosum</strong></span> <span class='ocrx_word' id='word_1_454' title='bbox 1334 3536 1389 3581; x_wconf 88' lang='lat' dir='ltr'><strong>et</strong></span> <span class='ocrx_word' id='word_1_455' title='bbox 1416 3527 1757 3581; x_wconf 87' lang='lat' dir='ltr'><strong>commodum</strong></span> <span class='ocrx_word' id='word_1_456' title='bbox 1803 3540 1925 3581; x_wconf 92' lang='lat' dir='ltr'><strong>esse</strong></span> <span class='ocrx_word' id='word_1_457' title='bbox 1967 3525 2107 3580; x_wconf 83' lang='lat' dir='ltr'><strong>desi-</strong></span> 
     </span>
    </p>
   </div>
   <div class='ocr_carea' id='block_1_63' title="bbox 540 3618 2106 3688">
    <p class='ocr_par' dir='ltr' id='par_1_63' title="bbox 540 3618 2106 3688">
     <span class='ocr_line' id='line_1_64' title="bbox 540 3618 2106 3688; baseline -0.003 -14"><span class='ocrx_word' id='word_1_458' title='bbox 540 3623 640 3688; x_wconf 89' lang='lat' dir='ltr'><strong>nit,</strong></span> <span class='ocrx_word' id='word_1_459' title='bbox 667 3621 805 3677; x_wconf 86' lang='lat' dir='ltr'><strong>solvi</strong></span> <span class='ocrx_word' id='word_1_460' title='bbox 836 3619 1121 3682; x_wconf 91' lang='lat' dir='ltr'><strong>continuo,</strong></span> <span class='ocrx_word' id='word_1_461' title='bbox 1153 3627 1208 3673; x_wconf 90' lang='lat' dir='ltr'><strong>et</strong></span> <span class='ocrx_word' id='word_1_462' title='bbox 1231 3618 1457 3673; x_wconf 82' lang='lat' dir='ltr'><strong>confuse</strong></span> <span class='ocrx_word' id='word_1_463' title='bbox 1479 3618 1768 3672; x_wconf 86' lang='lat' dir='ltr'><strong>admodum</strong></span> <span class='ocrx_word' id='word_1_464' title='bbox 1795 3632 1860 3672; x_wconf 88' lang='lat' dir='ltr'><strong>ac</strong></span> <span class='ocrx_word' id='word_1_465' title='bbox 1888 3626 2106 3686; x_wconf 88' lang='lat' dir='ltr'><strong>pertur-</strong></span> 
     </span>
    </p>
   </div>
   <div class='ocr_carea' id='block_1_64' title="bbox 535 3708 2104 3780">
    <p class='ocr_par' dir='ltr' id='par_1_64' title="bbox 535 3708 2104 3780">
     <span class='ocr_line' id='line_1_65' title="bbox 535 3708 2104 3780; baseline -0.003 -13"><span class='ocrx_word' id='word_1_466' title='bbox 535 3714 661 3768; x_wconf 78' lang='lat' dir='ltr'><strong>bate</strong></span> <span class='ocrx_word' id='word_1_467' title='bbox 685 3710 975 3780; x_wconf 90' lang='lat' dir='ltr'><strong>dissipari,</strong></span> <span class='ocrx_word' id='word_1_468' title='bbox 1011 3718 1196 3779; x_wconf 89' lang='lat' dir='ltr'><strong>utpote</strong></span> <span class='ocrx_word' id='word_1_469' title='bbox 1219 3709 1365 3779; x_wconf 92' lang='lat' dir='ltr'><strong>quod</strong></span> <span class='ocrx_word' id='word_1_470' title='bbox 1395 3724 1456 3763; x_wconf 88' lang='lat' dir='ltr'><strong>ea</strong></span> <span class='ocrx_word' id='word_1_471' title='bbox 1488 3724 1596 3763; x_wconf 92' lang='lat' dir='ltr'><strong>non</strong></span> <span class='ocrx_word' id='word_1_472' title='bbox 1626 3708 1861 3779; x_wconf 89' lang='lat' dir='ltr'><strong>amplius</strong></span> <span class='ocrx_word' id='word_1_473' title='bbox 1890 3709 2104 3778; x_wconf 90' lang='lat' dir='ltr'><strong>sapien-</strong></span> 
     </span>
    </p>
   </div>
   <div class='ocr_carea' id='block_1_65' title="bbox 534 3800 2104 3872">
    <p class='ocr_par' dir='ltr' id='par_1_65' title="bbox 534 3800 2104 3872">
     <span class='ocr_line' id='line_1_66' title="bbox 534 3800 2104 3872; baseline -0.001 -14"><span class='ocrx_word' id='word_1_474' title='bbox 534 3805 610 3859; x_wconf 87' lang='lat' dir='ltr'><strong>tia</strong></span> <span class='ocrx_word' id='word_1_475' title='bbox 636 3802 794 3872; x_wconf 93' lang='lat' dir='ltr'><strong>cujus</strong></span> <span class='ocrx_word' id='word_1_476' title='bbox 829 3802 1006 3872; x_wconf 92' lang='lat' dir='ltr'><strong>ipsum</strong></span> <span class='ocrx_word' id='word_1_477' title='bbox 1038 3810 1162 3855; x_wconf 85' lang='lat' dir='ltr'><strong>ante</strong></span> <span class='ocrx_word' id='word_1_478' title='bbox 1188 3817 1319 3856; x_wconf 89' lang='lat' dir='ltr'><strong>cura</strong></span> <span class='ocrx_word' id='word_1_479' title='bbox 1341 3800 1717 3867; x_wconf 81' lang='lat' dir='ltr'><strong>conservabat,</strong></span> <span class='ocrx_word' id='word_1_480' title='bbox 1755 3808 2014 3857; x_wconf 79' lang='lat' dir='ltr'><strong>tractetur</strong></span> <span class='ocrx_word' id='word_1_481' title='bbox 2039 3817 2104 3857; x_wconf 91' lang='lat' dir='ltr'><strong>ac</strong></span> 
     </span>
    </p>
   </div>
   <div class='ocr_carea' id='block_1_66' title="bbox 532 3894 2100 3965">
    <p class='ocr_par' dir='ltr' id='par_1_66' title="bbox 532 3894 2100 3965">
     <span class='ocr_line' id='line_1_67' title="bbox 532 3894 2100 3965; baseline -0.001 -16"><span class='ocrx_word' id='word_1_482' title='bbox 532 3903 769 3965; x_wconf 80' lang='lat' dir='ltr'><strong>regatur.</strong></span> <span class='ocrx_word' id='word_1_483' title='bbox 811 3895 888 3948; x_wconf 88' lang='lat' dir='ltr'><strong>lta</strong></span> <span class='ocrx_word' id='word_1_484' title='bbox 918 3894 1319 3960; x_wconf 89' lang='lat' dir='ltr'><strong>vestimentum,</strong></span> <span class='ocrx_word' id='word_1_485' title='bbox 1347 3910 1444 3948; x_wconf 92' lang='lat' dir='ltr'><strong>nec</strong></span> <span class='ocrx_word' id='word_1_486' title='bbox 1477 3894 1728 3959; x_wconf 91' lang='lat' dir='ltr'><strong>stamine,</strong></span> <span class='ocrx_word' id='word_1_487' title='bbox 1750 3894 1955 3964; x_wconf 87' lang='lat' dir='ltr'><strong>absque</strong></span> <span class='ocrx_word' id='word_1_488' title='bbox 1981 3903 2100 3949; x_wconf 78' lang='lat' dir='ltr'><strong>tex-</strong></span> 
     </span>
    </p>
   </div>
   <div class='ocr_carea' id='block_1_67' title="bbox 536 3986 2101 4056">
    <p class='ocr_par' dir='ltr' id='par_1_67' title="bbox 536 3986 2101 4056">
     <span class='ocr_line' id='line_1_68' title="bbox 536 3986 2101 4056; baseline 0.001 -17"><span class='ocrx_word' id='word_1_489' title='bbox 536 3986 668 4041; x_wconf 87' lang='lat' dir='ltr'><strong>toris</strong></span> <span class='ocrx_word' id='word_1_490' title='bbox 700 4001 885 4049; x_wconf 89' lang='lat' dir='ltr'><strong>manu,</strong></span> <span class='ocrx_word' id='word_1_491' title='bbox 916 4001 973 4041; x_wconf 90' lang='lat' dir='ltr'><strong>se</strong></span> <span class='ocrx_word' id='word_1_492' title='bbox 1006 3987 1125 4055; x_wconf 92' lang='lat' dir='ltr'><strong>ipso</strong></span> <span class='ocrx_word' id='word_1_493' title='bbox 1155 3986 1511 4053; x_wconf 87' lang='lat' dir='ltr'><strong>consistente,</strong></span> <span class='ocrx_word' id='word_1_494' title='bbox 1545 4001 1644 4041; x_wconf 89' lang='lat' dir='ltr'><strong>nec</strong></span> <span class='ocrx_word' id='word_1_495' title='bbox 1673 3986 2013 4056; x_wconf 78' lang='lat' dir='ltr'><strong>subtegmine</strong></span> <span class='ocrx_word' id='word_1_496' title='bbox 2042 4000 2101 4041; x_wconf 91' lang='lat' dir='ltr'><strong>se</strong></span> 
     </span>
    </p>
   </div>
   <div class='ocr_carea' id='block_1_68' title="bbox 532 4077 2101 4148">
    <p class='ocr_par' dir='ltr' id='par_1_68' title="bbox 532 4077 2101 4148">
     <span class='ocr_line' id='line_1_69' title="bbox 532 4077 2101 4148; baseline 0.001 -17"><span class='ocrx_word' id='word_1_497' title='bbox 532 4078 711 4147; x_wconf 90' lang='lat' dir='ltr'><strong>ipsum</strong></span> <span class='ocrx_word' id='word_1_498' title='bbox 746 4078 887 4132; x_wconf 89' lang='lat' dir='ltr'><strong>ultro</strong></span> <span class='ocrx_word' id='word_1_499' title='bbox 916 4079 1089 4133; x_wconf 88' lang='lat' dir='ltr'><strong>eidem</strong></span> <span class='ocrx_word' id='word_1_500' title='bbox 1117 4078 1427 4147; x_wconf 87' lang='lat' dir='ltr'><strong>implicante</strong></span> <span class='ocrx_word' id='word_1_501' title='bbox 1459 4077 1789 4147; x_wconf 84' lang='lat' dir='ltr'><strong>pertexitur;</strong></span> <span class='ocrx_word' id='word_1_502' title='bbox 1830 4079 1986 4148; x_wconf 88' lang='lat' dir='ltr'><strong>cujus</strong></span> <span class='ocrx_word' id='word_1_503' title='bbox 2019 4087 2101 4133; x_wconf 87' lang='lat' dir='ltr'><strong>ta-</strong></span> 
     </span>
    </p>
   </div>
   <div class='ocr_carea' id='block_1_69' title="bbox 532 4168 2099 4239">
    <p class='ocr_par' dir='ltr' id='par_1_69' title="bbox 532 4168 2099 4239">
     <span class='ocr_line' id='line_1_70' title="bbox 532 4168 2099 4239; baseline -0.001 -15"><span class='ocrx_word' id='word_1_504' title='bbox 532 4186 680 4233; x_wconf 88' lang='lat' dir='ltr'><strong>men,</strong></span> <span class='ocrx_word' id='word_1_505' title='bbox 710 4170 802 4225; x_wconf 91' lang='lat' dir='ltr'><strong>ubi</strong></span> <span class='ocrx_word' id='word_1_506' title='bbox 834 4169 1208 4239; x_wconf 86' lang='lat' dir='ltr'><strong>disrumpitur,</strong></span> <span class='ocrx_word' id='word_1_507' title='bbox 1258 4169 1433 4223; x_wconf 89' lang='lat' dir='ltr'><strong>lacera</strong></span> <span class='ocrx_word' id='word_1_508' title='bbox 1469 4170 1596 4224; x_wconf 89' lang='lat' dir='ltr'><strong>hinc</strong></span> <span class='ocrx_word' id='word_1_509' title='bbox 1626 4170 1752 4225; x_wconf 88' lang='lat' dir='ltr'><strong>inde</strong></span> <span class='ocrx_word' id='word_1_510' title='bbox 1782 4168 1951 4224; x_wconf 83' lang='lat' dir='ltr'><strong>frusta</strong></span> <span class='ocrx_word' id='word_1_511' title='bbox 1986 4170 2099 4223; x_wconf 89' lang='lat' dir='ltr'><strong>dis-</strong></span> 
     </span>
    </p>
   </div>
   <div class='ocr_carea' id='block_1_70' title="bbox 525 4261 2096 4335">
    <p class='ocr_par' dir='ltr' id='par_1_70' title="bbox 525 4261 2096 4335">
     <span class='ocr_line' id='line_1_71' title="bbox 525 4261 2096 4335; baseline 0 -20"><span class='ocrx_word' id='word_1_512' title='bbox 525 4262 620 4333; x_wconf 86' lang='lat' dir='ltr'><strong>jici</strong></span> <span class='ocrx_word' id='word_1_513' title='bbox 664 4263 868 4317; x_wconf 77' lang='lat' dir='ltr'><strong>videas.</strong></span> <span class='ocrx_word' id='word_1_514' title='bbox 928 4261 1002 4315; x_wconf 90' lang='lat' dir='ltr'><strong>Ita</strong></span> <span class='ocrx_word' id='word_1_515' title='bbox 1049 4277 1173 4317; x_wconf 93' lang='lat' dir='ltr'><strong>cum</strong></span> <span class='ocrx_word' id='word_1_516' title='bbox 1221 4261 1417 4316; x_wconf 78' lang='lat' dir='ltr'><strong>domus</strong></span> <span class='ocrx_word' id='word_1_517' title='bbox 1466 4268 1560 4313; x_wconf 87' lang='lat' dir='ltr'><strong>aut</strong></span> <span class='ocrx_word' id='word_1_518' title='bbox 1602 4261 1734 4316; x_wconf 88' lang='lat' dir='ltr'><strong>urbs</strong></span> <span class='ocrx_word' id='word_1_519' title='bbox 1780 4262 2096 4335; x_wconf 69' lang='lat' dir='ltr'><strong>aediﬁcatur,</strong></span> 
     </span>
    </p>
   </div>
   <div class='ocr_carea' id='block_1_71' title="bbox 527 4351 2095 4423">
    <p class='ocr_par' dir='ltr' id='par_1_71' title="bbox 527 4351 2095 4423">
     <span class='ocr_line' id='line_1_72' title="bbox 527 4351 2095 4423; baseline -0.001 -15"><span class='ocrx_word' id='word_1_520' title='bbox 527 4369 638 4408; x_wconf 89' lang='lat' dir='ltr'><strong>non</strong></span> <span class='ocrx_word' id='word_1_521' title='bbox 661 4354 864 4423; x_wconf 87' lang='lat' dir='ltr'><strong>lapides</strong></span> <span class='ocrx_word' id='word_1_522' title='bbox 890 4353 1110 4423; x_wconf 83' lang='lat' dir='ltr'><strong>excipit,</strong></span> <span class='ocrx_word' id='word_1_523' title='bbox 1130 4354 1266 4407; x_wconf 90' lang='lat' dir='ltr'><strong>alios</strong></span> <span class='ocrx_word' id='word_1_524' title='bbox 1297 4353 1349 4405; x_wconf 94' lang='lat' dir='ltr'><strong>in</strong></span> <span class='ocrx_word' id='word_1_525' title='bbox 1382 4351 1731 4406; x_wconf 86' lang='lat' dir='ltr'><strong>fundamenta</strong></span> <span class='ocrx_word' id='word_1_526' title='bbox 1755 4363 1944 4422; x_wconf 90' lang='lat' dir='ltr'><strong>sponte</strong></span> <span class='ocrx_word' id='word_1_527' title='bbox 1961 4354 2095 4408; x_wconf 89' lang='lat' dir='ltr'><strong>sub-</strong></span> 
     </span>
    </p>
   </div>
   <div class='ocr_carea' id='block_1_72' title="bbox 528 4443 2170 4516">
    <p class='ocr_par' dir='ltr' id='par_1_72' title="bbox 528 4443 2170 4516">
     <span class='ocr_line' id='line_1_73' title="bbox 528 4443 2170 4516; baseline 0 -17"><span class='ocrx_word' id='word_1_528' title='bbox 528 4445 784 4511; x_wconf 88' lang='lat' dir='ltr'><strong>sidentes,</strong></span> <span class='ocrx_word' id='word_1_529' title='bbox 827 4446 965 4500; x_wconf 90' lang='lat' dir='ltr'><strong>alios</strong></span> <span class='ocrx_word' id='word_1_530' title='bbox 1016 4445 1277 4514; x_wconf 63' lang='lat' dir='ltr'><strong>superius,</strong></span> <span class='ocrx_word' id='word_1_531' title='bbox 1296 4444 1348 4497; x_wconf 91' lang='lat' dir='ltr'><strong>in</strong></span> <span class='ocrx_word' id='word_1_532' title='bbox 1384 4453 1672 4498; x_wconf 73' lang='lat' dir='ltr'><strong>structurae</strong></span> <span class='ocrx_word' id='word_1_533' title='bbox 1709 4443 1917 4499; x_wconf 90' lang='lat' dir='ltr'><strong>corium</strong></span> <span class='ocrx_word' id='word_1_534' title='bbox 1949 4445 2094 4499; x_wconf 86' lang='lat' dir='ltr'><strong>ultro</strong></span> <span class='ocrx_word' id='word_1_535' title='bbox 2126 4461 2170 4516; x_wconf 77' lang='grc' dir='ltr'><strong>ι)</strong></span> 
     </span>
    </p>
   </div>
   <div class='ocr_carea' id='block_1_73' title="bbox 529 4536 2095 4605">
    <p class='ocr_par' dir='ltr' id='par_1_73' title="bbox 529 4536 2095 4605">
     <span class='ocr_line' id='line_1_74' title="bbox 529 4536 2095 4605; baseline -0.001 -13"><span class='ocrx_word' id='word_1_536' title='bbox 529 4538 912 4602; x_wconf 85' lang='lat' dir='ltr'><strong>subvolantes;</strong></span> <span class='ocrx_word' id='word_1_537' title='bbox 966 4537 1059 4592; x_wconf 89' lang='lat' dir='ltr'><strong>sed</strong></span> <span class='ocrx_word' id='word_1_538' title='bbox 1091 4536 1418 4591; x_wconf 84' lang='lat' dir='ltr'><strong>architectus</strong></span> <span class='ocrx_word' id='word_1_539' title='bbox 1468 4539 1521 4588; x_wconf 82' lang='lat' dir='ltr'><strong>in</strong></span> <span class='ocrx_word' id='word_1_540' title='bbox 1552 4551 1710 4589; x_wconf 91' lang='lat' dir='ltr'><strong>suum</strong></span> <span class='ocrx_word' id='word_1_541' title='bbox 1744 4551 1989 4605; x_wconf 87' lang='lat' dir='ltr'><strong>quosque</strong></span> <span class='ocrx_word' id='word_1_542' title='bbox 2014 4538 2095 4591; x_wconf 78' lang='lat' dir='ltr'><strong>lo-</strong></span> 
     </span>
    </p>
   </div>
   <div class='ocr_carea' id='block_1_74' title="bbox 454 4613 2093 4696">
    <p class='ocr_par' dir='ltr' id='par_1_74' title="bbox 454 4613 2093 4696">
     <span class='ocr_line' id='line_1_75' title="bbox 454 4613 2093 4696; baseline -0.005 -15"><span class='ocrx_word' id='word_1_543' title='bbox 454 4664 469 4681; x_wconf 86' lang='lat'><strong>.</strong></span> <span class='ocrx_word' id='word_1_544' title='bbox 530 4643 655 4681; x_wconf 90' lang='lat' dir='ltr'><strong>cum</strong></span> <span class='ocrx_word' id='word_1_545' title='bbox 690 4626 898 4681; x_wconf 88' lang='lat' dir='ltr'><strong>delatos</strong></span> <span class='ocrx_word' id='word_1_546' title='bbox 948 4634 1070 4696; x_wconf 89' lang='lat' dir='ltr'><strong>apte</strong></span> <span class='ocrx_word' id='word_1_547' title='bbox 1119 4627 1488 4695; x_wconf 89' lang='lat' dir='ltr'><strong>concinneque</strong></span> <span class='ocrx_word' id='word_1_548' title='bbox 1516 4613 1772 4693; x_wconf 80' lang='lat' dir='ltr'><strong>disponit.</strong></span> <span class='ocrx_word' id='word_1_549' title='bbox 1829 4625 1898 4679; x_wconf 82' lang='lat' dir='ltr'><strong>At</strong></span> <span class='ocrx_word' id='word_1_550' title='bbox 1941 4637 2093 4696; x_wconf 75' lang='lat' dir='ltr'><strong>post-</strong></span> 
     </span>
    </p>
   </div>
   <div class='ocr_carea' id='block_1_75' title="bbox 528 4715 2095 4788">
    <p class='ocr_par' dir='ltr' id='par_1_75' title="bbox 528 4715 2095 4788">
     <span class='ocr_line' id='line_1_76' title="bbox 528 4715 2095 4788; baseline 0.004 -18"><span class='ocrx_word' id='word_1_551' title='bbox 528 4720 692 4787; x_wconf 65' lang='lat' dir='ltr'><strong>Quam</strong></span> <span class='ocrx_word' id='word_1_552' title='bbox 723 4717 946 4771; x_wconf 90' lang='lat' dir='ltr'><strong>subruta</strong></span> <span class='ocrx_word' id='word_1_553' title='bbox 982 4725 1084 4781; x_wconf 81' lang='lat' dir='ltr'><strong>est,</strong></span> <span class='ocrx_word' id='word_1_554' title='bbox 1111 4718 1296 4771; x_wconf 89' lang='lat' dir='ltr'><strong>ubiubi</strong></span> <span class='ocrx_word' id='word_1_555' title='bbox 1337 4734 1497 4774; x_wconf 89' lang='lat' dir='ltr'><strong>casus</strong></span> <span class='ocrx_word' id='word_1_556' title='bbox 1529 4715 1730 4778; x_wconf 87' lang='lat' dir='ltr'><strong>tulerit,</strong></span> <span class='ocrx_word' id='word_1_557' title='bbox 1766 4717 1960 4788; x_wconf 81' lang='lat' dir='ltr'><strong>singuli</strong></span> <span class='ocrx_word' id='word_1_558' title='bbox 1984 4720 2095 4777; x_wconf 90' lang='lat' dir='ltr'><strong>dis-</strong></span> 
     </span>
    </p>
   </div>
   <div class='ocr_carea' id='block_1_76' title="bbox 521 4807 2092 4880">
    <p class='ocr_par' dir='ltr' id='par_1_76' title="bbox 521 4807 2092 4880">
     <span class='ocr_line' id='line_1_77' title="bbox 521 4807 2092 4880; baseline 0.004 -17"><span class='ocrx_word' id='word_1_559' title='bbox 521 4809 653 4877; x_wconf 72' lang='lat' dir='ltr'><strong>jecti</strong></span> <span class='ocrx_word' id='word_1_560' title='bbox 684 4807 887 4877; x_wconf 86' lang='lat' dir='ltr'><strong>passim</strong></span> <span class='ocrx_word' id='word_1_561' title='bbox 919 4817 1225 4879; x_wconf 85' lang='lat' dir='ltr'><strong>temereque</strong></span> <span class='ocrx_word' id='word_1_562' title='bbox 1250 4810 1452 4880; x_wconf 89' lang='lat' dir='ltr'><strong>jacent.</strong></span> <span class='ocrx_word' id='word_1_563' title='bbox 1494 4811 1567 4866; x_wconf 86' lang='lat' dir='ltr'><strong>ita</strong></span> <span class='ocrx_word' id='word_1_564' title='bbox 1597 4813 1725 4867; x_wconf 90' lang='lat' dir='ltr'><strong>dum</strong></span> <span class='ocrx_word' id='word_1_565' title='bbox 1754 4816 1907 4869; x_wconf 83' lang='lat' dir='ltr'><strong>navis</strong></span> <span class='ocrx_word' id='word_1_566' title='bbox 1940 4829 2092 4868; x_wconf 84' lang='lat' dir='ltr'><strong>com-</strong></span> 
     </span>
    </p>
   </div>
   <div class='ocr_carea' id='block_1_77' title="bbox 528 4901 2091 4971">
    <p class='ocr_par' dir='ltr' id='par_1_77' title="bbox 528 4901 2091 4971">
     <span class='ocr_line' id='line_1_78' title="bbox 528 4901 2091 4971; baseline 0.005 -19"><span class='ocrx_word' id='word_1_567' title='bbox 528 4901 797 4971; x_wconf 84' lang='lat' dir='ltr'><strong>pingitur,</strong></span> <span class='ocrx_word' id='word_1_568' title='bbox 832 4915 942 4953; x_wconf 90' lang='lat' dir='ltr'><strong>non</strong></span> <span class='ocrx_word' id='word_1_569' title='bbox 969 4916 1026 4955; x_wconf 89' lang='lat' dir='ltr'><strong>se</strong></span> <span class='ocrx_word' id='word_1_570' title='bbox 1060 4902 1229 4970; x_wconf 88' lang='lat' dir='ltr'><strong>ipsam</strong></span> <span class='ocrx_word' id='word_1_571' title='bbox 1265 4903 1450 4957; x_wconf 87' lang='lat' dir='ltr'><strong>carina</strong></span> <span class='ocrx_word' id='word_1_572' title='bbox 1476 4905 1779 4969; x_wconf 87' lang='lat' dir='ltr'><strong>submittit,</strong></span> <span class='ocrx_word' id='word_1_573' title='bbox 1831 4922 1939 4961; x_wconf 91' lang='lat' dir='ltr'><strong>non</strong></span> <span class='ocrx_word' id='word_1_574' title='bbox 1971 4921 2091 4960; x_wconf 89' lang='lat' dir='ltr'><strong>ma-</strong></span> 
     </span>
    </p>
   </div>
   <div class='ocr_carea' id='block_1_78' title="bbox 524 4993 2091 5081">
    <p class='ocr_par' dir='ltr' id='par_1_78' title="bbox 524 4993 2091 5081">
     <span class='ocr_line' id='line_1_79' title="bbox 524 4993 2091 5081; baseline 0.003 -33"><span class='ocrx_word' id='word_1_575' title='bbox 524 4995 609 5048; x_wconf 90' lang='lat' dir='ltr'><strong>lus</strong></span> <span class='ocrx_word' id='word_1_576' title='bbox 642 4993 697 5048; x_wconf 89' lang='lat' dir='ltr'><strong>in</strong></span> <span class='ocrx_word' id='word_1_577' title='bbox 729 4994 905 5049; x_wconf 89' lang='lat' dir='ltr'><strong>medio</strong></span> <span class='ocrx_word' id='word_1_578' title='bbox 935 5002 1141 5081; x_wconf 84' lang='lat' dir='ltr'><strong>rectum</strong></span> <span class='ocrx_word' id='word_1_579' title='bbox 1173 5010 1293 5050; x_wconf 89' lang='lat' dir='ltr'><strong>sese</strong></span> <span class='ocrx_word' id='word_1_580' title='bbox 1338 4996 1507 5061; x_wconf 89' lang='lat' dir='ltr'><strong>tollit,</strong></span> <span class='ocrx_word' id='word_1_581' title='bbox 1559 5014 1667 5051; x_wconf 85' lang='lat' dir='ltr'><strong>non</strong></span> <span class='ocrx_word' id='word_1_582' title='bbox 1712 5000 1854 5069; x_wconf 88' lang='lat' dir='ltr'><strong>ligna</strong></span> <span class='ocrx_word' id='word_1_583' title='bbox 1900 5008 2091 5057; x_wconf 65' lang='lat' dir='ltr'><strong>caetera</strong></span> 
     </span>
    </p>
   </div>
   <div class='ocr_carea' id='block_1_79' title="bbox 593 5127 997 5192">
    <p class='ocr_par' dir='ltr' id='par_1_79' title="bbox 593 5127 997 5192">
     <span class='ocr_line' id='line_1_80' title="bbox 593 5127 997 5192; baseline -0.005 -9"><span class='ocrx_word' id='word_1_584' title='bbox 593 5130 637 5159; x_wconf 76' lang='lat'><strong><em>“</em></strong></span> <span class='ocrx_word' id='word_1_585' title='bbox 666 5127 798 5183; x_wconf 88' lang='lat' dir='ltr'><strong>Gen.</strong></span> <span class='ocrx_word' id='word_1_586' title='bbox 837 5146 876 5192; x_wconf 84' lang='grc' dir='ltr'><strong>ι,</strong></span> <span class='ocrx_word' id='word_1_587' title='bbox 908 5128 997 5183; x_wconf 80' lang='grc'><strong>51.</strong></span> 
     </span>
    </p>
   </div>
   <div class='ocr_carea' id='block_1_80' title="bbox 590 5260 2093 5333">
    <p class='ocr_par' dir='ltr' id='par_1_80' title="bbox 590 5260 2093 5333">
     <span class='ocr_line' id='line_1_81' title="bbox 590 5260 2093 5333; baseline 0.006 -19"><span class='ocrx_word' id='word_1_588' title='bbox 590 5260 703 5328; x_wconf 76' lang='lat'><strong>(9.8)</strong></span> <span class='ocrx_word' id='word_1_589' title='bbox 731 5263 1222 5332; x_wconf 72' lang='grc' dir='ltr'>Ἔκληρονόμησε</span> <span class='ocrx_word' id='word_1_590' title='bbox 1247 5263 1312 5317; x_wconf 86' lang='grc' dir='ltr'>τὸ</span> <span class='ocrx_word' id='word_1_591' title='bbox 1340 5263 1542 5333; x_wconf 73' lang='grc' dir='ltr'>ὄνομα.</span> <span class='ocrx_word' id='word_1_592' title='bbox 1582 5265 1674 5321; x_wconf 81' lang='lat' dir='ltr'><strong>His</strong></span> <span class='ocrx_word' id='word_1_593' title='bbox 1702 5276 1881 5322; x_wconf 86' lang='lat' dir='ltr'><strong>autem</strong></span> <span class='ocrx_word' id='word_1_594' title='bbox 1910 5269 2093 5324; x_wconf 86' lang='lat' dir='ltr'><strong>relatis</strong></span> 
     </span>
    </p>
   </div>
   <div class='ocr_carea' id='block_1_81' title="bbox 519 5332 2092 5407">
    <p class='ocr_par' dir='ltr' id='par_1_81' title="bbox 519 5332 2092 5407">
     <span class='ocr_line' id='line_1_82' title="bbox 519 5332 2092 5407; baseline 0.008 -26"><span class='ocrx_word' id='word_1_595' title='bbox 519 5332 702 5407; x_wconf 76' lang='lat' dir='ltr'><strong>subdit</strong></span> <span class='ocrx_word' id='word_1_596' title='bbox 724 5333 997 5407; x_wconf 60' lang='lat' dir='ltr'><strong>Eusebius</strong></span> <span class='ocrx_word' id='word_1_597' title='bbox 1024 5350 1036 5385; x_wconf 91' lang='lat'>:</span> <span class='ocrx_word' id='word_1_598' title='bbox 1070 5332 1450 5407; x_wconf 41' lang='grc' dir='ltr'>Ταύτίείπῲν,</span> <span class='ocrx_word' id='word_1_599' title='bbox 1485 5337 1610 5407; x_wconf 79' lang='grc' dir='ltr'>ἑξῆς</span> <span class='ocrx_word' id='word_1_600' title='bbox 1644 5339 2002 5402; x_wconf 77' lang='grc' dir='ltr'>ἁνασκευάζει</span> <span class='ocrx_word' id='word_1_601' title='bbox 2031 5339 2092 5393; x_wconf 86' lang='grc' dir='ltr'><strong>τὸ</strong></span> 
     </span>
    </p>
   </div>
   <div class='ocr_carea' id='block_1_82' title="bbox 519 5400 2091 5477">
    <p class='ocr_par' dir='ltr' id='par_1_82' title="bbox 519 5400 2091 5477">
     <span class='ocr_line' id='line_1_83' title="bbox 519 5400 2091 5477; baseline 0.007 -26"><span class='ocrx_word' id='word_1_602' title='bbox 519 5400 693 5477; x_wconf 53' lang='grc' dir='ltr'>δόγμα</span> <span class='ocrx_word' id='word_1_603' title='bbox 719 5402 805 5477; x_wconf 73' lang='grc' dir='ltr'>διὰ</span> <span class='ocrx_word' id='word_1_604' title='bbox 831 5404 1061 5477; x_wconf 73' lang='grc' dir='ltr'>πολλῶν,</span> <span class='ocrx_word' id='word_1_605' title='bbox 1085 5404 1223 5477; x_wconf 75' lang='grc' dir='ltr'>ἁτᾲρ</span> <span class='ocrx_word' id='word_1_606' title='bbox 1243 5403 1298 5455; x_wconf 85' lang='grc' dir='ltr'>δὲ</span> <span class='ocrx_word' id='word_1_607' title='bbox 1321 5404 1406 5477; x_wconf 76' lang='grc' dir='ltr'><strong>διά</strong></span> <span class='ocrx_word' id='word_1_608' title='bbox 1431 5400 1654 5459; x_wconf 74' lang='grc' dir='ltr'>τούτων.</span> <span class='ocrx_word' id='word_1_609' title='bbox 1684 5408 1809 5462; x_wconf 66' lang='grc' dir='ltr'><strong>Πανί</strong></span> <span class='ocrx_word' id='word_1_610' title='bbox 1836 5400 2091 5477; x_wconf 60' lang='grc' dir='ltr'>ρναέῙαιιιε</span> 
     </span>
    </p>
   </div>
   <div class='ocr_carea' id='block_1_83' title="bbox 523 5470 2093 5547">
    <p class='ocr_par' dir='ltr' id='par_1_83' title="bbox 523 5470 2093 5547">
     <span class='ocr_line' id='line_1_84' title="bbox 523 5470 2093 5547; baseline 0.006 -26"><span class='ocrx_word' id='word_1_611' title='bbox 523 5470 848 5539; x_wconf 77' lang='lat' dir='ltr'><strong>(Dionysius)</strong></span> <span class='ocrx_word' id='word_1_612' title='bbox 882 5472 1072 5547; x_wconf 72' lang='lat' dir='ltr'><strong>multis</strong></span> <span class='ocrx_word' id='word_1_613' title='bbox 1094 5470 1332 5547; x_wconf 69' lang='lat' dir='ltr'><strong>deinceps</strong></span> <span class='ocrx_word' id='word_1_614' title='bbox 1368 5476 1461 5527; x_wconf 79' lang='lat' dir='ltr'><strong>hoc</strong></span> <span class='ocrx_word' id='word_1_615' title='bbox 1489 5478 1675 5547; x_wconf 81' lang='lat' dir='ltr'><strong>dogma</strong></span> <span class='ocrx_word' id='word_1_616' title='bbox 1708 5470 1975 5547; x_wconf 55' lang='lat' dir='ltr'><strong>confutat&#39;,</strong></span> <span class='ocrx_word' id='word_1_617' title='bbox 2005 5478 2093 5531; x_wconf 62' lang='lat' dir='ltr'><strong>in-</strong></span> 
     </span>
    </p>
   </div>
   <div class='ocr_carea' id='block_1_84' title="bbox 520 5543 1799 5612">
    <p class='ocr_par' dir='ltr' id='par_1_84' title="bbox 520 5543 1799 5612">
     <span class='ocr_line' id='line_1_85' title="bbox 520 5543 1799 5612; baseline 0.008 -21"><span class='ocrx_word' id='word_1_618' title='bbox 520 5549 699 5612; x_wconf 58' lang='lat' dir='ltr'><strong>terque</strong></span> <span class='ocrx_word' id='word_1_619' title='bbox 729 5551 933 5612; x_wconf 66' lang='lat' dir='ltr'><strong>cratera,</strong></span> <span class='ocrx_word' id='word_1_620' title='bbox 968 5543 1130 5595; x_wconf 77' lang='lat' dir='ltr'><strong>verbis</strong></span> <span class='ocrx_word' id='word_1_621' title='bbox 1155 5560 1268 5612; x_wconf 78' lang='lat' dir='ltr'><strong>qnw</strong></span> <span class='ocrx_word' id='word_1_622' title='bbox 1296 5543 1600 5607; x_wconf 74' lang='lat' dir='ltr'><strong>sequuntur.</strong></span> <span class='ocrx_word' id='word_1_623' title='bbox 1639 5546 1799 5601; x_wconf 80' lang='lat' dir='ltr'><strong>GALL.</strong></span> 
     </span>
    </p>
   </div>
   <div class='ocr_carea' id='block_1_85' title="bbox 558 5608 2091 5689">
    <p class='ocr_par' dir='ltr' id='par_1_85' title="bbox 558 5608 2091 5689">
     <span class='ocr_line' id='line_1_86' title="bbox 558 5608 2091 5689; baseline 0.008 -25"><span class='ocrx_word' id='word_1_624' title='bbox 558 5678 570 5689; x_wconf 37' lang='grc' dir='ltr'><strong>ο</strong></span> <span class='ocrx_word' id='word_1_625' title='bbox 592 5608 703 5689; x_wconf 56' lang='lat'><strong>{&#39;29)</strong></span> <span class='ocrx_word' id='word_1_626' title='bbox 733 5610 894 5663; x_wconf 71' lang='grc' dir='ltr'>Ἀλλ’</span> <span class='ocrx_word' id='word_1_627' title='bbox 923 5608 1064 5689; x_wconf 66' lang='grc' dir='ltr'>ῠιὶνδὲ</span> <span class='ocrx_word' id='word_1_628' title='bbox 1092 5608 1210 5689; x_wconf 61' lang='grc' dir='ltr'>ἀπε)</span> <span class='ocrx_word' id='word_1_629' title='bbox 1240 5612 1356 5689; x_wconf 72' lang='grc' dir='ltr'>τῶν</span> <span class='ocrx_word' id='word_1_630' title='bbox 1384 5614 1629 5683; x_wconf 76' lang='grc' dir='ltr'>μικρῶν.</span> <span class='ocrx_word' id='word_1_631' title='bbox 1658 5618 1855 5689; x_wconf 64' lang='lat' dir='ltr'><strong>lleesse</strong></span> <span class='ocrx_word' id='word_1_632' title='bbox 1891 5622 2091 5689; x_wconf 89' lang='lat' dir='ltr'><strong>aliquid</strong></span> 
     </span>
    </p>
   </div>
   <div class='ocr_carea' id='block_1_86' title="bbox 520 5682 2089 5758">
    <p class='ocr_par' dir='ltr' id='par_1_86' title="bbox 520 5682 2089 5758">
     <span class='ocr_line' id='line_1_87' title="bbox 520 5682 2089 5758; baseline 0.01 -30"><span class='ocrx_word' id='word_1_633' title='bbox 520 5682 734 5758; x_wconf 70' lang='lat' dir='ltr'><strong>videtur</strong></span> <span class='ocrx_word' id='word_1_634' title='bbox 775 5682 1251 5758; x_wconf 49' lang='lat' dir='ltr'><strong>:Apendent__enim</strong></span> <span class='ocrx_word' id='word_1_635' title='bbox 1301 5682 1433 5758; x_wconf 80' lang='lat' dir='ltr'><strong>ista,</strong></span> <span class='ocrx_word' id='word_1_636' title='bbox 1487 5700 1587 5739; x_wconf 90' lang='lat' dir='ltr'><strong>nec</strong></span> <span class='ocrx_word' id='word_1_637' title='bbox 1634 5686 1742 5758; x_wconf 89' lang='lat' dir='ltr'><strong>ullo</strong></span> <span class='ocrx_word' id='word_1_638' title='bbox 1779 5693 1944 5746; x_wconf 85' lang='lat' dir='ltr'><strong>verbo</strong></span> <span class='ocrx_word' id='word_1_639' title='bbox 1979 5682 2089 5746; x_wconf 70' lang='lat' dir='ltr'><strong>lul-</strong></span> 
     </span>
    </p>
   </div>
   <div class='ocr_carea' id='block_1_87' title="bbox 518 5744 2089 5819">
    <p class='ocr_par' dir='ltr' id='par_1_87' title="bbox 518 5744 2089 5819">
     <span class='ocr_line' id='line_1_88' title="bbox 518 5744 2089 5819; baseline 0.01 -18"><span class='ocrx_word' id='word_1_640' title='bbox 518 5748 755 5803; x_wconf 88' lang='lat' dir='ltr'><strong>ciuntur.</strong></span> <span class='ocrx_word' id='word_1_641' title='bbox 796 5744 936 5807; x_wconf 82' lang='lat' dir='ltr'><strong>Ouid</strong></span> <span class='ocrx_word' id='word_1_642' title='bbox 978 5751 1021 5804; x_wconf 90' lang='lat' dir='ltr'><strong>si</strong></span> <span class='ocrx_word' id='word_1_643' title='bbox 1061 5750 1119 5811; x_wconf 78' lang='grc' dir='ltr'><strong>ἐξ</strong></span> <span class='ocrx_word' id='word_1_644' title='bbox 1148 5744 1222 5804; x_wconf 83' lang='grc' dir='ltr'>ὧν</span> <span class='ocrx_word' id='word_1_645' title='bbox 1254 5754 1398 5819; x_wconf 85' lang='lat' dir='ltr'><strong>quod</strong></span> <span class='ocrx_word' id='word_1_646' title='bbox 1422 5744 1561 5808; x_wconf 73' lang='grc' dir='ltr'>ἠιοκ</span> <span class='ocrx_word' id='word_1_647' title='bbox 1591 5757 1835 5813; x_wconf 78' lang='lat' dir='ltr'><strong>sequitur</strong></span> <span class='ocrx_word' id='word_1_648' title='bbox 1873 5744 2089 5816; x_wconf 80' lang='lat' dir='ltr'><strong>tollere-</strong></span> 
     </span>
    </p>
   </div>
   <div class='ocr_carea' id='block_1_88' title="bbox 2206 3247 3840 3324">
    <p class='ocr_par' dir='ltr' id='par_1_88' title="bbox 2206 3247 3840 3324">
     <span class='ocr_line' id='line_1_89' title="bbox 2206 3247 3840 3324; baseline -0.001 -22"><span class='ocrx_word' id='word_1_649' title='bbox 2206 3266 2339 3312; x_wconf 88' lang='grc' dir='ltr'>νειν,</span> <span class='ocrx_word' id='word_1_650' title='bbox 2372 3249 2453 3301; x_wconf 87' lang='grc' dir='ltr'>ὃτι</span> <span class='ocrx_word' id='word_1_651' title='bbox 2485 3247 2737 3319; x_wconf 82' lang='grc' dir='ltr'>χρειῶδες</span> <span class='ocrx_word' id='word_1_652' title='bbox 2768 3248 2865 3316; x_wconf 84' lang='grc' dir='ltr'><strong>μὲν</strong></span> <span class='ocrx_word' id='word_1_653' title='bbox 2897 3247 2993 3300; x_wconf 75' lang='grc' dir='ltr'><strong>καὶ</strong></span> <span class='ocrx_word' id='word_1_654' title='bbox 3039 3250 3175 3320; x_wconf 77' lang='grc' dir='ltr'>πρὸς</span> <span class='ocrx_word' id='word_1_655' title='bbox 3205 3250 3476 3319; x_wconf 77' lang='grc' dir='ltr'>ὠφέλειαν</span> <span class='ocrx_word' id='word_1_656' title='bbox 3503 3251 3663 3323; x_wconf 77' lang='grc' dir='ltr'>ἔργον</span> <span class='ocrx_word' id='word_1_657' title='bbox 3690 3251 3773 3303; x_wconf 80' lang='grc' dir='ltr'>ού·</span> <span class='ocrx_word' id='word_1_658' title='bbox 3826 3289 3840 3324; x_wconf 40' lang='grc' dir='ltr'><strong><em>κ</em></strong></span> 
     </span>
    </p>
   </div>
   <div class='ocr_carea' id='block_1_89' title="bbox 2204 3328 3772 3412">
    <p class='ocr_par' dir='ltr' id='par_1_89' title="bbox 2204 3328 3772 3412">
     <span class='ocr_line' id='line_1_90' title="bbox 2204 3328 3772 3412; baseline 0.001 -19"><span class='ocrx_word' id='word_1_659' title='bbox 2204 3340 2290 3393; x_wconf 80' lang='grc' dir='ltr'><strong>δὲν</strong></span> <span class='ocrx_word' id='word_1_660' title='bbox 2336 3339 2790 3410; x_wconf 78' lang='grc' dir='ltr'>ἀνεπιτηδεύτως,</span> <span class='ocrx_word' id='word_1_661' title='bbox 2852 3328 2973 3393; x_wconf 84' lang='grc' dir='ltr'>ούδὲ</span> <span class='ocrx_word' id='word_1_662' title='bbox 3017 3341 3376 3412; x_wconf 66' lang='grc' dir='ltr'>συμϐατικῶς.</span> <span class='ocrx_word' id='word_1_663' title='bbox 3390 3343 3772 3412; x_wconf 81' lang='grc' dir='ltr'>ἀπεργάζεται,</span> 
     </span>
    </p>
   </div>
   <div class='ocr_carea' id='block_1_90' title="bbox 2205 3427 3773 3504">
    <p class='ocr_par' dir='ltr' id='par_1_90' title="bbox 2205 3427 3773 3504">
     <span class='ocr_line' id='line_1_91' title="bbox 2205 3427 3773 3504; baseline 0.002 -22"><span class='ocrx_word' id='word_1_664' title='bbox 2205 3428 2342 3482; x_wconf 82' lang='grc' dir='ltr'><strong>ἀλλά</strong></span> <span class='ocrx_word' id='word_1_665' title='bbox 2373 3427 2690 3501; x_wconf 76' lang='grc' dir='ltr'>χειρουργού</span> <span class='ocrx_word' id='word_1_666' title='bbox 2700 3446 2878 3499; x_wconf 89' lang='grc' dir='ltr'>μενον,</span> <span class='ocrx_word' id='word_1_667' title='bbox 2900 3431 2980 3492; x_wconf 85' lang='grc' dir='ltr'>εἰς</span> <span class='ocrx_word' id='word_1_668' title='bbox 3008 3429 3105 3500; x_wconf 84' lang='grc' dir='ltr'><strong>τὴν</strong></span> <span class='ocrx_word' id='word_1_669' title='bbox 3131 3430 3449 3501; x_wconf 82' lang='grc' dir='ltr'>πρέπουσαν</span> <span class='ocrx_word' id='word_1_670' title='bbox 3480 3431 3773 3504; x_wconf 79' lang='grc' dir='ltr'>ὑπηρεσίαν</span> 
     </span>
    </p>
   </div>
   <div class='ocr_carea' id='block_1_91' title="bbox 2206 3515 3773 3608">
    <p class='ocr_par' dir='ltr' id='par_1_91' title="bbox 2206 3515 3773 3608">
     <span class='ocr_line' id='line_1_92' title="bbox 2206 3515 3773 3608; baseline 0 -35"><span class='ocrx_word' id='word_1_671' title='bbox 2206 3519 2807 3608; x_wconf 40' lang='grc' dir='ltr'>καταρτίζεταιῷοταν</span> <span class='ocrx_word' id='word_1_672' title='bbox 2838 3520 2895 3573; x_wconf 88' lang='grc' dir='ltr'>δὲ</span> <span class='ocrx_word' id='word_1_673' title='bbox 2918 3521 2998 3584; x_wconf 85' lang='grc' dir='ltr'><strong>είς</strong></span> <span class='ocrx_word' id='word_1_674' title='bbox 3024 3515 3294 3593; x_wconf 73' lang='grc' dir='ltr'>ἄχρηστον</span> <span class='ocrx_word' id='word_1_675' title='bbox 3337 3524 3653 3594; x_wconf 81' lang='grc' dir='ltr'>μεταπίπτῃ</span> <span class='ocrx_word' id='word_1_676' title='bbox 3683 3522 3773 3577; x_wconf 78' lang='grc' dir='ltr'>καὶ</span> 
     </span>
    </p>
   </div>
   <div class='ocr_carea' id='block_1_92' title="bbox 2205 3611 3773 3687">
    <p class='ocr_par' dir='ltr' id='par_1_92' title="bbox 2205 3611 3773 3687">
     <span class='ocr_line' id='line_1_93' title="bbox 2205 3611 3773 3687; baseline 0.003 -22"><span class='ocrx_word' id='word_1_677' title='bbox 2205 3612 2497 3680; x_wconf 74' lang='grc' dir='ltr'>ἀνωφελὲς,</span> <span class='ocrx_word' id='word_1_678' title='bbox 2536 3612 2655 3665; x_wconf 83' lang='grc' dir='ltr'>τότε</span> <span class='ocrx_word' id='word_1_679' title='bbox 2710 3611 3059 3682; x_wconf 87' lang='grc' dir='ltr'>διαλυόμενον</span> <span class='ocrx_word' id='word_1_680' title='bbox 3117 3613 3383 3684; x_wconf 87' lang='grc' dir='ltr'>ἀορίστως</span> <span class='ocrx_word' id='word_1_681' title='bbox 3432 3615 3547 3687; x_wconf 82' lang='grc'><strong>(50)</strong></span> <span class='ocrx_word' id='word_1_682' title='bbox 3582 3616 3674 3669; x_wconf 71' lang='grc' dir='ltr'><strong>καὶ</strong></span> <span class='ocrx_word' id='word_1_683' title='bbox 3701 3614 3773 3677; x_wconf 84' lang='grc' dir='ltr'>ὡς</span> 
     </span>
    </p>
   </div>
   <div class='ocr_carea' id='block_1_93' title="bbox 2204 3700 3770 3779">
    <p class='ocr_par' dir='ltr' id='par_1_93' title="bbox 2204 3700 3770 3779">
     <span class='ocr_line' id='line_1_94' title="bbox 2204 3700 3770 3779; baseline 0.003 -24"><span class='ocrx_word' id='word_1_684' title='bbox 2204 3703 2268 3755; x_wconf 84' lang='grc' dir='ltr'>ἂν</span> <span class='ocrx_word' id='word_1_685' title='bbox 2296 3700 2433 3772; x_wconf 77' lang='grc' dir='ltr'>τύχῃ</span> <span class='ocrx_word' id='word_1_686' title='bbox 2475 3700 2862 3763; x_wconf 83' lang='grc' dir='ltr'>διασκίδναται,</span> <span class='ocrx_word' id='word_1_687' title='bbox 2887 3702 2980 3771; x_wconf 57' lang='lat' dir='ltr'><strong>life</strong></span> <span class='ocrx_word' id='word_1_688' title='bbox 3014 3704 3211 3774; x_wconf 81' lang='grc' dir='ltr'>μηκέτι</span> <span class='ocrx_word' id='word_1_689' title='bbox 3239 3706 3770 3779; x_wconf 74' lang='grc' dir='ltr'>μεταχειριζομένης,</span> 
     </span>
    </p>
   </div>
   <div class='ocr_carea' id='block_1_94' title="bbox 2208 3792 3772 3871">
    <p class='ocr_par' dir='ltr' id='par_1_94' title="bbox 2208 3792 3772 3871">
     <span class='ocr_line' id='line_1_95' title="bbox 2208 3792 3772 3871; baseline 0.003 -24"><span class='ocrx_word' id='word_1_690' title='bbox 2208 3793 2341 3865; x_wconf 82' lang='grc' dir='ltr'>μηδὲ</span> <span class='ocrx_word' id='word_1_691' title='bbox 2363 3794 2752 3865; x_wconf 75' lang='grc' dir='ltr'>διαταττούσης</span> <span class='ocrx_word' id='word_1_692' title='bbox 2781 3794 2912 3846; x_wconf 79' lang='grc' dir='ltr'>αὐτὸ</span> <span class='ocrx_word' id='word_1_693' title='bbox 2947 3796 3049 3871; x_wconf 69' lang='grc' dir='ltr'><strong>τῆς</strong></span> <span class='ocrx_word' id='word_1_694' title='bbox 3079 3796 3290 3864; x_wconf 80' lang='grc' dir='ltr'>σοφίας,</span> <span class='ocrx_word' id='word_1_695' title='bbox 3391 3798 3485 3851; x_wconf 80' lang='grc' dir='ltr'>τοῦ</span> <span class='ocrx_word' id='word_1_696' title='bbox 3521 3798 3772 3852; x_wconf 87' lang='grc' dir='ltr'>συνεστά-</span> 
     </span>
    </p>
   </div>
   <div class='ocr_carea' id='block_1_95' title="bbox 2201 3862 3771 3961">
    <p class='ocr_par' dir='ltr' id='par_1_95' title="bbox 2201 3862 3771 3961">
     <span class='ocr_line' id='line_1_96' title="bbox 2201 3862 3771 3961; baseline 0.003 -24"><span class='ocrx_word' id='word_1_697' title='bbox 2201 3862 2289 3937; x_wconf 80' lang='grc' dir='ltr'><strong>ναι</strong></span> <span class='ocrx_word' id='word_1_698' title='bbox 2322 3885 2480 3937; x_wconf 75' lang='grc' dir='ltr'>τοῦτο</span> <span class='ocrx_word' id='word_1_699' title='bbox 2508 3862 2717 3955; x_wconf 74' lang='grc' dir='ltr'>ἔμελεν.</span> <span class='ocrx_word' id='word_1_700' title='bbox 2765 3862 3091 3959; x_wconf 22' lang='grc' dir='ltr'>Ἱμάτιόντῆ</span> <span class='ocrx_word' id='word_1_701' title='bbox 3124 3862 3252 3958; x_wconf 58' lang='grc' dir='ltr'><strong>χάρ,</strong></span> <span class='ocrx_word' id='word_1_702' title='bbox 3275 3862 3532 3961; x_wconf 43' lang='grc' dir='ltr'>(λύ’χωρὶς</span> <span class='ocrx_word' id='word_1_703' title='bbox 3567 3892 3771 3960; x_wconf 82' lang='grc' dir='ltr'>ἱστουρ-</span> 
     </span>
    </p>
   </div>
   <div class='ocr_carea' id='block_1_96' title="bbox 2203 3970 3770 4051">
    <p class='ocr_par' dir='ltr' id='par_1_96' title="bbox 2203 3970 3770 4051">
     <span class='ocr_line' id='line_1_97' title="bbox 2203 3970 3770 4051; baseline 0.002 -23"><span class='ocrx_word' id='word_1_704' title='bbox 2203 3975 2323 4045; x_wconf 75' lang='grc' dir='ltr'>γοῦ,</span> <span class='ocrx_word' id='word_1_705' title='bbox 2375 3970 2779 4045; x_wconf 77' lang='grc' dir='ltr'>συνισταμένων</span> <span class='ocrx_word' id='word_1_706' title='bbox 2804 3976 2919 4029; x_wconf 70' lang='grc' dir='ltr'>ρτῶν</span> <span class='ocrx_word' id='word_1_707' title='bbox 2943 3978 3243 4047; x_wconf 77' lang='grc' dir='ltr'>στημόνων,</span> <span class='ocrx_word' id='word_1_708' title='bbox 3278 3979 3400 4032; x_wconf 79' lang='grc' dir='ltr'>οὐδὲ</span> <span class='ocrx_word' id='word_1_709' title='bbox 3432 3982 3543 4051; x_wconf 74' lang='grc' dir='ltr'>τῆς</span> <span class='ocrx_word' id='word_1_710' title='bbox 3573 3979 3770 4050; x_wconf 85' lang='grc' dir='ltr'>κρόκης</span> 
     </span>
    </p>
   </div>
   <div class='ocr_carea' id='block_1_97' title="bbox 2202 4069 3768 4149">
    <p class='ocr_par' dir='ltr' id='par_1_97' title="bbox 2202 4069 3768 4149">
     <span class='ocr_line' id='line_1_98' title="bbox 2202 4069 3768 4149; baseline 0.001 -29"><span class='ocrx_word' id='word_1_711' title='bbox 2202 4069 2522 4138; x_wconf 78' lang='grc' dir='ltr'>αὐτομάτως</span> <span class='ocrx_word' id='word_1_712' title='bbox 2580 4069 3140 4149; x_wconf 45' lang='grc' dir='ltr'>παρεμπξκομένης,</span> <span class='ocrx_word' id='word_1_713' title='bbox 3181 4070 3563 4139; x_wconf 71' lang='grc' dir='ltr'>ἀνυφαίνεταιο</span> <span class='ocrx_word' id='word_1_714' title='bbox 3618 4074 3664 4124; x_wconf 81' lang='grc' dir='ltr'><strong>εί</strong></span> <span class='ocrx_word' id='word_1_715' title='bbox 3714 4070 3768 4123; x_wconf 78' lang='grc' dir='ltr'>δὲ</span> 
     </span>
    </p>
   </div>
   <div class='ocr_carea' id='block_1_98' title="bbox 2200 4159 3768 4236">
    <p class='ocr_par' dir='ltr' id='par_1_98' title="bbox 2200 4159 3768 4236">
     <span class='ocr_line' id='line_1_99' title="bbox 2200 4159 3768 4236; baseline 0.001 -23"><span class='ocrx_word' id='word_1_716' title='bbox 2200 4160 2578 4232; x_wconf 74' lang='grc' dir='ltr'>κατατριδείη,</span> <span class='ocrx_word' id='word_1_717' title='bbox 2608 4160 2676 4213; x_wconf 75' lang='grc' dir='ltr'>τὰ</span> <span class='ocrx_word' id='word_1_718' title='bbox 2704 4159 3029 4213; x_wconf 79' lang='grc' dir='ltr'>λακισθέντα</span> <span class='ocrx_word' id='word_1_719' title='bbox 3054 4161 3454 4234; x_wconf 74' lang='grc' dir='ltr'>διαρριπτεῖται</span> <span class='ocrx_word' id='word_1_720' title='bbox 3494 4166 3654 4236; x_wconf 75' lang='grc' dir='ltr'>ῥάκη.</span> <span class='ocrx_word' id='word_1_721' title='bbox 3682 4163 3768 4215; x_wconf 88' lang='grc' dir='ltr'><strong>Οἰ-</strong></span> 
     </span>
    </p>
   </div>
   <div class='ocr_carea' id='block_1_99' title="bbox 2201 4251 3763 4326">
    <p class='ocr_par' dir='ltr' id='par_1_99' title="bbox 2201 4251 3763 4326">
     <span class='ocr_line' id='line_1_100' title="bbox 2201 4251 3763 4326; baseline 0.001 -21"><span class='ocrx_word' id='word_1_722' title='bbox 2201 4251 2292 4305; x_wconf 84' lang='grc' dir='ltr'><strong>κία</strong></span> <span class='ocrx_word' id='word_1_723' title='bbox 2318 4269 2378 4304; x_wconf 88' lang='grc' dir='ltr'><strong>τε</strong></span> <span class='ocrx_word' id='word_1_724' title='bbox 2406 4252 2835 4322; x_wconf 86' lang='grc' dir='ltr'>ἀνοικοδομεῖται</span> <span class='ocrx_word' id='word_1_725' title='bbox 2895 4254 2990 4307; x_wconf 72' lang='grc' dir='ltr'><strong>καὶ</strong></span> <span class='ocrx_word' id='word_1_726' title='bbox 3020 4253 3193 4317; x_wconf 87' lang='grc' dir='ltr'>πόλις,</span> <span class='ocrx_word' id='word_1_727' title='bbox 3245 4255 3303 4306; x_wconf 88' lang='grc' dir='ltr'><strong>ού</strong></span> <span class='ocrx_word' id='word_1_728' title='bbox 3338 4256 3465 4318; x_wconf 75' lang='grc' dir='ltr'>τοὺς</span> <span class='ocrx_word' id='word_1_729' title='bbox 3494 4257 3591 4326; x_wconf 90' lang='grc' dir='ltr'><strong>μέν</strong></span> <span class='ocrx_word' id='word_1_730' title='bbox 3620 4269 3763 4314; x_wconf 86' lang='grc' dir='ltr'>τινας</span> 
     </span>
    </p>
   </div>
   <div class='ocr_carea' id='block_1_100' title="bbox 2198 4341 3763 4413">
    <p class='ocr_par' dir='ltr' id='par_1_100' title="bbox 2198 4341 3763 4413">
     <span class='ocr_line' id='line_1_101' title="bbox 2198 4341 3763 4413; baseline 0 -19"><span class='ocrx_word' id='word_1_731' title='bbox 2198 4342 2464 4413; x_wconf 79' lang='grc' dir='ltr'>δεχομένη</span> <span class='ocrx_word' id='word_1_732' title='bbox 2498 4342 2765 4412; x_wconf 78' lang='grc' dir='ltr'>θεμελίοις</span> <span class='ocrx_word' id='word_1_733' title='bbox 2814 4343 3243 4413; x_wconf 78' lang='grc' dir='ltr'>αὐτομολοῦντας</span> <span class='ocrx_word' id='word_1_734' title='bbox 3280 4343 3479 4407; x_wconf 82' lang='grc' dir='ltr'>λίθους,</span> <span class='ocrx_word' id='word_1_735' title='bbox 3537 4346 3660 4407; x_wconf 70' lang='grc' dir='ltr'>τοὺς</span> <span class='ocrx_word' id='word_1_736' title='bbox 3709 4341 3763 4394; x_wconf 78' lang='grc' dir='ltr'>δὲ</span> 
     </span>
    </p>
   </div>
   <div class='ocr_carea' id='block_1_101' title="bbox 2200 4432 3763 4506">
    <p class='ocr_par' dir='ltr' id='par_1_101' title="bbox 2200 4432 3763 4506">
     <span class='ocr_line' id='line_1_102' title="bbox 2200 4432 3763 4506; baseline -0.002 -20"><span class='ocrx_word' id='word_1_737' title='bbox 2200 4432 2586 4504; x_wconf 87' lang='grc' dir='ltr'>ἀναπηδῶντας</span> <span class='ocrx_word' id='word_1_738' title='bbox 2628 4435 2707 4496; x_wconf 84' lang='grc' dir='ltr'><strong>εἰς</strong></span> <span class='ocrx_word' id='word_1_739' title='bbox 2737 4433 2834 4495; x_wconf 75' lang='grc' dir='ltr'>τὰς</span> <span class='ocrx_word' id='word_1_740' title='bbox 2862 4434 3135 4498; x_wconf 78' lang='grc' dir='ltr'>ἐπιϐολὰς,</span> <span class='ocrx_word' id='word_1_741' title='bbox 3192 4435 3327 4488; x_wconf 86' lang='grc' dir='ltr'><strong>ἀλλά</strong></span> <span class='ocrx_word' id='word_1_742' title='bbox 3362 4435 3506 4489; x_wconf 82' lang='grc' dir='ltr'>κατὰ</span> <span class='ocrx_word' id='word_1_743' title='bbox 3530 4433 3707 4506; x_wconf 83' lang='grc' dir='ltr'>χώραν</span> <span class='ocrx_word' id='word_1_744' title='bbox 3735 4432 3763 4483; x_wconf 89' lang='grc' dir='ltr'>ὁ</span> 
     </span>
    </p>
   </div>
   <div class='ocr_carea' id='block_1_102' title="bbox 2198 4523 3761 4599">
    <p class='ocr_par' dir='ltr' id='par_1_102' title="bbox 2198 4523 3761 4599">
     <span class='ocr_line' id='line_1_103' title="bbox 2198 4523 3761 4599; baseline 0.001 -24"><span class='ocrx_word' id='word_1_745' title='bbox 2198 4523 2510 4594; x_wconf 68' lang='grc' dir='ltr'>ωιχοδὸμος</span> <span class='ocrx_word' id='word_1_746' title='bbox 2540 4525 2663 4587; x_wconf 82' lang='grc' dir='ltr'>τοὺς</span> <span class='ocrx_word' id='word_1_747' title='bbox 2696 4523 2963 4586; x_wconf 79' lang='grc' dir='ltr'>εὐθέτους</span> <span class='ocrx_word' id='word_1_748' title='bbox 2990 4524 3262 4597; x_wconf 66' lang='grc' dir='ltr'>ἐπιφέρει·</span> <span class='ocrx_word' id='word_1_749' title='bbox 3307 4525 3761 4599; x_wconf 73' lang='grc' dir='ltr'>καταρριφθείσης</span> 
     </span>
    </p>
   </div>
   <div class='ocr_carea' id='block_1_103' title="bbox 2199 4609 3758 4683">
    <p class='ocr_par' dir='ltr' id='par_1_103' title="bbox 2199 4609 3758 4683">
     <span class='ocr_line' id='line_1_104' title="bbox 2199 4609 3758 4683; baseline -0.003 -18"><span class='ocrx_word' id='word_1_750' title='bbox 2199 4612 2279 4676; x_wconf 81' lang='grc' dir='ltr'><strong>δὲ,</strong></span> <span class='ocrx_word' id='word_1_751' title='bbox 2302 4612 2377 4675; x_wconf 84' lang='grc' dir='ltr'>ὼς</span> <span class='ocrx_word' id='word_1_752' title='bbox 2406 4613 2472 4665; x_wconf 85' lang='grc' dir='ltr'>ἂν</span> <span class='ocrx_word' id='word_1_753' title='bbox 2494 4613 2750 4683; x_wconf 83' lang='grc' dir='ltr'>παρείκῃ,</span> <span class='ocrx_word' id='word_1_754' title='bbox 2796 4612 3145 4681; x_wconf 78' lang='grc' dir='ltr'>κατενεχθεὶς</span> <span class='ocrx_word' id='word_1_755' title='bbox 3202 4614 3430 4677; x_wconf 78' lang='grc' dir='ltr'>ἕκαστος</span> <span class='ocrx_word' id='word_1_756' title='bbox 3459 4609 3758 4680; x_wconf 76' lang='grc' dir='ltr'>ἀπεσφάλη.</span> 
     </span>
    </p>
   </div>
   <div class='ocr_carea' id='block_1_104' title="bbox 2198 4697 3760 4774">
    <p class='ocr_par' dir='ltr' id='par_1_104' title="bbox 2198 4697 3760 4774">
     <span class='ocr_line' id='line_1_105' title="bbox 2198 4697 3760 4774; baseline -0.005 -18"><span class='ocrx_word' id='word_1_757' title='bbox 2198 4704 2311 4757; x_wconf 73' lang='grc' dir='ltr'><strong>Καὶ</strong></span> <span class='ocrx_word' id='word_1_758' title='bbox 2338 4701 2887 4772; x_wconf 78' lang='grc' dir='ltr'>κατασκευαζομένης</span> <span class='ocrx_word' id='word_1_759' title='bbox 2917 4699 3074 4764; x_wconf 86' lang='grc' dir='ltr'>νεὼς,</span> <span class='ocrx_word' id='word_1_760' title='bbox 3110 4701 3208 4773; x_wconf 80' lang='grc' dir='ltr'><strong>οὐχ</strong></span> <span class='ocrx_word' id='word_1_761' title='bbox 3235 4705 3267 4774; x_wconf 79' lang='grc' dir='ltr'>ἡ</span> <span class='ocrx_word' id='word_1_762' title='bbox 3299 4702 3396 4772; x_wconf 84' lang='grc' dir='ltr'><strong>μέν</strong></span> <span class='ocrx_word' id='word_1_763' title='bbox 3427 4721 3510 4766; x_wconf 89' lang='grc' dir='ltr'><strong>τις</strong></span> <span class='ocrx_word' id='word_1_764' title='bbox 3535 4697 3760 4755; x_wconf 79' lang='grc' dir='ltr'>ὑπέϐαλ-</span> 
     </span>
    </p>
   </div>
   <div class='ocr_carea' id='block_1_105' title="bbox 2197 4788 3759 4866">
    <p class='ocr_par' dir='ltr' id='par_1_105' title="bbox 2197 4788 3759 4866">
     <span class='ocr_line' id='line_1_106' title="bbox 2197 4788 3759 4866; baseline -0.003 -19"><span class='ocrx_word' id='word_1_765' title='bbox 2197 4794 2286 4849; x_wconf 88' lang='grc' dir='ltr'><strong>λεν</strong></span> <span class='ocrx_word' id='word_1_766' title='bbox 2321 4795 2517 4866; x_wconf 78' lang='grc' dir='ltr'>έαυτὴν</span> <span class='ocrx_word' id='word_1_767' title='bbox 2578 4794 2791 4865; x_wconf 78' lang='grc' dir='ltr'>τροπὶς,</span> <span class='ocrx_word' id='word_1_768' title='bbox 2824 4792 2854 4843; x_wconf 84' lang='grc' dir='ltr'>ὁ</span> <span class='ocrx_word' id='word_1_769' title='bbox 2909 4790 2966 4844; x_wconf 81' lang='grc' dir='ltr'>δὲ</span> <span class='ocrx_word' id='word_1_770' title='bbox 3005 4793 3146 4846; x_wconf 82' lang='grc' dir='ltr'>κατὰ</span> <span class='ocrx_word' id='word_1_771' title='bbox 3197 4793 3367 4865; x_wconf 87' lang='grc' dir='ltr'>μέσην</span> <span class='ocrx_word' id='word_1_772' title='bbox 3402 4794 3590 4847; x_wconf 75' lang='grc' dir='ltr'>ἑαυτὸν</span> <span class='ocrx_word' id='word_1_773' title='bbox 3624 4788 3759 4850; x_wconf 77' lang='grc' dir='ltr'>ἱστὸς</span> 
     </span>
    </p>
   </div>
   <div class='ocr_carea' id='block_1_106' title="bbox 2195 4870 3756 4957">
    <p class='ocr_par' dir='ltr' id='par_1_106' title="bbox 2195 4870 3756 4957">
     <span class='ocr_line' id='line_1_107' title="bbox 2195 4870 3756 4957; baseline -0.005 -20"><span class='ocrx_word' id='word_1_774' title='bbox 2195 4870 2441 4957; x_wconf 78' lang='grc' dir='ltr'>ὤρθωσε,</span> <span class='ocrx_word' id='word_1_775' title='bbox 2480 4884 2581 4937; x_wconf 63' lang='grc' dir='ltr'><strong>καῖ</strong></span> <span class='ocrx_word' id='word_1_776' title='bbox 2608 4883 2717 4936; x_wconf 89' lang='grc' dir='ltr'><strong>τῶν</strong></span> <span class='ocrx_word' id='word_1_777' title='bbox 2744 4883 2917 4937; x_wconf 76' lang='grc' dir='ltr'>ἄλλων</span> <span class='ocrx_word' id='word_1_778' title='bbox 2968 4882 3197 4938; x_wconf 75' lang='grc' dir='ltr'>ἕκαστον</span> <span class='ocrx_word' id='word_1_779' title='bbox 3245 4882 3435 4948; x_wconf 86' lang='grc' dir='ltr'>ξύλων,</span> <span class='ocrx_word' id='word_1_780' title='bbox 3468 4885 3534 4954; x_wconf 77' lang='grc' dir='ltr'>ἣν</span> <span class='ocrx_word' id='word_1_781' title='bbox 3578 4881 3756 4949; x_wconf 74' lang='grc' dir='ltr'>ἔτυχεν</span> 
     </span>
    </p>
   </div>
   <div class='ocr_carea' id='block_1_107' title="bbox 2195 4970 3757 5047">
    <p class='ocr_par' dir='ltr' id='par_1_107' title="bbox 2195 4970 3757 5047">
     <span class='ocr_line' id='line_1_108' title="bbox 2195 4970 3757 5047; baseline -0.005 -18"><span class='ocrx_word' id='word_1_782' title='bbox 2195 4975 2255 5041; x_wconf 75' lang='grc' dir='ltr'>ἐξ</span> <span class='ocrx_word' id='word_1_783' title='bbox 2277 4974 2466 5029; x_wconf 77' lang='grc' dir='ltr'>ἑαυτοῦ</span> <span class='ocrx_word' id='word_1_784' title='bbox 2492 4975 2640 5028; x_wconf 83' lang='grc' dir='ltr'>θέσιν</span> <span class='ocrx_word' id='word_1_785' title='bbox 2672 4974 2992 5029; x_wconf 79' lang='grc' dir='ltr'>κατέλαϐεν.</span> <span class='ocrx_word' id='word_1_786' title='bbox 3016 4975 3152 5028; x_wconf 73' lang='grc' dir='ltr'><strong>Οὐδὲ</strong></span> <span class='ocrx_word' id='word_1_787' title='bbox 3179 4975 3247 5029; x_wconf 82' lang='grc' dir='ltr'>τὰ</span> <span class='ocrx_word' id='word_1_788' title='bbox 3283 4975 3551 5047; x_wconf 81' lang='grc' dir='ltr'>λεγόμενα</span> <span class='ocrx_word' id='word_1_789' title='bbox 3572 4970 3757 5027; x_wconf 76' lang='grc' dir='ltr'>ἑκατὸν</span> 
     </span>
    </p>
   </div>
   <div class='ocr_carea' id='block_1_108' title="bbox 2191 5272 3752 5348">
    <p class='ocr_par' dir='ltr' id='par_1_108' title="bbox 2191 5272 3752 5348">
     <span class='ocr_line' id='line_1_109' title="bbox 2191 5272 3752 5348; baseline 0 -21"><span class='ocrx_word' id='word_1_790' title='bbox 2191 5272 2483 5348; x_wconf 80' lang='lat' dir='ltr'><strong>tur?_Quid</strong></span> <span class='ocrx_word' id='word_1_791' title='bbox 2531 5274 2577 5327; x_wconf 88' lang='lat' dir='ltr'><strong>si</strong></span> <span class='ocrx_word' id='word_1_792' title='bbox 2609 5285 2733 5348; x_wconf 86' lang='lat' dir='ltr'><strong>post</strong></span> <span class='ocrx_word' id='word_1_793' title='bbox 2766 5277 3248 5348; x_wconf 82' lang='grc' dir='ltr'>παραδειγμάτων,</span> <span class='ocrx_word' id='word_1_794' title='bbox 3293 5279 3579 5333; x_wconf 81' lang='lat' dir='ltr'><strong>adderetur</strong></span> <span class='ocrx_word' id='word_1_795' title='bbox 3607 5274 3752 5348; x_wconf 75' lang='grc' dir='ltr'>φιλοο</span> 
     </span>
    </p>
   </div>
   <div class='ocr_carea' id='block_1_109' title="bbox 2193 5343 3754 5417">
    <p class='ocr_par' dir='ltr' id='par_1_109' title="bbox 2193 5343 3754 5417">
     <span class='ocr_line' id='line_1_110' title="bbox 2193 5343 3754 5417; baseline 0 -22"><span class='ocrx_word' id='word_1_796' title='bbox 2193 5343 2463 5417; x_wconf 78' lang='grc' dir='ltr'>σοφοῦσιν,</span> <span class='ocrx_word' id='word_1_797' title='bbox 2495 5356 2591 5417; x_wconf 86' lang='lat' dir='ltr'><strong>aut</strong></span> <span class='ocrx_word' id='word_1_798' title='bbox 2611 5343 3076 5417; x_wconf 56' lang='lat' dir='ltr'><strong>aliquid&#39;simile?</strong></span> <span class='ocrx_word' id='word_1_799' title='bbox 3119 5348 3259 5413; x_wconf 84' lang='lat' dir='ltr'><strong>Quid</strong></span> <span class='ocrx_word' id='word_1_800' title='bbox 3312 5350 3380 5413; x_wconf 90' lang='lat' dir='ltr'><strong>si,</strong></span> <span class='ocrx_word' id='word_1_801' title='bbox 3414 5350 3557 5417; x_wconf 71' lang='lat' dir='ltr'><strong>quod</strong></span> <span class='ocrx_word' id='word_1_802' title='bbox 3582 5345 3754 5417; x_wconf 62' lang='lat' dir='ltr'><strong>magis</strong></span> 
     </span>
    </p>
   </div>
   <div class='ocr_carea' id='block_1_110' title="bbox 2228 5411 3753 5478">
    <p class='ocr_par' dir='ltr' id='par_1_110' title="bbox 2228 5411 3753 5478">
     <span class='ocr_line' id='line_1_111' title="bbox 2228 5411 3753 5478; baseline -0.001 -13"><span class='ocrx_word' id='word_1_803' title='bbox 2228 5411 2386 5478; x_wconf 75' lang='lat' dir='ltr'><strong>lucet,</strong></span> <span class='ocrx_word' id='word_1_804' title='bbox 2450 5411 2839 5470; x_wconf 80' lang='grc' dir='ltr'>νουθετοῦντων</span> <span class='ocrx_word' id='word_1_805' title='bbox 2889 5411 3194 5472; x_wconf 74' lang='lat' dir='ltr'><strong>mutaretur</strong></span> <span class='ocrx_word' id='word_1_806' title='bbox 3247 5419 3301 5473; x_wconf 91' lang='lat' dir='ltr'><strong>in</strong></span> <span class='ocrx_word' id='word_1_807' title='bbox 3355 5411 3753 5473; x_wconf 69' lang='grc' dir='ltr'>νούθετοῦνταιῖ</span> 
     </span>
    </p>
   </div>
   <div class='ocr_carea' id='block_1_111' title="bbox 2240 5497 2381 5537">
    <p class='ocr_par' dir='ltr' id='par_1_111' title="bbox 2240 5497 2381 5537">
     <span class='ocr_line' id='line_1_112' title="bbox 2240 5497 2381 5537; baseline 0.007 -1"><span class='ocrx_word' id='word_1_808' title='bbox 2240 5497 2381 5537; x_wconf 79' lang='lat' dir='ltr'><strong>IGER.</strong></span> 
     </span>
    </p>
   </div>
   <div class='ocr_carea' id='block_1_112' title="bbox 2259 5547 3752 5625">
    <p class='ocr_par' dir='ltr' id='par_1_112' title="bbox 2259 5547 3752 5625">
     <span class='ocr_line' id='line_1_113' title="bbox 2259 5547 3752 5625; baseline -0.009 -11"><span class='ocrx_word' id='word_1_809' title='bbox 2259 5553 2507 5625; x_wconf 60' lang='grc' dir='ltr'>(ὖυλΕὶς</span> <span class='ocrx_word' id='word_1_810' title='bbox 2554 5555 2668 5621; x_wconf 74' lang='grc' dir='ltr'><strong>τὴν</strong></span> <span class='ocrx_word' id='word_1_811' title='bbox 2695 5557 3047 5625; x_wconf 79' lang='grc' dir='ltr'>πρέπουσαν</span> <span class='ocrx_word' id='word_1_812' title='bbox 3185 5557 3502 5625; x_wconf 77' lang='grc' dir='ltr'>ἀορίστως.</span> <span class='ocrx_word' id='word_1_813' title='bbox 3546 5553 3667 5607; x_wconf 61' lang='lat' dir='ltr'><strong>Haec</strong></span> <span class='ocrx_word' id='word_1_814' title='bbox 3698 5547 3752 5601; x_wconf 82' lang='lat' dir='ltr'><strong>in</strong></span> 
     </span>
    </p>
   </div>
   <div class='ocr_carea' id='block_1_113' title="bbox 2186 5620 3752 5703">
    <p class='ocr_par' dir='ltr' id='par_1_113' title="bbox 2186 5620 3752 5703">
     <span class='ocr_line' id='line_1_114' title="bbox 2186 5620 3752 5703; baseline 0.006 -28"><span class='ocrx_word' id='word_1_815' title='bbox 2186 5620 2331 5703; x_wconf 34' lang='lat' dir='ltr'><strong>edit:</strong></span> <span class='ocrx_word' id='word_1_816' title='bbox 2351 5620 2541 5677; x_wconf 80' lang='lat' dir='ltr'><strong>Colon.</strong></span> <span class='ocrx_word' id='word_1_817' title='bbox 2567 5620 2895 5703; x_wconf 56' lang='lat' dir='ltr'><strong>_(_Lipsiepsi)</strong></span> <span class='ocrx_word' id='word_1_818' title='bbox 2929 5629 3124 5695; x_wconf 86' lang='lat' dir='ltr'><strong>partim</strong></span> <span class='ocrx_word' id='word_1_819' title='bbox 3163 5620 3366 5683; x_wconf 78' lang='lat' dir='ltr'><strong>temere</strong></span> <span class='ocrx_word' id='word_1_820' title='bbox 3391 5620 3614 5689; x_wconf 75' lang='lat' dir='ltr'><strong>omissa.</strong></span> <span class='ocrx_word' id='word_1_821' title='bbox 3637 5633 3752 5691; x_wconf 62' lang='lat' dir='ltr'><strong>Pii“</strong></span> 
     </span>
    </p>
   </div>
   <div class='ocr_carea' id='block_1_114' title="bbox 2186 5694 2930 5751">
    <p class='ocr_par' dir='ltr' id='par_1_114' title="bbox 2186 5694 2930 5751">
     <span class='ocr_line' id='line_1_115' title="bbox 2186 5694 2930 5751; baseline 0.005 -6"><span class='ocrx_word' id='word_1_822' title='bbox 2186 5694 2283 5747; x_wconf 86' lang='lat' dir='ltr'><strong>tim</strong></span> <span class='ocrx_word' id='word_1_823' title='bbox 2318 5694 2499 5748; x_wconf 78' lang='lat' dir='ltr'><strong>luxata</strong></span> <span class='ocrx_word' id='word_1_824' title='bbox 2532 5697 2732 5751; x_wconf 87' lang='lat' dir='ltr'><strong>videas.</strong></span> <span class='ocrx_word' id='word_1_825' title='bbox 2764 5696 2930 5751; x_wconf 69' lang='grc' dir='ltr'>αλιι..</span> 
     </span>
    </p>
   </div>
  </div>
