4100 6384
629 330 763 388 1255

1612 327 1669 383 S.
1707 325 2007 382 DIONYSH
2045 325 2349 384 EPISCOPI
2388 324 2855 383 ALEXANDle

3699 343 3813 402 1350

624 462 735 515 tur,
766 458 824 505 ut
857 450 958 513 sol,
990 450 1137 511 luna,
1167 448 1353 511 stellae,
1389 456 1528 501 terra
1552 456 1605 500 ct
1628 461 1805 515 aqua;
1836 444 2028 514 partim
2062 460 2168 499 sen-

2285 442 2470 497 Ταῦτα
2494 444 2603 516 γὰρ
2625 444 2745 497 οὐδὲ
2770 444 3013 507 θέλοντες
3069 406 3332 514 ύπάρχειν
3387 417 3708 521 ἀρνήσασθαι
3726 459 3815 531 ’δύη

627 558 748 595 sum
777 539 1010 611 fugiunt,
1047 551 1106 594 ut
1129 540 1237 605 dii,
1277 539 1548 593 daemones
1574 546 1627 592 et
1650 537 1854 591 animi?
1890 535 2013 591 Haec
2039 537 2183 591 enim

627 638 748 687 esse
769 670 786 696 ,
811 640 875 686 ut
898 632 1130 685 maxime
1153 631 1349 695 velint,
1402 644 1601 698 negare
1625 643 1733 682 non
1762 636 2004 697 possunt.
2064 627 2183 681 Alia

2284 549 2492 586 νανται.
2524 532 2603 584 Τὰ
2637 532 2695 585 δὲ
2726 532 3143 604 μακροϐιώτατα
3165 532 3280 597 ζῶἀ
3319 551 3375 587 τε
3407 537 3500 589 καὶ
3531 542 3684 608 φυτά’
3721 540 3819 609 ζῶα

2287 623 2403 692 μὲν,
2439 622 2495 675 ἐν
2517 638 2577 675 τε
2598 622 2823 693 ὄρνισιν,
2860 621 2935 691 ὥς
2962 638 3146 690 φασιν,
3171 623 3339 687 ἀετοὶ,
3367 626 3596 695 κόρακές
3638 646 3712 698 τε,
3739 642 3818 693 καὶ

625 724 897 778 diuturnae
935 723 1225 778 admodum
1269 723 1394 775 vita).
1418 760 1435 785 ,
1482 720 1596 774 sive
1627 718 1983 774 animantium
2006 756 2022 781 ,
2073 718 2168 773 εἰν(

2282 712 2538 781 φοίνικες·
2576 713 2633 768 ἔν
2660 730 2718 767 τε
2752 713 3047 783 χερσαίοις,
3078 713 3263 783 ἔλαφοί
3288 732 3367 778 τε,
3393 718 3488 769 καὶ
3534 720 3817 792 ἐλέφαντες,
3848 712 3853 717 ⁴

623 817 929 886 plantarum
978 830 1043 868 ex
1091 828 1317 883 genere;
1359 812 1756 877 animantium,
1808 820 1870 868 ut
1892 828 2019 868 aves
2043 812 2185 868 inter

623 908 788 977 (quod
815 907 915 977 ipsi
940 907 1208 974 dictitant)
1233 906 1446 976 aquila,
1491 905 1641 959 corvi
1668 913 1829 974 atque
1858 904 2136 974 pbaenices
2162 923 2177 972 ;

621 1014 653 1053 e
683 997 1028 1053 terrestribus
1071 998 1248 1061 cervi,
1296 998 1609 1067 elephantes
1635 1012 1699 1052 ac
1721 997 2019 1062 dracones;
2042 1011 2073 1051 e
2095 997 2182 1065 pi-

617 1090 824 1156 scibas,
859 1106 983 1159 quae
1009 1100 1124 1145 cete
1145 1090 1429 1155 dicuntur;
1465 1089 1773 1158 plantarum
1800 1103 1951 1156 vero,
1977 1098 2037 1143 ut
2064 1088 2179 1157 pal-

617 1197 718 1236 mm
744 1222 758 1245 ,
807 1197 1041 1250 quercus
1082 1190 1134 1236 et
1162 1196 1382 1252 perseze.
1422 1180 1660 1247 Quarum
1702 1180 1864 1234 etiam
1908 1180 2181 1234 nonnulla:

615 1280 928 1342 perpetuam
963 1272 1192 1326 retinent
1212 1272 1559 1336 viriditatem,
1586 1270 1892 1340 cuiusmodi
1921 1278 2181 1338 quatuor-

615 1361 790 1415 decim
838 1377 868 1416 ιι
912 1360 1166 1432 quopiam
1209 1370 1595 1427 numerantur;
1651 1362 1772 1415 a-liae
1810 1369 1958 1414 certo
1990 1362 2187 1415 ﬂorent

616 1460 876 1520 tempore,
907 1459 1055 1506 certo
1082 1466 1300 1521 quoque
1324 1450 1609 1506 frondibus
1631 1458 1926 1505 exuuntur.
1951 1450 2070 1505 Alia
2092 1450 2180 1505 dc-

613 1541 815 1611 nique,
862 1557 928 1596 ac
971 1542 1142 1597 multo
1187 1557 1319 1597 sane
1367 1541 1636 1611 plurima,
1677 1541 1791 1596 sive
1832 1552 2178 1597 nascanture

613 1644 776 1697 terra,
806 1635 919 1688 sive
949 1633 1260 1703 gignantur,
1299 1634 1660 1702 iniquissimis
1689 1633 1786 1688 fati
1806 1633 2036 1702 vitaeque
2056 1634 2179 1688 bre-

611 1724 849 1779 vissimae
873 1725 1135 1793 angustiis
1159 1724 1510 1780 includuntur
1529 1742 1544 1779 :
1571 1739 1600 1781 e
1616 1725 1813 1794 quibus
1831 1724 1995 1778 homo
2011 1724 2174 1779 etiam

611 1814 852 1883 ipse.est,
880 1784 1162 1869 utvalicuhi
1191 1816 1373 1871 divina
1395 1816 1462 1871 de
1486 1817 1579 1872 illo
1603 1784 1880 1887 scriptura
1911 1818 2172 1888 loquitur,
2201 1784 2248 1845 Β

611 1904 740 1957 dum
774 1906 851 1958 ait
885 1923 899 1959 :
935 1904 1182 1959 Mortalis
1226 1914 1601 1963 autem’natus
1648 1908 1713 1961 de
1738 1907 1986 1973 muliere,
2037 1907 2175 1963 brevi

609 1996 782 2051 vivens
810 2004 1037 2065 tempore
1069 1997 1134 2051 “.
1171 1996 1460 2064 Diversus,
1495 1999 1687 2069 Opinor
1708 2039 1721 2064 ,
1755 2009 2060 2054 atomorum
2085 2014 2174 2055 ne-

609 2100 713 2138 xus
733 2125 748 2148 ,
796 2094 959 2139 tanta;
982 2083 1145 2153 hujus
1173 2084 1226 2138 in
1255 2085 1592 2153 persistendo
1622 2084 1936 2139 differentiae
1977 2099 2171 2141 causas

607 2191 731 2230 esse
770 2175 1190 2245 respondebunt.
1228 2175 1347 2229 Alia
1387 2175 1555 2241 enim,
1605 2175 1880 2234 videlicet,
1929 2174 2172 2243 pressius

609 2265 774 2320 abiis
802 2265 1113 2334 arctiusque
1158 2264 1488 2333 constringi,
1533 2279 1652 2334 qua:
1687 2263 1911 2332 proinde
1936 2263 2013 2318 uti
2036 2263 2171 2317 den-

607 2355 755 2409 siora
779 2394 795 2417 ,
842 2353 921 2409 sic
944 2354 1008 2407 ad
1048 2354 1454 2409 dissolvendum
1497 2354 1654 2425 longe
1676 2353 1993 2408 diﬂicillima
2021 2353 2166 2419 sint;

604 2446 713 2500 alia
737 2461 886 2510 vero,
920 2446 1064 2514 quod
1096 2446 1289 2500 laxiori
1322 2461 1385 2500 ac
1408 2446 1654 2501 solutiori
1695 2457 1998 2502 atomorum
2022 2446 2170 2501 colli-

604 2539 821 2608 gatione
843 2538 1087 2592 dcvincta
1109 2539 1237 2605 sint,
1257 2546 1418 2608 atque
1441 2537 1493 2591 id
1519 2538 1679 2594 etiam
1704 2554 1826 2593 cum
1853 2538 2034 2608 aliquo
2054 2537 2171 2593 dis-

601 2628 864 2693 crimine,
918 2627 1149 2683 celerius
1187 2638 1471 2699 propterea
1518 2630 1601 2684 vel
1651 2629 1857 2685 tardius
1882 2629 2168 2685 ab'earum

606 2725 802 2771 ornatu
830 2716 1224 2787 complexuque
1258 2718 1547 2773 removeri.
1608 2717 1890 2774 Postremo
1921 2734 1987 2773 ex
2008 2720 2170 2775 certis

602 2810 935 2878 quibusdam
985 2811 1115 2877 alia,
1168 2819 1426 2882 certoque
1467 2811 1627 2866 modo
1666 2811 1927 2881 liguratis,
1961 2811 2066 2866 alia
2102 2827 2170 2868 ex

601 2899 724 2954 aliis
749 2914 815 2953 ac
836 2913 956 2953 sese
982 2899 1135 2953 aliter
1161 2899 1486 2954 habentibus
1512 2915 1632 2954 esse
1677 2900 1981 2954 commista.
2038 2900 2164 2963 Sed,

600 2991 727 3059 quis
769 2989 859 3045 ille
901 3005 1064 3060 porro
1106 2990 1444 3045 diversarum
1491 2991 1644 3060 quasi
1685 2991 1926 3045 tribuum
1974 2991 2164 3061 iudex,

2281 803 2376 856 καὶ
2394 803 2712 873 δράκοντες;
2740 804 2798 856 ὲν
2830 803 2887 887 δε
2910 806 3021 867 τοῖς
3076 805 3335 876 ἐνύδροις,
3372 806 3443 859 τά
3469 809 3627 881 κήτηο
3655 812 3819 888 δένδρα
3846 868 3852 879 ,
3904 802 3925 823 ’

2280 894 2357 958 δὲ,
2390 894 2646 963 φοίνικες,
2704 895 2797 948 καὶ
2824 880 3004 967 δρύες,
3054 897 3147 948 καὶ
3200 898 3448 968 περσέαν
3502 880 3603 952 και
3644 904 3744 957 τῶν
3764 880 3818 975 γε

2279 984 2530 1056 δένδρων,
2560 984 2627 1038 τά
2644 985 2751 1056 μέν
2781 987 2925 1039 ἐστιν
2953 985 3199 1057 ἀειθαλῆ,
3239 987 3275 1040 ἂ
3300 987 3394 1040 καὶ
3432 990 3818 1063 καταριθμήσας

2277 1093 2361 1140 τις
2397 1072 2547 1129 εἶπεν
2591 1073 2737 1130 εἶναι
2762 1077 3247 1149 τεσσαρακαίδεκα·
3285 1077 3353 1131 τά
3402 1079 3461 1132 δὲ
3493 1081 3627 1151 πρὸς
3651 1085 3819 1156 καιρὸν

2278 1167 2448 1232 ἀνθεῖ,
2482 1168 2575 1222 καὶ
2612 1168 2943 1240 φυλλορῲεῖ·
2974 1168 3044 1221 τὰ
3073 1170 3131 1223 δὲ
3157 1169 3380 1223 πλεῖστα
3415 1171 3523 1226 τῶν
3556 1189 3614 1225 τε
3640 1175 3821 1246 φυομέ-

2278 1276 2382 1312 νων
2408 1259 2501 1313 καὶ
2523 1260 2879 1330 γεννωμένων
2907 1261 3055 1313 ἐστὶν
3092 1260 3355 1333 ὠκύμορα
3378 1263 3474 1315 καὶ
3524 1264 3816 1336 βραχυτελῆ·

2276 1344 2351 1406 ὧν
2383 1353 2499 1405 ἐστι
2530 1354 2623 1406 καὶ
2653 1353 2681 1405 ὁ
2709 1351 3013 1423 ἄνθρωπος,
3040 1353 3116 1416 ὡς
3153 1348 3272 1406 εἶπέ
3305 1370 3389 1418 τις
3416 1354 3548 1423 ἁγία
3589 1354 3712 1426 περὶ
3733 1355 3819 1407 αύ-

2276 1441 2611 1514 τοῦτραφή·
2636 1443 2859 1510 Βροτὸς
2895 1442 2964 1496 δὲ
2990 1443 3277 1513 γεννητὸς
3302 1445 3612 1513 γυναικὸς,
3643 1445 3819 1512 ὀλιγό-

2274 1538 2419 1602 6ιος.
2463 1535 2620 1588 Ἀλλά
2661 1536 2785 1599 τοὺς
2817 1536 3142 1605 συνδέσμους
3184 1538 3415 1607 φήσουσι
3466 1535 3576 1589 τῶν
3622 1536 3818 1606 ἀτόμων

2272 1628 2703 1694 διαλλάττοντας,
2731 1628 2936 1692 αἰτίους
2966 1629 3209 1697 γίνεσθαι
3243 1630 3343 1700 τῆς
3373 1630 3505 1701 περὶ
3527 1629 3623 1700 τὴν
3649 1630 3818 1700 διαμο-

2275 1721 2371 1793 νὴν
2396 1720 2690 1793 διαφθορᾶς
2720 1721 2855 1793 ('55).
2909 1721 2991 1774 Τά
3035 1722 3132 1787 μὲν
3158 1720 3267 1792 γὰρ
3317 1722 3408 1774 ὑπ’
3438 1721 3619 1776 αὐτῶν
3659 1738 3817 1775 πεπυ-

2275 1810 2511 1866 κνῶσθαι
2535 1812 2629 1865 καὶ
2660 1810 3056 1881 κατεσφίγχθαι
3078 1809 3315 1878 λέγεται,
3340 1809 3417 1873 ὡς
3438 1808 3608 1863 ταῦτα
3641 1824 3818 1862 παντε-

2274 1903 2378 1967 λῶς
2405 1903 2823 1957 δυσαπάλλακτα
2853 1901 3134 1971 γεγονέναι
3167 1902 3473 1973 πιλήματα·
3530 1901 3600 1955 τὰ
3646 1901 3700 1954 δὲ
3731 1919 3819 1971 μα-

2274 1996 2496 2067 νοτέραν
2536 1996 2632 2048 καὶ
2665 1994 2913 2066 χαλῶσαν
2973 1993 3071 2064 τὴν
3129 1994 3425 2062 συνάφειαν
3473 1993 3582 2047 τῶν
3625 1993 3817 2063 ἀτόμων

2273 2089 2359 2140 ἐπ’
2393 2087 2608 2141 ἔλαττον
2633 2088 2665 2157 ἢ
2695 2087 2854 2140 πλέον
2912 2086 3220 2157 ἐσχηκέναι,
3243 2086 3319 2150 ὼς
3351 2087 3387 2157 ἦ
3415 2085 3605 2139 θᾶττον
3632 2084 3664 2155 ἦ
3700 2083 3818 2154 μετά

2274 2179 2405 2232 πολὺ
2433 2179 2531 2248 τῆς
2566 2164 2884 2248 κοσμήσεως
2913 2177 3090 2230 αὐτῶν
3133 2178 3482 2245 ἀφίστασθαι.
3516 2177 3623 2231 Καί⁷
3641 2176 3705 2229 τὰ
3733 2174 3817 2244 μὲν

2273 2271 2337 2322 ὲκ
2357 2269 2571 2323 τοιῶνδε
2594 2270 2686 2322 καὶ
2712 2262 2816 2322 ὧδέ
2847 2286 2963 2332 πως
3019 2271 3526 2341 ὲσχηματισμένων·
3579 2268 3643 2321 τὰ
3668 2267 3738 2331 δὲ,
3765 2264 3817 2329 ἐξ

2274 2361 2475 2433 ἐτέρων
2504 2360 2755 2432 έτεροίως
2797 2361 3152 2431 διακειμένων
3187 2361 3588 2435 συμμεμίχοαι.
3618 2358 3706 2425 Τίς
3735 2352 3815 2410 οὖν

2271 2455 2300 2506 ό
2324 2453 2644 2525 φιλοκρίνων
2674 2453 2808 2523 (56),
2839 2442 3171 2525 συναγείρων
3212 2456 3299 2531 es;
3324 2456 3422 2508 καὶ
3452 2452 3707 2522 ἀναχέων,
3735 2448 3814 2501 καὶ

2271 2541 2431 2596 τάσδε
2460 2543 2556 2613 μὲν
2578 2542 2719 2595 οὕτω
2753 2544 3056 2596 συντάττων
3082 2546 3162 2606 εἰς
3180 2541 3352 2613 ἥλιον,
3387 2544 3483 2604 τὰς
3520 2542 3577 2594 δὲ
3607 2539 3718 2603 ὡδὶ,
3738 2537 3812 2589 ἵνα

2276 2636 2308 2705 ἡ
2342 2635 2539 2706 σελήνη
2562 2636 2804 2707 γένηται,
2846 2638 2939 2690 καὶ
2967 2636 3172 2690 έκαστα
3225 2636 3520 2707 συμφέρων
3558 2630 3693 2686 κατά
3728 2627 3813 2699 τὴν

2269 2729 2569 2799 οἰκειότητα
2597 2729 2992 2801 πρὸςέκάστου
3041 2730 3202 2797 φύσιν
3254 2728 3520 2798 ἀστέροςς
3561 2723 3694 2778 Οὔτε
3718 2720 3812 2790 γὰρ

2269 2818 2323 2870 αἱ
2355 2818 2574 2888 ὴλιακαὶ
2605 2820 2699 2872 καὶ
2753 2819 2984 2881 τοσαίδε,
3020 2819 3113 2872 καὶ
3153 2818 3380 2880 τοιαίδε,
3434 2817 3528 2871 καὶ
3583 2808 3681 2867 ὧδέ
3708 2826 3807 2870 πως

2269 2908 2568 2972 ἑνωθεῖσαι,
2600 2910 2735 2981 πρὸς
2780 2908 3040 2981 ἐργασίαν
3096 2908 3323 2979 σελήνης
3365 2907 3434 2960 ἂν
3466 2900 3811 2970 καταϐεϐήκε-

2269 3017 2388 3061 σαν,
2418 3000 2526 3055 οὔτ’
2558 3001 2625 3055 ἂν
2660 3003 2717 3055 αἱ
2749 3001 2857 3054 τῶν
2902 3001 3233 3071 σεληνιακῶν
3281 3002 3501 3071 ἀτόμων
3539 2992 3808 3049 πλεκτάναι

599 3081 738 3135 alias
764 3082 926 3151 cogit,
956 3081 1184 3150 dissipat
1203 3082 1377 3136 alias?
1408 3083 1531 3151 quis
1554 3097 1647 3137 eas
1669 3083 1747 3137 sic
1772 3084 1913 3138 inter
1944 3100 2003 3139 se
2023 3101 2168 3141 com-

2267 3092 2559 3162 γεγὸνεσάν
2587 3109 2713 3145 ποτε
2742 3093 2909 3162 ἥλιος·
2955 3093 3067 3145 ἀλλ’
3091 3092 3211 3146 οὐδὲ
3264 3090 3606 3164 Ἀρκτοῦρος,
3658 3086 3702 3138 εἰ
3728 3086 3807 3136 καὶ

600 3175 785 3240 mittit,
830 3184 892 3229 ut
922 3175 1045 3230 inde
1080 3176 1241 3230 modo
1267 3175 1370 3240 sol,
1410 3174 1571 3228 modo
1595 3174 1723 3228 luna
1747 3175 1990 3231 oriatur?
2041 3176 2165 3244 quis

2267 3185 2516 3257 λαμπρός
2536 3188 2672 3248 ἐστι,
2695 3185 2792 3248 τὰς
2815 3186 3119 3257 Ἑωσφόρου
3150 3178 3679 3256 μεγαλοφρονῆσαιτό
3697 3189 3810 3228 ποτε

597 3263 832 3334 denique
858 3264 1195 3335 singularum
1224 3264 1500 3319 stellarum
1526 3265 1757 3331 naturis,
1786 3280 1906 3334 quae
1931 3266 2166 3334 quihus-

594 3376 702 3430 que
746 3362 964 3431 propria
995 3371 1124 3416 sunt
1164 3361 1455 3432 nativaque
1479 3362 1811 3417 contribuit?
1875 3361 1986 3419 Nec
2020 3364 2165 3418 enim

599 3451 867 3521 profecto,
895 3460 991 3507 aut
1014 3453 1221 3507 solares
1242 3453 1347 3508 illa:
1374 3461 1455 3507 tot
1476 3462 1640 3525 atque
1667 3453 1821 3520 tales,
1845 3468 2020 3524 eoque
2044 3469 2168 3510 con-

589 3544 795 3613 juncta:
820 3544 1004 3611 modo,
1030 3544 1096 3598 ad
1125 3544 1267 3598 lunae
1291 3545 1721 3613 procreationem
1756 3555 2161 3612 concurrerent,

594 3643 693 3691 aut
726 3635 1002 3689 lunarium
1049 3644 1355 3689 atomorum
1382 3649 1556 3690 nexus
1590 3634 1757 3690 solem
1786 3652 2028 3706 unquam
2052 3636 2165 3691 elli-

596 3737 804 3782 cerent.
869 3725 947 3781 Ita
991 3742 1091 3781 nec
1120 3728 1416 3793 Arcturus,
1454 3727 1666 3782 tametsi
1708 3729 2051 3796 perillustris,
2092 3744 2163 3785 ex

598 3832 811 3872 aurora
833 3858 848 3882 ,
900 3833 999 3873 nec
1021 3816 1239 3873 Orionis
1273 3834 1335 3871 ex
1371 3818 1568 3873 atomis
1603 3818 1865 3874 conﬂatas
1899 3835 1957 3875 se
1980 3817 2162 3874 Pleia-

590 3911 688 3966 des
735 3926 975 3981 unquam
1023 3909 1339 3984 glorientur.
1398 3910 1665 3966 Praeclare
1687 3911 1831 3965 enim
1854 3909 2056 3966 Paulus
2087 3912 2161 3967 ita

588 4002 842 4059 distinxit
871 4022 884 4057 :
920 4003 1065 4065 Alia,
1103 4004 1299 4073 inquit,
1345 4004 1565 4058 claritas
1593 4003 1742 4071 solis,
1789 4014 1839 4059 et
1867 4005 1977 4059 alia
2003 4006 2161 4059 clari-

2267 3278 2333 3332 ἂν
2371 3279 2607 3348 ἀτόμους
2661 3277 2823 3347 ἔχειν,
2872 3277 2993 3332 οὐδὲ
3034 3277 3133 3341 τάς
3162 3276 3417 3349 Ὠρίωνος
3460 3275 3517 3331 αἱ
3556 3267 3807 3328 Πλειάδες.

2265 3369 2462 3433 Καλῶς
2491 3370 2597 3441 γὰρ
2621 3371 2650 3422 ό
2671 3370 2879 3433 Παῦλος
2907 3368 3219 3433 διέστειλεν,
3238 3368 3429 3422 είπὼν·
3465 3367 3653 3430 Ἀλλ-η
3679 3357 3809 3421 δόξα

2265 3462 2462 3529 ἡλίου,
2492 3463 2587 3516 καὶ
2619 3461 2776 3528 ἄλλη
2821 3460 2971 3525 δόξα
3010 3460 3297 3528 σελήνης,
3330 3461 3433 3514 καὶ
3489 3458 3643 3523 ἄλλη
3678 3449 3807 3511 δόξα

2262 3554 2550 3622 ἀστέρων·
2576 3552 2772 3620 ἀστὴρ
2819 3552 2929 3622 γὰρ
2958 3553 3212 3620 ἀστέρος
3248 3552 3511 3621 διαφέρει
3546 3550 3614 3602 ἐν
3654 3540 3807 3609 δόξῃ·

2262 3645 2373 3697 Καὶ⁵
2395 3646 2443 3696 εἰ
2474 3643 2573 3714 μὲν
2604 3641 3000 3713 ἀνεπαίσθητος
3046 3641 3223 3695 αὐτῶν
3248 3642 3324 3706 ὡς
3349 3642 3572 3712 ἀψύχων
3596 3638 3630 3707 ἡ
3688 3631 3810 3701 σύρ-

2263 3734 2424 3803 πηξις
2449 3733 2684 3801 ἐγένετο,
2716 3733 3073 3803 ἐπιστήμονος
3099 3734 3289 3797 αὑταῖς
3332 3733 3441 3786 ἔδει
3479 3722 3804 3801 δημιουργοῦ’

2262 3822 2393 3877 εἰδὲ
2451 3821 2807 3895 ἀπροαίρετος
2851 3821 2944 3874 καὶ
2974 3823 3093 3875 κατ’
3115 3823 3382 3893 ἀνάγκην,
3432 3821 3508 3885 ὡς
3539 3811 3807 3886 ἀλόγων,ή

2263 3912 2528 3985 σύνερξις,
2588 3912 2749 3982 σοφός
2786 3929 2870 3975 τις
2925 3912 3094 3977 αὐτὰς
3146 3912 3455 3985 ἁγελάρχης
3496 3905 3807 3965 συνελαύνων

2237 3991 2643 4075 ’ἐπεστάτησενν
2679 4002 2727 4056 εί
2773 4003 2831 4056 δὲ
2880 4004 3139 4069 ἑκουσίως
3186 4003 3577 4077 ὲθελουργῆσαι
3630 3992 3808 4065 συγκέ-

592 4106 675 4148 tas
704 4095 880 4160 (una,
931 4105 980 4149 et
1016 4093 1128 4148 alia
1161 4095 1381 4149 claritas
1405 4095 1681 4149 stellarum
1712 4111 1731 4148 :
1761 4094 1918 4150 stella
1951 4096 2092 4150 enim
2127 4113 2161 4150 a

2266 4083 2520 4159 ι’λῗινται,
2554 4094 2855 4165 θαυμάσιός
2885 4111 2971 4158 τις
2997 4095 3177 4149 αὐτῶν
3218 4097 3557 4168 ἀρχιτέκτων
3607 4086 3805 4161 ἐργοδο-

585 4187 743 4242 stella
792 4188 970 4257 differt
1001 4188 1057 4240 in
1093 4186 1265 4257 gloria
1311 4186 1374 4240 "'.
1412 4186 1661 4244 Profecto
1688 4227 1703 4253 ,
1737 4187 1783 4242 si
1813 4202 2001 4243 earum
2038 4195 2160 4242 tan—

2266 4189 2365 4243 τῶν
2388 4190 2755 4260 προηγήσατο’
2791 4189 2824 4261 ἢ
2863 4189 3113 4261 καθάπερ
3145 4189 3403 4255 εὔτακτος
3436 4184 3729 4262 στρατηγὸς
3750 4179 3804 4232 οὗ

583 4293 751 4349 quam
786 4262 1208 4333 inanimatarum
1252 4278 1650 4344 coagmentatio
1682 4294 1845 4335 sensu
1886 4280 2037 4334 omni
2064 4295 2156 4335 ea-

2266 4274 2757 4353 συγκεχωρημένην
2782 4278 2889 4351 (57)
2930 4280 3079 4333 εἴασε
3103 4281 3200 4352 τὴν
3230 4282 3509 4351 στρατιὰν,
3537 4277 3627 4333 καὶ
3648 4274 3806 4328 πάντα

587 4374 716 4439 ruit,
731 4370 999 4426 industrio
1015 4386 1080 4425 ac
1095 4370 1267 4441 perito
1286 4370 1491 4426 artiﬁce
1505 4386 1642 4440 opus
1666 4371 1905 4426 habuere
1932 4387 1947 4426 :
1973 4372 2017 4426 si
2039 4380 2159 4425 tan-

2266 4370 2459 4444 ἀναμὶξ
2480 4413 2496 4438 ,
2530 4373 2644 4426 ἀλλ’
2678 4377 2736 4427 ὲν
2774 4374 2928 4445 μέρει
2959 4373 3056 4444 μὲν
3089 4371 3186 4443 τὴν
3220 4373 3441 4447 ἵππων,
3489 4370 3594 4443 ἰδίᾳ
3616 4368 3672 4423 δὲ
3693 4363 3806 4425 τοὺς

585 4478 751 4530 quam
780 4461 1006 4517 rationis
1026 4461 1350 4531 expertium,
1391 4476 1563 4516 vacua
1584 4460 1823 4524 consilii,
1856 4462 2147 4516 necessita-

2266 4454 2493 4529 ὂττλίτας,
2531 4465 2659 4527 τούς
2686 4483 2744 4518 τε
2783 4465 3099 4529 ἀκοντιστὰς
3139 4465 3269 4519 καθ’
3312 4466 3557 4529 ἑαυτοὺς,
3591 4460 3680 4516 καὶ
3705 4475 3803 4529 χω-

586 4565 696 4608 tem
723 4564 806 4610 est
830 4566 1013 4611 secuta
1036 4557 1378 4627 coniunctio;
1398 4556 1658 4626 sapientis
1673 4555 1898 4611 omnino
1913 4554 2150 4625 pastoris

2266 4556 2336 4619 at;
2372 4556 2498 4619 τοὺς
2529 4555 2768 4622 τοξότας,
2822 4557 2916 4610 καὶ
2942 4558 3066 4621 τοὺς
3099 4540 3445 4626 σφενδονίτας
3464 4597 3478 4622 ,
3507 4553 3630 4609 ἔνθα
3653 4547 3805 4621 ἐχρῆν

587 4662 750 4701 manu
788 4648 965 4702 locum
999 4648 1054 4702 in
1091 4664 1259 4703 unum
1282 4648 1531 4719 compelli
1556 4648 1825 4713 debuero;
1848 4645 2150 4716 sidenique

2266 4647 2543 4712 ῖιετάξατο,
2589 4648 2676 4702 ἵνα
2724 4646 2973 4719 ἀλλήλοις
3020 4648 3068 4700 οἱ
3121 4648 3408 4719 ὁμόσκευοι
3467 4643 3801 4717 συμμαχοῖεν.

583 4747 774 4809 suapte
803 4749 999 4809 sponte
1026 4740 1387 4795 voluntarium
1420 4739 1488 4795 ad
1521 4755 1657 4810 opus
1696 4754 2015 4806 convenere,
2046 4740 2144 4793 ad-

588 4831 850 4886 mirabilis
872 4832 1029 4902 plane
1050 4832 1376 4887 architectus
1396 4847 1729 4902 operumque
1747 4847 1965 4902 praeses,
1984 4846 2143 4886 suum

582 4923 780 4993 cuique
805 4940 1004 4981 munus
1042 4939 1379 4994 pensumque
1411 4925 1728 4994 descripsit;
1761 4932 1855 4977 aut
1886 4924 2146 4993 quemad-

584 5016 803 5071 modum
827 5016 1033 5072 ordinis
1060 5031 1250 5071 amans
1281 5016 1594 5085 imperator,
1623 5031 1732 5069 non
1770 5014 2144 5084 perturbatum

581 5108 799 5178 reliquit
816 5110 1134 5175 exercitum,
1156 5124 1263 5163 non
1286 5107 1595 5178 permisceri
1619 5107 1801 5161 omnia
1823 5121 2018 5176 passus
2040 5114 2143 5171 est,

577 5209 635 5254 at
654 5201 775 5256 loco
798 5217 899 5257 suo
918 5202 1175 5273 equitem,
1198 5200 1540 5271 peditemque
1560 5215 1661 5255 suo
1684 5198 1969 5267 disposuit,
1992 5197 2146 5267 jacu-

579 5292 778 5349 latores
803 5295 929 5350 item
957 5309 1223 5358 seorsum,
1251 5305 1606 5360 seorsumque
1629 5287 1956 5360 sagittarios,
1984 5297 2145 5359 atque

580 5383 670 5437 ubi
709 5400 807 5454 par
842 5392 960 5440 erat
987 5383 1381 5441 fundibularios
1413 5380 1717 5448 collocavit,
1745 5388 1803 5434 ut
1835 5378 2029 5434 similis
2055 5393 2142 5433 ar-

652 5524 697 5555 “
725 5522 825 5579 Job
848 5540 963 5587 xiv,
993 5524 1043 5577 l.
1123 5520 1215 5575 "1
1249 5522 1374 5578 Cor.
1406 5538 1475 5576 xv
1496 5562 1511 5587 ,
1540 5519 1631 5575 41.

650 5664 761 5733 (33)
789 5663 1130 5733 Ata;00pr7r;.
1156 5662 1317 5717 Forte
1340 5664 1620 5734 διαφορᾶς.
1657 5663 1845 5734 Vinea.

650 5736 762 5795 (50')
796 5737 1171 5801 Φιιιοκρίνων.
1207 5737 1286 5787 An
1315 5732 1688 5804 φυλοκρινῶνῖ
1715 5732 1791 5786 In.

2250 4744 2313 4796 El
2358 4742 2414 4794 δὲ
2456 4741 2612 4795 τοῦτο
2651 4740 2847 4812 χλεύην
2892 4740 3094 4797 οἴονται
3136 4743 3201 4795 τὸ
3239 4743 3604 4814 παράδειγμα,
3645 4729 3804 4790 διὰτὸ

2254 4834 2502 4904 μεγάλων
2558 4834 2823 4905 σωμάτων
2871 4852 2937 4905 με
2987 4834 3122 4909 πρὸς
3153 4834 3222 4889 τὰ
3269 4834 3525 4906 ἐλάχιστα
3563 4824 3805 4885 ποιεῖσθαι

2254 4924 2574 4996 σύγκρισιν,
2610 4925 2701 4978 ἐπὶ
2725 4924 2792 4979 τὰ
2827 4926 3158 4999 σμικρότατα
3204 4923 3636 4997 μεταϐησόμεθα.
3674 4912 3805 4973 Εἶτα

2250 5017 2479 5081 τούτοις
2525 5014 2672 5082 ἑξῆς
2719 5015 3010 5084 ἐπιλέγεν
3071 5016 3135 5068 El
3190 5015 3247 5068 δὲ
3295 5018 3431 5088 μήτε
3473 5012 3633 5077 λέξις,
3680 5006 3803 5078 μήτε

2251 5107 2469 5178 ἐκλογὴ,
2513 5108 2648 5179 μήτε
2694 5106 2844 5173 τάξις
2890 5107 3079 5170 αὐταῖς
3116 5107 3372 5178 ἄρχοντος
3406 5105 3690 5162 ὲπικέοιτο,
3723 5094 3803 5148 αὑ-

2251 5198 2340 5252 ταὶ
2378 5198 2433 5251 δὲ
2472 5199 2555 5267 ἐφ’
2602 5190 2806 5251 ἑαυτῶν
2850 5196 3018 5259 αύτάς
3054 5197 3119 5250 ὲκ
3142 5198 3239 5269 τῆς
3266 5197 3465 5268 πολλῆς
3492 5191 3630 5248 κατά
3658 5186 3802 5260 ῥύσιν

2250 5287 2454 5358 τύρϐης
2481 5286 2871 5347 διευθύνουσαι,
2894 5285 3097 5340 καὶτὸν
3122 5286 3287 5340 πολὺν
3315 5284 3419 5341 τῶν
3451 5276 3803 5354 συμπτώσεων

2249 5376 2614 5449 διεκπερῶσαι
2643 5376 2917 5448 κυδοιμὸν,
2948 5376 3004 5429 αἱ
3030 5375 3210 5446 ὅμοιαι
3238 5378 3374 5448 πρὸς
3399 5375 3496 5439 τὰς
3516 5369 3701 5442 ὁμοίας
3712 5362 3803 5432 οὐκ

2302 5664 2435 5739 ,(⁵⁷)
2468 5661 3028 5733 Συγκεχωρημένην.
3058 5660 3222 5719 Forte
3248 5656 3668 5732 συγκεχυμένην.
3694 5650 3765 5704 la.
