4100 6400
358 356 495 413 1257

1302 356 1724 414 FRAGMENTA
1760 357 1847 413 EX
1893 357 2114 416 LIBRIS
2156 361 2241 417 DE
2274 361 2582 420 NATUBA.

3458 363 3595 422 i238

281 489 285 493 ‘
353 478 457 530 ὑπὸ
489 476 580 530 τοῦ
623 475 778 538 Θεοῦ,
813 475 966 549 κατὰ*
994 475 1085 528 τὸν
1135 476 1390 548 ποιητὴν,
1432 476 1666 544 ἄγοιντο.
1705 476 1915 547 συντρέ-

2027 490 2256 536 maturae
2283 482 2480 537 milites
2508 479 2670 536 simul
2696 480 2862 535 etiam
2889 493 3079 536 omnes
3105 477 3449 535 dimicarent.
3488 482 3596 549 Qui

351 583 496 639 χοιεν
526 567 583 620 δὲ
601 567 693 620 καὶ
723 545 1194 636 συναγελᾍζοιντο,
1227 568 1585 640 γνωρίζουσαι
1607 568 1704 630 τὰς
1727 585 1923 637 συγγε-

352 663 489 724 νεῖς·
540 659 820 731 θαυμαστή
871 678 934 728 γε
978 661 1085 714 τῶν
1115 660 1334 731 ἀτόμων
1375 659 1796 732 ἠδημοκρατία,
1837 662 1923 712 δε-

353 750 648 821 ξιουμένων
685 768 742 803 τε
791 752 1023 823 ἀλλήλας
1055 753 1161 806 τῶν
1195 751 1362 820 φίλων
1397 751 1490 804 καὶ
1526 751 1923 823 περιπλεκομέ-

349 857 475 906 νων,
495 843 573 905 ε’ίς
598 841 724 912 μίαν
748 859 809 894 τε
831 841 1203 914 κατασκηνοῦν
1230 841 1504 895 συνοικίαν
1533 842 1921 913 ἐπειγομένων·

275 935 284 940 “
351 935 445 987 καὶ
487 934 590 986 τῶν
626 934 745 1004 μὲν,
773 935 1313 1006 ἀποτετορνευμένων
1339 933 1660 1004 αὐτομάτως
1683 936 1762 997 είς
1776 933 1926 1003 ἥλιον

350 1026 610 1096 φωστῆρα
641 1025 829 1096 μέγαν,
855 1026 941 1079 ἵνα
961 1025 1227 1095 ποιήσωσι
1251 1023 1348 1095 τὴν
1376 1022 1588 1095 ἡμέραν
1610 1039 1624 1053 '
1649 1023 1754 1076 τῶν
1777 1023 1926 1086 δέεἰς

349 1116 548 1181 πολλὰς
599 1115 728 1179 ἴσως
768 1116 1080 1187 πυραμίδας
1120 1115 1365 1186 ἀστέρων
1407 1113 1923 1184 ἀναπεφλεγμένων,

348 1208 434 1261 ἴνα
475 1209 566 1261 καὶ
597 1208 716 1262 ὅλον
749 1206 1130 1276 στεφανώσωσι
1169 1207 1262 1260 τὸν
1297 1206 1552 1278 οὐρανόν·
1584 1207 1692 1260 τῶν
1721 1207 1798 1268 δὲ,
1832 1224 1927 1258 πε·-

348 1300 767 1372 ριτεταγμένων,
802 1299 887 1351 ἴνα
916 1298 1075 1351 αὐτὸν
1092 1297 1217 1367 εἰκῆ
1246 1295 1586 1368 στερεώσωσι
1623 1296 1718 1349 καὶ
1749 1313 1926 1366 καμα-

347 1388 562 1461 ρώσωσι
585 1389 676 1444 τὸν
700 1390 890 1462 αἰθέρα
921 1391 999 1452 είς
1019 1389 1117 1460 τὴν
1140 1387 1246 1441 τῶν
1275 1389 1458 1458 φωστή
1469 1404 1575 1457 ρων
1603 1387 1924 1458 ἐπιϐάθραν,

343 1481 694 1548 ὲπιλέξωνταί
724 1498 782 1534 τε
814 1483 1033 1544 ἑαυταῖς
1067 1482 1122 1534 αἱ
1159 1480 1536 1550 συνομολογίαι
1561 1479 1668 1532 τῶν
1694 1479 1927 1550 χυδαίων

345 1573 566 1644 ἀτόμων
602 1574 769 1645 μονὰς
794 1613 808 1639 ,
848 1575 938 1627 καὶ
975 1572 1450 1645 διακληρώσωνται
1481 1573 1571 1626 τὸν
1602 1573 1828 1644 οὐρανὸν
1847 1574 1926 1636 είς

342 1665 522 1729 οἴκους
544 1668 759 1729 ἑαυταῖς
783 1667 875 1720 καὶ
895 1664 1184 1735 σταθμούς.
1211 1661 1356 1718 Εἶτα
1373 1667 1500 1733 μεθ’
1517 1663 1691 1733 ἕτερά
1711 1679 1920 1733 φησιν·

346 1754 495 1810 Ἀλλ’
541 1757 660 1811 οὐδὲ
702 1759 771 1812 τά
813 1757 1020 1828 φανερά
1057 1754 1255 1828 ὁρῶσιν
1283 1758 1435 1812 αὐτοὶ
1467 1759 1515 1811 οἱ
1565 1758 1918 1830 ἀπρονόητοι,

265 1917 268 1924 Ι
341 1847 538 1902 πολλοῦ
590 1867 653 1918 γε
693 1822 870 1904 δέουσι
905 1822 1132 1920 συνορᾷν
1180 1849 1274 1902 καὶ
1323 1849 1392 1902 τὰ
1435 1822 1659 1920 ἀφανῆ..
1685 1822 1919 1903 Ἐοίκασι
1955 1822 1996 1881 Β

341 1941 451 2013 γὰρ
499 1942 632 2013 μηδὲ
670 1943 932 2006 ἀνατολὰς
968 1941 1293 1996 ὑποπτεύειν
1317 1942 1674 2012 τεταγμένας,
1699 1941 1793 1994 καὶ⁵
1826 1941 1919 1994 δύ-

343 2049 479 2097 σεις,
547 2035 683 2106 μήτε
739 2034 847 2089 τῶν
895 2034 1087 2098 ἄλλων,
1143 2035 1280 2104 μήτε
1328 2034 1425 2097 τάς
1475 2033 1920 2104 ἐκπρεπεστάταις

340 2122 524 2193 ἡλίου·
581 2124 732 2194 μηδὲ
763 2123 993 2196 χρῆσθαι
1026 2125 1144 2186 ταῖς
1193 2122 1260 2175 δι’
1309 2121 1488 2176 αὐτῶν
1523 2122 1919 2194 δεδωρημέναις

338 2213 647 2288 ἀνθρώποις
672 2217 1032 2287 ἐπικουρίαις,
1057 2216 1406 2288 ἀναπτομένῃ
1439 2215 1534 2286 μὲν
1559 2215 1638 2278 είς
1661 2216 1919 2286 ἐργασίαν

339 2307 555 2378 ἡμέρᾳ,
614 2307 1034 2381 ἐπηλυγαζούσῃ
1075 2308 1130 2361 δὲ
1189 2308 1340 2361 νυκτὶ
1396 2307 1534 2378 πρὸς
1581 2306 1917 2362 ἀνάπαυλαν.

351 2399 770 2463 Ἐξελεύσεται
811 2399 921 2469 γὰρ
946 2397 1274 2467 ἅνθρωπος,
1317 2399 1502 2469 φησὶν,
1530 2398 1626 2451 ἐπὶ
1655 2399 1720 2452 τὸ
1745 2399 1920 2468 ἔργον

337 2489 546 2554 αὑτοῦ,
577 2489 676 2543 καὶ
695 2491 792 2543 ἐπὶ
813 2489 926 2559 τὴν
952 2478 1240 2559 ἐργασίαν
1263 2491 1469 2553 αὐτοῦ,
1500 2490 1609 2557 ἕως
1636 2491 1914 2561 ἑσπέρας.

351 2580 489 2633 Ἀλλ’
520 2581 639 2634 οὐδὲ
667 2581 765 2652 τὴν
801 2581 990 2654 ἑτέραν
1022 2581 1408 2635 ἐπισκοποῦσιν
1427 2582 1790 2655 ἀνακύκλησιν
1815 2585 1917 2639 αὑ-

334 2669 451 2735 τοῦ,
487 2670 607 2724 καθ’
637 2672 704 2742 ἣν
728 2671 1037 2745 ὡρισμένας
1056 2671 1224 2743 ὥρας,
1253 2673 1348 2725 καὶ⁹
1369 2675 1590 2744 καιροὺς
1609 2674 1917 2748 εὐκαίρους,

335 2766 431 2819 καὶ
459 2767 666 2839 τροπὰς
685 2767 1140 2839 ἀπαρατρέπτους
1179 2767 1452 2833 ἀποτελεῖ,
1491 2769 1596 2822 ὑπὸ
1628 2769 1736 2822 τῶν
1767 2770 1825 2836 ἐξ
1842 2764 1917 2825 ὧν

339 2853 486 2910 ἐστιν
532 2856 749 2928 ἀτόμων
797 2854 1180 2928 ὁδηγούμενος.
1241 2855 1400 2909 Ἀλλά
1437 2855 1538 2910 κᾶν
1578 2856 1650 2929 μὴ
1692 2857 1918 2912 θέλωσιν

335 2949 382 3001 oi
411 2948 653 3013 δείλαιοι,
695 2949 770 3013 ὡς
800 2949 844 3002 δ’
883 2944 974 3004 οὖν
1002 2948 1367 3013 πιστεύουσιν,
1411 2951 1462 3001 oi
1496 2949 1714 3014 δίκαιοι,
1745 2949 1916 3021 μέγας

334 3040 542 3114 Κύριος
569 3043 597 3093 ὁ
637 3043 866 3114 ποιήσας
896 3042 1076 3107 αὑτὸν,
1119 3042 1213 3095 καὶ⁸
1244 3043 1302 3096 ἐν
1343 3041 1519 3110 λόγοις
1561 3042 1722 3096 αὐτοῦ
1757 3043 1916 3096 κατέ-

335 3148 540 3220 σπευσε
570 3133 811 3205 πορείαν.
842 3135 1064 3205 Ἀτομοι
1088 3134 1195 3206 γὰρ
1224 3135 1353 3205 ὑμῖν
1369 3134 1611 3206 χειμῶνα
1637 3135 1909 3207 φέρουσιν,
1940 3160 1983 3220 C

333 3219 377 3279 ὦ
413 3224 641 3295 τυφλοὶ,
682 3227 776 3280 καὶ
806 3228 992 3291 ὑετοὺς
1012 3267 1026 3290 ,
1057 3227 1145 3281 ἵνα
1172 3229 1204 3298 ἡ
1236 3229 1308 3298 γῆ
1339 3226 1542 3300 τροφὰς
1570 3228 1698 3298 ὑμῖν
1725 3241 1786 3280 τε
1813 3227 1907 3280 καὶ

334 3321 467 3373 πᾶσι
493 3323 603 3383 τοῖς
632 3321 717 3372 ἐπ’
747 3321 928 3383 αὐτοῖς
952 3319 1108 3384 ζώοις
1138 3321 1238 3391 ἀνῇ
1262 3336 1276 3385 ;
1313 3319 1482 3391 Θέρος
1510 3337 1568 3373 τε
1597 3321 1912 3390 ἐπάγουσιν,

329 3412 418 3465 ἵνα
463 3411 561 3464 καὶ
599 3411 724 3474 τοὺς
763 3410 870 3464 ἀπὸ
909 3411 1140 3483 δένδρων
1179 3413 1258 3473 είς
1291 3413 1503 3483 τρυφὴν
1543 3411 1786 3482 καρποὺς
1823 3410 1914 3464 λά-

330 3505 501 3576 6ητε;
537 3506 646 3559 Καὶ
676 3506 764 3560 διά
797 3505 849 3560 τί
888 3505 962 3577 μὴ
1003 3507 1123 3569 ταῖς
1153 3506 1375 3577 ἀτόμοις
1421 3499 1775 3578 προσκυνεῖτε
1820 3508 1913 3560 καὶ

226 3652 232 3658 η
330 3596 489 3651 θύετε
524 3601 645 3662 ταῖς
673 3595 1348 3671 ἐπικάρποις;Ἀχάριστοί
1379 3617 1464 3668 γε,
1502 3599 1634 3670 μηδὲ
1663 3598 1912 3671 ἀπαρχὰς

225 3757 230 3763 _
329 3693 520 3755 αὐταῖς
559 3691 745 3760 ὀλίγας
787 3694 894 3746 τῶν
925 3693 1135 3747 πολλῶν
1179 3693 1434 3766 δωρεῶν,
1468 3692 1533 3757 ἃς
1567 3695 1695 3764 παρ’
1733 3691 1912 3746 αὐτῶν

329 3785 508 3856 εχετε,
551 3786 922 3858 ἀφιεροῦντες.
972 3788 1086 3841 Καὶ
1133 3789 1284 3858 μετὰ
1324 3786 1558 3857 ,Βραχέα
1584 3788 1805 3856 φησιν’
1853 3789 1912 3842 ’0

329 3877 387 3930 δὲ
419 3876 717 3948 πολυεθνὴς
749 3880 842 3932 καὶ
868 3879 1171 3950 πολυμιγὴς
1201 3880 1493 3950 δῆμος-’τῶν
1524 3879 1786 3950 ἀστέρων,
1819 3879 1911 3944 οὓς

329 3968 387 4020 αἱ
419 3965 775 4031 πολυπλανεῖς
811 3969 905 4022 καὶ
937 3970 1023 4021 ἀεὶ
1062 3969 1542 4039 διαρριπτούμεναι
1578 3969 1910 4038 συνέστησαν

332 4059 545 4130 ἄτομοι,
586 4057 769 4130 χώρας
810 4059 1023 4122 ἑαυτοῖς
1073 4059 1214 4113 κατά
1243 4059 1517 4130 συνθήκας
1552 4061 1906 4124 ἀπεδάσαντο,

331 4147 520 4220 ὥσπερ
549 4149 804 4203 ἀποικίαν
837 4149 932 4202 καὶ
976 4149 1248 4202 συνοικίαν
1291 4150 1624 4220 ἀνελόμενοι,
1683 4149 1908 4220 μηδενὸς

327 4239 568 4294 οἰκιστοῦ
620 4239 751 4311 μηδὲ
797 4239 1178 4292 οἰκοδεσπότου
1218 4240 1613 4310 προεστηκότος
1636 4257 1649 4270 ο
1695 4241 1908 4304 καὶτὰς

325 4333 468 4401 ’πρδς
514 4331 641 4393 τοὺς
679 4330 1085 4400 πλησιοχώρους
1111 4330 1456 4400 γειτνιάσεις,
1488 4331 1776 4400 ἐνωμότως
1813 4333 1908 4384 καὶ

334 4425 449 4493 μετ’
502 4425 722 4495 εἰρήνης
769 4423 1156 4491 φυλάττουσιν,
1207 4423 1304 4493 οὐχ
1355 4422 1774 4493 ὑπερὸαίνοντες
1813 4423 1906 4487 οῦς

2026 571 2072 624 si
2117 570 2402 625 ridiculum
2453 571 2556 626 hoc
2598 570 2830 638 exempli
2869 585 3040 640 genus
3069 585 3190 625 esse
3216 570 3418 636 dicent,
3449 574 3595 643 quod

2026 678 2345 733 magnorum
2391 678 2678 732 corporum
2728 677 2852 718 eum
2904 663 3146 724 minimis
3189 665 3596 721 contentionem

2027 753 2339 819 instituam;
2377 755 2443 808 ad
2490 755 2711 808 minima
2744 754 3046 810 veniemus.
3097 751 3227 808 Ηωο
3251 755 3360 812 ille.
3393 757 3595 821 Quibus

2025 843 2209 898 deinde
2237 861 2353 915 quae
2384 859 2673 915 sequuntur
2703 845 2947 914 adjungit
2971 859 2990 898 :
3022 843 3178 911 Quod
3208 845 3254 900 si
3288 847 3474 911 ducis,
3508 849 3596 901 ιη.

2025 936 2161 1004 quit,
2194 953 2370 1006 neque
2401 952 2620 1001 nomen,
2650 952 2826 1005 neque
2855 937 3116 1016 delectus,
3150 952 3326 1007 neque
3353 939 3595 994 colloca-

2027 1024 2101 1079 tio
2126 1025 2181 1079 in
2205 1041 2392 1080 earum
2425 1043 2544 1081 sese
2582 1028 3007 1082 moderationem
3049 1028 3274 1096 ingessit
3303 1047 3317 1082 :
3351 1039 3408 1084 at
3441 1031 3599 1100 ipsar-

2028 1123 2132 1168 met
2161 1123 2351 1184 suopte
2401 1116 2646 1182 arbitrio,
2680 1132 2744 1171 ex
2772 1118 2936 1171 multa
2969 1133 3089 1173 sese
3137 1119 3376 1172 continui
3412 1118 3594 1176 ﬂuxus

2026 1207 2183 1260 turba
2226 1208 2562 1276 colligentes,
2612 1224 2918 1279 magnoque
2953 1210 3223 1264 variarum
3249 1212 3595 1267 commissioo

2026 1314 2154 1352 num
2184 1299 2416 1353 tumultu
2459 1299 2747 1368 declinato,
2802 1302 3006 1356 similes
3039 1319 3164 1357 cum
3214 1303 3483 1358 similibus
3517 1305 3591 1358 ita

2025 1391 2399 1457 convenerint,
2445 1401 2504 1446 ut
2528 1401 2707 1452 tamen
2737 1409 2844 1446 non
2876 1393 3042 1447 divini
3069 1392 3319 1449 Numinis
3346 1395 3589 1461 ductum,

2024 1483 2476 1553 quemadmodum
2499 1494 2654 1554 poeta
2682 1484 2854 1554 ﬁngit,
2883 1495 3082 1540 secutae
3111 1487 3216 1540 sint
3237 1502 3252 1551 ;
3276 1487 3368 1541 sed
3389 1490 3589 1556 potius,

2027 1591 2150 1629 cum
2199 1589 2318 1632 sese
2369 1573 2555 1630 aﬁines
2602 1583 2793 1630 mutuo
2842 1586 3192 1648 cognataeque
3239 1589 3482 1645 nossent,
3534 1581 3590 1634 in

2026 1682 2194 1720 unum
2228 1666 2385 1736 quasi
2434 1681 2649 1739 gregem
2692 1666 3082 1733 conﬁuxerint;
3131 1683 3214 1722 na:
3255 1669 3590 1724 admirabilis

2027 1757 2141 1810 haec
2174 1765 2481 1810 atomorum
2520 1758 2852 1811 democratia
2895 1766 3010 1821 est;
3057 1756 3146 1810 ubi
3174 1759 3362 1812 amicae
3385 1759 3589 1812 amicas

2022 1847 2292 1917 excipiant
2319 1856 2481 1917 atque
2511 1847 2958 1918 complectantur,
2998 1849 3178 1920 itaque
3204 1864 3368 1903 unum
3400 1850 3452 1902 in
3485 1852 3589 1903 do‘

2020 1939 2283 1993 micilium
2317 1939 2604 1993 convolent
2635 1940 2920 1994 universae.
2961 1938 3098 1994 Tum
3139 1949 3300 1996 certae
3339 1939 3586 2010 quietiam

2021 2032 2184 2096 ultro,
2219 2031 2273 2084 in
2301 2031 2470 2084 solem
2501 2046 2755 2102 magnum
2789 2031 2921 2086 illud
2964 2033 3138 2099 sidus,
3169 2033 3406 2102 quodam
3432 2034 3589 2101 quasi

2020 2125 2180 2170 torno
2211 2117 2591 2180 rotundentur,
2624 2129 2682 2172 ut
2706 2119 2851 2193 diem
2871 2118 3138 2188 efﬁciant;
3170 2123 3308 2188 aliae,
3337 2139 3445 2192 quo
3473 2138 3587 2178 cce-

2020 2207 2132 2263 lum
2177 2209 2444 2280 integrum
2480 2217 2762 2274 coronent,
2811 2211 2866 2264 in
2899 2211 3162 2281 plurimas
3211 2212 3458 2270 fortassis
3501 2231 3590 2269 ar--

2019 2301 2260 2358 dentium
2312 2303 2589 2357 stellarum
2643 2304 2948 2374 pyramides
2998 2306 3328 2376 ﬁgurentur;
3379 2309 3500 2362 alite
3534 2309 3590 2362 iu

2019 2395 2206 2450 orbem
2250 2396 2488 2467 digestae,
2522 2397 2794 2451 ﬁrmitatis
2843 2398 3047 2467 aliquid
3096 2399 3283 2453 aetheri
3338 2400 3604 2463 afferant,-

2019 2501 2192 2556 eoque
2229 2489 2516 2543 testudinis
2543 2489 2598 2542 in
2628 2504 2834 2543 morem
2862 2501 3265 2556 concamerato,
3299 2492 3588 2546 subeunti-

2020 2579 2123 2634 bus
2164 2579 2288 2634 coeli
2338 2581 2658 2644 luminibus,
2707 2582 2972 2651 quosdam
3011 2584 3167 2652 quasi
3212 2585 3411 2654 gradus
3455 2601 3590 2654 prac-

2018 2679 2259 2738 struant;
2283 2673 2526 2742 adeoque
2542 2673 2846 2744 vulgarium
2872 2683 3178 2728 atomorum
3206 2675 3471 2744 factiones
3489 2676 3589 2730 do—

2019 2763 2222 2819 micilia
2261 2764 2365 2819 sibi
2385 2763 2647 2834 deligant,
2683 2780 2748 2820 ac
2785 2767 2980 2820 cmlum
3022 2767 3199 2836 ipsum
3251 2769 3498 2838 proprias
3531 2770 3587 2822 in

2017 2857 2209 2911 domos
2239 2866 2402 2926 atque
2431 2858 2692 2912 stationes
2718 2857 2857 2912 inter
2878 2873 3000 2914 sese
3028 2851 3353 2928 partiamur.
3379 2859 3584 2914 Rursus

2017 2948 2138 3003 aliis
2171 2949 2488 3018 quibusdam
2522 2949 2810 3018 interjectis
2842 2966 2861 3003 :
2896 2949 3027 3016 lmo,
3079 2952 3269 3022 inquit,
3317 2968 3385 3006 ne
3425 2953 3585 3008 obvia

2016 3039 2235 3107 quidem
2259 3041 2444 3094 vident
2467 3041 2714 3095 homines
2746 3041 3055 3111 improvidi,
3109 3052 3318 3099 tantum
3348 3044 3498 3098 abest
3527 3056 3587 3099 ut

2017 3131 2226 3184 occulta
2260 3130 2596 3200 provideant.
2643 3128 2843 3200 Utique
2876 3142 3023 3188 ratos
3073 3133 3196 3188 illos
3241 3143 3406 3206 atque
3445 3149 3584 3190 con-

2015 3229 2220 3275 stantes
2265 3232 2419 3275 ortus
2469 3221 2760 3290 obitusque
2803 3223 3064 3291 siderum,
3121 3240 3230 3281 non
3275 3237 3591 3282 cancrorum

2015 3313 2198 3379 modo,
2227 3327 2412 3367 verum
2442 3315 2604 3367 etiam
2639 3313 2773 3369 solis
2809 3315 3055 3369 omnium
3094 3317 3486 3385 nobilissimos,
3515 3334 3586 3372 ne

2013 3404 2343 3474 suspicando
2375 3404 2597 3474 quidem
2649 3404 2899 3460 videntur
2943 3408 3207 3477 attingere
3235 3425 3250 3461 :
3279 3424 3380 3463 nec
3415 3409 3481 3464 iis
3505 3410 3585 3463 uti

2013 3496 2513 3562 commoditatibus,
2538 3513 2676 3567 quas
2708 3499 2987 3552 hominum
3010 3501 3194 3568 generi
3220 3501 3584 3571 suppeditant,

2012 3597 2108 3642 aut
2151 3589 2451 3644 collucente
2480 3590 2548 3645 ad
2581 3592 2894 3646 obeundum
2940 3607 3077 3661 opus
3123 3593 3230 3658 die,
3284 3602 3379 3648 aut
3426 3604 3585 3649 nocte

2011 3681 2210 3751 quietis
2230 3683 2505 3751 capiendae
2532 3696 2700 3737 causa
2724 3692 2899 3738 terras
2929 3695 3208 3752 opacante.
3238 3683 3425 3739 Exibit
3444 3689 3584 3740 enim

2009 3773 2185 3838 homo,
2220 3774 2417 3843 inquit,
2455 3774 2523 3826 ad
2561 3789 2691 3842 opus
2727 3790 2904 3841 suum,
2945 3783 2996 3827 et
3032 3775 3387 3843 operationem
3429 3791 3584 3829 suam

2011 3877 2172 3930 usque
2199 3859 2266 3913 ad
2303 3876 2566 3926 vesperum
2601 3860 2665 3917 ⁸⁸.
2697 3859 2807 3916 Nec
2834 3876 2960 3916 vero
2986 3865 3211 3916 alteram
3239 3863 3360 3932 ejus
3385 3863 3586 3918 circui~

2011 3952 2212 4007 tionem
2240 3952 2546 4016 attendunt,
2572 3966 2680 4020 qua
2705 3953 2992 4007 distinctas
3016 3963 3360 4022 tempestates
3382 3962 3583 4023 oppor~

2009 4053 2250 4116 lunaque
2278 4055 2539 4114 tempora,
2565 4059 2665 4099 nec
2684 4059 2914 4114 usquam
2934 4045 3174 4100 detortas
3199 4047 3582 4117 conversiones

2007 4139 2230 4204 elﬁciat;
2273 4153 2464 4192 earum
2511 4137 2761 4191 videlicet
2793 4152 2857 4192 ex
2914 4137 3114 4207 quibus
3154 4137 3272 4206 ipse
3307 4139 3579 4203 consistit,

2009 4240 2314 4284 atomorum
2346 4231 2568 4284 ductum
2600 4239 2840 4285 secutus.
2865 4230 2935 4284 At
2956 4229 3255 4290 enimvero,
3284 4229 3451 4284 velint
3478 4245 3580 4284 no-

2009 4323 2109 4376 Iint
2144 4323 2393 4378 homines
2438 4337 2630 4393 reapse
2674 4323 2881 4388 miseri,
2931 4325 3208 4392 quomodo
3247 4332 3427 4377 tamen
3475 4324 3578 4378 sibi

2007 4418 2358 4487 persuadent,
2392 4417 2690 4487 aequissimi
2722 4435 2736 4470 :
2763 4431 2998 4487 magnus
3035 4417 3125 4471 ille
3171 4417 3444 4472 Dominus
3484 4420 3579 4489 qui
3610 4459 3635 4472 ..

331 4515 426 4568 καὶ
457 4515 738 4586 εἰλήφασιν
765 4514 824 4580 ἐξ
852 4517 1023 4586 ἀρχῆς
1051 4516 1212 4586 ὅρους
1230 4555 1246 4579 ,
1275 4514 1466 4586 ὥσπερ
1495 4516 1599 4567 ὑπὸ
1625 4515 1733 4570 τῶν
1761 4514 1904 4585 βασι-

2016 4510 2176 4564 solem
2207 4510 2429 4573 creavit,
2461 4510 2746 4564 verborum
2776 4524 2995 4578 quoque
3019 4525 3241 4564 suorum
3265 4510 3314 4564 vi
3335 4510 3580 4578 ejusdem

331 4607 487 4661 λίδων
529 4609 747 4678 ἀτόμων
787 4606 1249 4677 νομοθετούμενοι.
1319 4607 1454 4660 Ἀλλ’
1506 4609 1605 4660 οὐκ
1650 4607 1905 4678 ἄρχουσιν

332 4701 570 4755 ἐκεῖναι·
615 4700 732 4764 πῶς
773 4700 890 4779 γὰρ
922 4701 977 4752 αἱ
1025 4701 1146 4771 μηδ’
1180 4697 1370 4766 οὖσαι;
1433 4702 1592 4756 Ἀλλὰ
1629 4702 1788 4755 θείων
1823 4703 1907 4755 λο-

331 4791 463 4859 γίων
492 4791 831 4846 ὲπακούσατε
851 4808 864 4822 ’
913 4793 1016 4846 Ἐν
1043 4791 1236 4860 κρίσει
1276 4794 1500 4861 Κυρίου
1529 4793 1600 4846 τὰ
1625 4795 1768 4864 ἔργα
1795 4798 1903 4850 αὐ-

335 4884 460 4938 τοῦ.
521 4885 636 4938 Ἀπ’
667 4883 859 4954 ἀρχῆς
906 4883 1007 4939 καὶ
1057 4885 1178 4938 ἀπὸ
1216 4885 1520 4954 ποιήσεως
1541 4886 1758 4950 αὐτῶν,
1791 4887 1905 4942 ὃιέ·

296 4982 298 4984 ’
337 4981 540 5031 στειλε
571 4976 814 5045 μερίδας
858 4975 1085 5031 αὐτῶν·
1116 4977 1583 5047 ἐκόσμησενηεὶς
1627 4979 1808 5033 αἰῶνα
1833 4983 1904 5035 τὰ

339 5067 480 5137 ἔργα
503 5061 712 5214 αὺῖἒῦ,
751 5070 848 5123 καὶ
880 5069 986 5136 τὰς
1011 5069 1202 5139 ἀρχὰς
1229 5071 1428 5125 αὐτῶν
1449 5074 1535 5138 είς
1566 5073 1771 5142 γενεὰς
1796 5075 1902 5126 αὐ-

339 5158 469 5213 τῶν.
496 5193 566 5203 -
643 5161 701 5214 αὶ
729 5162 872 5214 μετὰ
896 5162 1126 5214 βοαγέα
1154 5163 1374 5214 ωιησίνο
1405 5166 1475 5214 ’Ἦ
1502 5165 1586 5214 τίς
1614 5165 1786 5214 οὕτως
1808 5167 1902 5214 εὑ·-

335 5158 469 5213 τῶν.
496 5193 566 5203 -
592 5158 701 5214 Καὶ
722 5162 872 5230 μετὰ
893 5162 1126 5232 ,βραχέα
1151 5163 1374 5232 φησίνο
1405 5166 1475 5217 Ἢ
1502 5165 1586 5229 τίς
1614 5165 1786 5229 οὕτως
1808 5167 1902 5219 εὑ·-

332 5252 540 5316 τάκτως
562 5250 785 5305 πεδιάδα
813 5252 916 5321 γῆν
943 5251 1196 5307 διώδευσε
1225 5253 1455 5322 φάλαγξ,
1485 5255 1546 5308 οὐ
1582 5255 1900 5326 προθέοντος

332 5342 557 5408 οὐδενὸς,
574 5343 674 5397 οὐκ
688 5343 1104 5415 ἐκτρεπομένου,
1121 5345 1220 5398 οὐκ
1234 5345 1746 5415 ἐμποδιστατοῦντος
1764 5348 1896 5420 (58),

331 5433 428 5486 οὐκ
477 5435 904 5506 ἀπολειπομένου
953 5437 1060 5490 τῶν
1115 5437 1722 5510 συμπαρατεταγμένων
1749 5455 1761 5468 ·
1822 5439 1898 5504 ὼς

335 5521 614 5596 ισόστοιχοι
645 5527 739 5580 καὶ
766 5525 1213 5589 συνασπιδοῦντες
1237 5528 1324 5582 ἀεὶ
1355 5531 1607 5600 προΐασιν
1630 5571 1644 5595 ,
1677 5532 1707 5582 ὁ
1742 5547 1897 5583 συνε-

403 5639 446 5670 ¹³
483 5639 623 5696 Psal.
654 5660 770 5710 cm,
797 5643 888 5697 25.

2007 4616 2231 4657 cursum
2265 4602 2530 4655 incitavit.
2563 4602 2742 4656 Λιοιηὶ
2790 4602 3007 4672 quippe,
3057 4603 3292 4657 hiemem
3328 4604 3506 4667 vobis,
3547 4619 3582 4654 0

2007 4693 2156 4756 caeci,
2193 4707 2257 4748 ac
2282 4693 2492 4762 pluvias
2529 4690 2781 4756 aﬂ‘erunt,
2816 4703 2872 4747 ut
2901 4693 3159 4748 alimenta
3184 4694 3339 4750 vobis
3363 4709 3446 4752 .ac
3477 4709 3584 4748 cae-

2006 4785 2138 4840 teris
2161 4785 2541 4839 animantibus
2572 4794 2716 4838 terra
2750 4786 3046 4854 producat?
3068 4785 3392 4841 Earumdem
3419 4795 3580 4842 aestas

2005 4877 2325 4931 beneﬁcium
2353 4885 2456 4942 est,
2484 4885 2543 4930 ut
2569 4877 2825 4930 arborum
2849 4878 3013 4930 etiam
3031 4877 3098 4931 ad
3123 4879 3347 4934 delicias
3369 4877 3580 4931 fructus

2007 4970 2316 5041 colligatis?
2353 4967 2551 5034 Quidni
2592 4984 2756 5038 porro
2789 4971 2985 5025 atomis
3010 4970 3226 5041 frugum
3255 4971 3580 5041 praesidibus

2008 5063 2238 5118 solemni
2283 5063 2431 5116 cultu
2484 5077 2637 5116 sacra
2682 5062 2896 5116 facitis?
2938 5061 3196 5117 Homines
3231 5065 3448 5132 ingrati,
3484 5065 3579 5131 qui

2009 5164 2088 5209 tot
2111 5154 2380 5208 donorum
2409 5168 2534 5222 quae
2565 5153 2638 5207 ab
2672 5153 2741 5208 iis
2773 5154 3041 5224 accipitis,
3071 5170 3139 5207 ne
3164 5154 3432 5223 primitias
3464 5155 3607 5222 qui-‘

2004 5245 2126 5299 dem
2163 5244 2424 5315 pauculas
2455 5246 2806 5300 consecretis.
2847 5244 3149 5315 Iterumque
3198 5255 3312 5313 post
3361 5261 3533 5313 pauca
3556 5257 3577 5300 :

2005 5337 2284 5408 Multiplex
2307 5339 2522 5401 autem,
2559 5338 2750 5406 inquit,
2778 5337 2868 5390 illa
2900 5339 3177 5391 stellarum
3214 5337 3381 5401 natio,
3411 5352 3575 5406 quam

2004 5432 2250 5486 erraticas
2272 5445 2336 5485 ac
2361 5445 2575 5500 semper
2603 5431 2708 5483 huc
2735 5430 2971 5500 illucque
2994 5431 3234 5497 disject.e
3261 5430 3428 5483 atomi
3454 5445 3580 5484 con-

2006 5523 2290 5589 ﬂaverant,
2319 5525 2477 5579 sedes
2509 5524 2621 5591 ipsa
2647 5523 2770 5590 sibi,
2794 5524 3021 5578 colonia:
3050 5523 3333 5592 cujusdam
3369 5533 3464 5584 aut
3488 5538 3582 5580 so-

402 5781 510 5856 (⁵8)
553 5788 1178 5857 Ἐμποδιστατοῦντος.
1219 5792 1373 5850 Forte
1400 5791 1942 5864 ἐμποδοστατοῦντες.
1967 5786 2157 5843 Viam.

645 5883 909 5943 ι’Δτιιοι..
953 5886 1068 5945 Gn.
1108 5886 1194 5948 Χ.

3216 5870 3297 5932 ΕΟ
