4058 6422
489 365 629 423 I259

1482 363 1539 418 S.
1581 359 1878 420 DIONYSII
1915 362 2227 420 EPISCOPI
2265 359 2738 437 ALEXANDle

3618 355 3763 410 19.60

480 481 724 537 dalitatis
751 496 923 549 more,
965 481 1241 538 communi
1279 493 1345 535 ex
1388 489 1551 550 pacto
1593 480 1893 546 distribuit,
1942 480 2061 536 nu‘l-

2168 484 2265 554 χής
2296 499 2356 535 τε
2391 483 2485 536 καὶ
2526 481 2863 545 ἀδιάστατος,
2898 478 3164 556 ἀόχλητόσ
3209 494 3265 532 τε
3313 479 3406 533 καὶ
3459 478 3795 552 ἀνεμπόδιο)

480 575 589 630 lius
621 584 719 630 aut
746 575 1064 640 conditoris,
1097 581 1193 628 aut
1218 571 1439 629 familiae
1470 575 1719 643 praesidis
1757 574 2059 629 auctorita-

482 677 591 721 tem
616 677 826 723 secuta.
852 667 1029 736 Atque
1052 666 1126 720 ita
1143 665 1418 736 deinceps,
1437 675 1627 722 mutua
1648 681 1774 721 cum
1792 665 2059 730 ﬁnitimis,

480 761 739 832 religiose
760 760 974 831 altaque
1001 774 1125 813 cum
1156 773 1310 829 pace,
1344 772 1536 814 omnes
1568 758 1785 813 viciniae
1807 757 1933 827 jura
1966 774 2063 814 cu-

482 853 750 919 stodiunt,
783 867 885 908 nec
908 867 1005 909 eos
1033 867 1274 922 unquam
1305 852 1441 907 lines
1463 866 1603 922 quos
1628 851 1697 906 ab
1727 850 1881 905 initio
1904 866 2061 908 acce-

483 959 635 1013 pere,
671 943 1013 1009 transiliunt,
1057 958 1287 1014 prorsus
1324 959 1389 998 ac
1415 943 1462 999 si
1495 944 1771 1014 regiarum
1798 958 2064 1014 quarum-

481 1032 606 1084 dam
639 1037 950 1085 atomorum
981 1031 1192 1103 legibus
1212 1040 1549 1103 regerentur.
1576 1032 1646 1086 At
1668 1048 1776 1087 non
1798 1032 2065 1103 imperant

479 1121 584 1176 illae
611 1120 878 1191 profecto.
911 1121 1019 1189 Qui
1039 1121 1188 1177 enim
1225 1122 1516 1193 imperent,
1554 1140 1678 1195 qua:
1711 1124 1877 1179 nullae
1905 1125 2065 1180 sunt?

480 1213 682 1268 Audite
717 1230 847 1270 vero
888 1215 1201 1271 divinorum
1232 1217 1583 1272 oraculorum
1613 1231 1799 1272 vocem
1828 1235 1844 1272 :
1880 1215 1944 1269 In
1966 1216 2062 1286 ju-

479 1306 620 1359 dicio
675 1305 891 1359 Domini
935 1322 1095 1377 Opera
1139 1308 1273 1377 ejus.
1326 1307 1404 1361 Ab
1452 1308 1607 1361 initio
1649 1317 1700 1362 et
1735 1324 1768 1361 α
1804 1309 2064 1361 creatione

479 1399 711 1468 ipsorum
741 1398 987 1452 distinxit
1015 1409 1192 1469 partes
1215 1397 1453 1452 illorum.
1483 1387 1709 1453 Ornavit
1730 1399 1787 1452 in
1809 1408 2063 1452 wternum

483 1506 637 1561 opera
681 1507 802 1558 sua,
848 1501 899 1545 et
951 1493 1215 1563 principia
1258 1508 1438 1546 eorum
1470 1493 1527 1546 in
1573 1494 2063 1563 generationes'eo-

477 1595 596 1637 rum
617 1583 676 1638 ".
708 1616 781 1626 —
802 1583 1067 1655 Additque
1095 1587 1254 1656 paulo
1289 1596 1408 1656 post
1440 1601 1458 1638 :
1503 1585 1614 1639 Aut
1661 1600 1785 1656 quae
1821 1601 2062 1655 unquam

480 1675 648 1741 acies,
671 1676 864 1747 inquit,
895 1686 1006 1732 tam
1032 1680 1339 1749 composito
1366 1678 1581 1750 agmine
1601 1665 1853 1749 campum
1885 1687 2064 1734 trans-

480 1769 649 1833 misit,
682 1778 1053 1840 praacurrente
1084 1772 1320 1836 nemine,
1363 1772 1581 1827 nemine
1624 1771 1929 1837 deerrante,
1971 1787 2065 1826 ne—

2163 590 2286 637 στος
2322 574 2432 628 τῶν
2467 574 2682 646 ἄστρων
2718 572 2978 645 στρατός;
3026 571 3163 625 Ἀλλ’
3198 570 3474 641 ἐγκλίσεσι
3507 573 3603 627 καὶ⁸
3637 572 3763 633 ταῖς

2161 669 2243 730 εἰς
2289 667 2515 735 πλάγιον
2568 667 2805 731 νεύσεσι,
2861 665 3100 735 γίνονταί
3149 682 3293 728 τινες
3339 663 3519 718 αὐτῶν
3569 663 3765 735 ἄδηλοι

2162 759 2384 830 τροπαί.
2412 759 2525 811 Καὶ
2558 756 2664 830 μὴν
2686 758 2772 811 ἀεὶ
2804 755 3262 829 καιροφυλακοῦσι
3290 755 3383 809 καὶ
3413 754 3760 828 προορῶνται

2162 851 2261 914 τὰς
2306 849 2511 923 χώρας,
2560 848 2682 904 ὅθεν
2723 849 2950 912 ἕκαστος
2978 848 3210 917 ἀνίησιν,
3243 848 3292 900 οἱ
3317 845 3525 909 τούτοις
3554 862 3763 917 προσε-

2164 945 2448 1014 σχηκὸτες.
2498 943 2831 999 Εῐπάτωσαν
2868 937 2961 995 οὖν
3002 942 3136 1012 ἡμῖν
3184 941 3232 992 οἱ
3261 939 3368 993 τῶν
3406 939 3632 1010 ἀτόμων
3668 955 3760 990 το-

2166 1039 2287 1106 μεῖς
2305 1077 2318 1099 ,
2352 1037 2445 1089 καὶ
2473 1034 2582 1088 τῶν
2608 1034 2830 1107 ἀμερῶν
2864 1033 3146 1106 μερισταὶ,
3180 1018 3275 1085 κάὶ
3307 1030 3415 1085 τῶν
3444 1030 3764 1085 ἀσυνθέτων

2165 1118 2523 1194 συναγωγεῖς,
2559 1127 2654 1180 καὶ
2700 1125 2769 1180 τὰ
2810 1125 3012 1195 ἄπειρα
3062 1121 3462 1195 περινοοῦντες,
3518 1121 3688 1175 πόθεν
3730 1124 3765 1192 ὴ

2163 1216 2533 1289 κυκλοφορικὴ
2577 1217 2686 1271 τῶν
2743 1216 3008 1286 οὐρανίων
3065 1216 3280 1269 συνοδξα
3335 1215 3432 1269 καὶ
3483 1213 3763 1286 περιοδία,

2162 1306 2262 1377 οὐχ
2300 1307 2416 1371 ἑνὸς
2443 1307 2767 1379 παραλόγως
2795 1308 3014 1379 ἀτόμων
3051 1307 3341 1378 πήγματος
3365 1303 3510 1359 οὕτω
3545 1303 3766 1375 σφενδο-

2163 1398 2456 1465 νισθὲντος,
2493 1398 2629 1453 ἀλλὰ
2664 1401 2917 1454 τοσούτου
2951 1397 3206 1454 κυκλικοῦ
3252 1396 3412 1469 χοροῦ
3454 1395 3600 1450 κατά
3632 1395 3765 1468 ῥυθο

2166 1490 2267 1562 μὸν
2321 1485 2419 1544 ἴσα
2481 1490 2757 1561 βαίνοντος
2814 1491 2909 1545 καὶ
2944 1489 3533 1563 συμπεριδινουμένου·
3594 1485 3767 1540 πόθεν

2163 1581 2497 1646 ἀδιάτακτοι,
2547 1583 2642 1636 καὶ
2672 1583 3046 1656 ἀπροαίρετοι,
3092 1584 3185 1637 καὶ
3229 1581 3470 1651 ἀγνῶτες
3513 1581 3769 1652 ἀλλήλων
3834 1593 3841 1599 “

2167 1674 2499 1746 συνέμποροι
2550 1675 2902 1747 παμπληθεῖς
2954 1675 3506 1747 συνανεστράφησαν;
3563 1672 3768 1737 Καλῶς

2167 1784 2225 1820 τε
2272 1769 2300 1820 ό
2353 1768 2639 1840 προφήτης
2685 1770 2742 1821 ἐν
2795 1770 2908 1832 τοῖς
2948 1769 3227 1833 ἀδυνάτοις
3266 1769 3359 1822 καὶ
3400 1767 3769 1831 ἀνενδείκτοις

479 1862 627 1918 mine
663 1871 761 1916 aut
793 1861 1244 1932 impedimentum
1278 1861 1539 1917 otl'erente
1568 1862 1803 1927 caeteris,
1840 1869 1932 1915 aut
1961 1876 2065 1916 cae-

2168 1858 2344 1924 ἕταξε,
2402 1858 2583 1924 ξένους
2611 1859 2715 1914 κά)
2757 1859 2850 1913 δύο
2903 1860 3257 1932 συνδραμεῖν·
3312 1860 3768 1928 Εἱσπορεύσον-

480 1964 628 2012 teros
674 1953 861 2009 minus
908 1962 1327 2025 consequente:
1361 1970 1524 2025 quam
1574 1954 1807 2025 aequatis
1849 1968 2064 2023 semper

479 2046 786 2113 ordinibus,
824 2053 879 2100 et
910 2046 1118 2115 pressis
1161 2046 1327 2101 veluti
1365 2046 1589 2118 clypeis,
1627 2054 1924 2116 perpetuus
1951 2046 2061 2111 ille,

2168 1969 2263 2005 ται
2292 1951 2422 2022 (59),
2454 1954 2607 2024 φησι,
2640 1953 2749 2007 δύο
2770 1953 2871 2006 ἐπὶ
2898 1952 2965 2007 τὸ
2989 1954 3134 2008 αὐτό
3164 1953 3501 2024 κατάλυμα,
3531 1953 3646 2008 ἐὰν
3672 1950 3763 2024 μὴ

2170 2046 2544 2114 γνωρίσωσιν
2587 2045 2841 2113 ἑαυτούς
2857 2062 2876 2111 ;

383 3584 389 3591 -
482 3558 600 3627 pria
650 3566 803 3626 sunt,
850 3558 942 3614 isti
990 3558 1195 3615 vident.
1245 3559 1305 3615 Si
1333 3560 1460 3632 quis
1489 3562 1637 3616 enim
1660 3576 1727 3616 ex
1758 3561 1865 3618 illis
1890 3562 2071 3631 impia:

478 2151 583 2190 nec
625 2151 859 2206 usquam
899 2146 995 2192 aut
1031 2137 1387 2208 interruptus,
1428 2147 1523 2193 aut
1565 2138 1942 2209 perturbatus,
2006 2145 2099 2193 aut
2137 2137 2294 2192 obice
2349 2137 2459 2191 ullo
2517 2138 2826 2195 retardatus
2860 2147 3132 2195 astrorum
3171 2140 3443 2197 exercitus
3481 2138 3767 2213 progredi-

478 2235 609 2287 tur?
655 2234 822 2305 Atqui
866 2236 1196 2292 transversis
1245 2235 1574 2304 quibusdam
1619 2235 2066 2292 inclinationibus
2125 2251 2190 2291 ac
2234 2235 2479 2299 nutibus,
2530 2235 2781 2291 obscurae
2834 2252 3249 2307 nonnumquam
3313 2252 3504 2292 eorum
3577 2244 3765 2291 muta-

477 2326 656 2383 tiones
688 2325 843 2382 fiunt.
875 2325 1033 2384 Esto.
1067 2326 1293 2399 Semper
1324 2337 1505 2385 tamen
1570 2338 1624 2384 et
1680 2329 1892 2400 justum
1947 2327 2242 2383 observant
2291 2335 2535 2397 tempus,
2582 2335 2638 2383 et
2685 2327 2805 2383 loca
2850 2328 2942 2383 illa
3006 2330 3151 2384 unde
3216 2328 3430 2401 singula
3487 2327 3766 2391 oriuntur,

476 2404 838 2491 prospiciunt,
890 2422 988 2492 qui
1034 2422 1141 2478 hoc
1197 2423 1251 2478 in
1284 2423 1449 2479 studii
1480 2440 1675 2496 genere
1703 2432 2065 2494 occupantur.
2129 2423 2324 2479 Dieant
2366 2439 2494 2495 ergo
2534 2423 2693 2479 nobis
2734 2432 3045 2480 atomorum
3101 2435 3340 2481 sectores
3403 2424 3629 2496 egregii,
3669 2421 3766 2494 qui

477 2522 532 2568 et
563 2512 811 2569 dividunt
839 2513 1143 2583 individua,
1177 2523 1232 2571 et
1257 2516 1448 2573 dissita
1480 2517 1835 2589 seiunctaque
1855 2517 2196 2586 consociant,
2255 2525 2311 2572 et
2367 2516 2574 2573 inﬁnita
2622 2526 2804 2573 mente
2849 2518 3148 2585 deﬁniunt,
3216 2517 3362 2574 unde
3404 2518 3622 2573 tandem
3651 2515 3767 2571 εἰς*

479 2609 681 2666 cularis
706 2611 796 2667 ille
829 2627 1015 2667 rerum
1057 2613 1361 2669 caelestium
1399 2614 1837 2686 conjunctasque
1868 2631 2064 2672 cursus
2107 2623 2270 2686 atque
2298 2614 2585 2671 conversio
2630 2633 2643 2669 :
2680 2630 2804 2671 cum
2839 2631 2948 2671 non
2996 2631 3106 2671 una
3150 2615 3399 2687 quaedam
3451 2621 3764 2669 atomorum

479 2715 659 2762 strues
704 2708 784 2763 sic
828 2719 1091 2780 tanquam
1140 2708 1310 2766 funda
1354 2720 1558 2767 temere
1596 2711 2051 2779 circumrotetur;
2092 2712 2187 2768 sed
2223 2712 2430 2768 chorus
2475 2711 2568 2768 ille
2603 2721 2790 2768 tantus
2849 2713 3152 2784 composito
3205 2711 3511 2783 aequalique
3569 2691 3766 2780 gressu

477 2803 757 2874 procedat,
784 2813 838 2861 et
862 2790 919 2860 in
942 2807 1135 2863 orbem
1170 2823 1281 2863 una
1304 2808 1552 2865 volvatur
1580 2826 1594 2864 :
1624 2817 1721 2864 aut
1751 2823 1862 2879 quo
1893 2817 2053 2880 pacto
2088 2809 2202 2879 ﬁat,
2230 2817 2293 2865 ut
2347 2819 2456 2865 tam
2483 2807 2641 2865 multi
2672 2809 2916 2880 ejusdem
2967 2810 3072 2866 vite
3117 2810 3275 2880 socii,
3326 2826 3361 2866 a
3417 2810 3636 2865 nemine
3676 2822 3767 2864 or.

480 2895 673 2963 dinati,
708 2899 859 2953 nullo
890 2900 1104 2970 praediti
1156 2902 1411 2969 consilio,
1469 2902 1684 2972 sibique
1730 2908 1924 2956 mutuo
1980 2901 2150 2972 ignoti
2189 2915 2402 2970 omnes,
2436 2911 2587 2958 tanta
2618 2902 2783 2959 simul
2811 2904 3101 2960 concordia
3130 2912 3443 2976 susceptum
3476 2903 3578 2958 iter
3597 2900 3768 2958 conﬁ-

482 2987 658 3045 ciant?
691 2990 882 3049 Merito
917 2993 1064 3050 enim
1106 2997 1390 3067 propheta,
1434 2996 1539 3052 hoc
1590 3005 1851 3066 tanquam
1894 3010 1964 3051 ex
1996 2996 2064 3052 iis
2099 3011 2270 3050 unum
2296 3012 2418 3067 quae
2463 3012 2565 3053 nec
2602 2996 2722 3052 ﬁeri
2770 2998 2872 3054 nec
2904 2998 3121 3054 ostendi
3154 3006 3382 3069 queant.
3426 2978 3679 3069 protulit,
3706 3004 3766 3053 ut
3806 3036 3807 3039 η

480 3085 591 3140 duo
632 3087 795 3143 simul
831 3089 1103 3162 peregrini
1145 3100 1502 3160 concurrant,
1545 3090 1677 3147 dum
1711 3090 1790 3147 ait
1826 3109 1839 3146 :
1882 3089 2268 3146 Convenientne
2304 3089 2409 3144 duo
2448 3091 2505 3145 in
2541 3091 2682 3145 idem
2707 3091 3074 3159 diversorium,
3130 3093 3179 3146 si
3214 3108 3317 3146 non
3341 3107 3397 3146 se
3428 3100 3612 3146 mutuo
3669 3104 3763 3145 n0-

486 3184 653 3238 verint
672 3186 696 3242 ?

1226 3281 1322 3339 IV.
2096 3290 2139 3347 (ζ’,
2929 3281 3002 3333 Δ’.

708 3371 861 3429 Idem
897 3388 963 3429 ea:
994 3374 1223 3430 hominis
1256 3383 1455 3431 natura
1483 3375 1836 3431 concluditur.

2492 3369 2626 3427 Ἀπὸ
2671 3369 2785 3439 τῆς
2825 3368 3140 3438 ἀνθρώπου
3185 3368 3445 3439 φύσεως.

556 3464 636 3521 Ac
663 3481 733 3521 ne
761 3481 822 3528 se
845 3467 1069 3537 quidem
1094 3466 1266 3538 ipsos,
1293 3483 1395 3523 nec
1419 3483 1542 3538 quae
1571 3475 1783 3526 naturae
1807 3484 1923 3525 sum
1942 3481 2067 3539 pro-

2240 3464 2352 3519 Καὶ
2391 3462 2515 3518 οὔτε
2551 3463 2810 3527 ἑαυτοὺς,
2846 3460 2971 3517 οὔτε
2997 3460 3070 3515 τὰ
3096 3460 3224 3533 περὶ
3266 3462 3494 3525 ἑαυτοὺς
3533 3460 3755 3534 ὁρῶσιν.

2168 3559 2234 3613 El
2265 3558 2376 3630 γάρ
2407 3573 2493 3621 τις
2528 3555 2637 3609 τῶν
2679 3553 3000 3627 ἀρχηγετῶν
3028 3553 3122 3608 τοῦ
3148 3554 3249 3625 τῆς
3274 3553 3527 3618 ἀσεϐείας
3553 3553 3760 3624 ταύτης

482 3652 746 3707 doctrinae
795 3651 1156 3722 principibus,
1186 3653 1316 3724 quis
1375 3653 1620 3722 tandem,
1656 3663 1754 3709 aut
1798 3654 1942 3710 unde
1975 3656 2068 3719 sit,

481 3756 611 3798 cum
648 3743 835 3797 animo
865 3750 1142 3814 reputaret
1168 3760 1306 3813 suo;
1338 3745 1386 3803 is
1413 3744 1661 3816 profecto
1692 3747 1922 3817 velutin
1955 3748 2071 3804 sui-

483 3842 597 3890 met
624 3849 845 3890 sensum
871 3835 1160 3903 adductus,
1184 3847 1404 3910 saperet
1421 3837 1589 3903 illico,
1609 3846 1773 3909 atque
1795 3840 1898 3896 hac
1916 3856 2068 3907 voce,

483 3942 595 3982 non
638 3927 757 3997 jam
797 3936 1035 3995 atomos,
1087 3930 1181 3985 sed
1227 3929 1445 3988 Patrem
1495 3930 1612 4002 ipse
1643 3931 2071 4004 Creatoremque

481 4033 647 4074 suum
674 4019 971 4089 appellaret
1003 4038 1016 4075 :
1046 4018 1242 4077 Manus
1280 4031 1388 4078 tute
1417 4024 1777 4095 formaverunt
1805 4042 1885 4080 me
1907 4034 1958 4080 et
1991 4025 2070 4095 fe-

482 4117 666 4208 cerunt
799 4112 871 4208 _'°.
895 4110 969 4208 lit
991 4114 1458 4208 quemadmodum
1484 4115 1623 4172 alter
1653 4115 1745 4172 ille
1770 4116 2073 4208 admirati"

481 4200 589 4256 lem
639 4201 938 4259 molitionis
981 4217 1096 4260 suae
1142 4206 1414 4262 rationem
1458 4215 1765 4278 pertexeret
1813 4227 1827 4264 :
1881 4200 2071 4265 Nonne

481 4293 619 4349 sicut
645 4294 729 4349 lac
753 4295 986 4351 institisti
1007 4313 1108 4365 me,
1132 4306 1183 4352 et
1214 4299 1350 4354 sicut
1372 4315 1586 4354 caseum
1614 4315 1695 4355 me
1724 4301 2026 4372 coagulasti
2045 4303 2072 4357 ν

466 4383 631 4459 ,Ρειιθ
672 4394 724 4441 et
761 4402 918 4442 carne
945 4388 1149 4444 vestisti
1179 4406 1282 4457 me,
1328 4390 1538 4447 ossibus
1578 4400 1630 4447 et
1658 4395 1829 4448 nervis
1859 4410 2070 4463 compe-

484 4477 612 4546 gisti
666 4494 786 4543 me;
823 4481 985 4535 vitam
1009 4489 1061 4535 et
1080 4483 1510 4539 misericordiam
1549 4484 1786 4540 tribuisti
1833 4485 1983 4552 mihi,
2021 4495 2070 4542 et

482 4569 720 4624 visitatio
743 4579 840 4624 tua
870 4572 1155 4627 custodiuit
1183 4575 1431 4644 spiritum
1452 4593 1626 4632 meum
1647 4579 1716 4635 “.
1735 4577 1881 4647 Quot
1900 4579 2069 4645 enim,

2167 3650 2455 3721 δόγματος,
2500 3645 2692 3700 sas-ca;
2731 3647 2879 3710 ὅστις
2921 3645 3040 3699 ἐστὶ
3078 3647 3173 3701 καὶ
3210 3646 3351 3710 ὅθεν,
3395 3645 3760 3715 ἀνελογίζετο,

2170 3741 2468 3813 ἐφρόνησεν
2512 3740 2579 3793 ἂν
2617 3737 2806 3809 ὥσπερ
2853 3738 3257 3810 συνῃσθημένος
3300 3738 3515 3803 ἑαυτοῦ,
3554 3741 3653 3794 καὶ
3684 3735 3761 3794 εἴ·

2170 3850 2272 3887 πεν
2303 3834 2363 3887 οὐ
2391 3831 2527 3903 πρὸς
2555 3819 2655 3895 τὰς
2678 3830 2938 3902 ἀτόμους,
2960 3830 3095 3884 ἀλλὰ
3123 3831 3260 3903 πρὸς
3285 3831 3377 3885 τὸν
3399 3830 3622 3905 Πατέρα
3666 3831 3760 3887 καὶ

2169 3922 2409 3997 Ποιητὴν
2452 3922 2644 3977 ἑαυτοῦ
2664 3940 2680 3956 θ
2731 3926 2802 3977 Ai
2848 3922 3041 3993 χεῖρές
3070 3940 3188 3978 σου
3209 3924 3490 3979 ἐπλασάν
3663 3924 3761 3980 και

2169 4015 2468 4084 ἐποίησάν
2488 4032 2583 4086 με.
2620 4014 2731 4069 Kal.
2754 3997 3302 4160 προσεπεξξργάσατο
3339 4016 3403 4071 ἂν
3429 4017 3636 4083 ἐκεῖνος
3669 4018 3758 4072 τὸν

2171 4107 2473 4160 θαυμάσιον
2525 4107 2625 4160 τῆς
2665 4107 2939 4160 ποιήσεως
2992 4108 3017 4160 ὲ
3057 4105 3184 4160 υτοῦ
3230 4108 3462 4160 τρόπον’
3519 4110 3597 4160 ’Ἡ
3646 4111 3758 4160 οὐγ

2171 4107 2473 4178 θαυμάσιον
2525 4107 2625 4179 τῆς
2665 4107 2939 4179 ποιήσεως
2992 4105 3184 4165 ἑαυτοῦ
3230 4108 3462 4179 τρόπον’
3519 4110 3597 4163 ’Ἡ
3646 4111 3758 4177 οὐχ

2168 4199 2372 4269 ὥσπερ
2398 4197 2553 4271 γάλα
2576 4216 2654 4270 με
2684 4198 2970 4269 ἧμελξας,
3003 4200 3311 4268 ἐτύρωσας
3334 4200 3402 4254 δέ
3418 4218 3496 4271 με
3522 4197 3629 4255 ἴσα
3657 4219 3756 4256 τυ-

2161 4290 2291 4362 ρῷ;
2326 4289 2516 4362 Δέρμα
2538 4291 2637 4345 καὶ
2668 4289 2846 4359 κρέας
2864 4307 2943 4360 με
2969 4289 3303 4357 ιέενέδυσιῑςΓ
3317 4290 3551 4358 ὀστέοις
3576 4291 3645 4345 δὲ
3660 4289 3758 4348 και

2176 4385 2412 4453 νεύροις
2434 4400 2512 4454 με
2537 4381 2807 4452 ἐνεῖρας;
2853 4381 3005 4451 ζωὴν
3031 4380 3099 4435 δὲ
3127 4382 3228 4435 καὶ
3250 4382 3423 4449 ἕλεος
3446 4384 3588 4440 ἔθου
3621 4382 3756 4452 παρ’

2170 4476 2322 4547 ἐμοὶ,
2358 4477 2397 4546 ἡ
2420 4474 2489 4529 δὲ
2503 4473 2803 4542 ἐπισκοπή
2833 4490 2950 4529 σου
2977 4473 3245 4543 ἐφύλαξέ
3270 4491 3391 4544 μου
3412 4474 3479 4530 τὸ
3498 4475 3753 4545 πνεῦμα.

2172 4568 2353 4632 Πόσσις
2381 4567 2489 4640 γὰρ
2503 4568 2740 4638 ἀτόμους
2760 4569 2788 4621 ὁ
2830 4564 3151 4634 Ἐπικούρου
3166 4567 3370 4639 πατὴρ,
3390 4571 3483 4622 καὶ
3505 4568 3753 4632 notandi;

485 4661 710 4724 amabo,
752 4667 807 4716 et
856 4661 1166 4732 cuiusmodi
1203 4673 1420 4722 atomos
1464 4665 1686 4737 Epicuri
1723 4677 1878 4738 pater
1907 4683 1975 4722 ex
2009 4682 2067 4723 se

2173 4660 2233 4728 ἐξ
2274 4660 2469 4714 ἑαυτοῦ
2499 4660 2781 4731 προέχεεν,
2817 4658 2892 4712 ὅτ’
2919 4659 3364 4731 ἀπεσπέρμαινεν
3401 4661 3751 4735 Ἐπίκουρονς

483 4748 750 4821 profudit,
784 4765 910 4805 cum
953 4750 1250 4821 Epicurum
1302 4756 1741 4825 proseminaret?
1780 4755 2070 4823 Quomodo

484 4841 543 4896 in
579 4840 771 4896 matris
805 4841 927 4913 ejus
957 4843 1142 4897 alvum
1185 4844 1414 4900 inclusae
1460 4847 1802 4914 coaluerunt,
1838 4846 2067 4917 ﬁguram

482 4949 550 4991 ac
578 4932 813 4989 formam
835 4944 1187 5006 acceperunt,
1212 4946 1504 4994 commotae
1528 4946 1678 5005 sunt,
1708 4947 1883 4995 auctae
1909 4939 2070 4994 sunt?

486 5027 774 5096 Quomodo
801 5043 897 5084 ros
918 5029 1008 5084 ille
1033 5030 1385 5103 perexiguos,
1412 5031 1926 5103 plurimas‘Epicuri
1956 5040 2072 5087 ato-

486 5136 610 5178 mos
654 5136 780 5177 cum
828 5122 1172 5190 advocasset,
1230 5124 1366 5179 alias
1416 5126 1473 5179 in
1519 5132 1700 5181 cutem
1736 5138 2068 5195 carnemque

559 5272 801 5360 i",Eccli.
827 5303 940 5354 xvr,
977 5285 1068 5353 26,
1090 5285 1182 5343 27.

470 5429 473 5437 ’
561 5428 1229 5501 (59)“Εὶσπορεύσοτται.
1254 5430 1387 5497 Qum
1418 5442 1531 5487 tum
1577 5431 1688 5498 hic,
1721 5441 1834 5487 tum
1871 5434 1925 5488 in
1968 5434 2074 5490 line

491 5515 612 5568 cap.
641 5501 675 5554 5
702 5510 963 5571 tanquam
993 5517 1022 5555 e
1047 5504 1220 5559 sacris
1233 5503 1454 5558 Litteris
1484 5504 1652 5571 petita
1686 5503 1854 5561 refert
1880 5503 1931 5559 S.
1966 5504 2073 5559 Pa-

495 5579 595 5634 ter,
631 5572 879 5639 nuspiam
908 5571 1050 5624 κατά
1076 5572 1219 5636 λέξιν
1250 5582 1567 5627 occurrunt.
1598 5572 1866 5628 Caeterum
1903 5575 2073 5630 Euse-

494 5639 616 5691 bius
666 5638 767 5711 his:
801 5640 1041 5695 recitatis
1075 5642 1382 5696 subinfert:
1420 5662 1438 5693 ι
1478 5640 1603 5697 Haec
1648 5644 1757 5697 ille.
1795 5644 1899 5711 Qui
1946 5660 2069 5700 sex-

494 5715 649 5760 centa
700 5708 1224 5786 υιίεχροεεοουιυεη
1241 5722 1555 5781 susceptum
1584 5708 1855 5786 deinceps
1907 5731 2068 5786 argn-

495 5786 738 5830 mentum
790 5778 1039 5845 pluribus
1088 5778 1420 5845 conﬁrmat,
1454 5783 1654 5853 partim
1713 5778 2066 5856 ex‘singuiis

2175 4756 2287 4810 Καὶ
2303 4756 2419 4819 πῶς
2448 4757 2529 4819 εἰς
2553 4755 2652 4825 τὴν
2686 4752 2945 4825 μητρῴαν
2960 4752 3126 4809 αὐτοῦ
3150 4755 3626 4817 κατακλεισθεῖσαι
3657 4770 3749 4826 7a-

2176 4849 2364 4922 στέρα,
2390 4832 2794 4918 συνεπάγησαν,
2816 4848 3315 4921 ὲσχηματίσθησαν,
3333 4848 3751 4921 ὲμορςρὼθησαν,

2176 4940 2931 5016 ἐκινήθησανιηύξύνθησαη
2960 4942 3071 4995 Kal.
3095 4941 3294 5005 πολλὰς
3331 4945 3365 5013 ὴ
3401 4942 3628 5014 βραχεῖα
3659 4945 3754 5015 ῥα-

2176 5034 2260 5099 νὶς
2308 5032 2407 5097 τὰς
2463 5032 2783 5104 Ἐπικούρου
2830 5033 3068 5103 ἀτόμους
3099 5033 3610 5105 προσκαλεσαμένη,
3654 5031 3752 5095 τὰς

2180 5127 2278 5200 μὲν
2314 5127 2652 5199 ἐπημφίεσεν
2695 5126 2872 5182 αὐτῶν
2903 5126 3078 5198 δέρμα
3110 5126 3204 5180 καὶ
3231 5127 3409 5199 σάρκα
3434 5124 3747 5206 γενομένας,

1282 5287 1328 5319 ⁸ο
1358 5286 1503 5344 Psal.
1526 5303 1715 5355 cxvm,
1754 5289 1841 5345 75.
1921 5290 1963 5321 “
2000 5288 2104 5347 Job
2134 5307 2190 5358 x,
2220 5291 2409 5348 10-12.

2177 5437 2418 5518 universi
2461 5435 3006 5519 elementis,_partim
3047 5450 3115 5492 ex
3166 5437 3347 5519 omnis
3378 5437 3605 5519 generis
3639 5437 3754 5519 ani-

2176 5508 2440 5561 mantium
2477 5522 2598 5576 qua:
2634 5506 3103 5575 complectuntur,
3138 5506 3517 5575 multitudine;
3554 5508 3751 5576 partim

2175 5591 2241 5648 ex
2277 5578 2392 5645 ipsa
2424 5592 2641 5646 quoque
2668 5576 2907 5648 hominis
2937 5588 3129 5632 natura
3159 5579 3517 5648 depromptis.
3556 5577 3598 5631 E
3630 5579 3754 5647 qui-
3786 5598 3791 5603 ’

2175 5647 2279 5701 bus
2313 5649 2405 5701 ubi
2437 5661 2610 5717 pauca
2635 5647 2881 5717 quaedam
2912 5647 3290 5715 superioribUs
3324 5649 3611 5714 addidero,
3637 5657 3749 5702 tum

2172 5718 2391 5790 demum
2421 5718 2549 5790 huic
2581 5717 2721 5770 libro
2752 5716 2909 5790 ﬁnem
2943 5718 3241 5789 imponam.
3266 5719 3343 5773 Ac
3368 5733 3437 5774 ne
3457 5735 3510 5772 se
3542 5719 3751 5790 quidem

2170 5787 2335 5856 ipsos,
2374 5788 2572 5858 inquit,
2607 5805 2625 5839 ι
2659 5795 2765 5842 etc.
2790 5785 2957 5841 αλιι..
3023 5785 3037 5789 ”
3527 5829 3533 5838 .
