4058 6412
310 427 440 484 1261

1291 427 1710 486 FRAGMENTA
1749 427 1840 483 EX
1876 425 2095 483 LIBRIS
2138 427 2224 482 DE
2263 427 2569 485 NATURA.

3416 435 3552 490 1269.

295 519 423 614 ι*ταῖς
466 552 523 605 δὲ
573 551 1268 622 ὀστωθείσαιςηγνώρθωται
1294 595 1308 618 ,
1353 554 1472 615 ταῖς
1523 553 1580 606 δὲ
1630 553 1862 606 συνεδέθτ

1988 560 2223 605 mutatas
2247 553 2590 617 convestivit,
2623 552 2745 607 aliis
2778 552 2834 607 in
2865 569 2990 609 ossa
3021 555 3296 612 conversis
3321 559 3552 612 erectior

305 646 852 717 νευροῤῥαφουμένης
901 645 981 699 Τά
1040 663 1099 698 τε
1164 646 1296 699 ἄλλα
1332 645 1500 700 πολλά
1555 646 1727 717 μέλη,
1787 647 1880 699 καὶ

306 735 610 806 σπλάγχνα,
654 738 747 789 καὶ
788 739 994 805 ἔγκατα
1025 778 1039 800 ,
1097 739 1189 793 καὶ
1239 739 1602 810 αἰσθητήρια,
1662 737 1730 790 τὰ
1782 737 1878 807 μὲν

303 826 534 892 ἔνδοθεν,
581 829 648 883 τά
691 830 747 883 δὲ
803 829 1034 901 θύραθεν
1070 833 1372 903 ἐφήρμοσε,
1415 833 1482 886 δι’
1531 827 1606 886 ὧν
1654 832 1878 898 ἐζωογο-

234 971 240 982 .
301 916 437 989 νήθη
465 919 526 972 τὸ
560 918 746 990 σῶμα;
780 916 880 974 Ὧν
904 923 1054 975 οὐδὲν
1083 924 1285 995 ἀργὸν,
1317 923 1436 976 οὐδέ
1465 924 1680 994 ἀχρεῖον
1713 938 1876 992 προσ-

253 997 258 1000 ’
304 1008 494 1080 ετέθηο
563 1012 685 1065 ἐπεὶ
754 1013 886 1083 μηδὲ
937 1013 1006 1066 τά
1060 1015 1404 1084 φαυλότατα,
1465 1016 1600 1085 μήτε
1657 1014 1875 1084 τρίχες,

305 1103 444 1173 μήτε
502 1102 718 1173 ὄνυχες
775 1105 951 1158 πάντα
999 1105 1090 1169 δέ,
1136 1105 1206 1159 τὰ
1264 1105 1361 1176 μὲν
1401 1105 1537 1177 πρὸς
1567 1106 1627 1157 τὸ
1662 1106 1759 1175 τῆς
1785 1123 1878 1158 συ-

301 1194 543 1259 στάσεως
573 1196 780 1265 ὅφελος,
832 1197 897 1250 τά
945 1199 1000 1251 δὲ
1054 1199 1190 1270 πρὸς
1237 1199 1297 1252 τὸ
1348 1199 1541 1262 κάλλος
1577 1199 1674 1269 τῆς
1705 1198 1878 1268 ὅψεως

299 1289 559 1343 συντελεῖ.
611 1291 684 1343 Οὐ
731 1290 839 1361 γὰρ
885 1293 983 1362 τῆς
1025 1293 1213 1363 χρείας
1255 1294 1441 1364 μόνης,
1489 1292 1624 1346 ἀλλά
1657 1294 1750 1346 καὶ
1779 1293 1876 1362 τῆς

295 1381 448 1453 ὥρας
476 1383 737 1454 ἐπιμελὴς
767 1387 798 1453 ἡ
829 1384 1078 1456 Πρόνοια.
1115 1386 1332 1455 Ἔρυμα
1362 1386 1458 1456 μὲν
1491 1385 1599 1456 γὰρ
1633 1387 1726 1438 καὶ
1757 1386 1878 1438 σκέ-

295 1491 493 1544 πασμα
519 1477 699 1546 πάσης
733 1477 832 1546 τῆς
860 1472 1096 1547 κεφαλῆς
1140 1479 1172 1548 ὴ
1207 1477 1382 1549 κόμη’
1417 1477 1719 1550 εὐπρέπεια
1754 1477 1809 1530 δὲ
1849 1478 1877 1528 ὁ

294 1567 497 1636 πώγων
536 1569 613 1640 τῷ
657 1571 948 1641 φιλοσόφῳ.
987 1573 1097 1643 Τήν
1126 1589 1184 1624 τε
1213 1571 1306 1625 τοῦ
1335 1571 1458 1626 ὅλου
1498 1573 1748 1643 σώματος
1779 1573 1873 1625 τοῦ

291 1659 636 1730 ἀνθρωπείου
687 1662 846 1730 φύσιν
873 1665 936 1717 ἐκ
961 1664 1069 1716 τῶν
1108 1665 1292 1736 μερῶν
1315 1665 1627 1733 ἀναγκαίων
1659 1665 1872 1718 πάντων

289 1750 525 1823 ἥρμοσε,
580 1753 673 1807 καὶ
715 1756 827 1818 τοῖς
875 1755 1060 1825 μέλεσι
1095 1758 1228 1808 πᾶσι
1266 1757 1366 1827 τήν
1403 1774 1460 1808 τε
1491 1756 1627 1825 πρὸς
1672 1755 1874 1826 ἄλληλα

289 1845 576 1900 κοινωνίαν
619 1847 926 1918 περιέϐαλε,
968 1848 1062 1901 καὶ⁴
1099 1849 1197 1920 τὴν
1241 1847 1392 1920 παρὰ
1417 1847 1510 1902 τοῦ
1551 1848 1671 1901 ὅλου
1708 1865 1871 1918 χορη-

255 1937 420 2004 ’γίαν
467 1938 860 2009 ἐπεμέτρησεν.
897 1935 996 1992 ’Ὧν
1045 1939 1114 1993 τὰ
1150 1940 1245 2008 μὲν
1278 1940 1574 2012 ὁλοσχερῆ,
1629 1941 1721 1994 καὶ
1755 1942 1866 2002 τοῖς

293 2028 535 2093 ἰδιώταις
565 2032 627 2082 ἐκ
655 2031 756 2100 τῆς
787 2031 1016 2102 πείρας,
1052 2032 1119 2102 ἣν
1165 2031 1277 2102 ἔχει
1303 2032 1550 2103 δύναμιν,
1588 2033 1828 2102 πρόδηλα
1847 2050 1860 2062 ·
1904 2079 1910 2088 .

287 2125 535 2195 κεφαλῆς
567 2126 829 2197 ἡγεμονία
849 2167 863 2189 ,
896 2129 989 2181 καὶ
1031 2129 1278 2200 περιὼν
1310 2128 1606 2197 ἐγκέφαλον
1625 2169 1639 2193 ,
1680 2128 1865 2199 ὥσπερ

285 2215 525 2287 ἄρχοντα
554 2219 612 2270 ἐν
657 2219 973 2289 ἀκροπόλει,
1003 2219 1111 2273 τῶν
1145 2221 1442 2292 αἰσθήσεων
1473 2222 1506 2291 ἡ
1534 2221 1827 2293 δορυφορία
1848 2238 1862 2250 ⁸

288 2308 612 2380 προσιοῦσαι
649 2309 757 2380 (40)
793 2312 890 2380 μὲν
918 2311 1101 2379 ὄψεις,
1135 2313 1564 2381 ἀναγγέλλουσαι
1594 2312 1648 2364 δὲ
1683 2313 1862 2377 ἀκοαὶ,

283 2399 454 2470 ἐδωδὴ
504 2401 691 2473 ὥσπερ
724 2401 1122 2473 φορολογοῦσα,
1157 2404 1423 2476 ὄσφρησις
1457 2404 1707 2475 καθάπερ
1753 2406 1867 2458 ἀνι-

282 2491 554 2561 χνεύουσα
580 2494 673 2546 καὶ
688 2494 764 2546 διε
774 2495 1107 2566 ρευνωμένη,
1133 2497 1226 2550 καὶ
1245 2496 1358 2568 ἀφὴ
1380 2498 1487 2550 πᾶν
1508 2497 1864 2551 διατάττουσα

281 2585 346 2638 τὸ
381 2586 639 2656 ὑπήκοον.
675 2586 1108 2657 (Κεφαλαιωδῶς
1155 2589 1266 2661 γὰρ
1297 2589 1392 2643 νῦν
1424 2589 1579 2658 ὀλίγα
1619 2589 1726 2643 τῶν
1765 2592 1864 2662 τῆς

282 2679 566 2746 πανσόφου
593 2679 856 2750 Προνοίας
889 2679 1064 2751 ἔργων
1095 2681 1542 2753 ἐπιδραμύμεθα
1562 2724 1576 2747 ,
1612 2683 1727 2754 μετ’
1757 2683 1864 2736 ὀλι-

282 2787 382 2838 γον
405 2770 817 2842 ἀκριϐέστερον,
848 2772 940 2824 τοῦ
975 2773 1110 2825 Θεοῦ
1140 2773 1396 2839 διδόντος,
1429 2775 1864 2846 ἐπεξεργασόμε-

283 2878 396 2926 νοι,
437 2863 566 2916 ὅταν
611 2863 746 2934 πρὸς
777 2865 868 2917 τὸν
900 2865 1158 2920 δοκοῦντα
1201 2867 1520 2939 λογιώτερον
1568 2867 1863 2923 ἀποτεινώ-

285 2955 472 3026 μεθα.)
498 2957 708 3028 Χειρῶν
730 2958 990 3025 διακονία,
1017 2959 1084 3012 δι’
1115 2953 1188 3013 ὧν
1215 2961 1463 3032 ἐργασίαι
1493 2979 1552 3014 τε
1587 2965 1857 3025 παντοῖαι,

281 3047 378 3100 καὶ
410 3046 782 3120 πολυμήχανοι
814 3050 1090 3104 τελοῦνται
1133 3050 1339 3122 τέχναι,
1367 3055 1484 3116 ταῖς
1517 3054 1670 3106 κατὰ,
1696 3053 1856 3123 μέρος

279 3139 576 3210 δυνάμεσιν
601 3143 681 3203 ἐίς
709 3142 838 3212 μίαν
886 3143 1171 3213 συνεργίαν
1207 3142 1657 3215 διηρθρωμένων,
1693 3143 1856 3216 ὤμων

278 3249 339 3285 τε
374 3233 733 3304 ἀχθοφορίαι,
769 3236 864 3288 καὶ
911 3239 1139 3310 κατοχαὶ
1172 3236 1482 3301 δακτύλων,
1511 3237 1770 3306 ἀγκώνων
1797 3255 1856 3290 τε
1887 3257 1928 3315 C

147 3360 152 3366 -
258 3323 539 3406 .atamrat,
591 3326 726 3396 πρός
767 3343 827 3378 τε
871 3327 932 3380 τὸ
973 3327 1130 3399 σῶμα
1168 3328 1298 3380 εἴσω
1337 3328 1732 3399 στρεφόμεναι,
1767 3329 1860 3382 καὶ

281 3415 420 3486 πρὸς
467 3415 529 3467 τὸ
572 3416 729 3479 ἐκτὸς
767 3416 1161 3483 ἀπονεύουσαι,
1196 3418 1285 3471 ἵνα
1317 3418 1640 3486 ἐφέλκεσθαι
1672 3437 1731 3473 τε
1764 3421 1859 3474 καὶ

277 3509 620 3562 ἀπωθεῖσθαι
648 3509 940 3565 δύνωνται·
976 3511 1153 3565 ποδῶν
1183 3512 1479 3583 ὑπηρεσία,
1515 3513 1580 3566 δι’
1607 3505 1683 3567 ῶν
1709 3515 1859 3569 πᾶσα

275 3602 412 3672 ἡμῖν
462 3603 938 3680 ὑποπέπτωκενίή
989 3606 1265 3677 περίγειος
1313 3605 1524 3669 κτίσις,
1563 3605 1856 3678 βάσιμοςή

277 3693 351 3764 γῆ
373 3699 396 3756 ,’
423 3693 614 3766 πλωτὴ
648 3697 682 3766 ἡ
717 3696 992 3760 θάλασσα,
1037 3697 1332 3770 περάσιμοι
1372 3700 1420 3750 oi
1455 3699 1688 3769 ποταμοὶ
1712 3737 1726 3757 ,
1763 3699 1858 3752 καὶ

274 3771 501 3840 πάντων
535 3787 671 3858 πρὸς
711 3790 888 3843 πάντα
915 3790 1188 3860 ἐπιμιξία.
1218 3787 1446 3862 Γαστὴρ
1469 3779 1691 3866 ταμῖξῖον
1735 3797 1859 3862 τρο-

279 3879 396 3949 φῶν
422 3919 437 3942 ,
473 3882 606 3933 πᾶσι
655 3883 768 3944 τοῖς
814 3883 1264 3953 συντεταγμένοις
1298 3883 1534 3953 μέλεσιν,
1567 3882 1626 3947 ἐξ
1658 3883 1855 3952 ἑαυτῆς

277 3974 337 4025 ἐν
384 3972 569 4044 μέτρῳ
617 3973 677 4024 τὸ
709 3976 1014 4044 σιτηρέσιον
1042 3975 1370 4044 διανέμουσα
1396 4013 1410 4037 ,
1438 3975 1546 4042 ,καὶ
1577 3975 1637 4027 τὸ
1671 3991 1855 4044 περιτ-

231 4066 234 4069 ’
277 4065 438 4119 τεῦον
473 4066 815 4138 ἐκτιθεμένη.
845 4067 956 4120 Καὶ
994 4067 1064 4120 τὰ
1100 4067 1232 4120 ἀλλα
1261 4068 1328 4120 δι’
1360 4047 1498 4120 ὅσων
1535 4067 1790 4158 ςιφανῶς
1819 4069 1852 4138 ἡ

276 4155 546 4235 δὶοίκησις
587 4163 682 4232 τῆς
737 4162 1072 4232 ἀνθρωπείου
1128 4161 1507 4232 μεμηχάνηται
1555 4155 1850 4231 διανομῆς,

274 4251 376 4311 Ὦν
410 4255 608 4326 ὁμοίως
655 4257 765 4318 τοῖς
806 4254 1032 4326 ἄφροσιν
1064 4253 1276 4325 ἔχοντες
1315 4255 1364 4306 οἱ
1413 4252 1565 4321 σοφοὶ
1596 4253 1695 4323 τὴν
1728 4251 1851 4323 κρί-

174 4397 176 4400 ,
278 4362 364 4399 σιν
402 4344 536 4416 (41),
564 4344 662 4396 οὐκ
698 4343 903 4414 ἴσχουσι
933 4343 1029 4413 τὴν
1061 4343 1281 4412 γνῶσιν.
1315 4344 1378 4396 Οἱ
1412 4344 1510 4413 μὲν
1539 4343 1648 4413 γὰρ
1677 4344 1756 4406 είς
1784 4343 1851 4413 ἢν

276 4435 343 4489 ἂν
376 4435 632 4508 οἱηθῶσιν
662 4435 926 4505 ἀθεότητα
957 4435 1105 4506 (42)..
1150 4436 1250 4506 τὴν
1279 4435 1851 4506 ἐπιστημονικωτάτην

169 4549 172 4556 ·
274 4530 408 4601 περὶ
444 4529 688 4592 πάντων,
722 4529 814 4582 καὶ
843 4529 942 4600 τὴν
969 4529 1049 4591 είς
1080 4529 1304 4593 ἑαυτοὺς
1349 4529 1848 4600 εὐεργετικωτάτην

274 4623 640 4694 ἀναφέρουσιν
674 4622 1004 4692 οίκονομίαν,
1031 4623 1337 4695 κρείττονος
1368 4624 1462 4676 καὶ
1494 4622 1644 4688 θείας
1676 4625 1844 4688 ὄντως

275 4715 593 4786 φρονήσεώς
623 4731 684 4767 τε
718 4716 812 4767 καὶ
847 4713 1128 4785 δυνάμεως
1170 4714 1330 4786 ἔργον
1375 4715 1544 4785 αὐτὴν
1579 4710 1716 4768 εἶναι
1756 4732 1844 4768 πι-

277 4808 606 4878 στοιῖμενοιο·
630 4809 679 4860 οἱ
710 4807 788 4870 δὲ,
825 4808 1084 4878 συντυχία
1113 4807 1206 4860 καὶ
1237 4805 1554 4877 συμπτώσει
1582 4807 1690 4860 τῶν
1729 4807 1846 4860 ἀτό-

277 4914 428 4967 μων,
482 4899 738 4962 ἀσκόπως
793 4899 893 4971 τὴν
959 4899 1411 4971 θαυμασιωτάτην
1464 4899 1844 4970 καλλιέργειαν

273 4989 605 5044 ἀνατιθέασι.
642 4991 751 5060 Τὴν
784 4990 839 5042 δὲ
871 4991 1258 5062 ἐνεργεστέραν
1289 4991 1370 5044 ἔτι
1399 4990 1602 5044 τούτων
1629 4990 1845 5044 ἐπίσκε-

272 5079 400 5150 ψιν,
441 5081 539 5136 καὶ
584 5079 682 5152 τὴν
726 5081 832 5134 τῶν
881 5082 1162 5134 ἐνδοσθίων
1209 5081 1466 5145 διάθεσιν,
1519 5082 1690 5153 ἰατροὶ
1745 5081 1844 5152 μὲν

275 5173 518 5246 ἀκριϐῶς
560 5175 1032 5246 διερευνησάμενοι
1075 5177 1170 5228 καὶ
1211 5175 1681 5243 καταπλαγέντες,
1723 5173 1842 5240 ἐξε-

179 5325 186 5330 θ
276 5262 497 5318 θείασαν
527 5263 626 5336 τὴν
657 5263 846 5334 φύσιν·
883 5267 1045 5334 ἡμεῖς
1086 5264 1142 5317 δὲ
1180 5263 1404 5336 ὕστερον
1436 5265 1511 5328 ὼς
1553 5264 1619 5318 ἂν
1650 5257 1752 5316 οἷοί
1783 5281 1843 5316 τε

275 5353 581 5426 γενώμεθα,
611 5353 715 5407 κᾶν
742 5354 1001 5425 ἐπιπολῆς
1033 5354 1657 5426 (45),ἀναθεωρήσομεν.
1693 5352 1843 5407 Καθ-

369 5511 457 5583 40)
497 5513 881 5583 Προσιοῦσαι.
913 5511 1077 5567 Forte
1112 5511 1418 5583 προϊοῦσαι.
1457 5509 1651 5583 chsn.

369 5511 436 5564 40
497 5513 881 5580 Προσιοῦσαι.
913 5511 1077 5567 Forte
1112 5511 1418 5583 προϊοῦσαι.
1457 5511 1651 5564 Vrcsn.

345 5511 457 5660 (41)
498 5581 902 5660 Δ-ιανομῆς.....
952 5585 1172 5650 κρίσιν.
1221 5583 1411 5639 Scribe
1463 5580 1836 5652 διαμονῆς.....

268 5653 488 5719 χρῆσιν.
530 5653 604 5708 In.

346 5718 829 5793 (ἓξὲμἉθεότητα.
859 5722 1022 5778 Forte
1058 5723 1304 5793 θεότητα.
1337 5723 1415 5776 In.

347 5789 458 5863 (45)
511 5789 858 5863 Ἐπιποζλῆς.
900 5793 1036 5847 Eum
1068 5789 1213 5846 mihi
1249 5808 1468 5848 sensum
1499 5793 1836 5862 expressisse

279 5855 494 5934 videor,
530 5865 624 5932 qui
675 5880 743 5920 ex
782 5855 959 5922 verbis
1003 5864 1111 5920 illis
1149 5864 1380 5936 exprimi
1419 5855 1632 5936 poterat
1675 5879 1687 5916 :
1741 5864 1836 5919 sed

1981 660 2046 700 ac
2090 645 2315 699 solidior
2352 647 2618 711 constitit,
2652 646 2773 701 aliis
2811 663 3102 702 nervorum
3133 650 3418 720 complexu
3448 651 3552 705 illi-

1981 747 2136 807 gatus
2157 738 2276 793 est?
2301 738 2421 806 Quo
2447 738 2680 809 denique
2713 739 2874 795 modo
2905 741 3016 794 vim
3047 748 3252 796 tantam
3277 742 3552 798 membro-

1981 845 2102 884 rum
2141 831 2393 897 aliorum,
2440 831 2733 897 viscerum,
2779 832 3182 898 intestinorum,
3234 847 3428 887 sensus
3466 832 3552 885 in-

1980 931 2431 989 strumentorum,
2472 923 2799 978 intrinsecus
2833 923 3239 979 extrinsecusve
3271 925 3548 991 conﬂavit,

1980 1029 2101 1084 qua:
2137 1015 2317 1068 vivum
2371 1030 2435 1069 ac
2483 1015 2698 1084 spirans
2746 1030 2946 1086 corpus
2991 1016 3262 1071 eﬂiceret?
3307 1015 3442 1070 Nam
3469 1033 3550 1080 ex

1980 1104 2086 1158 illis
2128 1105 2344 1174 quidem
2389 1105 2644 1159 omnibus
2673 1103 2910 1160 otiosum
2949 1105 3085 1158 nihil
3115 1114 3218 1171 est,
3259 1106 3395 1160 nihil
3423 1107 3549 1161 inu-
3614 1129 3626 1144 -

1979 1197 2099 1261 tile;
2137 1211 2242 1250 non
2273 1192 2394 1266 pili,
2441 1211 2549 1249 non
2585 1210 2815 1266 ungues,
2849 1211 2959 1250 non
3003 1205 3192 1251 caetera
3239 1213 3360 1267 quze
3397 1198 3548 1267 abje-

1976 1289 2222 1343 ctissima
2273 1288 2446 1344 videri
2493 1289 2708 1358 possint
2740 1308 2754 1343 :
2789 1290 2972 1343 omnia
3004 1290 3089 1344 vel
3116 1290 3182 1346 ad
3209 1291 3548 1346 constituen-

1976 1381 2097 1433 dam
2116 1380 2233 1448 ejus
2257 1380 2642 1449 integritatem,
2665 1381 2749 1434 vel
2769 1383 2834 1434 ad
2857 1381 3089 1450 speciem
3117 1382 3547 1456 dignitatemque

1977 1471 2308 1526 conducunt.
2354 1470 2460 1526 Nec
2509 1472 2653 1525 enim
2685 1472 2808 1526 usui
2836 1473 3100 1528 duntaxat
3131 1475 3226 1528 uni
3252 1475 3547 1532 Providen-

1978 1561 2070 1627 tia,
2119 1561 2210 1616 sed
2265 1561 2427 1615 etiam
2472 1561 2865 1631 pulchritudini
2913 1578 2978 1618 ac
3025 1563 3214 1620 formae
3260 1567 3541 1636 prospicit.

1974 1652 2159 1723 Itaque
2203 1653 2367 1708 totius
2414 1652 2607 1721 capitis
2659 1657 3124 1724 propugnaculum
3160 1659 3436 1727 quoddam
3479 1675 3546 1715 ac

1974 1755 2341 1816 tegumentum
2379 1762 2535 1801 coma
2580 1757 2699 1815 est;
2744 1747 2910 1801 barba
2948 1749 3259 1819 philosophi
3290 1752 3458 1807 decus
3487 1762 3544 1807 et

1973 1847 2379 1892 ornamentum.
2425 1837 2521 1894 Illa
2572 1839 2736 1907 igitur
2776 1839 2972 1909 integri
3023 1842 3268 1910 corporis
3315 1843 3543 1898 humani

1972 1939 2218 1984 naturam
2247 1946 2312 1985 ex
2341 1931 2586 2000 partibus
2618 1933 2940 1988 necessariis
2970 1934 3225 1990 omnibus
3251 1950 3544 2006 coagmen-

1969 2022 2121 2087 tavit,
2158 2024 2526 2093 membrisque
2569 2025 2826 2080 omnibus
2865 2041 2992 2092 eum
3033 2037 3280 2083 mutuam
3310 2031 3454 2085 inter
3482 2047 3542 2087 se

1967 2116 2411 2171 communionem
2446 2115 2660 2184 indidit,
2692 2126 2806 2172 tum
2841 2133 2908 2172 ex
2937 2119 3106 2174 totius
3144 2121 3306 2175 etiam
3345 2124 3540 2191 opibus

1968 2207 2176 2276 prolixe
2220 2207 2510 2263 admodum
2567 2225 2632 2265 ac
2686 2210 2984 2265 liberaliter
3032 2212 3290 2269 admensa
3341 2225 3443 2270 est.
3474 2214 3542 2270 Et

1969 2300 2214 2354 membra
2241 2301 2458 2370 quidem
2491 2303 2796 2372 potissima,
2823 2319 2986 2374 quam
3015 2305 3124 2358 vim
3149 2319 3204 2360 et
3227 2306 3538 2364 facultatem

1968 2393 2226 2456 habeant,
2268 2411 2369 2448 usu
2405 2404 2459 2449 et
2491 2397 2822 2466 experientia
2875 2397 2977 2466 ipsi
3017 2399 3179 2453 etiam
3215 2399 3398 2455 idiota:
3440 2417 3538 2456 no-

1969 2495 2097 2539 runt
2127 2502 2142 2538 :
2178 2485 2370 2554 capitis
2403 2487 2758 2558 principatus,
2791 2490 2936 2544 circa
2970 2491 3250 2545 cerebrum
3275 2500 3534 2564 tanquam

1967 2577 2368 2647 imperatorem,
2416 2595 2676 2636 sensuum
2717 2582 2771 2635 in
2803 2583 3042 2651 acropoli
3084 2585 3327 2640 excubiae
3373 2595 3538 2656 atque

1965 2669 2214 2739 praesidia
2237 2688 2250 2723 :
2271 2671 2676 2740 progredientes
2708 2672 2884 2739 or-uli;
2917 2688 3077 2728 aures
3110 2675 3335 2730 nuntios
3365 2675 3541 2746 perfe-

1965 2769 2178 2827 rentes;
2233 2771 2482 2832 gustatus
2532 2763 2680 2819 velut
2735 2773 3098 2818 commeatum
3149 2780 3535 2838 annonamque

1966 2854 2308 2920 convehens;
2350 2855 2583 2911 olfactus
2632 2855 2895 2925 indagans
2937 2857 3342 2925 quodammodo
3371 2869 3536 2930 atque

1963 2946 2274 3015 vestigans;
2325 2954 2500 3000 tactus
2548 2947 2770 3002 subdita
2801 2947 2984 3001 omnia
3016 2947 3268 3018 digerens
3300 2958 3356 3006 et
3385 2953 3535 3007 ordi-

1964 3052 2122 3093 nans.
2175 3035 2350 3106 (Nunc
2403 3039 2551 3092 enim
2598 3054 2666 3094 ex
2715 3039 3131 3109 sapientissimae
3175 3040 3535 3100 Providentiae

1962 3131 2217 3199 operibus
2243 3132 2558 3188 summatim
2586 3147 2757 3202 pauca
2793 3141 3004 3187 tantum
3038 3134 3220 3205 aliqua
3255 3138 3529 3206 percurri-

1962 3241 2107 3291 mus,
2156 3224 2318 3280 iidern
2358 3227 2520 3295 paulo
2559 3236 2703 3298 post,
2738 3241 2862 3282 cum
2892 3229 3156 3285 adversus
3185 3230 3338 3285 illum
3372 3231 3532 3302 cujus

1962 3317 2142 3386 major
2165 3326 2250 3373 est
2277 3319 2602 3375 eruditionis
2622 3321 2828 3390 Opinio,
2857 3321 3278 3391 disputabimus,
3309 3324 3532 3380 uberius

1962 3408 2075 3465 Deo
2108 3411 2245 3466 duce
2276 3426 2340 3466 ac
2369 3413 2581 3482 plenius
2625 3414 2807 3469 omnia
2848 3416 3239 3485 persecuturi.)
3269 3414 3528 3472 Mannum

1960 3516 2092 3572 ergo
2113 3502 2370 3573 deinceps
2397 3505 2784 3571 ministerium,
2809 3520 2932 3574 qua:
2961 3507 3141 3562 omnis
3166 3508 3380 3578 generis
3406 3508 3532 3564 fun-

1961 3592 2170 3647 ctiones
2197 3594 2420 3660 obeunt,
2444 3604 2696 3665 artesque
2719 3596 3020 3652 moliuntur
3049 3598 3344 3670 singularis
3373 3600 3530 3682 ἰριο-

1958 3687 2059 3750 nii,
2085 3689 2336 3759 'pr0priis
2375 3689 2686 3761 quibusque
2724 3690 3072 3748 facultatibus
3117 3694 3186 3748 ad
3215 3710 3376 3750 unam
3406 3695 3531 3750 fun-

1958 3780 2203 3834 ctionu-m
2248 3782 2562 3836 societatem
2608 3782 2885 3838 instructa:
2927 3801 2940 3837 :
2991 3784 3205 3841 humeri
3248 3788 3530 3857 gestandis

1958 3873 2217 3929 oneribus
2249 3875 2452 3937 idonei.
2487 3875 2781 3946 digitorum
2818 3878 3226 3946 prehensiones,
3265 3880 3528 3939 ﬂexiones

1957 3966 2289 4034 cubitorum,
2331 3981 2464 4037 quae
2511 3969 2594 4023 uti
2632 3984 2722 4025 res
2757 3972 2842 4024 vel
2883 3971 3155 4026 attrahere
3191 3975 3404 4042 possint
3446 3977 3526 4029 vel

1956 4057 2243 4126 depellere,
2269 4059 2600 4116 intrinsecus
2625 4062 3073 4133 extrinsecusque
3096 4072 3415 4127 versantur;
3440 4080 3527 4133 pe-

1955 4148 2084 4202 dum
2111 4148 2459 4219 obsequium,
2490 4166 2586 4219 per
2616 4167 2756 4222 quos
2778 4163 2960 4208 creata
2992 4154 3136 4207 circa
3175 4162 3372 4209 terram
3401 4171 3524 4210 om-

1953 4238 2046 4291 nia
2078 4237 2240 4293 nobis
2268 4240 2664 4304 obsecundant,
2697 4243 2898 4313 quibus
2945 4254 3103 4300 terra;
3142 4256 3520 4318 peragrantur,

1952 4333 2278 4402 navigantur
2303 4334 2497 4399 maria,
2531 4335 2680 4390 ﬂuvii
2711 4337 3076 4406 trajiciuntur,
3100 4343 3344 4394 omnium
3371 4356 3525 4396 com-

1953 4424 2154 4480 mercia
2201 4441 2336 4480 cum
2389 4429 2644 4483 onmihus
2696 4429 2968 4485 ineuntur.
3025 4431 3223 4486 Venter
3272 4432 3522 4488 ciborum

1953 4518 2228 4584 aerarium,
2258 4518 2518 4573 membris
2553 4520 2808 4574 omnibus
2837 4535 2938 4575 suo
2964 4521 3273 4591 quibusque
3301 4522 3422 4578 loco
3467 4532 3524 4577 et

1879 4601 1924 4656 D
1952 4607 2142 4662 ordine
2173 4608 2477 4675 collocatis,
2507 4609 2710 4679 justam
2745 4625 2840 4680 per
2869 4627 2989 4666 sese
3021 4627 3294 4666 annonam
3333 4613 3522 4668 distri-

1950 4699 2146 4763 buens,
2178 4708 2231 4755 et
2249 4701 2511 4770 quidquid
2545 4703 2875 4772 superﬂuum
2903 4714 3008 4768 est,
3034 4705 3278 4776 ejiciens.
3311 4704 3391 4760 Ac
3416 4722 3524 4762 cae-

1946 4799 2084 4858 tera,
2106 4807 2340 4862 quorum
2367 4794 2419 4848 vi
2446 4795 2699 4851 humanae
2719 4797 2991 4853 ﬁrmitatis
3012 4807 3066 4854 et
3085 4801 3521 4855 conservationis

1946 4885 2089 4941 ratio
2123 4889 2451 4947 continetur.
2477 4888 2681 4945 Horum
2707 4907 2840 4946 usus
2857 4891 2908 4944 in
2935 4892 3116 4948 stultis
3131 4908 3285 4964 aeque
3300 4885 3534 4963 sapien?

1945 4978 2200 5049 tihusque
2244 4981 2438 5037 similis
2465 4992 2567 5048 est,
2603 4983 2842 5054 c0gnitio
2866 4983 3166 5040 dissimilis.
3191 4983 3297 5039 Alii
3317 4985 3518 5053 quippe

1947 5089 2110 5146 quam
2166 5075 2349 5130 animo
2382 5077 2722 5132 divinitatem
2759 5076 3124 5144 iuformarint,
3177 5077 3406 5141 adeam,
3455 5084 3518 5128 ut

1947 5185 2069 5238 quae
2105 5184 2287 5223 rerum
2318 5170 2562 5224 omnium
2604 5169 2967 5226 scientissima
3011 5172 3101 5235 sit,
3152 5179 3316 5238 atque
3343 5167 3398 5220 in
3425 5182 3515 5220 se-

1945 5259 2094 5330 ipsos
2138 5260 2654 5327 beneﬂcentissima,
2694 5273 2865 5318 totam
2909 5262 3149 5316 referunt
3175 5260 3340 5329 hujus
3366 5273 3517 5313 (eco-

1945 5353 2144 5407 nomiaa
2193 5353 2484 5421 rationem,
2537 5354 2682 5425 quod
2718 5370 2839 5410 eam
2885 5353 3182 5422 superioris
3225 5351 3511 5421 cujusdam

1946 5497 2122 5587 tamen
2164 5510 2418 5587 illa_duo,
2462 5511 2514 5564 id
2549 5518 2652 5573 est,
2677 5509 2753 5571 ὡς
2783 5508 2848 5561 ἂν
2875 5502 2975 5587 cici
3001 5523 3082 5568 τε,
3103 5515 3170 5587 et
3191 5505 3468 5587 fit-moli];
3494 5545 3510 5568 ,

1944 5581 2126 5657 minus
2149 5582 2444 5657 conjuncta
2475 5596 2607 5657 esse
2629 5593 2792 5657 posse
2817 5578 3072 5657 arbitror.
3103 5575 3316 5657 Mallem
3346 5575 3512 5657 igitur

1942 5651 2036 5726 ἐπὶ
2080 5650 2323 5726 πολλοῖς,
2371 5651 2546 5720 suppl.
2583 5645 2840 5726 pigram,-
2869 5665 2976 5726 seu_
2999 5647 3196 5715 λόγοις.
3232 5645 3511 5726 Particula

1944 5722 2044 5774 κᾶν
2073 5721 2153 5774 vel
2188 5723 2378 5776 abesse
2411 5719 2624 5789 potest;
2671 5719 2754 5772 vel
2798 5719 2843 5773 si
2878 5719 3140 5772 retinetur
3164 5759 3178 5783 ,
3207 5719 3508 5786 emphasim

1944 5792 2280 5914 litibetlcum
2346 5791 2745 5846 asseveratione
2799 5789 3179 5859 conjunctam,
3254 5799 3313 5843 ut
3370 5802 3512 5858 smpe

1945 5877 2098 5914 aias.
2151 5878 2203 5914 υ.

1945 5863 2098 5916 alias.
2129 5863 2203 5915 In.
