4058 6374
613 379 751 435 1263

1599 376 1656 431 S.
1696 373 1990 432 DIONYSII
2030 375 2334 433 EPIS-GOPI
2372 378 2837 448 ALEXANDRIM

3650 373 3661 381 ’
3697 393 3806 449 teet

613 519 946 577 prorsnsquc
983 501 1178 557 divinae
1227 516 1351 558 cum
1400 501 1678 573 sapientia;
1725 510 1837 557 tum
1887 504 2166 572 potestatis

2273 503 2394 558 όλου
2447 505 2504 558 δὲ
2549 505 2643 560 καὶ
2683 505 3032 582 συλλήϐδην..
3069 508 3186 561 ὅλον
3229 507 3384 564 τοῦτο
3427 509 3486 563 τὸ
3531 505 3710 584 σκῆνος
3743 518 3807 582 τίς

613 612 750 666 opus
774 595 1114 656 existiment;
1146 591 1238 646 alii
1267 603 1453 647 contra
1478 591 1682 648 insulse
1713 591 2030 656 admodum,
2063 591 2173 646 for-

613 697 760 743 tuna}
777 696 830 742 et
853 687 1002 741 casui
1019 682 1542 740 administrationem
1567 698 1779 738 summa
1797 683 2172 750 dignissimam

616 779 977 834 admiratione
1024 775 1296 831 deferunt.
1347 776 1416 828 At
1446 791 1576 830 vero
1608 774 1960 830 elIicaciorem
1996 774 2173 831 adhuc

612 886 794 927 rerum
840 870 1065 924 istarum
1101 867 1586 924 considerationem
1609 907 1624 930 ,
1661 875 1714 920 et
1751 867 1985 936 partium
2031 868 2170 922 inte-

613 965 816 1018 riorum
854 961 1142 1026 rationem,
1173 959 1367 1014 medici
1394 959 1610 1030 quidem
1646 958 1810 1014 altius
1834 959 2172 1025 diligentius-

526 1062 540 1080 ο
608 1064 715 1120 que
749 1047 952 1112 rimati,
987 1062 1049 1101 ac
1087 1046 1462 1102 vehementius
1511 1046 1782 1113 admirati,
1836 1047 2170 1102 divinitatem

609 1150 815 1196 naturae
836 1141 1140 1195 tribuerunt
1169 1157 1183 1194 :
1209 1154 1308 1194 nos
1333 1155 1451 1194 eam
1479 1147 1686 1210 postea,
1707 1139 1891 1209 jejuno
1923 1139 2170 1196 fortassis

609 1240 662 1286 et
701 1231 936 1296 exiliter;
979 1237 1037 1284 at
1075 1243 1171 1298 pro
1226 1227 1481 1283 facultate
1527 1239 1711 1282 nostra
1758 1241 2165 1297 prosequemur.

607 1321 763 1377 Nunc
794 1330 854 1376 ut
884 1320 1133 1376 universe
1159 1321 1264 1374 hoc
1299 1317 1720 1389 summatimque
1753 1318 2002 1373 dicamus
2029 1336 2042 1372 :
2076 1333 2169 1373 ec-

607 1418 753 1490 quis,
796 1417 1044 1479 obsecro,
1079 1423 1248 1468 totum
1285 1414 1388 1466 hoc
1423 1412 1830 1466 tabernaculum
1877 1409 2170 1466 fabricatus

608 1519 710 1574 est,
748 1507 999 1573 sublime,
1033 1505 1226 1566 altum,
1274 1513 1536 1570 erectum,
1565 1503 1802 1572 elegans,
1833 1501 1898 1556 ad
1926 1517 2166 1568 sensum,

607 1613 836 1666 motum,
881 1601 1146 1654 actionem
1190 1606 1244 1651 et
1279 1611 1440 1650 omne
1484 1595 1700 1663 quidem
1741 1595 1970 1650 actionis
2001 1608 2168 1664 genus

609 1705 718 1761 tam
758 1693 970 1765 egregie
1001 1689 1410 1760 comparatum?
1443 1687 1550 1746 lsta
1579 1687 1826 1742 videlicet
1862 1694 2166 1740 atomorum

605 1784 898 1840 multitudo
932 1781 1163 1836 rationis
1191 1795 1404 1849 expers.
1442 1779 1512 1833 At
1540 1779 1666 1843 illm,
1697 1785 1757 1832 ut
1781 1777 2014 1832 maxime
2043 1791 2168 1831 con-

2275 595 2511 650 τοιοῦτον
2542 597 2963 669 ὲσκηνοποίησεν
2987 639 3002 664 ,
3040 598 3270 670 ὑψηλὸν,
3304 600 3484 667 ὄρθιον
3504 641 3519 666 ,
3551 601 3806 676 εὐρυθμον,

2274 687 2610 758 εὐαίσθητον,
2639 688 2943 758 εὐκίνητον,
2969 689 3213 762 εὐεργον,
3242 694 3611 765 παντουργόν;
3635 697 3695 749 Ἡ
3719 698 3809 754 τῶν

2274 778 2492 848 ἀτόμων
2529 780 2718 848 ἄλογος
2739 819 2754 843 ,
2792 781 2957 849 φασὶ,
2989 782 3215 854 πληθύς.
3253 784 3392 837 Ἀλλ’
3421 786 3530 838 οὐδ’
3561 785 3623 840 ἂν
3652 788 3809 844 εἰκόνα
3859 800 3861 803 ’

2273 870 2499 942 πηλίνην
2518 873 2722 926 ἐκεῖναι
2743 864 3087 928 συνελθοῦσαι
3112 875 3394 940 πλάσαιεν,
3415 877 3521 929 οὐδ’
3551 877 3807 949 ἀνδριάντα

2271 960 2470 1016 λίθινον
2499 963 2730 1030 ξέσαιεν,
2761 964 2868 1018 οὐδ’
2896 965 2961 1019 ἂν
2994 966 3210 1021 εἴδωλον
3240 968 3509 1040 ἀργυροῦν
3541 969 3572 1040 ἢ
3605 971 3808 1040 χρυσοῦν

2272 1052 2607 1124 χωνεύσασαι
2637 1049 3034 1126 προσαγάγοιεν
3053 1073 3066 1086 ’
3100 1056 3234 1110 ἀλλά
3259 1058 3444 1129 τέχναι
3474 1060 3809 1134 καὶ-χειρουρ-

2270 1146 2386 1214 γίαι
2431 1145 2670 1209 τούτων,
2724 1147 2814 1200 ὐπ’
2859 1147 3162 1220 ἀνθρώπων
3217 1150 3475 1222 εὕρηνται
3527 1169 3810 1225 σωματουρ-

2270 1237 2382 1306 γῶν
2417 1237 2546 1308 (Μ).
2590 1235 2691 1292 Ὧν
2722 1238 2778 1291 δὲ
2835 1240 3154 1294 ἀπεικασίαι
3201 1243 3296 1295 καὶ
3335 1244 3682 1313 σκιαγραφίαι
3708 1244 3809 1314 δίχα

2271 1330 2460 1398 σοφίας
2491 1331 2589 1384 οὐκ
2620 1330 2686 1383 ἂν
2729 1331 2996 1400 γένοιντο,
3043 1332 3160 1396 πῶς
3190 1333 3258 1387 τὰ
3295 1333 3469 1406 ἀληθῆ
3502 1336 3594 1388 καὶ
3625 1337 3810 1407 πρωτό-

2270 1441 2414 1477 τυπα
2456 1423 2660 1476 τούτων
2691 1423 3011 1494 αὐτομάτως
3055 1423 3400 1496 συμϐέϐηκες
3435 1425 3591 1496 Ψυχὴ
3615 1426 3702 1489 δὲ,
3731 1426 3811 1481 καὶ

2270 1513 2393 1578 νοῦς
2439 1513 2532 1566 καὶ
2570 1513 2760 1581 λόγος,
2811 1514 2975 1567 πόθεν
3008 1515 3264 1583 ἐγγέγονε
3310 1515 3388 1586 τῷ
3437 1516 3810 1587 φιλοσόφῳ;Ἦ

2270 1605 2418 1677 παρά
2455 1604 2560 1657 τῶν
2602 1604 2824 1674 ἀψύχων
2857 1606 2948 1658 καὶ
2985 1607 3225 1677 ἀνοήτων
3255 1608 3346 1661 καὶ
3380 1607 3674 1676 ἀλογίστων
3703 1609 3808 1662 ἀτό-

2272 1714 2387 1767 μων
2434 1696 2581 1749 ταῦτ⁹
2633 1687 2965 1767 ἠρανίσατο,
3013 1699 3279 1752 κάκείνων
3334 1698 3482 1769 αὐτῷ
3529 1716 3582 1751 τι
3632 1699 3808 1770 ἑκάστη

2269 1787 2447 1858 νόημα
2473 1787 2568 1842 καὶ
2599 1789 2778 1860 δόγμα
2806 1789 3128 1843 ἐνέπνευσεν
3148 1806 3163 1856 ;
3184 1791 3293 1843 Καὶ
3317 1790 3506 1862 ὥσπερ
3533 1793 3562 1844 ὁ
3595 1790 3809 1844 Ἡσιόδου

604 1875 848 1942 veniant,
895 1889 964 1928 ne
993 1873 1191 1928 luteam
1220 1870 1437 1940 quidem
1471 1869 1760 1940 imaginem
1789 1866 2048 1933 formare,
2075 1875 2166 1921 aut

2272 1879 2437 1950 μῦθος
2458 1919 2473 1944 ,
2505 1879 2600 1950 τὴν
2629 1880 2922 1951 Πανδώραν
2949 1883 3112 1954 φησὶν
3141 1882 3246 1935 ὑπὸ
3268 1882 3378 1936 τῶν
3405 1882 3564 1948 θεῶν,
3598 1883 3754 1945 οὕτως
3779 1885 3807 1954 ὴ

603 1968 878 2038 lapideum
907 1963 1264 2020 simulacrum
1300 1962 1586 2033 perpolire,
1620 1969 1713 2016 aut
1739 1969 2051 2032 argenteum
2087 1959 2166 2014 vel

2271 1970 2428 2040 σοφία
2458 1970 2682 2043 τάνδρὸς
2730 1972 2834 2025 ὐπὸ
2865 1973 2976 2026 τῶν
3020 1974 3237 2045 ἀτόμων
3290 1973 3672 2045 συνετελέσθη;
3717 1973 3810 2027 Καὶ

603 2074 828 2116 aureum
864 2057 1068 2112 idolum
1098 2056 1335 2112 conﬂare
1366 2053 1576 2123 possint
1613 2069 1626 2106 :
1658 2067 1889 2122 quorum
1923 2051 2166 2106 omnium

2270 2063 2483 2134 ποίησιν
2507 2063 2563 2117 δὲ
2594 2065 2794 2128 πᾶσαν,
2828 2067 2922 2118 καὶ
2951 2067 3132 2119 πᾶσαν
3159 2068 3446 2138 μουσικὴν,
3479 2065 3808 2138 ἀστρονομίαν
3873 2121 3878 2128 ,

603 2151 853 2223 proprias
878 2164 1140 2204 manuum
1161 2155 1330 2211 artes,
1357 2144 1621 2215 fingendis
1650 2154 1804 2213 aptas
1825 2144 2166 2214 corporibus,

2269 2172 2348 2218 τε,
2386 2154 2481 2208 καὶ
2507 2154 2846 2227 γεωμετρίαν
2865 2195 2880 2220 ,
2909 2156 3002 2209 καὶ
3028 2159 3129 2220 τὰς
3154 2156 3319 2220 ἄλλας
3347 2158 3672 2228 ἐπιστήμας,
3701 2155 3809 2207 οὐκ·

603 2243 888 2298 hominum
921 2240 1246 2310 excogitavit
1277 2235 1560 2292 industria.
1589 2233 1833 2301 Quorum
1859 2235 2022 2305 igitur
2045 2237 2162 2291 sine

2267 2245 2348 2300 ἐτι
2390 2245 2526 2300 θεῶν
2573 2247 2860 2318 εὑρήματα
2891 2247 2984 2301 καὶ
3030 2247 3376 2318 παιδεύματα
3415 2248 3671 2320 φήσουσιν
3701 2245 3808 2298 Ἐλ-

603 2333 872 2405 sapientia
911 2332 1001 2386 vel
1043 2330 1356 2387 adumbrari
1399 2327 1605 2398 species
1635 2325 2026 2396 informarique
2050 2343 2159 2384 non

2266 2335 2424 2406 ληνες
2485 2331 2657 2400 εἶναι,
2706 2337 2867 2406 μόναι
2915 2336 2976 2390 δὲ
3031 2338 3318 2406 γεγόνασιν
3370 2337 3681 2409 ὲμπειρικαὶ
3731 2336 3809 2390 καὶ

603 2425 796 2499 possit,
846 2425 1042 2480 horum
1087 2437 1216 2477 vera
1262 2421 1379 2491 ipsa
1421 2418 1769 2488 exemplaria,
1805 2419 1900 2487 qui
1947 2419 2161 2473 tandem

2271 2427 2432 2497 σοφαὶ
2481 2427 2701 2482 πάντων
2748 2428 2803 2481 αἱ
2859 2427 3052 2500 ἄτομοι
3098 2428 3347 2483 Μοῦσαιο
3396 2430 3430 2501 ἡ
3471 2429 3578 2500 γὰρ
3616 2427 3676 2479 ὲκ
3719 2422 3808 2477 τῶν

601 2519 864 2576 exsistere
892 2532 988 2587 per
1009 2531 1066 2572 se
1091 2523 1399 2585 temereque
1425 2511 1749 2582 potuerunt?
1775 2509 1892 2567 Jam
1918 2512 2162 2567 animum

2269 2518 2488 2589 ἀτόμων
2552 2517 2872 2587 Ἐπικούρου
2925 2518 3199 2588 θεογονία,
3255 2519 3367 2573 τῶν
3429 2519 3527 2590 μὲν
3593 2515 3807 2586 ἀπείρων

603 2615 804 2682 ipsum,
843 2617 1076 2666 mentem
1120 2618 1283 2677 atque
1326 2607 1588 2662 rationem
1626 2605 1983 2676 philosophus
2024 2604 2166 2662 unde

2269 2609 2488 2678 κόσμων
2522 2607 2702 2679 ἔξορός
2730 2609 2908 2674 ἐστιν,
2949 2611 3029 2673 εἰς
3074 2609 3129 2662 δὲ
3166 2610 3266 2682 τὴν
3295 2612 3522 2684 ἄπειρον
3567 2608 3805 2679 ἀκοσμίαν

603 2705 804 2762 habet?
829 2703 978 2760 Eane
1008 2703 1076 2758 ab
1105 2701 1366 2757 inanimis
1399 2708 1452 2754 et
1491 2700 1689 2754 mentis
1716 2713 1781 2754 ac
1807 2697 2033 2754 rationis
2066 2714 2164 2753 ex-

2271 2699 2689 2768 πεφυγάδευται.
3032 2717 3038 2722 ’

602 2799 845 2870 pertibus
877 2796 1075 2852 atomis
1127 2792 1506 2857 emendieavit,
1537 2806 1658 2861 quae
1713 2789 1818 2846 sibi
1869 2790 2105 2860 aliquam
2171 2790 2397 2861 singulae
2437 2792 2711 2847 notionem
2748 2793 3050 2863 dogmaque
3090 2792 3371 2863 proprium
3413 2788 3723 2848 infuderint?
3762 2795 3804 2842 et

601 2892 1058 2964 quemadmodum
1081 2889 1382 2944 Pandoram
1404 2903 1433 2942 a
1456 2887 1560 2943 diis
1578 2885 1842 2941 Hesiodus
1867 2883 2157 2954 fabulatur,
2195 2885 2274 2941 sic
2304 2887 2373 2940 ab
2401 2888 2598 2944 atomis
2627 2889 2875 2944 absoluta
2925 2889 3161 2944 hominis
3193 2889 3459 2959 sapientia
3510 2886 3698 2943 fuerit?
3741 2883 3802 2938 Ita

603 2983 790 3054 poesin
815 2983 1067 3052 deinceps
1089 2995 1327 3045 omnem,
1365 2995 1689 3049 omnemque
1723 2979 2009 3046 musicam,
2055 2979 2469 3048 astronomiam,
2515 2981 2887 3056 geometriam,
2923 2989 3259 3051 caeterasque
3286 2981 3582 3047 doctrinas,
3606 2981 3802 3036 deorum

603 3081 823 3136 inventa
861 3078 1036 3135 Graeci
1080 3087 1242 3147 atque
1278 3076 1524 3132 instituta
1574 3090 1768 3130 vocare
1816 3074 2112 3132 desinant:
2159 3075 2288 3130 sola:
2334 3075 2576 3130 omnium
2619 3076 2805 3146 peritae
2851 3091 2914 3134 ac
2960 3077 3235 3147 sapientes
3267 3078 3458 3143 atomi,
3491 3076 3651 3131 Musae
3679 3071 3802 3128 cele-

602 3174 844 3229 brentur.
889 3172 1025 3226 Nam
1061 3170 1152 3224 illa
1184 3168 1401 3240 quidem
1430 3184 1494 3223 ex
1525 3169 1722 3224 atomis
1753 3167 1974 3239 Epicuri
2015 3167 2324 3241 theogonia,
2371 3183 2437 3224 ex
2466 3168 2692 3226 infinitis
2725 3169 2887 3225 etiam
2916 3169 3134 3224 mundis
3160 3168 3451 3246 exsulavit,
3488 3169 3540 3222 in
3569 3166 3802 3222 infinitam

600 3266 1023 3342 perturbationis
1051 3265 1353 3321 vastitatem
1387 3263 1577 3334 ejecta.

1345 3355 1411 3412 ν.

674 3453 905 3522 Operam
931 3465 1151 3506 suorum
1189 3449 1509 3503 molitionem
1545 3449 1655 3503 Deo
1687 3447 2003 3503 laboriosam
2031 3463 2094 3502 ac

1102 3541 1377 3596 molestam
1408 3557 1509 3594 non
1539 3557 1668 3594 esse.

672 3633 850 3689 Moliri
889 3633 1117 3704 aliquid,
1163 3631 1562 3698 administrare,
1609 3621 1944 3699 benefacere,
1986 3632 2167 3702 provi-

598 3725 752 3789 dere,
785 3722 1000 3793 aliaque
1037 3722 1258 3787 similia,
1293 3721 1560 3776 inertibus
1604 3723 1822 3792 quidem
1859 3738 1922 3778 ac
1962 3723 2162 3788 stultis,

601 3816 869 3872 debilibus
914 3831 979 3872 ac
1025 3830 1283 3886 nequam,
1329 3815 1555 3870 molesta
1587 3813 1724 3870 forte
1755 3815 1900 3870 sint:
1932 3831 2163 3885 quorum

601 3924 662 3964 se
694 3922 945 3972 numero,
977 3908 1108 3963 dum
1151 3907 1281 3962 talia
1314 3907 1381 3962 de
1407 3907 1511 3962 diis
1533 3907 1714 3975 sentit,
1765 3907 2033 3976 Epicurus
2070 3909 2165 3962 ad-

597 4001 794 4070 jungit.
835 4000 906 4054 At
930 4015 1059 4055 vero
1088 4000 1370 4064 studiosis,
1405 4001 1729 4066 valentibus,
1761 4001 2043 4056 industriis
2078 4012 2164 4055 ato

598 4109 706 4163 que
732 4093 1022 4148 solertibus
1042 4133 1057 4159 ,
1088 4092 1394 4163 cujusmodi
1426 4093 1774 4162 philosophos
1795 4091 2021 4164 (quanto
2049 4109 2164 4148 ma-

599 4188 680 4255 gis
699 4184 902 4255 deos?)
934 4200 1055 4240 esse
1087 4193 1366 4254 oporteat;
1403 4199 1512 4239 non
1543 4185 1702 4241 modo
1732 4200 1839 4240 non
1869 4185 2161 4256 injucunda

600 4281 715 4333 haec
743 4287 908 4347 atque
934 4292 1148 4347 aspera,
1176 4291 1366 4332 verum
1400 4279 1560 4332 etiam
1584 4277 1983 4348 jucundissima
2014 4288 2162 4343 sunt,

601 4367 952 4436 omniumque
981 4365 1304 4422 suavissima
1329 4385 1343 4420 :
1372 4366 1571 4436 quibus
1601 4365 1925 4436 negligentia
1952 4380 2165 4420 rerum-

599 4471 706 4525 que
749 4455 1016 4510 bonarum
1058 4454 1476 4523 procrastinatio
1517 4455 1768 4510 dedecori
1804 4455 2066 4522 vertitur;
2095 4455 2163 4511 ad

598 4563 740 4618 quos
770 4545 904 4601 illud
931 4549 1325 4602 commouentis
1363 4555 1535 4617 poetae
1567 4548 1854 4604 consilium
1883 4549 2114 4618 pertinet
2146 4567 2158 4602 :

1027 4632 1252 4692 Cras'ne
1277 4648 1577 4708 exspectato
1606 4653 1626 4689 :

603 4735 700 4796 Cui
731 4747 856 4788 mox
888 4730 1372 4788 comminationem
1399 4731 1540 4786 banc
1573 4730 1854 4802 adiungit:

739 4814 1028 4880 Cunctator
1059 4824 1267 4879 damnis
1297 4840 1497 4892 semper
1525 4823 1757 4877 luctatur
1782 4823 2003 4878 acerbis.

596 4918 668 4972 At
699 4934 802 4972 nos
834 4917 1053 4989 gravius
1088 4917 1321 4972 instituit
1348 4917 1635 4986 propheta,
1674 4917 1801 4971 dum
1834 4927 1887 4972 et
1923 4917 2193 4973 actiones‘

597 5025 722 5066 cum
750 5011 947 5066 virtute
983 5011 1302 5080 conjunCtas
1341 5009 1450 5063 Deo
1492 5023 1622 5063 vero
1654 5009 1846 5080 dignas
1880 5025 2001 5065 esse
2032 5024 2160 5079 pro-

597 5101 848 5168 nuntiat,
896 5110 951 5156 et
1009 5100 1274 5155 nefarium
1336 5100 1489 5156 illum
1543 5115 1576 5155 ει
1629 5116 1740 5171 quo
1797 5101 2160 5171 negligantur,

597 5192 849 5261 appellat.
903 5189 1218 5245 Maledicta:
1262 5192 1420 5257 enim,
1460 5193 1549 5263 qui
1588 5192 1717 5260 facit
1757 5208 1916 5261 opera
1945 5191 2158 5245 Domini

595 5283 996 5352 negligenter".
1031 5281 1232 5338 Deinde
1261 5292 1320 5338 ut
1349 5283 1404 5338 in
1429 5283 1620 5355 quavis
1654 5294 1769 5339 arte
1795 5284 1958 5339 rudes
1989 5293 2043 5339 et
2076 5286 2162 5337 in-

668 5417 714 5449 ”
751 5417 859 5472 Jer.
899 5434 1091 5484 XLVIII,
1129 5417 1214 5473 10.

670 5553 780 5624 (Μ)
820 5553 1270 5624 Σωματουργῶν.
1302 5552 1919 5624 δοτὶὺθ--σωματουργοῇ
1956 5551 2150 5606 VIGER.

670 5623 778 5694 (45)
816 5621 963 5687 Μηδ’
990 5621 1450 5679 ἀναϐάλλεσθαι.
1486 5621 1702 5678 Hesiodi
1734 5621 1892 5678 verba
1930 5633 2057 5678 sunt
2102 5627 2155 5676 in

602 5687 787 5762 Ἐργ.,
811 5709 862 5746 v.
892 5692 997 5746 408
1023 5711 1036 5745 :
1731 5694 1736 5699 ’

670 5780 817 5851 Mm?
841 5782 1282 5842 ἀναϐάλλεσθαι
1302 5787 1388 5852 είς
1416 5785 1642 5854 αὔριον,
1670 5788 1755 5852 είς
1774 5786 1823 5842 τ’
1846 5787 2116 5856 Era-ngam

2191 3361 2240 3424 (Ξ

2504 3404 2506 3410 ,
2653 3407 2656 3409 λ
3016 3357 3092 3410 Ε’.

2391 3449 2511 3504 Ὀτι
2539 3451 2651 3505 οὐκ
2672 3450 2962 3506 ἐπίπονον
2999 3447 3081 3515 τῷ
3113 3446 3236 3516 Θεῷ
3268 3447 3335 3504 τὸ
3368 3445 3714 3519 ἐργάζεσθαι.

2341 3642 2696 3715 Ἐγράζεσθαι
2727 3643 2781 3696 δέ
2805 3659 2888 3712 γε,
2913 3641 3006 3694 καὶ
3030 3640 3270 3705 διοικεῖν,
3292 3640 3389 3694 καὶ
3416 3635 3709 3710 εὐεργετεῖν
3729 3645 3794 3692 τε,

2258 3737 2351 3790 καὶ
2383 3734 2745 3807 προκήδεσθαι
2765 3774 2779 3798 ,
2814 3735 2908 3787 καὶ
2934 3733 3002 3787 τὰ
3041 3732 3297 3800 τοιαῦτα,
3325 3734 3440 3795 τοῖς
3475 3730 3570 3803 μὲν
3594 3725 3763 3798 ἀργοῖς
3782 3757 3795 3782 ν

2259 3829 2350 3882 καὶ
2389 3829 2623 3898 ἄφροσι,
2668 3829 2762 3881 καὶ
2804 3826 3090 3892 ἀσθενέσι,
3142 3827 3235 3880 καὶ
3286 3823 3638 3895 κακούργοις,
3689 3814 3797 3872 ἴσως

2259 3919 2468 3991 ἐπαχθῆ
2489 3936 2502 3950 ο
2525 3915 2606 3983 οἷς
2628 3918 2978 3988 ἐγκατέλεξεν
3001 3919 3192 3974 ἑαυτὸν
3229 3919 3547 3989 Ἐπίκουρος
3565 3955 3580 3981 ,
3603 3906 3799 3966 τοιαῦτα

2259 4013 2703 4083 φρονήσαςᾌπερὶ
2743 4011 2851 4067 τῶν
2897 4011 3054 4066 θεῶν.
3088 4012 3214 4074 Τοῖς
3257 4011 3314 4063 δὲ
3348 4006 3677 4068 σπουδαίοις,
3722 3995 3798 4050 καὶ

2257 4077 2636 4168 δύνατοῖςβιαὶ
2652 4077 2923 4168 ’συνετοῖς,
2947 4103 3040 4157 καὶ
3069 4102 3362 4174 σώφροσιν,
3386 4103 3529 4165 οἴους
3557 4097 3688 4151 εἶναι
3709 4087 3798 4161 χρὴ

2255 4199 2384 4263 τοὺς
2422 4197 2740 4267 φιλοσόφους
2787 4196 2958 4267 (πόσῳ
2995 4212 3057 4265 γε
3101 4195 3299 4268 μᾶλλον
3332 4197 3458 4258 τοὺς
3486 4186 3685 4258 θεούςς)
3717 4181 3799 4268 οὐκ

2256 4288 2403 4351 ὅπως
2415 4283 2428 4355 ι
2439 4286 2560 4358 οὐκ]
2573 4287 2708 4358 ἀηδῆ
2722 4285 2894 4339 ταῦτα
2915 4285 3008 4338 καὶ
3027 4284 3326 4356 προσάντη,
3344 4283 3481 4338 ἀλλά
3497 4281 3586 4335 καὶ
3600 4267 3801 4347 τερπνό-

2257 4395 2414 4442 τατα,
2465 4381 2558 4432 καὶ
2583 4379 2797 4433 πάντων
2828 4377 3027 4449 μᾶλλον
3055 4378 3441 4432 ἀσπαστότατα
3460 4393 3473 4407 ο
3501 4368 3578 4438 οἷς
3609 4369 3664 4423 τὸ
3685 4367 3802 4432 ἀμεν

2256 4469 2347 4534 λὲς
2365 4509 2380 4534 ,
2409 4470 2502 4523 καὶ
2529 4469 2590 4522 τὸ
2622 4469 2832 4540 μέλλειν
2861 4486 2912 4521 τι
2947 4467 3202 4540 πράττειν
3233 4468 3340 4525 τῶν
3376 4462 3657 4540 χρηστῶν,
3683 4453 3801 4507 ὄνει-

2255 4560 2342 4626 δος
2361 4577 2374 4590 ⁸
2412 4561 2488 4624 ὡς
2528 4560 2770 4622 ἐκείνους
2796 4577 2855 4613 τε
2888 4556 3113 4630 ποιητὴς
3142 4559 3384 4614 νουθετεί
3415 4545 3797 4627 συμϐουλεύων

2404 4643 2551 4713 Μηδ’
2580 4643 3020 4697 ἀναϐάλλεσθαι
3046 4642 3153 4713 (45)
3181 4645 3268 4710 εἰς
3293 4642 3500 4712 αὔριον
3517 4656 3530 4668 ’

2264 4739 2359 4792 καὶ
2392 4735 2838 4809 προσεπαπειλῶν
2856 4751 2869 4764 ·

2404 4829 2526 4883 Aie!
2549 4827 2600 4880 δ’
2631 4826 3017 4897 ἀμϐολιεργὸς
3047 4826 3203 4895 ἀνὴρ
3225 4825 3402 4895 ἄτῃσι
3427 4817 3678 4878 παλαίει.

2274 4918 2452 4991 Ἡμεῖς
2489 4936 2550 4972 τε
2578 4895 2687 4991 (Mi)
2725 4895 3044 4990 σεμνότερον
3085 4916 3328 4970 παιδεύει
3363 4912 3675 4986 προφήτης’
3703 4895 3802 4991 0.59.

2263 4982 2447 5084 πρὲπῆ
2476 4982 2763 5082 μὲνδναὲως
2789 4982 2925 5082 ἔργα
2957 4982 3036 5062 ’τὰ
3077 5010 3198 5061 κατ’
3227 4982 3427 5079 ἀρετὴν
3452 4982 3801 5084 ὑπάρχειχλῧ

2262 5078 2374 5167 γων
2397 5137 2412 5162 ,
2435 5078 2532 5152 ⁷τδν
2560 5097 2616 5150 δὲ
2647 5078 3012 5170 ὀλιγωροῦντα
3038 5096 3242 5150 τούτων
3324 5095 3599 5162 ἐξάγιστον
3618 5100 3629 5112 ·
3670 5078 3799 5173 Ἓξξι·

2265 5185 2592 5255 κατάρατος
2631 5186 2741 5257 γὰρ
2777 5189 2809 5240 ὀ
2837 5184 3022 5239 ποιῶν
3050 5185 3122 5239 τὰ
3157 5185 3300 5256 ἔργα
3327 5183 3541 5252 Κιιρίου
3569 5170 3798 5257 ἀμελῶςζ

2265 5249 2530 5332 Ε’ίτανκαὶ¹
2565 5249 2679 5343 soi;
2701 5249 2820 5349 ⁷μὲν
2859 5276 3125 5347 ἀμαθέσιν
3157 5249 3470 5348 ἡστινοσοῦν
3500 5268 3684 5338 τέχνης
3721 5249 3802 5308 καὶ

2267 5550 2369 5618 Qui
2399 5551 2642 5618 sequitur
2672 5567 2687 5605 :

2329 5621 2453 5676 Αίεὶ
2475 5622 2527 5672 δ’
2551 5620 2938 5689 ἀμϐολωργύς
2960 5659 2975 5686 ,
3005 5629 3111 5676 etc.

2263 5715 2393 5771 ibid.
2420 5730 2469 5766 v.
2502 5715 2625 5767 411.
2661 5714 2735 5768 In.

2335 5784 2446 5856 (46)
2497 5783 2670 5854 Ἡμᾶς
2697 5801 2778 5838 τε.
2813 5783 2972 5841 Forte
2999 5786 3144 5858 ἡμᾶς
3165 5784 3244 5840 δέ.
3281 5783 3359 5840 lo.
