4058 6384
199 395 204 400 ’
301 373 488 476 ηδε

1256 415 1702 502 'FRAGMENTA
1740 415 1830 471 EX
1870 414 2093 470 [ΑΒΗῐὸ
2130 413 2218 468 DE
2251 413 2566 473 NATURA.

3400 410 3422 463 !
3435 409 3538 465 266

207 576 215 584 -
292 511 809 612 ἀτελεστέροιςξδιά
840 540 900 595 τὸ
937 541 1038 612 τῆς
1075 554 1269 616 πείρα-ς
1306 542 1504 615 ἀληθὲς
1547 542 1656 614 (47)
1686 542 1779 596 καὶ
1807 540 1855 594 τί

1968 540 2170 606 choati,
2197 550 2417 610 propter
2435 537 2782 609 experientia:
2805 536 3110 592 novitatem
3124 543 3288 606 atque
3309 549 3535 603 operum

213 690 216 693 _
249 629 253 634 ’
293 629 402 683 τῶν
451 629 628 701 ἔργων
665 630 920 702 ἀτριϐὲς,
959 630 1530 702 κάματοςὲγγίνεται
1571 635 1694 695 ταῖς
1746 633 1866 685 ἐπι-

293 723 625 794 χειρήσεσιν.
672 725 734 778 Οἱ
767 724 822 778 δὲ
858 727 1288 798 προκόπτοντες,
1332 727 1427 781 καὶ
1472 726 1670 798 μᾶλλον
1699 725 1778 779 ἔτι
1814 728 1864 779 oi

292 815 520 880 τέλειοι,
555 816 751 887 ῥᾳδίως
790 817 826 871 ἀ
865 820 1080 890 μετίασι
1125 819 1514 890 κατορθοῦντες
1543 819 1862 888 γάννυνται,

292 906 384 958 καὶ
420 905 619 975 μᾶλλον
657 906 723 961 ἂν
761 908 962 962 ἕλοιντο
985 909 1050 963 τὰ
1076 909 1304 963 εἰωθότα
1326 909 1655 981 πράττοντες
1684 906 1866 961 ἀνύειν

291 999 384 1051 καὶ
429 997 854 1072 τελεσιουργεῖν,
894 1002 926 1072 ἣ
969 1001 1151 1065 πάντα
1191 1002 1370 1070 σφίσιν
1421 999 1659 1072 ὑπάρξαι
1694 998 1762 1052 τὰ
1808 999 1865 1053 ὲν

287 1089 592 1161 ἀνθρώποις
615 1092 812 1160 ἀγαθά.
844 1093 1183 1165 Δημόκριτος
1209 1094 1338 1161 γοῦν
1361 1093 1522 1156 αὑτὸς
1539 1132 1552 1155 ,
1577 1092 1653 1155 ὥς
1681 1107 1864 1161 φασιν,

289 1181 440 1251 ἔλεγε
477 1181 756 1260 βούλεσθαι
802 1184 1002 1254 μᾶλλον
1047 1185 1176 1255 μίαν
1211 1186 1390 1256 εὑρεῖν
1437 1184 1795 1253 αἰτιολογίαν,
1831 1184 1863 1256 ἢ

287 1274 386 1345 τὴν
414 1273 642 1346 Περσῶν
673 1276 722 1329 οἱ
752 1276 1028 1346 βασιλείαν
1052 1276 1308 1346 γενέσθαι
1328 1295 1340 1308 ·
1361 1277 1456 1330 καί⁵
1478 1276 1666 1339 ταῦτα,
1689 1277 1866 1350 μάτην

288 1367 382 1418 καὶ
425 1366 679 1430 ἀναιτίως
706 1367 1058 1437 αἰτιολογῶν,
1101 1369 1178 1432 ὼς
1213 1369 1280 1423 ἂν
1315 1369 1420 1421 ἀπὸ
1463 1368 1625 1438 κενῆς
1655 1367 1863 1438 ἀρχῆς,

287 1458 381 1512 καὶ
413 1458 720 1522 ὑποθέσεως
750 1460 1108 1533 πλανωμένης
1144 1460 1492 1532 ὁρμώμενος,
1530 1462 1632 1514 καὶ
1653 1459 1752 1530 τὴν
1787 1458 1866 1526 ρί-

285 1548 406 1613 ζαν,
433 1550 528 1604 καὶ
551 1550 648 1622 τὴν
673 1552 858 1623 κοινὴν
887 1551 1130 1623 ἀνάγκην
1164 1552 1262 1622 τῆς
1297 1551 1406 1605 τῶν
1451 1551 1619 1605 όντων
1655 1549 1867 1619 φύσεως

282 1641 383 1710 οὑχ
412 1639 586 1711 όρῶν,
621 1641 814 1710 σοφίαν
860 1642 918 1695 δὲ
952 1642 1218 1712 μεγίστην
1256 1643 1588 1712 ἡγούμενος,
1619 1639 1717 1711 τὴν
1757 1639 1866 1693 τῶν

282 1732 505 1800 ἀσόφως
538 1733 633 1785 καὶ
681 1733 905 1803 ἠλιθίως
943 1734 1350 1804 συμϐαινόντων
1383 1733 1741 1803 κατανόησιν,
1770 1731 1865 1784 καὶ

1967 633 2334 700 insolentiam,
2367 632 2496 687 dum
2525 630 2592 685 ad
2623 645 2735 685 rem
2775 643 2898 685 sese
2934 628 3170 698 primum
3221 627 3533 696 accingunt,

1967 725 2272 780 molestiam
2323 725 2640 793 patiuntur;
2691 722 2766 776 ita
2817 719 2912 790 qui
2965 717 3173 788 aliquid
3233 715 3536 788 profecere,

1967 816 2244 883 multoque
2268 815 2440 885 magis
2466 814 2557 883 qui
2584 810 2804 883 perfecti
2824 812 2935 882 jam
2961 818 3110 876 sunt,
3134 809 3179 865 si
3201 824 3323 876 qum
3351 823 3540 862 susce-

1967 908 2163 976 perint,
2191 908 2320 962 dum
2349 907 2514 962 facile
2544 906 2881 975 feliciterque
2913 902 3228 967 conficiunt,
3261 901 3537 957 exsultant

1968 997 2186 1062 animis,
2219 1012 2284 1052 ac
2313 997 2637 1052 solemnium
2669 1011 2891 1066 operum
2924 992 3323 1048 absolutionem
3376 991 3535 1046 bonis

1969 1090 2246 1144 hominum
2281 1089 2538 1157 omnibus
2568 1096 2922 1158 ante-ponunt.
2950 1086 3016 1141 Et
3041 1101 3169 1141 vero
3189 1084 3534 1140 Democritus

1965 1181 2100 1251 ipse,
2138 1198 2360 1237 causam
2401 1197 2562 1236 unam
2593 1182 2854 1251 aliquam,
2905 1188 2964 1234 ut
3014 1178 3219 1244 ferunt,
3268 1177 3532 1243 invenire,

1965 1287 2128 1342 quam
2157 1272 2259 1326 sibi
2288 1271 2576 1326 Persarum
2607 1270 2894 1339 imperium
2927 1268 3184 1323 obvenire
3204 1265 3488 1320 maluisset
3517 1283 3530 1318 :

1966 1373 2127 1432 atque
2155 1363 2205 1418 id
2235 1363 2398 1416 homo
2425 1363 2519 1432 qui
2549 1377 2745 1417 causas
2769 1360 2973 1416 frustra
2995 1358 3284 1428 causisque
3303 1356 3533 1412 sublatis

1966 1457 2283 1525 inquireret,
2309 1470 2432 1510 cum
2460 1455 2622 1509 inane
2650 1454 2977 1524 principium
3003 1468 3067 1507 ae
3095 1452 3308 1521 plenam
3329 1449 3533 1503 erroris

1966 1547 2292 1618 hypothesin
2335 1555 2576 1610 secutus,
2624 1554 2786 1616 atque
2828 1545 2884 1599 in
2929 1543 3112 1599 radice
3149 1540 3534 1608 communique

1965 1651 2172 1694 naturae
2191 1655 2370 1694 rerum
2393 1637 2715 1694 necessitate
2740 1637 3052 1702 excutiens,
3073 1649 3258 1690 eorum
3287 1647 3407 1703 quae
3429 1631 3534 1686 im-

1963 1733 2254 1802 prudenter
2277 1732 2580 1802 stolideque
2606 1731 2980 1800 contingerent
3005 1727 3274 1794 notitiam,
3303 1740 3533 1783 summa;

283 1824 382 1894 τὴν
404 1823 594 1895 τύχην,
620 1824 730 1879 τῶν
763 1827 860 1895 μὲν
882 1826 1110 1880 καθόλου
1143 1827 1235 1880 καὶ
1257 1827 1366 1882 τῶν
1391 1826 1550 1879 θείων
1573 1825 1855 1878 δέσποιναν

1962 1825 2241 1896 sapientiae
2271 1841 2444 1897 genus
2469 1832 2714 1894 putaret;
2765 1823 3146 1892 fortunamque
3186 1836 3364 1877 rerum
3402 1820 3530 1874 uni-

284 1916 512 1986 ἐφιστὰς
532 1894 635 1970 καὶ
663 1894 928 1989 βασιλίδα,
955 1918 1050 1972 καὶ
1069 1918 1244 1973 πάντα
1265 1918 1516 1988 γενέσθαι
1546 1917 1666 1972 κατ’
1690 1914 1855 1986 αὑτὴν

1964 1919 2256 1974 versalium
2299 1928 2463 1989 atque
2510 1919 2816 1975 divinarum
2862 1917 3135 1972 dominam
3179 1915 3531 1985 reginamque

281 2009 720 2080 ἀποφαινόμενος
738 2026 752 2040 ⁸
777 2009 872 2066 τοῦ
903 2010 960 2064 δὲ
989 2011 1100 2064 τῶν
1129 2009 1432 2082 ἀνθρώπιον
1466 2009 1632 2081 αὐτὴν
1656 2009 1864 2080 ἀποκη-

283 2100 494 2171 ρύττων
524 2101 636 2172 βίου
657 2143 672 2167 ,
705 2105 800 2156 καὶ
837 2105 964 2168 τοὺς
1004 2103 1402 2175 πρεσϐεύοντας
1432 2101 1598 2172 αὐτὴν
1625 2101 1862 2171 ἐλέγχων

279 2191 621 2263 ἀγνώμονας.
669 2192 789 2247 Τῶν
817 2193 950 2263 γοῦν
991 2193 1282 2266 ὑποθηκῶν
1329 2193 1630 2265 ἀρχόμενος
1673 2191 1859 2261 λέγει·

284 2301 306 2336 ι
321 2283 632 2354 ’Ἄνθρωποι
659 2284 829 2356 τύχης
854 2285 1074 2339 εἴδωλον
1099 2286 1424 2350 ὲπλάσαντο,
1439 2285 1706 2356 πρόφασιν
1727 2283 1860 2354 ἰδίης

277 2376 486 2446 ἀνοίης.
509 2377 672 2432 Φύσει
699 2378 807 2450 γὰρ
835 2377 1027 2450 γνώμη
1053 2377 1166 2450 (48)
1199 2379 1337 2452 τύχῃ
1363 2379 1622 2450 μάχεται·
1648 2378 1740 2431 καὶ
1762 2377 1860 2448 τὴν

277 2465 534 2539 ἐχθίστην
560 2473 626 2541 τῇ
660 2472 918 2542 φρονήσει
949 2471 1153 2541 ταύτην
1174 2473 1341 2542 αὑτὴν
1369 2472 1576 2540 ἔφασαν
1609 2472 1856 2542 κρατεῖν·

280 2560 483 2630 μᾶλλον
517 2563 573 2616 δὲ
604 2564 696 2616 καὶ
722 2565 928 2636 ταύτην
963 2564 1132 2637 ἄρδην
1155 2563 1524 2636 ἀναιροῦντες,
1548 2565 1642 2617 καὶ
1674 2561 1860 2631 ἀφανί-

277 2653 459 2716 ζοντες
481 2693 496 2718 ,
527 2654 742 2726 ἐκείνην
773 2655 1216 2710 ἀντικαθιστᾶσιν
1249 2655 1439 2727 αὐτῆς.
1469 2657 1545 2710 Οὐ
1571 2657 1679 2726 γὰρ
1704 2655 1858 2707 εὐτυ-

275 2743 344 2814 χῆ
383 2744 482 2817 τὴν
529 2747 820 2818 φρόνησιν,
853 2748 968 2802 ἀλλ’
998 2748 1445 2820 ἐμφρονεστάτην
1491 2746 1718 2819 ὑμνοῦσι
1759 2736 1857 2818 τὴν

273 2836 444 2910 τύχην
477 2837 609 2910 (49).
643 2858 663 2891 ι
714 2841 777 2894 Ol
808 2841 904 2910 μὲν
932 2837 1025 2894 οὖν
1050 2840 1159 2894 τῶν
1205 2841 1482 2911 βιωφελῶν
1523 2841 1698 2913 ἔργων
1740 2843 1858 2895 ἐπι-

279 2929 495 2997 στάται,
512 2932 634 2994 ταῖς
649 2930 784 3001 πρὸς
799 2931 860 2984 τὸ
872 2931 1140 3002 ὁμόφυλον
1155 2933 1496 3003 ἐπικουρίαις
1511 2931 1853 3000 ἀγάλλονται,

273 3021 500 3076 ἐπαίνου
531 3039 593 3075 τε
621 3023 903 3096 ὀρέγονται
949 3023 1043 3078 καλ⁵
1074 3024 1264 3088 κλέους
1292 3024 1379 3094 ἐφ’
1407 3019 1487 3088 οἷς
1513 3023 1690 3077 αὐτῶν
1719 3041 1854 3096 προ-

265 3113 594 3206 ἱκάμνουσιν,
617 3117 667 3169 οἱ
701 3117 798 3187 μὲν
827 3117 1140 3189 τρέφοντες,
1163 3118 1212 3170 οἱ
1231 3116 1288 3170 δὲ
1323 3117 1715 3189 κυϐερνῶντες,
1738 3119 1786 3171 οί
1808 3117 1853 3171 δ’

276 3205 518 3275 ἰώμενοι,
550 3207 601 3259 οι
631 3205 688 3260 δὲ
714 3206 1157 3278 πολιτευόμενοι·
1187 3206 1311 3260 οἰδέ
1337 3224 1401 3275 γε
1437 3207 1735 3278 φιλόσοφοι,
1760 3211 1853 3262 καὶ
1880 3245 1922 3304 c

273 3296 481 3368 σφόδρα
526 3296 798 3351 παιδεύειν
847 3296 1251 3370 ἐπιχειροῦντες
1289 3297 1608 3370 ἀνθρώπους
1647 3299 1852 3370 φρυάτι-

270 3401 474 3440 τονται.
502 3388 574 3440 Ἦ
603 3387 964 3458 τολμήσουσιν
1005 3389 1324 3460 Ἐπίκουρος
1349 3389 1381 3460 ἢ
1413 3388 1752 3461 Δημόκριτος
1779 3388 1854 3442 εί-

272 3479 412 3546 πεῖν,
439 3479 519 3543 ὡς
539 3478 863 3550 ἀσχάλλουσι
893 3479 1339 3550 φιλοσοφοῦντες;
1371 3470 1509 3533 Ἀλλ’
1537 3481 1658 3535 οὐδὲ
1680 3479 1854 3553 θυμη-

208 3619 210 3621 ,
267 3567 383 3622 δίαν
426 3570 634 3643 ταύτης
676 3571 743 3625 ἂν
793 3572 986 3644 ἑτέραν
1052 3571 1355 3646 προθείντο.
1405 3574 1516 3627 Καὶ
1555 3572 1664 3646 γὰρ
1704 3576 1753 3627 εί
1791 3573 1854 3626 τὺ

268 3661 472 3730 ἀγαθὸν
508 3663 698 3738 ἡδονὴν
731 3659 869 3718 εῖναι
920 3665 1208 3738 φρονοῦσιν
1230 3705 1245 3730 ,
1293 3666 1406 3720 ἀλλ’
1443 3667 1851 3739 αἱδεσθήσονταί

269 3771 332 3824 γε
361 3756 436 3829 μὴ
472 3757 652 3827 λέγειν
690 3759 789 3830 ήδὺ
819 3758 878 3814 ὃν
906 3758 1020 3831 (50)
1046 3759 1231 3821 αὐτοῖς
1261 3755 1399 3814 εἶναι
1425 3759 1488 3812 τὸ
1519 3759 1848 3830 φιλοσοφεῖν.

269 3845 410 3910 Τοὺς
453 3847 512 3900 δὲ
559 3847 711 3912 θεοὺς
757 3850 884 3920 περὶ
911 3843 986 3904 ὧν
1028 3852 1078 3903 οί
1120 3850 1221 3921 μὲν
1264 3850 1484 3923 ποιηταὶ
1511 3853 1640 3922 παρ’
1669 3852 1850 3916 αὑτοῖς

175 4010 180 4013 _
269 3937 479 4007 ᾄδουσι,
525 3938 793 4009 δωτῆρας
835 3939 990 3994 ἑάων
1028 3941 1162 4013 (51),
1203 3934 1352 3996 οὗτοι
1392 3943 1447 3996 δὲ
1476 3945 1526 3996 οἱ
1573 3943 1848 4013 φιλόσοφοι

272 4029 424 4097 μετὰ.
438 4029 665 4096 τωθείας
696 4033 834 4102 εὑφη
845 4031 1021 4102 μοῦσι,
1045 4032 1167 4088 θεοὶ
1190 4033 1431 4088 πάντων
1442 4032 1682 4105 ἀγαθῶν
1695 4034 1847 4090 ἀδώ-

203 4120 207 4123 ’
263 4136 434 4187 ρητοι
455 4124 469 4173 ί
477 4120 565 4192 52)
581 4121 680 4176 καὶ
700 4120 998 4191 ἀμέτοχον
1027 4122 1122 4177 καὶ
1154 4124 1259 4178 τίνι
1280 4124 1465 4196 τρόπῳ
1487 4125 1846 4197 τεκμηριοῦν-

268 4229 359 4267 ται
405 4213 560 4279 θεοὺς
609 4211 769 4279 εἶναι,
803 4215 943 4286 μήτε
976 4216 1248 4289 παρόντας
1275 4217 1369 4272 καὶ
1414 4217 1752 4290 πράττοντάς
1792 4236 1846 4274 τι

269 4305 521 4376 ὁρῶντες,
555 4308 630 4373 ὡς
673 4310 722 4362 οἳ
762 4310 853 4364 τὸν
881 4309 1032 4381 ἥλιον
1079 4311 1172 4364 καὶ
1206 4309 1304 4382 τὴν
1340 4310 1568 4383 σελήνην
1602 4311 1695 4366 καὶ
1721 4311 1846 4377 τοὺς

269 4394 504 4473 ἀστέρας
545 4402 942 4474 θαυμάσαντες,
985 4403 1072 4457 διὰ
1102 4402 1164 4456 τὸ
1209 4401 1353 4459 θέειν
1390 4403 1598 4474 ἔφασαν
1643 4405 1844 4475 κεκλῆ-

270 4491 392 4546 σθαι
436 4493 591 4560 θεούς
613 4511 627 4525 ·
664 4497 800 4566 μήτε
831 4494 950 4549 τινὰ
976 4494 1339 4566 δημιουργίαν
1371 4497 1555 4561 αὐτοῖς
1591 4497 1624 4568 ἢ
1673 4515 1844 4554 κατα-

1963 2010 2324 2075 constituens,
2371 2020 2676 2080 czeteraque
2725 2008 2908 2064 omnia
2958 2007 3079 2076 ejus
3133 2007 3361 2060 arbitrio
3413 2006 3530 2061 fieri

1961 2103 2344 2175 pronuntians,
2371 2103 2619 2159 eamdem
2644 2111 2824 2158 tamen
2855 2101 2924 2156 ab
2955 2102 3206 2154 humanae
3233 2100 3358 2155 vita!
3381 2115 3531 2155 com-

1961 2196 2165 2252 mercio
2196 2197 2388 2267 procul
2421 2197 2711 2266 ablegaret,
2747 2195 2951 2264 quique
2978 2194 3124 2247 illam
3168 2192 3411 2248 colerent
3445 2194 3532 2247 in-

1962 2289 2140 2345 sulsos
2180 2304 2300 2345 esse
2345 2290 2710 2345 convinceret.
2747 2287 2889 2343 Sane
2933 2285 3150 2356 quidem
3186 2285 3418 2355 ipsemet
3446 2287 3529 2340 in-

1961 2381 2306 2438 stitutionum
2353 2396 2578 2436 suarum
2627 2381 2872 2447 exordio,
2917 2379 2998 2434 sic
3041 2378 3324 2448 loquitur:
3361 2397 3381 2430 ‹
3414 2376 3528 2433 Ho-

1961 2473 2158 2541 mines,
2187 2473 2394 2543 inquit,
2421 2473 2548 2528 dum
2586 2472 2828 2528 stultitia:
2853 2487 2965 2527 sua:
2989 2472 3167 2527 Velum
3200 2478 3525 2540 quaererent,

1959 2579 2156 2618 vanum
2189 2562 2420 2618 fortunae
2445 2563 2799 2618 simulacrum
2831 2562 3104 2636 finxerunt
3127 2564 3357 2634 (pugnat
3381 2563 3526 2616 enim

1958 2668 2150 2728 suapte
2185 2646 2380 2711 natura
2421 2671 2544 2712 eum
2581 2655 2794 2710 fortuna
2833 2655 3168 2724 consilium),
3209 2654 3527 2709 inimicissi—

1957 2765 2212 2820 mamque
2236 2750 2540 2820 prudentia:
2559 2749 2829 2816 dominari
2853 2748 3177 2812 voluerunt;
3202 2746 3414 2802 tametsi
3439 2761 3527 2816 po-

1955 2843 2064 2898 tius
2086 2843 2188 2898 hac
2211 2843 2370 2898 etiam
2398 2843 2755 2898 exterminata
2779 2841 3130 2913 funditusque
3148 2839 3526 2910 sublata,ejus

1955 2933 2010 2987 in
2037 2933 2215 2989 locum
2245 2935 2473 2989 alteram
2497 2933 2642 2989 illam
2668 2933 2970 2997 suiﬁciunt;
3000 2947 3101 2988 nec
3121 2932 3264 2987 enim
3289 2931 3527 2987 fortuna-

1954 3032 2065 3079 tam
2110 3025 2200 3080 isti
2245 3024 2612 3095 prudentiam,
2664 3026 2758 3081 sed
2802 3024 3280 3096 prudentissimam
3325 3034 3527 3081 canunt

1954 3115 2343 3187 celebrantque
2382 3116 2679 3173 fortunam.
2719 3137 2738 3170 ι
2770 3117 2944 3173 Porro
2986 3119 3201 3173 utilium
3236 3119 3361 3174 vita:
3395 3133 3528 3189 ope-
3558 3161 3565 3167 .

1956 3225 2076 3263 rum
2095 3209 2465 3265 moderatores
2482 3223 2690 3277 omnes,
2710 3211 2956 3266 navanda
2975 3212 3092 3268 suis
3107 3228 3268 3284 opera
3290 3213 3526 3266 maxime

1955 3301 2311 3370 delectantur,
2332 3295 2658 3372 laudemque
2678 3303 2840 3359 simul
2860 3313 2914 3358 et
2934 3304 3158 3375 gloriam
3177 3321 3300 3361 cum
3319 3305 3522 3360 labori-

1953 3393 2056 3449 bus
2083 3394 2197 3449 suis
2234 3409 2334 3464 pro
2363 3395 2641 3450 communi
2677 3397 2852 3452 salute
2885 3398 3152 3468 susceptis
3180 3399 3524 3469 eompensari

1953 3483 2177 3538 volunt:
2207 3484 2297 3540 alii
2319 3485 2536 3555 quidem
2554 3487 2769 3555 alendo,
2795 3489 3029 3560 regendo
3044 3490 3262 3557 alii,alii
3297 3489 3522 3545 meden-

1952 3575 2150 3638 do,alii
2171 3575 2562 3646 rempublicam
2597 3577 2866 3647 gerendo;
2886 3578 3097 3649 ipsique
3125 3580 3261 3634 adeo
3286 3579 3525 3650 philoso-

1953 3667 2044 3736 phi
2077 3682 2179 3723 suo
2205 3667 2299 3723 illo
2328 3667 2788 3724 instituendorum
2812 3669 3093 3726 hominum
3112 3682 3308 3726 conatu
3336 3687 3399 3726 ac
3415 3681 3525 3726 stu-

1951 3757 2042 3814 dio
2067 3759 2332 3830 majorem
2351 3759 2404 3813 in
2425 3759 2644 3815 modum
2669 3761 2987 3818 efferuntur.
3006 3762 3372 3818 Audebuntne
3394 3777 3522 3817 vero

1951 3848 2226 3920 Epicurus
2265 3859 2321 3905 et
2355 3849 2702 3913 Democritus
2729 3851 2932 3917 dicere,
2965 3853 3252 3909 molestum
3298 3855 3402 3910 sibi
3443 3863 3525 3908 at-

1950 3957 2057 4011 que
2109 3943 2345 3998 invisum
2374 3959 2496 4000 esse
2530 3943 2949 4014 philosophandi
2989 3947 3228 4002 munus?
3262 3945 3378 4001 lmo
3410 3961 3522 4001 non

1953 4035 2119 4090 aliam
2152 4035 2398 4106 profeeto
2415 4037 2545 4092 huic
2572 4037 2742 4090 animi
2774 4039 3108 4108 voluptatem
3144 4046 3516 4110 anteponant:

1949 4129 2050 4182 etsi
2086 4127 2230 4182 enim
2260 4127 2464 4182 bonum
2487 4127 2817 4198 voluptatem
2858 4144 3074 4184 onmem
3104 4145 3226 4185 esse
3253 4138 3518 4197 statuunt,

1949 4219 2054 4274 hoc
2078 4230 2258 4273 tamen
2291 4219 2472 4274 dicere
2505 4220 2858 4284 verebuntur,
2886 4220 3257 4290 philosophari
3283 4221 3385 4277 sibi
3411 4237 3519 4278 non

1947 4325 2070 4366 esse
2097 4311 2304 4382 vulgari
2333 4311 2611 4381 voluptate
2634 4313 2950 4380 jucundius.
2979 4311 3119 4368 Deos
3147 4327 3332 4382 porro,
3379 4326 3519 4382 quos

1946 4412 2120 4474 poeta:
2151 4403 2368 4474 quidem
2394 4405 2646 4458 bonorum
2677 4413 2916 4458 auctores
2937 4404 3255 4474 praedicant,
3283 4405 3518 4474 philoso-

1945 4497 2037 4568 phi
2063 4511 2194 4552 vero
2219 4497 2329 4566 isti,
2359 4498 2560 4553 nullius
2585 4499 2807 4554 omnino
2839 4497 2966 4553 boni
2985 4498 3070 4552 vel
3091 4505 3342 4552 auctores
3371 4511 3515 4562 esse,

269 4585 468 4665 σκευὴν
500 4587 916 4658 προσνέμοντες,
965 4588 1029 4641 ἵν’
1063 4590 1128 4642 ὲκ
1172 4589 1265 4644 τοῦ
1315 4590 1506 4656 θεῖναι,
1536 4592 1683 4645 τοῦτ’
1728 4592 1844 4647 ἔστι

1956 4589 2033 4644 vel
2056 4588 2345 4659 participes
2379 4589 2608 4645 ridendo
2631 4589 2878 4658 jactant;
2914 4589 3068 4655 deos,
3104 4586 3514 4657 inquam,illos,

269 4675 511 4746 ποιῆσαι,
533 4677 922 4749 θεοποιήσωσιν
941 4669 1136 4760 abaci»;
1158 4681 1369 4752 (τούτου
1391 4683 1504 4755 γὰρ
1521 4683 1686 4739 ἓνεκα
1705 4684 1842 4756 πρὸς

266 4765 519 4839 ἀλήθειαν
568 4773 596 4824 ὁ
645 4771 752 4826 τῶν
801 4771 1054 4828 ἁπάντων
1098 4769 1333 4846 λποιητὴς
1381 4777 1478 4829 καὶ
1516 4775 1841 4849 δημιουργὸς

271 4859 426 4928 μόνος
461 4863 578 4916 ἐστὶ
603 4864 755 4936 Θεός)
777 4882 790 4896 ·
827 4867 962 4938 μήτε
993 4866 1274 4939 διοίκησιν,
1309 4868 1342 4938 ἢ
1377 4869 1580 4942 κρίσιν,
1615 4870 1647 4941 ἢ
1682 4872 1841 4942 χάριν

141 5011 165 5028 ὰ
269 4951 444 5008 αὑτῶν
472 4971 596 5010 τινα
629 4957 764 5028 πρὸς
791 4957 1112 5030 ἀνθρώπους
1155 4960 1512 5032 ἐκτιθέμενοι,
1555 4963 1641 5016 ἵνα
1677 4961 1839 5032 φόϐον

266 5042 300 5113 ἢ
329 5046 494 5119 τιμὴν
527 5047 863 5118 ὀφλήσαντες
894 5053 1358 5124 προσκυνήσωμεν
1388 5055 1569 5120 αὐτοῖς
1593 5072 1608 5121 ;
1642 5051 1719 5110 Ἦ
1745 5056 1836 5110 τοῦ

267 5135 470 5209 κόσμου
521 5140 809 5212 προκύψας
871 5142 1191 5218 Ἐπίκουρος
1215 5187 1231 5211 ,
1288 5147 1382 5202 καὶ
1437 5147 1528 5202 τὸν
1590 5148 1837 5221 οὐράνιον

268 5227 508 5302 ὑπερϐὰς
541 5232 842 5306 περίϐολον,
881 5236 916 5308 ἢ
950 5237 1036 5292 διά
1069 5257 1229 5293 τινων
1263 5241 1509 5311 κρυφίων
1558 5239 1624 5305 ἃς
1677 5242 1838 5312 μόνος

360 5382 446 5525 47;
497 5386 751 5456 Ἀληθές.
788 5387 949 5444 Forte
974 5391 1158 5463 ἄηθες.
1197 5393 1384 5450 Vmen.

360 5454 425 5508 48
487 5459 668 5512 Φύσει
722 5457 834 5525 γὰρ
877 5459 1098 5525 γνώμη.
1150 5462 1384 5521 Praeclar

358 5454 668 5536 48)“¢Pt'10’ét
722 5457 834 5536 rch
877 5454 1417 5536 γξώμήᾙΡτωριωιο
1464 5465 1676 5523 Tullius
1737 5483 1833 5536 pro

271 5519 548 5606 tifdrcello,
591 5519 742 5606 seet:
776 5519 810 5580 Ἰ
851 5519 1203 5606 ε’Νιῖηάιιοηι
1257 5519 1688 5591 ιὲὶὴέὶ-ειαέξιῖιὶι
1738 5519 1837 5591 ’δαί-

266 5599 458 5714 menige
488 5599 874 5664 commiscetur,
905 5617 997 5655 nec
1021 5599 1091 5656 ad
1115 5606 1391 5661 consilium
1417 5623 1574 5663 casus
1598 5608 1835 5662 admitti-

359 5701 370 5712 .
426 5680 477 5714 ι).

293 5675 370 5712 ur.
406 5675 477 5719 ID.

336 5729 444 5804 (49)
508 5737 626 5807 Τὴν
679 5741 892 5810 τύχην.
942 5741 1216 5801 Hactenus
1274 5750 1441 5805 verba
1500 5747 1830 5805 Democriti:

336 5760 444 5804 ι’·ιδ)
509 5760 626 5807 ιην
679 5760 892 5863 τυῦην.
943 5760 1216 5801 uactcnns
1274 5764 1285 5786 τ

257 5813 726 5882 νηιιξιξμξθᾳυιιιιιιιτ
798 5813 992 5882 ionysii
1028 5825 1174 5870 sunt.
1209 5816 1285 5875 In,

336 5869 442 5940 (⁵ο)
496 5869 627 5934 Ἡδὺ
657 5880 744 5935 όν.
784 5869 943 5940 Forte
975 5883 1121 5957 ἥδιον

1947 4680 2148 4749 quibus
2193 4679 2410 4734 tandem
2459 4679 2762 4734 rationibus
2802 4689 2862 4734 ut
2889 4678 3024 4733 deos
3052 4694 3176 4735 esse
3206 4687 3394 4748 putent
3423 4677 3518 4731 ad-

1947 4774 2256 4841 ducuntur;
2287 4786 2428 4842 quos
2465 4787 2566 4828 nec
2599 4778 2895 4842 praesentes
2938 4771 3178 4838 videant,
3204 4786 3305 4826 nec
3333 4785 3516 4825 rerum

1947 4865 2243 4936 quidquam
2271 4864 2561 4920 molientes
2596 4862 2765 4934 (quod
2807 4863 2979 4919 secuti
3018 4863 3206 4918 saltem
3243 4863 3515 4929 videntur,

1945 4958 2039 5028 qui
2063 4957 2256 5024 solem,
2292 4957 2481 5011 lunam
2533 4971 2598 5012 ac
2637 4956 2821 5012 stellas
2866 4955 3139 5022 admirati,
3190 4953 3364 5018 θεούς,
3411 4953 3514 5007 hoc

1945 5061 2029 5108 est
2075 5052 2219 5118 deos,
2250 5051 2340 5107 διὰ
2371 5052 2436 5106 τὸ
2486 5053 2667 5118 θέειν,
2704 5051 2759 5106 id
2791 5060 2894 5119 est,
2923 5066 2953 5104 a
2982 5050 3254 5105 currendo
3290 5056 3514 5102 vocatos

1945 5159 2066 5201 esse
2117 5145 2420 5217 dixerunt),
2455 5160 2556 5202 nec
2606 5144 2718 5199 ullo
2764 5158 2990 5213 prorsus
3035 5142 3094 5220 ini
3139 5156 3364 5210 operum
3415 5147 3509 5193 aut

1945 5238 2286 5296 functionum
2326 5255 2526 5311 genere
2567 5239 2768 5296 versari
2816 5239 3062 5301 credant,
3093 5247 3152 5291 ut
3184 5251 3278 5291 eos
3317 5237 3380 5289 ὲκ
3417 5233 3512 5288 τοῦ
3549 5227 3556 5234 ’

2016 5397 2128 5469 (51)
2168 5397 2441 5469 Δωτῆρας
2467 5398 2639 5453 ἐάων.
2660 5397 2926 5469 Homerus
2952 5396 3144 5469 Odyss.
3172 5393 3215 5448 Θ
3236 5411 3334 5469 ,_v.
3368 5395 3510 5452 525:

1943 5539 1986 5593 Ε
2018 5464 2240 5593 Ἔάὲἕιζ·
2265 5464 2422 5523 arar
2436 5470 2781 5537 προθύροισι
2811 5467 2934 5522 θεοὶ
2962 5464 3221 5534 δωτῆρες
3247 5464 3424 5520 ἐάων.

1989 5553 2009 5593 ι
2041 5556 2093 5593 v.
2193 5559 2227 5592 ο
2256 5558 2270 5593 :
3179 5555 3182 5558 ’

1989 5553 2093 5594 tv.
2123 5539 2270 5594 535:
3179 5555 3182 5558 ’

2025 5610 2458 5680 Ἐρμείαη-Διός
2489 5608 2582 5662 vis
2604 5651 2619 5675 ,
2651 5607 2918 5680 διάκτορε
2938 5647 2951 5670 ,
2979 5604 3165 5674 δῶτορ
3193 5607 3364 5660 ἐάων.

2013 5677 2131 5752 (5‘2)
2154 5751 2158 5752 ν
2179 5678 2510 5752 Ἀδώρητοι.
2545 5680 2600 5752 id
2634 5691 2735 5748 est,
2771 5677 3038 5752 nullorum
3073 5689 3311 5752 auctores
3328 5683 3508 5752 dono-

1941 5748 2058 5804 rum
2082 5748 2114 5818 ,⁷
2149 5751 2253 5805 hoc
2292 5750 2511 5820 quidem
2559 5751 2713 5817 loco,
2749 5749 2841 5804 ubi
2874 5748 3114 5819 δωτῆρες
3153 5759 3209 5805 et
3241 5748 3508 5820 ἀδώρητοι

1941 5817 2321 5891 opponuntur.
2340 5817 2415 5874 In.
