4058 6402
563 433 699 488 ηδτ

1542 430 1598 484 S.
1641 427 1930 484 DIONYSII
1968 424 2275 481 EPlSCOPl
2313 426 2772 480 ALEXANDRIM

3641 431 3664 486 Ι
3675 432 3773 488 268

779 511 790 530 κ

563 556 735 609 θεῖναι
764 552 919 620 ,lhoc
971 563 1053 610 est
1099 555 1165 608 ab
1209 554 1484 608 eﬂicicndo
1531 555 1938 624 θεοποιήσωσιν,
1991 552 2120 606 deos

2228 546 2376 612 εἶδεν,
2410 548 2634 614 ἐξελθὼν
2683 545 2879 613 πυλῶν,
2914 545 3005 610 οὓς
3049 546 3158 617 (55)
3194 549 3249 601 ἐν
3283 546 3360 637 τῷ
3392 545 3530 617 κενῷ
3563 551 3774 603 κατεῖδε

565 647 798 702 elliciant
835 646 1134 717 (propterea
1188 647 1386 715 quippe
1411 647 1654 700 omnium
1687 646 1910 700 effector
1953 655 2117 714 atque

566 741 786 793 molitor
816 754 956 793 unus
985 752 1112 792 vere
1143 735 1284 791 Deus
1306 736 1440 805 est);
1470 737 1618 790 nullo
1648 738 1880 805 denique
1909 737 1990 790 vel
2022 752 2119 805 gu-

567 827 922 892 bernationis,
961 826 1046 881 vel
1097 826 1311 895 judicii,
1354 827 1437 880 vel
1470 827 1713 880 beneﬁcii
1751 827 1967 880 vinculo
1993 842 2115 880 eum

566 918 877 972 hominibus
913 917 1086 971 teneri
1124 917 1309 981 velint,
1341 924 1399 970 ut
1431 917 1634 970 cultum
1672 917 1740 972 iis
1773 918 2006 985 aliquem
2032 917 2118 970 vel

569 1020 712 1062 metu
742 1009 827 1062 vel
859 1008 1082 1064 honoris
1111 1023 1274 1062 causa
1319 1008 1645 1063 debeamus?
1680 1009 1819 1063 Num
1854 1009 2118 1078 Epicurus

571 1096 727 1162 forte,
773 1113 894 1152 cum
935 1099 1075 1151 ultra
1131 1097 1391 1150 mundum
1442 1097 1586 1151 hunc
1641 1097 2002 1166 prospiciens,
2057 1112 2121 1151 ae

567 1191 834 1244 caelestem
877 1191 1028 1245 illum
1082 1190 1342 1244 ambitum
1387 1199 1840 1258 prietergressus,
1877 1197 1971 1242 aut
2025 1204 2121 1258 per

567 1277 836 1330 occultum
889 1277 1161 1346 quoddam
1216 1277 1481 1345 posticum
1541 1278 1752 1347 sibique
1793 1276 1892 1331 soli
1934 1287 2118 1331 notum

565 1383 836 1434 egressus,
870 1369 1002 1423 deos
1036 1369 1089 1422 in
1139 1383 1312 1422 vacuo
1360 1367 1616 1437 degentes
1651 1369 1805 1431 vidit,
1853 1384 1918 1423 ac
1968 1383 2120 1423 sum-

567 1477 711 1515 mam
741 1478 928 1516 eorum
952 1463 1116 1517 tantis
1140 1464 1194 1516 in
1226 1462 1436 1519 deliciis
1458 1463 1764 1518 felicitatem
1800 1464 2118 1530 admiratus,

568 1554 896 1622 voluptatem
945 1554 1068 1607 inde
1118 1532 1478 1622 concupiscit,
1527 1565 1687 1624 atque
1736 1555 1882 1608 illam
1918 1571 2036 1623 qua:
2070 1555 2122 1607 in

569 1661 740 1700 vacuo
787 1646 1002 1701 ducitur
1053 1641 1218 1700 vitam
1272 1646 1578 1712 aemulatus,
1623 1662 1813 1702 omnes
1870 1647 2126 1701 continuo

474 1757 475 1760 η
565 1747 825 1805 tanquam
869 1738 1094 1793 deorum
1137 1737 1351 1792 illorum
1392 1739 1602 1792 similes
1637 1738 1871 1802 futuros,
1909 1738 2027 1806 ejus
2057 1737 2122 1791 ad

567 1828 842 1882 felicitatis
891 1829 1326 1882 communionem
1394 1843 1458 1882 ac
1513 1829 1824 1884 societatem
1888 1830 2119 1882 invitat:

567 1919 767 1987 quibus
800 1920 891 1974 ille
919 1921 1280 1986 coenaeulum,
1314 1935 1421 1975 non
1453 1919 1564 1988 jam
1598 1921 1798 1977 caelum
1825 1931 1918 1974 aut
1952 1920 2124 1991 olym-
2157 1886 2198 1941 Β

567 2028 720 2082 pum,
750 2014 809 2066 ut
833 2021 1022 2082 poetae,
1060 2013 1150 2068 sed
1184 2029 1411 2067 vacuum
1450 2014 1691 2079 instruit,
1724 2012 2024 2068 confectam
2056 2029 2122 2068 ex

569 2105 769 2159 atomis
798 2118 1075 2172 apponens
1107 2104 1460 2172 ambrosiam,
1488 2105 1833 2174 indidemque
1867 2104 2121 2161 haustum

569 2202 756 2248 nectar
797 2194 1132 2263 propinans?
1171 2193 1435 2247 Cmterum
1475 2194 1542 2249 iis
1571 2194 1638 2248 de
1659 2195 1822 2248 rebus
1841 2209 1962 2262 qua:
1990 2195 2126 2248 nihil

569 2285 638 2339 ad
683 2300 782 2339 nos
832 2285 1153 2353 pertineant,
1187 2285 1333 2338 mille
1360 2285 1665 2354 juramenta
1708 2299 2001 2354 sacrasque
2027 2284 2125 2338 ob-

569 2377 885 2433 testationes
909 2377 1024 2432 suis
1047 2376 1249 2446 passim
1277 2376 1430 2430 libris
1463 2377 1772 2442 inferciens,
1809 2392 1904 2446 per
1939 2375 2125 2432 Jovem

571 2469 790 2524 assidue
818 2469 901 2524 vel
935 2477 1096 2540 negat
1131 2469 1334 2538 aliquid
1373 2471 1454 2525 vel
1488 2469 1751 2533 allirmat;
1785 2471 2129 2539 lectoresque

571 2578 723 2628 suos,
757 2572 810 2618 et
846 2579 941 2620 eos
974 2564 1300 2634 quibuscum
1335 2563 1450 2632 ipse
1480 2564 1744 2634 disputat,
1768 2563 1994 2618 deorum
2032 2563 2131 2616 ob-

571 2655 790 2725 stringit
817 2655 1100 2726 religione,
1120 2671 1228 2710 non
1258 2657 1402 2726 quod
1435 2655 1558 2711 illos
1598 2656 1715 2724 ipse
1741 2663 2012 2720 vereatur,
2035 2662 2130 2708 aut

568 2746 868 2816 periurium
898 2748 1013 2802 ullo
1043 2748 1204 2803 modo
1233 2746 1582 2812 reformidet;
1615 2748 1708 2802 sed
1742 2748 1958 2801 inanem
1990 2747 2130 2802 hanc

568 2846 734 2906 atque
761 2837 1098 2911 mendacem,
1124 2853 1429 2907 vanamque
1455 2854 1518 2893 ac
1552 2838 1686 2892 nihil
1717 2837 1938 2892 omnino
1963 2837 2131 2906 signi-

569 2929 822 2986 ﬁcantem
864 2929 1293 2999 disputationum
1336 2945 1563 2984 suarum
1614 2931 1962 2998 appendicem
1995 2929 2130 2984 ellu-

570 3020 734 3085 tiens,
766 3035 875 3074 non
908 3020 1066 3075 aliter
1125 3035 1189 3076 ac
1236 3022 1280 3076 si
1335 3029 1555 3076 excreet
1604 3029 1700 3075 aut
1751 3029 1998 3090 exspuat,
2036 3028 2130 3074 aut

571 3120 862 3166 convertat
899 3114 1127 3178 vultum,
1163 3121 1257 3168 aut
1300 3127 1521 3167 manum
1565 3121 1920 3168 commoveat.
1973 3111 2132 3183 Ejus-

2220 640 2393 703 θεοὺς,
2447 639 2539 693 καὶ
2579 639 2676 710 τὴν
2719 640 2916 711 πολλὴν
2963 638 3136 692 αὐτῶν
3191 639 3488 709 ἐμακάρισε
3530 639 3774 709 τρυφὴν,

2220 729 2469 783 κάκεῖθεν
2512 719 2846 800 ἐπιθυμητὴς
2868 730 3153 800 γενόμενος
3177 729 3276 798 τῆς
3315 729 3524 800 ήδονῆς,
3557 729 3652 783 καὶ
3683 731 3776 799 τῆς

2219 826 2276 877 ἐν
2314 822 2392 892 τῷ
2441 821 2580 893 κενῷ
2613 823 2858 894 ζηλωτὴς
2888 822 3114 892 διαίτης,
3145 821 3284 875 οὕτω
3317 821 3522 885 πάντας
3554 821 3650 874 ἐπὶ
3688 823 3775 876 τοῦ

2223 914 2571 984 μακαρισμοῦ
2610 914 2797 968 τούτου
2850 913 3170 984 μετουσίαν,
3222 913 3777 984 ἐξομοιωθησομένους

2219 1005 2446 1067 ἐκείνοις
2491 1007 2601 1066 τοῖς
2651 1003 2810 1069 θεοῖς,
2858 1004 3198 1076 παρακαλεῖ,
3253 1002 3546 1072 συμπόσιον
3603 1003 3779 1065 αὐτοῖς

2223 1097 2508 1166 μακάριον,
2554 1098 2649 1166 οὐχ
2697 1098 2833 1167 ὅπερ
2879 1097 2926 1148 οἱ
2974 1097 3210 1166 ποιηταὶ,
3245 1095 3332 1148 τὸν
3371 1095 3596 1166 οὐρανὸν
3629 1096 3662 1165 ἢ
3697 1095 3782 1149 τὸν

2221 1190 2482 1258 ὄλυμπον,
2515 1189 2648 1242 ἀλλὰ
2680 1189 2739 1242 τὸ
2772 1190 2926 1242 κενὸν
2960 1188 3293 1260 συγκροτῶν,
3329 1189 3391 1242 ἔκ
3419 1206 3477 1240 τε
3525 1187 3632 1242 τῶν
3663 1188 3782 1242 ἀτό-

2225 1297 2339 1348 μων
2371 1280 2480 1350 (54)
2502 1281 2598 1350 τὴν
2631 1281 2935 1351 ἀμϐροσίαν
2967 1281 3148 1343 αὐτοῖς
3177 1279 3516 1350 παρατιθεὶς,
3539 1280 3635 1333 καὶ
3659 1297 3786 1350 προ-

2225 1370 2394 1423 πίνων
2443 1372 2621 1434 αὑτοῖς
2663 1371 2720 1436 ἐξ
2765 1371 2986 1425 ἐκείνων
3035 1370 3098 1424 τὸ
3133 1370 3360 1441 νέκταρ;
3395 1370 3506 1422 Καὶ
3554 1369 3620 1439 δὴ
3671 1372 3784 1422 κατ’

2224 1462 2444 1514 ἐκείνων
2472 1461 2580 1513 τῶν
2616 1462 2781 1532 μηδὲν
2814 1463 2948 1532 πρὸς
2979 1462 3148 1532 ἡμᾶς,
3184 1462 3377 1532 ὅρκους
3413 1478 3472 1512 τε
3518 1462 3613 1513 καὶ
3645 1463 3799 1531 ὁρκι-’

2225 1552 2394 1620 σμοὺς
2425 1552 2648 1620 μυρίους
2681 1552 2792 1614 τοῖς
2821 1548 3012 1603 ἐαυτοῦ
3049 1549 3270 1620 βιϐλίοις
3309 1549 3599 1619 ἐγγράφει,
3627 1548 3788 1619 ὸμνύς

2222 1660 2281 1696 τε
2309 1643 2544 1714 συνεχῶς
2577 1644 2651 1714 μὰ
2682 1643 2776 1696 Δία
2809 1644 2902 1696 καὶ
2933 1643 2998 1714 νὴ
3032 1643 3148 1705 Δία,
3178 1641 3415 1712 ἐξορκῶν
3447 1658 3508 1694 τε
3546 1641 3674 1703 τοὺς
3707 1642 3789 1694 ἐν·

2223 1737 2589 1805 τυγχάνοντας
2620 1736 2714 1790 καὶ
2735 1736 2869 1806 πρὸς
2895 1735 2986 1798 οὓς
3011 1734 3331 1802 διαλέγοιτο,
3353 1734 3487 1804 πρὸς
3506 1732 3614 1786 τῶν
3635 1731 3788 1796 θεῶν,

2227 1827 2286 1881 οὕ
2316 1827 2368 1879 τί
2403 1844 2504 1880 που
2537 1826 2721 1890 δεδιὼς
2754 1827 2915 1889 αὐτὸς
2946 1825 3077 1895 (55),
3110 1825 3142 1896 ἢ
3183 1823 3546 1893 δεδιττόμενος
3593 1823 3791 1884 ἐκεῖνος

2223 1901 2321 1990 τὴν
2355 1920 2657 1990 ἐπιορκίαν,
2679 1918 2833 1971 κενὸν
2853 1918 2910 1971 δὲ
2933 1917 3108 1982 τοῦτο,
3141 1917 3236 1970 καὶ
3255 1915 3469 1985 ψευδὲς,
3493 1914 3589 1968 καὶ
3611 1913 3790 1987 ἀργὸν,

2226 2015 2318 2068 καὶ
2338 2013 2548 2085 ἄσημον
2577 2012 3038 2082 ἐπιφθεγγόμενος
3068 2012 3179 2073 τοῖς
3197 2009 3374 2076 λόγοις
3397 2006 3564 2061 αὑτοῦ
3591 2005 3792 2076 παράρ-

2225 2125 2393 2177 τημα,
2411 2103 2520 2158 οἷον
2553 2107 2600 2158 εί
2628 2105 2720 2158 καὶ
2748 2104 3073 2175 χρέμπτοιτο
3105 2101 3198 2156 καὶ
3230 2099 3408 2163 πτύοι,
3437 2099 3498 2152 τό
3521 2116 3584 2152 τε
3625 2099 3786 2168 προσ-

2225 2217 2372 2253 ωπον
2424 2198 2664 2269 στρέφοι,
2719 2196 2813 2248 καὶ
2843 2195 2941 2265 τὴν
2973 2198 3129 2266 χεῖρα
3172 2193 3367 2262 κινοίη.
3401 2191 3638 2262 Τοιαύτη
3691 2189 3791 2259 γὰρ

2227 2290 2534 2360 ἀδιανόητος
2563 2284 2687 2358 ἦνή
2723 2288 2852 2358 παρ’
2885 2285 3033 2356 αὐτῷ
3055 2285 3164 2354 καὶ,
3186 2284 3389 2354 ματαία
3421 2283 3733 2353 ὑπόκρισις,
3760 2282 3788 2348 ἠ
3890 2278 3894 2282 ’

2227 2384 2335 2437 τῶν
2372 2381 2506 2435 θεῶν
2543 2379 2824 2449 ὀνομασία.
2879 2377 3040 2430 Ἀλλά
3078 2377 3236 2430 τοῦτο
3272 2375 3368 2446 μὲν
3399 2373 3685 2444 πρόδηλον,
3718 2371 3794 2423 ὅτι

2232 2475 2368 2545 μετὰ
2422 2473 2511 2526 τὸν
2557 2469 2876 2540 Σωκράτους
2941 2467 3168 2521 θάνατον
3222 2463 3583 2534 κατεπτηχὼς
3647 2462 3794 2530 Ἀθη-

2228 2565 2428 2628 ναίους,
2473 2561 2548 2626 ὡς
2603 2559 2678 2630 μὴ
2721 2559 2902 2628 δοκοίη
2947 2557 3092 2610 τοῦθ’
3125 2558 3259 2628 ὅπερ
3306 2551 3398 2626 ἦν,
3429 2554 3606 2619 ἄθεος
3640 2549 3791 2614 εἶναι,

2229 2656 2392 2718 κενὰς
2420 2655 2599 2715 αὐτοῖς
2619 2651 2998 2706 ἀνυποστάτων
3018 2649 3153 2702 θεῶν
3180 2646 3650 2718 τερατευσάμενος
3668 2644 3791 2707 ἐξω⁹

2229 2749 2476 2819 γράφησε
2529 2745 2705 2810 σκιάς.
2757 2743 2893 2797 Οὔτε
2948 2743 3058 2814 γὰρ
3109 2744 3188 2806 είς
3237 2741 3462 2813 οὐρανὸν
3509 2737 3793 2806 ἀνέϐλεψεν

2229 2845 2433 2914 νοεροῖς
2464 2839 2783 2909 ὀφθαλμοῖς,
2817 2837 2907 2890 ἵνα
2938 2835 3036 2905 τῆς
3067 2833 3328 2904 ἐναργοῦς
3368 2830 3575 2886 ἀνωθεν
3627 2828 3792 2898 φωνῆς

2230 2933 2457 3006 ἀκούσῃ,
2491 2927 2558 3004 ἦς
2578 2934 2606 2984 ὁ
2635 2928 2991 3000 προσεκτικὸς
3025 2925 3218 2997 θεατὴς
3253 2921 3602 2986 κατακούσας
3636 2922 3794 2991 ἐμαρ-

2229 3025 2462 3095 τύρησεν
2484 3041 2498 3053 ·
2530 3023 2610 3075 ὅτι
2657 3023 2724 3074 Ol
2766 3017 3008 3086 οὐρανοὶ
3049 3015 3391 3084 διηγοῦνται
3419 3013 3612 3078 δόξαν
3637 3009 3792 3072 Θεοῦ.

2232 3117 2480 3184 ποίησιν
2502 3113 2570 3169 δὲ
2593 3111 2803 3185 χειρῶν
2823 3110 3009 3166 αὐτοῦ
3024 3108 3377 3178 ἀναγγέλλει
3392 3109 3456 3160 τὸ
3475 3106 3791 3175 στερέωμα.

571 3203 718 3259 modi
741 3205 938 3275 quippe
962 3208 1139 3260 omnis
1177 3205 1283 3259 ista
1309 3205 1534 3259 deorum
1567 3205 1858 3274 appellatio
1890 3212 1996 3269 est,
2028 3220 2124 3260 su-

2232 3209 2368 3262 Οῠτε
2389 3212 2453 3280 τῇ
2484 3206 2687 3276 διανοίᾳ
2708 3205 2948 3259 κατεῖδεν
2971 3204 3049 3267 είς
3069 3200 3330 3271 τοῦδαφος
3347 3217 3360 3231 ο
3399 3199 3571 3271 ἔμαθε
3587 3199 3690 3269 γὰρ
3715 3195 3794 3258 ἂν,

568 3297 773 3366 perﬂua
814 3297 1058 3368 quaedam
1100 3312 1165 3351 ac
1213 3311 1405 3363 sensus
1433 3311 1627 3365 expers
1658 3296 1930 3365 studiique
1955 3297 2126 3350 simu-

2228 3302 2449 3368 ὅτι,Τοῦ
2464 3301 2674 3366 ἐλέους
2685 3298 2902 3366 Κυρίου
2915 3296 3154 3384 πλῄρης
3168 3297 3206 3363 ὴ
3223 3292 3320 3364 γῆ,
3339 3294 3434 3347 καὶ
3447 3294 3550 3357 ὅτι,
3574 3291 3680 3346 Τοῦ
3693 3293 3796 3343 Κυ-

567 3389 721 3449 latio.
743 3387 813 3442 At
839 3388 970 3443 illud
998 3387 1215 3458 quidem
1240 3388 1396 3456 longe
1417 3387 1802 3454 certissimum,
1820 3403 1941 3443 cum
1960 3387 2127 3441 Athe-

2228 3395 2360 3462 ρίου
2381 3394 2420 3462 ἠ
2445 3391 2544 3462 γῆ,
2566 3389 2748 3445 καὶτὸ
2775 3381 3060 3457 πλήρωμα
3081 3385 3288 3454 αὐτῆςο
3308 3386 3421 3450 καὶ,
3448 3385 3609 3438 Μετὰ
3627 3381 3796 3436 ταῦτα

567 3481 788 3536 nienses
838 3495 870 3534 a
919 3477 1158 3534 Socralis
1212 3479 1429 3534 interitu
1483 3487 1770 3543 metueret,
1826 3495 1894 3534 ne
1951 3479 2128 3548 qualis

570 3581 690 3626 erat
734 3572 912 3625 atheos
943 3585 1065 3627 esse
1113 3571 1404 3635 videretur,
1432 3586 1632 3626 vacuas
1662 3571 1730 3627 iis
1775 3571 2126 3628 leviculorum

571 3664 800 3718 deorum
836 3663 1060 3718 umbras
1107 3679 1308 3720 novum
1355 3664 1733 3719 circulatorem
1781 3664 2126 3721 informasse.

571 3752 683 3809 Nec
714 3755 856 3806 enim
885 3753 1130 3823 profecto
1155 3761 1250 3810 aut
1281 3755 1618 3823 spiritalibus
1667 3772 1909 3825 unquam
1955 3757 2131 3813 oculis

573 3845 820 3914 suspexit
844 3845 896 3898 in
929 3846 1150 3911 ecelum,
1181 3855 1238 3902 ut
1262 3847 1623 3903 clarissimam
1651 3849 1799 3903 illam
1834 3849 2132 3919 superiori-

570 3937 676 3996 bus
706 3952 737 3992 e
765 3937 898 3993 locis
918 3954 1102 3994 vocem
1133 3940 1438 4006 exaudiret,
1476 3956 1582 4010 qua
1616 3943 1855 3997 intentus
1877 3943 1965 3997 ille
1998 3958 2130 3997 eon-

571 4029 860 4098 templator
880 4029 1092 4087 amatus
1108 4047 1232 4086 cum
1255 4043 1418 4100 esset,
1443 4033 1765 4110 exclamavit
1786 4053 1800 4087 :
1827 4032 1955 4089 ϐαειὶ
1977 4051 2128 4088 enar-

572 4130 696 4174 rant
726 4121 950 4190 gloriam
992 4122 1110 4188 Dei,
1143 4135 1192 4178 et
1228 4141 1386 4193 opera
1430 4141 1683 4178 manuum
1711 4125 1824 4194 ejus
1854 4128 2133 4180 annuntiat

571 4216 1045 4285 ﬁrmamentum”.
1085 4215 1194 4270 Aut
1239 4233 1368 4272 vero
1411 4217 1584 4273 solum
1616 4217 1792 4286 ipsum
1829 4225 2010 4272 mente
2035 4218 2134 4272 de-

573 4308 779 4376 spexit;
810 4309 914 4364 hoc
934 4308 1080 4363 enim
1108 4309 1152 4363 si
1185 4306 1422 4372 fecisset.
1448 4310 1729 4364 didicisset
1759 4309 1967 4379 utique,
1990 4310 2135 4378 quod

2233 3483 2366 3554 γὰρ,
2412 3482 2564 3552 φησι,
2613 3474 2831 3548 Κύριος
2873 3482 2960 3544 εὶς
3009 3478 3123 3545 τὴν
3173 3476 3290 3546 γῆν
3339 3475 3658 3543 ἐπέϐλεψε,
3707 3470 3792 3523 καὶ

2234 3575 2579 3644 ἐνέπλησεν
2605 3572 2797 3639 αὐτὴν
2819 3570 2938 3624 τῶν
2959 3569 3195 3640 ἀγαθῶν
3215 3568 3419 3622 αὑτοῦ.
3448 3567 3666 3636 Ψυχὴν
3693 3561 3794 3633 (56)

2235 3666 2464 3732 παντὸς
2489 3664 2631 3727 ζώου
2663 3664 2934 3732 ἐκάλυψε
2963 3661 3029 3714 τὸ
3073 3662 3396 3730 πρόσωπον
3419 3660 3632 3728 αὐτῆς.
3661 3659 3719 3711 Ei
3745 3655 3796 3708 δὲ

2236 3760 2312 3831 μὴ
2341 3759 2544 3829 σφόδρα
2570 3755 2988 3826 τυφλάγττουσιν,
3024 3753 3507 3823 ἐπισκεψάσθωσαν
3529 3754 3632 3822 τὴν
3663 3765 3798 3817 παμ-

2235 3850 2477 3904 ποίκιλον
2523 3850 2631 3904 τῶν
2683 3849 2834 3914 ζώων
2877 3848 3293 3919 πολυπλήθειαν,
3340 3845 3408 3898 τὰ
3457 3847 3703 3915 χερσαῖα,
3737 3838 3794 3890 τὰ

2239 3945 2440 4016 πτηνὰ,
2469 3943 2537 3996 τὰ
2586 3942 2780 4014 ἔνυδρα
2801 3960 2813 3972 ·
2850 3943 2942 3995 καὶ
2976 3941 3467 4012 κατανοησάτωσαν
3498 3940 3573 4001 ὡς
3607 3932 3793 4005 ἀληθὴς

2243 4037 2336 4090 ἐπὶ
2363 4039 2429 4107 τῇ
2465 4036 2680 4090 πάντων
2710 4035 2888 4106 κρίσει
2923 4033 3034 4104 (57)
3078 4034 3295 4103 γέγονεν
3325 4033 3358 4101 ἡ
3397 4031 3668 4102 μαρτυρία
3709 4023 3792 4078 τοῦ

2242 4133 2537 4185 Δεσπότου·
2573 4132 2682 4186 Καὶ
2715 4131 2910 4185 πάντα
2934 4131 3082 4184 κατὰ
3108 4127 3223 4197 τὴν
3258 4128 3444 4183 αὑτοῦ
3476 4123 3795 4196 πρόσταξιν

2243 4221 2474 4291 πέφηνε
2500 4221 2656 4276 καλά
2683 4213 2819 4291 (58).

572 4399 944 4458 Misericordia
989 4402 1204 4480 Domini
1246 4405 1400 4472 plena
1452 4414 1528 4458 est
1591 4414 1728 4459 terra
1745 4405 1822 4472 “;
1859 4405 2143 4475 quodque,
2193 4404 2406 4459 Domini
2458 4416 2534 4461 est
2560 4415 2699 4460 terra
2727 4416 2778 4460 et
2812 4405 3082 4474 plenitudo
3125 4404 3236 4473 ejus
3256 4402 3336 4467 τ’,
3386 4409 3441 4456 et
3473 4400 3644 4455 illud:
3678 4394 3792 4447 P081

574 4497 686 4555 hac
727 4499 884 4561 enim,
934 4499 1129 4568 inquit,
1173 4499 1427 4554 Dominus
1474 4502 1529 4554 in
1581 4510 1774 4554 terram
1823 4502 2075 4570 respexit,
2115 4510 2163 4558 et
2215 4501 2448 4570 implevit
2499 4502 2650 4555 illam
2699 4501 2846 4554 bonis
2898 4501 3029 4554 suis.
3080 4499 3273 4552 Anima
3313 4499 3480 4550 omnis
3518 4486 3792 4549 animantis

575 4594 781 4661 operuit
826 4593 1016 4662 faciem
1061 4594 1172 4662 ejus
1195 4597 1260 4650 ³⁸.
1297 4595 1399 4661 Qui
1450 4597 1497 4650 si
1541 4594 1709 4651 nimia
1737 4597 1978 4652 caecitate
2007 4611 2117 4650 non
2163 4598 2433 4664 laborant,
2467 4607 2670 4651 tantam
2725 4597 2872 4650 illam
2918 4611 2981 4650 ac
3038 4603 3148 4648 tam
3198 4592 3407 4647 variam
3445 4587 3791 4644 animantium

578 4687 984 4743 multitudinem
1066 4694 1521 4762 contemplentur,
1587 4702 1948 4760 terrenarum,
2002 4694 2323 4758 volatilium,
2375 4695 2730 4763 aquatilium;
2797 4708 2863 4746 ac
2935 4691 3153 4746 demum
3232 4687 3569 4756 intelligant,
3641 4691 3789 4750 quam

575 4797 767 4838 verum
815 4785 920 4839 hoc
950 4785 1005 4838 in
1040 4787 1280 4841 omnium
1333 4789 1709 4857 procreatione
1759 4789 2132 4847 testimonium
2185 4790 2392 4845 fuerit:
2422 4789 2490 4843 Et
2535 4790 2712 4842 omnia
2747 4790 3031 4845 secundum
3077 4785 3190 4855 ejus
3229 4783 3541 4838 mandatum
3591 4774 3793 4834 exstile'

579 4885 701 4930 runt
725 4876 880 4930 bona.

647 4971 693 5004 ⁸³
730 4970 876 5026 Psal.
909 4989 1073 5040 xvm,
1107 4975 1155 5027 l.

1232 4976 1275 5006 ’δ
1315 4973 1458 5029 Psal.
1489 4993 1672 5044 χχχιι,
1703 4978 1754 5033 5.
1831 4979 1879 5018 ³⁵
1916 4976 2060 5032 Psal.
2105 4993 2259 5044 xxnl,
2285 4977 2338 5030 l.
2413 4977 2459 5008 ²⁶
2499 4973 2662 5029 Eccli.
2695 4991 2809 5038 xvi,
2834 4974 2921 5039 50,
2949 4975 3039 5028 5i.

2178 5121 2222 5174 D
2251 5118 2516 5185 descripta
2560 5124 2725 5181 sunt,
2763 5114 2954 5185 subdit
2986 5111 3252 5185 Eusebius
3280 5130 3312 5185 :_
3337 5107 3521 5162 Ταυτά
3566 5121 3656 5185 μοι

2247 5179 2512 5243 πλείστων
2545 5179 2998 5256 ἐξήνθισταιίτῶν
3027 5181 3159 5252 πρὸς
3192 5180 3510 5256 Ἐπίκουρον
3553 5179 3792 5256 Διονκεξίίιξ

2247 5259 2324 5329 τῷ
2358 5259 2476 5312 καθ’
2511 5237 2657 5327 auia;
2689 5255 2968 5323 ἐπισκόπῳ
3018 5237 3430 5329 πεποιημένωνδ
3456 5247 3589 5329 Ηιζρ.
3613 5237 3792 5329 ηιίίξξῃξ

2248 5318 2486 5399 pluribus
2520 5318 2685 5380 libata
2711 5335 2834 5399 sunt
2866 5318 3020 5392 atque
3057 5318 3340 5399 decerpta,
3365 5335 3481 5399 qum
3527 5318 3790 5399 Diona-‘25

2248 5384 2515 5468 episcopus
2548 5397 2768 5468 wqualis.
2809 5384 2983 5449 noster
3019 5384 3266 5448 adversus
3295 5384 3578 5460 Epicurum
3620 5384 3788 5449 dispu-

2249 5471 2398 5524 tavit.
2430 5469 2596 5524 αλιι..

671 5114 757 5181 55)
802 5117 937 5182 Οὓς.
970 5117 1130 5172 Forte
1160 5118 1302 5181 τούς.
1339 5117 1528 5173 VIGER.

673 5185 762 5323 54)
815 5188 1079 5255 Ἀτόμων.
1113 5189 1298 5243 Scribe
1334 5189 1539 5259 ἀτμῶν.
1577 5188 1651 5242 In.

673 5256 741 5310 55
802 5259 1010 5322 Αὐτός.
1046 5257 1206 5313 Forte
1236 5259 1448 5322 αὐτούς.
1485 5260 1558 5313 In.

673 5256 762 5322 55)
802 5259 1010 5322 Αὐτός.
1046 5257 1206 5313 Forte
1236 5256 1448 5322 αὐτούς.
1485 5260 1558 5313 In.

672 5325 761 5401 ὅθ)
809 5329 1041 5401 ιξυχῄν.
1090 5327 1252 5401 Forte
1296 5329 1460 5401 ψυχῇ.
1509 5333 1584 5383 lu.
1623 5359 1691 5401 7—-
1728 5329 1918 5401 Ψυχήν
1963 5339 2141 5384 tamen

573 5396 797 5468 praefert
824 5396 1119 5468 Bibliorum
1152 5396 1320 5455 codex
1349 5396 1767 5455 Alexandrinus.

652 5465 761 5535 (57)
800 5468 1022 5533 Κρίσει.
1058 5467 1218 5523 Forte
1250 5470 1443 5523 κτίσει.
1481 5471 1554 5524 lo.

656 5545 768 5618 (58)
787 5545 976 5604 καλά,
1023 5535 1118 5592 His
1142 5537 1487 5612 Dionysianis
1509 5540 1692 5596 relatis
1719 5555 1837 5610 qua:
1862 5540 2144 5608 hucusque
