4058 6436
409 443 546 500 1269
1426 450 1519 505 EX
1558 452 1777 508 LIBRIS
1816 455 2183 512 ADVERSUS
2224 457 2626 515 SABELLIUM.
3246 531 3250 539 ι
3514 471 3646 524 19.70

465 589 509 642 Ε
549 593 719 646 sacris
753 594 1128 650 Parallelis'S.
1167 595 1390 650 Joannis
1419 599 1733 656 Damascem’
1777 602 2231 673 Rupefucaldinis.
2266 608 2399 676 Opp.
2435 620 2559 662 tom.
2591 609 2651 673 ll,
2689 626 2808 678 pag.
2836 609 2938 664 752
2968 611 3027 665 C.
3058 614 3184 667 edit.
3224 615 3396 669 Paris.
3431 617 3587 671 1719..

405 685 511 738 Τοῦ
564 689 722 757 ἁγίου
755 692 1030 745 Διονυσίου
1061 692 1482 764 ·Ἀλεξανδρείας
1528 699 1667 767 Περὶ
1711 701 1967 768 φύσεως.
2001 751 2007 762 ι

1784 702 1967 766 ῡσεως.
2001 709 2047 763 Α
2317 704 2373 757 S.
2410 704 2650 776 Dionysii
2687 706 3034 760 Alexandrini
3064 708 3136 762 De
3169 719 3386 764 natura.

474 780 585 850 Οὐχ
627 781 811 848 ἁπλῶς
859 783 966 837 τῶν
1015 785 1284 856 μεριστῶν
1327 787 1417 839 τοῦ
1472 791 1696 861 κόσμου,
1737 793 1830 844 καὶ
1865 793 1972 847 τῶν

2152 793 2266 848 Νοη
2301 797 2466 871 modo
2509 812 2694 850 earum
2740 799 2888 852 orbis
2935 815 3116 852 rerum
3153 815 3274 869 qua:
3302 801 3636 864 dividuntur,

402 872 495 924 ὑπ’
528 874 707 937 αὑτὸν,
737 875 952 930 καὶοτοῦ
988 877 1218 948 ἀριθμοῦ
1263 880 1352 932 τοῦ
1385 881 1606 946 αἰῶνος⁸
1649 883 1784 936 ἀλλὰ
1833 886 1970 938 πάν-

2077 894 2130 939 et
2161 901 2346 939 earum
2387 904 2506 956 qua:
2557 889 2660 942 sub
2709 890 2827 957 ipso
2880 899 3026 953 sunt,
3078 891 3374 959 quinetiam
3426 896 3633 946 numeri

401 984 506 1018 των
537 967 631 1020 καὶ
663 968 771 1023 τῶν
810 970 1108 1042 ἐλαχίστων
1153 971 1397 1044 ἄπειρος,
1443 974 1723 1039 ἀτέλεστος
1772 976 1879 1030 τῶν
1912 979 1969 1028 ἐν

2077 978 2430 1043 aeternitatis;
2463 978 2556 1032 sed
2589 987 2642 1033 et
2672 980 2912 1034 omnium
2940 996 3166 1050 prorsus
3195 993 3356 1050 atque
3383 983 3635 1036 minima—

401 1054 708 1126 ἀνθρώποις
739 1060 772 1129 ὴ
805 1059 1025 1128 γνῶσις.
1659 1085 1662 1088 ’

2074 1083 2194 1122 rum
2220 1070 2400 1123 nescia
2435 1079 2537 1135 est,
2570 1087 2672 1126 nec
2698 1073 2932 1140 erudita,
2966 1073 3249 1128 hominum
3270 1075 3526 1144 cognitio.

1910 1440 2097 1526 Ill.

959 1649 1124 1740 EX
1192 1650 1582 1740 LIBllIS
1651 1647 2260 1740 ADVERSUS
2330 1652 3043 1744 SABELLIUM.

1425 1840 1642 1902 (Essem,
1676 1842 1900 1903 Prtepar.
1926 1851 2095 1903 euang.
2121 1840 2209 1890 lib.
2234 1854 2314 1902 vn,
2341 1855 2448 1905 cap.
2476 1843 2574 1906 19.)

523 2146 662 2214 Περὶ
693 2147 800 2202 τοῦ
833 2146 918 2216 μὴ
952 2146 1287 2228 ἀγέννητον
1321 2142 1472 2201 εἶναι
1496 2144 1610 2216 τὴν
1636 2146 1810 2214 ὕλην.
1983 2153 2027 2207 Β

1636 2146 1810 2214 ὕλην.
1983 2153 2027 2207 Β
2439 2147 2722 2202 Materiam
2751 2158 2872 2202 ortu
2909 2165 3011 2205 non
3035 2165 3231 2206 carere.

454 2241 574 2295 Οὐδ’
623 2241 819 2292 ἐκεῖνοι
868 2239 980 2311 (59)
1031 2239 1129 2310 μὲν
1173 2238 1281 2309 γὰρ
1319 2239 1475 2305 ὅσιοι,
1508 2240 1557 2292 οἱ
1589 2238 1688 2310 τὴν
1723 2238 1852 2308 ὕλην
1877 2238 1951 2302 ὡς

2123 2239 2424 2310 lmpielatis
2471 2244 2636 2298 etiam
2679 2243 2811 2297 illud
2848 2252 2953 2310 est,
2998 2245 3146 2314 quod
3176 2245 3422 2316 plerique
3451 2255 3623 2300 male-

386 2333 672 2403 ἀγέννητον
715 2333 1022 2404 ὑποχείριον
1067 2332 1147 2395 είς
1203 2331 1559 2404 διακόσμησιν
1608 2331 1838 2394 διδόντες
1877 2329 1954 2402 τῷ

2053 2329 2214 2395 riam,
2259 2331 2417 2401 cujus
2455 2341 2634 2388 ortum
2678 2335 2890 2389 nullum
2931 2350 3052 2391 esse
3084 2337 3272 2404 velint,
3307 2337 3504 2392 divinae
3527 2354 3625 2408 po-

319 2477 330 2491 ,
383 2425 499 2496 Θεῷ
521 2442 534 2456 ο
566 2426 811 2498 παθητὴν
840 2426 948 2497 γὰρ
978 2425 1166 2496 αὐτὴν,
1198 2425 1292 2478 καὶ
1321 2424 1560 2496 τρεπτὴν
1583 2425 1921 2496 ὑπάρχουσαν

2052 2424 2235 2478 testati
2281 2424 2630 2494 digerendam
2676 2427 3093 2498 ornandamque
3136 2429 3450 2499 subjiciam,
3485 2429 3615 2484 dum

380 2515 547 2570 εἴκειν
594 2519 714 2581 ταῖς
758 2516 1092 2588 θεοποιήτοις
1133 2515 1471 2569 ἀλλοιώσεσι.
1504 2517 1614 2568 Καὶ
1655 2516 1817 2568 πόθεν
1844 2514 1952 2587 γὰρ

2053 2529 2174 2569 cam
2227 2525 2420 2570 natura
2451 2533 2550 2572 sua
2583 2517 2878 2588 patientem
2924 2529 3090 2590 atque
3125 2521 3488 2586 tractabilem,
3516 2522 3619 2576 im-

379 2608 608 2680 ὕπάρχει
637 2608 732 2662 καὶ
762 2607 840 2678 τῷ
867 2607 1005 2678 Θεῷ,
1023 2607 1115 2660 καὶ
1137 2609 1201 2678 τῇ
1239 2607 1359 2681 ὕλη,
1384 2607 1445 2660 τό
1478 2624 1535 2661 τε
1565 2607 1746 2678 ὅμοιον
1780 2607 1952 2660 καὶτὸ

2051 2620 2269 2674 pressas
2291 2606 2554 2664 divinitus
2587 2609 2920 2666 mutationes
2958 2609 3118 2666 facile
3158 2611 3344 2666 subire
3377 2612 3617 2666 tradunt.

376 2702 643 2772 ἀνόμοιον,
689 2700 1124 2771 διασαφήτωσαν.
1198 2699 1486 2770 Ἑκατέρου
1540 2699 1649 2770 γὰρ
1705 2700 1788 2752 δεῖ
1831 2698 1950 2752 τινὰ

2051 2695 2340 2752 Enimvero
2365 2697 2594 2754 doceant
2623 2699 2711 2754 isti
2740 2702 2836 2771 qui
2857 2701 2973 2756 fieri
3005 2702 3260 2771 potuerit,
3290 2711 3349 2757 ut
3371 2703 3425 2757 in
3447 2702 3617 2758 Deum

376 2792 656 2864 ἐπινοῆσαι
699 2793 1000 2864 κρείττονα,
1045 2792 1072 2846 ὃ
1124 2792 1258 2864 μηδέ
1297 2791 1513 2863 θεμιτὸν
1543 2792 1793 2862 ἐννοῆσαι
1823 2794 1950 2865 περὶ

2042 2789 2215 2856 atque
2243 2790 2524 2843 materiam
2557 2791 2858 2845 similitudo
2891 2793 3092 2860 pariter
3127 2806 3191 2846 ac
3231 2791 3619 2847 dissimilitudo

375 2883 466 2938 τοῦ
499 2883 653 2937 Θεοῦ.
682 2886 754 2938 Τό
781 2902 839 2938 τε
865 2885 971 2956 γὰρ
993 2884 1307 2956 ἀγέννητον,
1333 2884 1516 2954 ὅμοιον
1541 2885 1598 2937 ἐν
1619 2885 1949 2955 ἀμφοτέροις

2050 2881 2287 2936 caderet.
2329 2876 2466 2934 Nam
2501 2880 2668 2934 alium
2720 2881 3012 2950 quemdam
3067 2889 3298 2951 utroque
3349 2881 3621 2951 potentio-

373 2976 682 3048 λεγόμενον,
717 2977 809 3030 καὶ
841 2975 1026 3049 ἓτερον
1058 2974 1345 3047 νοούμενον
1379 2975 1508 3047 παρ’
1543 2976 1824 3046 ἑκάτερον,
1853 2976 1949 3028 πό-

2049 2987 2163 3028 rem
2206 2971 2445 3042 cogitare
2477 2980 2592 3027 tum
2624 2979 2918 3042 oporteret,
2953 2972 3100 3040 quod
3155 2981 3334 3026 tamen
3395 2973 3462 3028 de
3506 2972 3618 3029 Deo

372 3066 462 3122 θεν
493 3069 550 3121 ἐν
596 3067 776 3130 αὐτοῖς
807 3066 1063 3135 ἐγένετο;
1097 3067 1160 3119 Εἰ
1197 3065 1294 3136 μὲν
1324 3064 1432 3136 γὰρ
1479 3065 1611 3119 αὐτὸ
1657 3065 1948 3136 ἀγέννητόν

2049 3064 2134 3118 vel
2179 3063 2466 3132 suspicari,
2514 3063 2692 3119 nefas.
2727 3061 2862 3116 Nam
2916 3072 2970 3119 et
3017 3064 3196 3133 ipsum
3232 3073 3355 3118 ortu
3407 3080 3615 3131 carere,

372 3161 520 3213 ἐστιν
549 3161 578 3212 6
621 3159 773 3223 Θεὸς,
808 3158 902 3212 καὶ
944 3157 1101 3212 ούσία
1143 3157 1290 3212 ἐστὶν
1341 3156 1526 3222 αὐτοῦ,
1571 3157 1644 3220 ὡς
1695 3156 1760 3211 ἂν
1805 3155 1946 3210 εἴποι

2049 3156 2194 3226 quod
2243 3157 2300 3210 in
2336 3164 2571 3225 utroque
2615 3155 2793 3210 simile
2837 3154 3060 3220 dicitur,
3096 3163 3151 3210 et
3182 3154 3412 3210 alterum
3460 3155 3615 3220 illud,

369 3269 472 3316 τις,
510 3253 544 3322 ὴ
594 3250 906 3322 ἀγεννησία,
945 3251 1044 3304 ούκ
1088 3248 1153 3304 ἂν
1186 3249 1480 3318 ἀγέννητον
1525 3248 1608 3320 εἴη
1643 3251 1676 3320 ἡ
1713 3247 1809 3320 ὕλη
1835 3265 1848 3280 ·
1885 3249 1945 3303 οὐ

2051 3249 2198 3320 quod
2231 3257 2426 3319 praeter
2459 3256 2749 3317 utrumque
2774 3247 3064 3318 cogitatur,
3097 3247 3373 3316 quomodo
3397 3247 3613 3302 tandem

368 3344 475 3416 γὰρ
507 3344 696 3398 ταυτόν
729 3346 874 3398 ἐστιν
904 3344 936 3414 ή
974 3343 1094 3415 ὕλη,
1131 3341 1224 3398 καὶ
1248 3345 1276 3396 6
1310 3342 1461 3406 Θεός.
1499 3341 1563 3396 Et
1596 3341 1654 3396 δὲ
1687 3342 1945 3413 ἑκάτερον

2049 3342 2105 3396 in
2140 3341 2208 3396 iis
2233 3339 2415 3396 locum
2444 3339 2673 3395 habuit?
2693 3337 2751 3393 Si
2773 3339 2918 3394 enim
2944 3339 3077 3395 illud
3111 3341 3290 3409 ipsum
3316 3341 3461 3410 quod
3491 3349 3613 3396 ortu

370 3437 472 3509 μὲν
520 3435 687 3501 ἔστιν,
715 3437 851 3506 ὅπερ
901 3436 1046 3490 ἐστὶν
1076 3437 1110 3506 ἡ
1146 3435 1244 3506 ὕλη
1280 3436 1372 3488 καὶ
1403 3437 1432 3488 6
1481 3434 1634 3499 Θεὸς,
1686 3435 1945 3506 πρόσεστι

2011 3492 2017 3509 _
2051 3443 2225 3502 caret,
2255 3433 2398 3489 Deus
2428 3441 2536 3499 est,
2564 3432 2811 3502 ipsaque,
2843 3443 2904 3486 ut
2934 3432 3006 3486 ita
3029 3432 3228 3494 dicam,
3260 3440 3416 3487 ortus
3447 3447 3613 3502 nega-

367 3491 423 3582 δὲ
455 3491 788 3599 ἀμφοτέροις
821 3491 882 3582 τὸ
909 3491 1244 3599 ἀγένντίτονί
1282 3528 1441 3599 δῆλον
1473 3528 1548 3592 ὡς
1797 3528 1943 3581 ἐστιν

2010 3492 2018 3553 ⁵
2049 3527 2145 3590 tio,
2175 3525 2357 3580 divina
2388 3525 2623 3581 essentia
2654 3534 2776 3592 est;
2805 3540 2914 3580 non
2943 3525 3054 3595 jam
3083 3525 3222 3579 idem
3253 3525 3431 3593 ipsum
3464 3525 3612 3594 quod

367 3618 652 3693 ἑκατέρου,
687 3621 779 3676 καὶ
820 3621 1142 3692 ἀμφοτέρων
1177 3621 1542 3694 πρεσϐύτερόν
1572 3640 1631 3674 τε
1683 3623 1775 3676 καὶ
1807 3623 1945 3676 ἀνω-

2047 3628 2170 3675 ortu
2207 3625 2376 3686 caret,
2412 3617 2639 3672 materia
2687 3615 2870 3682 fuerit,
2916 3631 3045 3670 cum
3089 3614 3236 3671 Deus
3285 3624 3340 3670 et
3385 3617 3613 3671 materia

366 3714 526 3786 τέρω.
587 3714 979 3788 ’Δνατρεπτικὴ
1030 3715 1088 3769 δὲ
1140 3716 1440 3780 παντελῶς,
1490 3715 1584 3768 καὶ
1633 3714 1726 3769 τοῦ
1777 3715 1945 3770 ταῦτα

2045 3726 2214 3767 unum
2233 3711 2486 3780 idemque
2512 3724 2621 3763 non
2648 3708 2778 3764 sint.
2808 3707 2905 3762 Sin
2933 3716 3114 3763 autem
3142 3716 3436 3778 utrumque
3464 3709 3615 3764 dixe-

368 3806 750 3880 συνυπάρχειν,
784 3807 982 3878 μᾶλλον
1014 3809 1071 3862 δὲ
1095 3807 1252 3863 τοῦτο
1277 3808 1463 3881 ἕτερον
1481 3807 1664 3864 αὐτῶν
1688 3808 1785 3880 τὴν
1813 3807 1943 3879 ὕλην

2043 3803 2176 3868 rint,
2217 3802 2270 3857 id
2320 3800 2540 3873 quidem
2583 3815 2705 3856 esse
2755 3800 2974 3870 proprie
3002 3801 3148 3870 quod
3191 3807 3294 3866 est,
3330 3802 3612 3856 materiam

365 3897 451 3964 ἐφ’
481 3897 680 3966 ἑαυτῆς
715 3899 999 3969 ὑπάρχειν,
1035 3899 1130 3951 καὶ
1154 3902 1187 3970 ἡ
1219 3899 1318 3969 τῆς
1345 3899 1588 3964 ἐναντίας
1627 3899 1791 3965 ἕξεως
1831 3900 1944 3956 δια-

2042 3894 2316 3958 videlicet,
2365 3901 2528 3962 atque
2578 3892 2771 3957 Deum,
2832 3903 2985 3946 ortus
3033 3900 3216 3947 tamen
3271 3894 3613 3965 negationem

367 3986 525 4058 φορά.
560 3987 882 4042 Είπάτωσαν
909 3989 1018 4062 γὰρ
1047 3989 1142 4060 τὴν
1175 3991 1374 4055 αἰτίαν,
1410 3991 1476 4043 δι’
1519 3993 1584 4063 ἣν
1618 3992 1942 4061 ἀμφοτέρων

2043 3988 2309 4042 ambobus
2329 3981 2622 4041 Convenire
2648 4003 2661 4039 :
2685 3984 2977 4039 manifeste
2999 3985 3265 4054 sequitur,
3294 3987 3440 4041 aliud
3455 3987 3613 4055 quid-

364 4075 532 4146 ὖντων
570 4078 906 4149 ἀγεννήτων,
955 4081 984 4132 ὁ
1030 4080 1126 4150 μὲν
1172 4081 1302 4144 Θεὸς
1352 4080 1602 4152 ἀπαθὴς,
1651 4083 1938 4154 ἄτρεπτος,

2041 4078 2186 4147 piam
2217 4082 2412 4146 praeter
2457 4084 2746 4145 utrumque
2795 4074 3128 4144 ponendum,
3161 4076 3305 4145 quod
3330 4077 3612 4144 antiquius

364 4167 639 4238 ἀκίνητος,
678 4171 1030 4240 ἐργαστικόςο
1076 4173 1110 4243 ἡ
1161 4171 1238 4236 δὲ,
1285 4172 1354 4226 τὰ
1406 4172 1642 4237 ἐναντία,
1699 4172 1938 4246 παθητὴ,

2044 4182 2110 4222 ac
2161 4167 2416 4236 superius
2457 4176 2691 4236 utroque
2724 4167 2814 4220 sit.
2860 4167 2980 4222 Jam
3021 4167 3316 4237 quominus
3368 4183 3462 4236 per
3493 4183 3613 4222 sese

363 4248 592 4331 τρεπτὴ,
625 4259 876 4324 ἄστατος,
909 4260 1365 4331 μεταποιουμένη.
1400 4261 1511 4314 Καὶ
1543 4261 1658 4326 πῶς
1689 4262 1940 4334 ἥρμοσαν

2046 4257 2208 4312 ambo
2242 4256 2407 4312 simul
2463 4257 2584 4313 esse
2610 4259 2840 4327 possint,
2874 4259 2984 4314 imo
3014 4256 3310 4328 quominus
3337 4273 3369 4314 e
3398 4259 3612 4313 duobus

363 4351 458 4404 καὶ
485 4350 846 4422 συνέδραμον;
881 4352 1113 4424 Πότερον
1144 4351 1281 4405 κατά
1324 4352 1420 4424 τὴν
1457 4352 1556 4422 τῆς
1605 4353 1736 4424 ὕλης
1779 4355 1938 4424 φύσιν

2043 4351 2296 4416 alterum,
2332 4350 2436 4404 hoc
2466 4358 2549 4405 est
2581 4350 2844 4416 materia,
2879 4365 3001 4407 esse
3038 4365 3134 4420 per
3158 4365 3279 4406 sese
3304 4361 3488 4421 queat,
3528 4352 3612 4406 vel

274 4440 292 4456 ‘
363 4443 710 4508 ὲξοικειώσας
773 4445 963 4500 ἑαυτὸν
1028 4446 1392 4516 ἐτεχνίτευσεν
1457 4445 1625 4516 αὐτὴν
1687 4449 1716 4500 ὁ
1767 4447 1876 4500 Θεόε

2042 4443 2159 4516 ipsa
2204 4443 2435 4498 rationis
2496 4452 2551 4498 et
2594 4443 2936 4501 cendilionis.
2984 4443 3268 4513 utriusque
3322 4443 3611 4499 diversitas

376 4527 536 4589 Ἀλλά
574 4536 731 4589 τοῦτό
776 4552 840 4604 γε
892 4535 1112 4600 ἄτοπον,
1146 4536 1347 4606 ὁμοίως
1395 4533 1699 4606 ἀνθρώποις
1741 4556 1937 4611 χρυσο-

2040 4551 2268 4606 prorsus
2333 4537 2613 4607 impediat.
2664 4537 2882 4608 Alioqui
2911 4551 3133 4592 causam
3180 4537 3256 4591 illi
3292 4553 3428 4593 sane
3483 4537 3614 4594 affe-

361 4628 506 4698 χοεϊν
551 4621 647 4680 κάι
686 4627 1011 4699 λιθουργεῖν,
1047 4627 1140 4682 καὶ
1186 4629 1325 4682 κατά
1369 4628 1467 4693 τὰς
1511 4629 1674 4695 ἄλλας
1721 4631 1934 4701 τέχνας,

2040 4638 2184 4696 rant,
2215 4631 2572 4703 quamobrem
2608 4646 2731 4686 cum
2784 4641 2907 4684 ortu
2960 4631 3124 4685 ambo
3165 4639 3410 4697 careant,
3467 4631 3611 4686 Deus

360 4715 493 4780 ὅσας
525 4720 582 4772 αἱ
629 4716 750 4771 ὕλαι
798 4719 1132 4789 μορφοῦσθαι
1172 4721 1264 4774 καὶ
1311 4721 1610 4776 τυποῦσθαι
1660 4721 1934 4792 δύνανται,

2039 4722 2260 4792 quidem
2298 4738 2400 4778 nec
2449 4723 2561 4793 pati
2615 4723 2934 4792 quidquam,
2965 4738 3064 4779 nec
3095 4722 3318 4791 mutari,
3363 4739 3463 4778 nec
3496 4740 3609 4779 mo-

361 4811 741 4880 χειροκμητεῖν
788 4811 878 4866 τὸν
920 4811 1071 4868 Θεόν.
1107 4813 1172 4866 Et
1215 4814 1272 4866 δὲ
1321 4815 1436 4866 οἵαν
1481 4814 1640 4878 αὐτὸς
1691 4815 1938 4871 ἐϐούλετο

2003 4836 2013 4880 ι
2041 4817 2159 4870 veri
2193 4815 2388 4885 possit,
2416 4815 2668 4885 idemque
2715 4815 2880 4869 simul
2925 4813 3190 4869 eﬂiciendi
3221 4815 3329 4869 vim
3363 4816 3563 4870 habeat
3593 4835 3605 4870 :

362 4899 503 4972 κατά
537 4900 632 4972 τὴν
657 4902 853 4971 ἐαυτοῦ
887 4903 1076 4974 σοφίαν
1120 4905 1343 4976 ἐποίησε
1394 4906 1493 4978 τὴν
1538 4906 1690 4980 ὕλην,
1723 4909 1782 4962 τὸ
1835 4928 1934 4968 πο-

2039 4909 2265 4962 materia
2301 4922 2433 4962 vero
2475 4906 2746 4962 contraria
2784 4907 2977 4961 subeat
3018 4907 3224 4971 omnia,
3262 4907 3460 4976 quippe
3487 4921 3612 4975 qua)

273 4990 276 4993 ’
364 4989 658 5066 λύμορφον,
693 4996 787 5048 καὶ
819 4996 1183 5067 παμποίκιλον
1214 4998 1314 5068 τῆς
1351 4998 1708 5072 δημιουργίας
1741 5002 1875 5054 ὲαυτ

2039 5001 2152 5072 pati
2211 5001 2523 5070 mutarique
2574 4999 2764 5068 possit,
2827 4999 3162 5065 inconstans,
3216 5008 3270 5052 et
3325 4999 3611 5067 multiplici

345 5079 554 5169 ’σχῆμα
605 5085 701 5138 καὶ
745 5087 915 5143 τύπον
965 5089 1458 5161 ἐνσφραγιζόμενος
1510 5093 1668 5163 αὐτῇ,
1722 5093 1815 5146 καὶ
1850 5093 1936 5146 εὖ..

2041 5091 2459 5160 conﬁgurationi
2507 5091 2764 5146 obnoxia.
2788 5088 2911 5146 Jam
2935 5092 3030 5161 qui
3064 5090 3286 5146 tandem
3314 5089 3460 5145 inter
3487 5105 3608 5144 sese

438 5303 552 5378 (59)
583 5306 729 5388 9136’
761 5307 993 5388 ἐκεῖνοι,
1027 5329 1079 5365 κ.
1115 5312 1252 5388 τηλ.
1286 5311 1556 5388 Eusebius
1585 5315 1622 5369 l.
1657 5331 1706 5388 ε,
1742 5316 1857 5371 hzec
1884 5329 1940 5388 et
2040 5317 2312 5388 sophatur.
2343 5313 2522 5371 Porro
2538 5317 2602 5372 ad
2626 5317 2726 5371 ista
2755 5315 3056 5388 Eusebiana
3082 5317 3195 5370 haec
3221 5313 3385 5368 habet
3413 5312 3610 5388 doetus

365 5378 1037 5458 sequentiafecitanslita
1070 5384 1448 5458 proloquitur;
1472 5384 1633 5455 Θήσω
1660 5385 1717 5458 δὲ
1753 5387 1936 5455 φωνὰς
2040 5378 2308 5458 interpres
2339 5403 2351 5438 :
2395 5406 2412 5438 ι
2443 5388 2712 5458 Sabellius
2734 5428 2748 5451 ,
2797 5403 2826 5440 a
2865 5401 2972 5458 quo
3003 5384 3363 5458 Personarum
3406 5385 3468 5458 in
3501 5384 3603 5440 SS.

360 5447 482 5527 τῶν.
505 5447 610 5516 πρὸ
641 5447 797 5527 ἡμῶν
810 5451 889 5527 ’τὸ
909 5447 1092 5527 ’δόγμὰ
1119 5447 1575 5527 διηκριϐωξιότων,
1595 5456 1688 5508 καὶ
1717 5447 1934 5527 πρώτοῦ

2039 5447 2236 5512 Triade
2257 5459 2535 5512 distinctio
2568 5447 2787 5527 nefarie
2806 5447 3122 5518 tollebatur,
3146 5455 3371 5507 alterum
3406 5453 3509 5527 hoc
3538 5458 3605 5510 de

363 5531 430 5596 γε
457 5517 766 5596 ῥισνυσξου,
807 5519 865 5583 ὃς
887 5521 961 5596 ,ἐν
1105 5517 1305 5596 πρῶτῳ
1337 5525 1444 5579 τῶν
1479 5517 1613 5596 πρὸς
1646 5517 1932 5581 Σαϐέλλιον

2036 5536 2265 5583 materia
2309 5529 2580 5582 somnium
2632 5529 2699 5579 ab
2746 5517 3422 5596 Hermogencaccepcrat.
3476 5523 3605 5579 Plu-

365 5586 515 5672 αὐτῷ
548 5586 1051 5710 γεγυμνασμένων,
1094 5586 1220 5646 τάδε
1269 5586 1397 5666 περί
1434 5586 1537 5649 τοῦ
1572 5586 1931 5668 προκειμένου

365 5671 587 5710 γοαωει.
650 5671 847 5710 nsamet
878 5677 1055 5710 eorum
1079 5664 1230 5710 verba
1255 5666 1542 5710 nrnducnm
1572 5669 1662 5710 nui
1689 5678 1809 5710 ηηιρ
1835 5663 1928 5710 ἠηρ

2035 5614 2123 5652 res
2167 5599 2426 5652 adversus
2477 5596 2770 5650 Sabellium
2823 5586 2984 5650 istum
3040 5595 3208 5650 libros
3253 5586 3292 5648 a
3345 5593 3602 5666 Dionysio

2039 5667 2404 5710 Alexandrina
2439 5668 2746 5710 Malim-Mm;
2769 5682 2910 5710 esse-
2948 5680 3055 5710 nnn
3091 5675 3298 5710 L'Hllllnl
3331 5681 3520 5710 nnun‘i-
3545 5679 3602 5710 ut

406 5663 587 5739 ρὰφει.
617 5663 856 5739 ipsumet
878 5677 1055 5714 eorum
1079 5664 1230 5739 verba
1255 5663 1542 5732 producam
1572 5663 1662 5736 qui
1689 5663 1809 5720 ante
1835 5663 1928 5724 n'os
2033 5667 2404 5722 Alexandrino
2439 5668 2746 5739 elaboratos
2769 5680 3056 5739 esse,_n0n_
3086 5675 3298 5739 tantum
3331 5663 3521 5739 unum,
3545 5679 3606 5721 ut

401 5743 463 5808 {te
502 5729 964 5808 in-disputtttione
1002 5734 1194 5808 versuti
1236 5729 1392 5799 sunt,
1445 5729 1601 5806 atque
1636 5739 1691 5791 in
1740 5739 1925 5808 primis
2035 5753 2144 5794 non
2175 5752 2334 5792 nemo
2362 5737 2622 5808 credidit,
2653 5737 2740 5793 vel
2766 5738 2871 5794 hoc
2900 5737 3120 5794 Eusebii
3161 5738 3282 5794 loco
3313 5729 3604 5795 manifeste

366 5794 646 5878 Pigttysii,
677 5794 773 5878 qui
796 5803 852 5854 in
883 5803 1050 5878 primo
1079 5803 1334 5878 (iurarunt
1359 5794 1538 5860 eorum
1565 5824 1692 5877 quos
1728 5794 1783 5861 in
1822 5801 1922 5863 Sa—
2036 5808 2396 5866 convincitur.
2427 5826 2464 5861 ι.
2484 5794 2648 5866 (ἷΑιιέμ.

369 5864 577 5922 bellium
600 5864 944 5939 elueubravit,
965 5875 1099 5929 hunc
1130 5875 1184 5928 in
1208 5875 1425 5931 modum
1444 5878 1506 5931 de
1543 5864 1596 5932 re
1630 5887 1737 5932 tota
1761 5879 1938 5947 philo-.
2077 5864 2087 5866 ἡ
2251 5864 2259 5890 ἶ
