4058 6384
481 395 624 451 1275

1429 397 1506 465 ⁸8.
1557 397 1855 456 DIONYSII
1893 399 2201 459 EPISCOPI
2252 398 2749 460 ALEXANDRINI-

3583 396 3710 452 1276

480 516 602 565 erat
629 516 810 564 autem
844 510 1055 579 species
1095 510 1215 580 ejus
1257 518 1317 565 ut
1351 505 1553 582 fulgur,
1587 522 1642 568 et
1670 512 2050 570 indumentum

2168 517 2332 572 Βάτων
2382 519 2447 587 τῇ
2499 510 2887 586 ἐπιφωσκούσῃ
2936 511 3017 575 είς
3069 470 3207 582 μίαν
3246 508 3556 575 Σαὸϐἀτων,
3592 506 3714 581 ἦλθε

481 603 604 673 ejus
648 601 830 658 album
869 613 926 656 ut
956 602 1070 656 nix.
1110 603 1156 655 A
1188 603 1385 658 timore
1428 613 1609 658 autem
1650 606 1770 674 ejus
1804 608 2056 661 concussi

483 705 613 751 sunt
643 696 740 766 qui
760 695 1071 762 servabant,
1094 702 1149 749 et
1171 693 1300 750 facti
1323 705 1451 752 sunt
1479 705 1540 752 ut
1562 698 1788 752 mdrtui.
1811 697 2056 768 Respon-

486 786 621 843 deus
651 797 831 842 autem
875 787 1121 858 angelus,
1164 788 1305 842 dixit
1353 789 1676 845 mulieribus
1713 788 1822 845 :Ne
1875 790 2058 847 timete

488 893 605 944 vos,
635 879 754 932 scio
786 877 934 932 enim
985 879 1134 949 quod
1184 877 1370 935 Jesum
1419 881 1739 935 cruciﬁxum
1771 881 2053 950 quaeritis:

488 984 596 1023 non
626 978 711 1024 est
746 969 874 1025 hic:
900 972 1205 1026 resurrexit
1233 972 1402 1040 enim,
1430 972 1574 1027 sicut
1604 972 1822 1027 dixit“.
1864 971 1931 1027 1d
1956 990 2058 1027 au-

486 1071 591 1115 tem
619 1060 758 1131 quod
782 1060 983 1114 dictum
1018 1070 1117 1127 est,
1145 1076 1390 1131 vespere,
1422 1062 1519 1116 alii
1547 1063 1758 1134 quidem
1783 1064 2063 1118 existima-

487 1152 615 1205 bunt
642 1153 929 1207 secundum
959 1154 1100 1208 verbi
1149 1141 1581 1213 communitatem
1627 1157 1929 1227 signiﬁcare
1967 1173 2052 1211 ve-

487 1262 693 1316 sperum
727 1245 986 1311 Sabbati;
1015 1248 1362 1317 sapientiores
1393 1257 1570 1303 autem
1609 1248 1665 1302 id
1699 1249 2057 1317 exaudientes,

488 1353 591 1392 non
617 1339 738 1406 hoc,
770 1339 861 1393 sed
894 1339 1215 1409 profundam
1265 1348 1467 1393 noctem
1508 1356 1621 1394 esse
1659 1341 1857 1405 dicent,
1892 1341 2063 1396 tardi-

487 1440 652 1485 tatem
671 1442 721 1485 et
744 1430 959 1502 longum
987 1439 1191 1501 tempus
1218 1447 1424 1501 uespere
1450 1432 1802 1503 signiﬁcante.
1838 1431 1907 1486 Et
1923 1432 2062 1504 quod

487 1528 694 1575 noctem
749 1521 881 1574 dicit
912 1531 961 1575 et
997 1537 1100 1574 non
1138 1538 1426 1590 uesperam,
1473 1521 1783 1591 subjunxit:
1807 1519 1944 1576 Cum
1978 1521 2063 1576 lu—

488 1621 729 1670 cesceret
765 1613 818 1666 in
846 1612 1076 1682 primam
1110 1612 1471 1668 hebdomadis
1496 1612 1679 1680 diem;
1713 1622 1763 1668 et
1796 1621 2062 1679 venerunt,

489 1704 745 1772 nondum,
785 1714 842 1759 ut
870 1706 1058 1776 reliqui
1085 1705 1291 1771 dicunt,
1326 1713 1568 1759 aromata
1606 1705 1848 1775 ferentes,
1871 1705 1961 1761 sed
1996 1704 2065 1759 ad

489 1797 832 1879 spectandum
872 1797 1209 1867 sepulcrum,
1261 1806 1314 1852 et
1359 1798 1664 1851 invenerunt
1709 1797 1909 1867 factum
1955 1813 2067 1852 esse

2157 607 2348 677 Μαρία
2374 609 2406 677 ἡ
2431 604 2761 678 Μαγδαληνὴ
2791 605 2884 657 καὶ
2908 606 2941 676 ή
2973 602 3106 674 ἄλλη
3130 603 3320 673 Μαρία
3341 600 3608 673 θεωρῆσαι
3631 603 3715 656 τὸν

2157 699 2344 769 τάφον.
2371 699 2484 752 Kal.
2517 698 2626 752 ἰδοὺ
2653 696 2875 768 σεισμὸς
2896 695 3111 765 ἐγένετο
3145 694 3316 766 μέγας
3335 711 3347 724 ·
3380 693 3603 763 ἄγγελος
3616 694 3717 767 γὰρ

2156 793 2362 864 Κυρίου
2404 791 2646 855 καταϐὰς
2694 790 2754 856 ἐξ
2792 788 3022 861 οὐρανοῦ
3058 786 3390 860 προσελθὼν,
3436 786 3719 840 ἀπεκύλισε

2156 883 2248 936 τὸν
2285 882 2451 949 λίθον,
2498 882 2593 936 καὶ
2632 878 2867 952 ἐκάθητο
2899 878 3084 932 ἐπάνω
3120 876 3310 931 αὑτοῦ·
3342 872 3410 948 ἦν
3440 874 3496 931 δὲ
3537 878 3569 947 ἡ
3614 874 3716 928 ίδέα

2158 974 2323 1030 αὑτοῦ
2351 974 2427 1039 ὡς
2458 972 2733 1048 ἀστραπὴ,
2757 972 2853 1026 καὶ
2882 972 2943 1024 τὺ
2969 970 3171 1041 ἔνδυμα
3196 968 3359 1023 αὐτοῦ
3389 967 3575 1021 λευκὸν
3598 966 3720 1022 ὡσεὶ

2160 1068 2338 1140 χιών.-
2357 1067 2489 1121 Ἀπὸ
2534 1067 2593 1121 δὲ
2621 1065 2716 1119 τοῦ
2764 1066 2931 1135 φόϐου
2963 1064 3150 1133 αὐτοῦ,
3202 1063 3524 1135 ἐσείσθησαν
3559 1063 3608 1114 οἱ
3635 1079 3724 1134 τη-

2163 1160 2403 1233 ροῦντες,
2438 1160 2532 1213 καὶ
2559 1159 2812 1227 ἐγένοντο
2843 1158 2978 1211 ὡσεὶ
3007 1156 3208 1228 νεκροί.
3256 1151 3595 1226 Ἀποκριθεὶς
3620 1150 3676 1205 δὲ
3696 1150 3726 1204 ὸ

2159 1254 2387 1324 ἄγγελος
2420 1252 2541 1307 εἷπε
2569 1254 2690 1316 ταῖς
2721 1251 2968 1321 γυναιξί·
2997 1249 3091 1323 Μὴ
3124 1247 3372 1320 φοϐεῖσθε
3417 1248 3594 1318 ὑμεῖς,
3619 1240 3726 1299 οῖδα

2161 1345 2271 1417 γὰρ
2295 1345 2377 1398 ὄτι
2417 1342 2624 1416 Ἰησοῦν
2652 1342 2741 1397 τὸν
2766 1341 3180 1414 ἐσταυρωμένον
3207 1339 3449 1411 ζητεῖτε,
3469 1337 3568 1390 οὐκ
3590 1335 3728 1390 ἐστιν

2160 1430 2290 1493 ὧδεο
2319 1436 2528 1510 ἠγέρθη
2553 1437 2663 1510 γὰρ
2693 1434 2877 1499 καθὼς
2919 1429 3060 1488 εἷπε.
3117 1431 3296 1488 Τοῦτο
3333 1429 3403 1484 δὲ
3434 1429 3498 1485 τὸ
3519 1426 3730 1500 λεχθὲν

2163 1528 2282 1599 ὀψὲ,
2317 1533 2370 1584 οί
2393 1527 2510 1599 μέν
2542 1546 2701 1595 τινες
2728 1526 3039 1596 οἰήσονται
3078 1522 3232 1579 κατὰ
3273 1522 3389 1591 τὴν
3423 1521 3731 1587 κοινότητα

2164 1621 2269 1677 τοῦ
2287 1621 2563 1692 ῥήματος.
2582 1621 2699 1691 τὴν
2721 1620 2986 1690 ἑσπέραν
3004 1618 3236 1687 δηλοῦν
3262 1616 3369 1672 τοῦ
3403 1612 3697 1670 Σαϐϐάτου
3713 1628 3727 1642 ·

2165 1715 2314 1771 οί-δὲ
2340 1714 2682 1786 σοφώτερον
2731 1713 3150 1780 έξαιιούοντες,
3199 1711 3271 1766 οὐ
3324 1707 3534 1764 τοῦτο·
3582 1703 3734 1765 ἀλλά

2166 1809 2355 1863 νύκτα
2408 1808 2664 1874 βαθεῖαν
2710 1807 2957 1877 ἐροῦσιν
3005 1806 3186 1861 εἶναι’
3250 1800 3625 1871 ,ϐραδύτηταπ
3642 1796 3734 1852 καὶ

493 1900 649 1944 terrae
678 1898 904 1955 motum,
938 1898 988 1944 et
1015 1890 1260 1960 angelum
1309 1906 1467 1959 super
1511 1889 1739 1958 lapidem
1779 1892 2063 1956 sedentem,

2168 1900 2392 1973 μακρὸν
2428 1903 2650 1972 χρόνον
2679 1899 2785 1956 τοῦ
2831 1900 2935 1971 ὀψὲ
2976 1897 3333 1967 δηλοῦντος.
3366 1894 3478 1949 Kal
3518 1892 3606 1947 ὅτι
3641 1890 3738 1945 νύ-

491 1988 540 2034 et
565 1978 850 2034 audierunt
875 1980 940 2034 ab
971 1980 1086 2050 ipso
1111 1995 1130 2033 :
1151 1977 1270 2034 Non
1300 1988 1387 2035 est
1412 1980 1522 2048 hic,
1547 1981 1805 2036 surrexit.
1860 1980 2065 2036 Simili-

492 2084 570 2128 ter
593 2072 830 2128 Joannes
867 2072 1092 2128 :Prima
1129 2072 1490 2130 hebdomadis
1536 2072 1694 2141 feria,
1721 2075 1914 2146 inquit,
1951 2074 2064 2130 Ma-

494 2166 573 2220 ria
604 2165 921 2238 Magdalene
947 2167 1098 2222 venit
1126 2183 1306 2234 mane,
1347 2183 1477 2224 cum
1502 2176 1687 2224 essent
1712 2170 1891 2224 adhuc
1917 2176 2066 2224 tene-

493 2260 625 2327 brae,
654 2261 723 2316 ad
771 2270 1222 2329 monumentum;
1264 2271 1319 2316 et
1346 2260 1484 2318 vidit
1520 2263 1756 2333 lapidem
1788 2263 2063 2320 sublatum

493 2367 525 2408 a
551 2361 906 2408 monumento
920 2353 964 2385 ³³
990 2369 1004 2419 ;
1059 2354 1152 2408 sed
1171 2353 1336 2422 juxta
1355 2354 1493 2409 illud
1515 2371 1641 2410 cum
1672 2355 1850 2411 adhuc
1881 2364 2068 2410 essent

493 2445 750 2511 tenebrat,
783 2455 1144 2516 prcecesserat.
1195 2444 1370 2501 Lucas
1403 2457 1582 2502 autem
1629 2448 1800 2503 dicit:
1830 2445 2068 2502 Sabbato

493 2537 715 2606 quidem
749 2538 1075 2608 quieverunt
1126 2542 1431 2598 secundum
1487 2549 1840 2611 praeceptum.
1883 2539 2067 2595 Prima

494 2638 676 2685 autem
725 2630 1084 2687 hebdomadis
1132 2632 1268 2688 feria
1319 2647 1536 2689 summo
1573 2645 1733 2686 mane
1756 2630 1825 2686 ad
1876 2646 2069 2686 monu-

494 2732 738 2777 mentum
758 2736 1051 2790 venerunt,
1070 2724 1309 2781 ferentes
1321 2739 1445 2795 qua:
1459 2732 1784 2795 paraverant
1798 2731 2065 2791 aromata,

495 2816 822 2872 invenerunt
871 2825 1054 2873 autem
1098 2818 1333 2889 lapidem
1375 2834 1406 2873 a
1446 2826 1804 2874 monumento
1856 2818 2070 2874 devolu»

496 2918 610 2965 tum
626 2910 692 2965 ³³.
729 2908 1007 2964 Summum
1042 2927 1198 2965 mane
1222 2911 1451 2981 fortasse
1477 2911 1798 2965 matutinum
1819 2908 2067 2980 splendo-

496 3017 626 3066 rem,
662 3002 754 3071 qui
792 3003 939 3072 prius
982 2998 1617 3075 subapparet,‘signiﬁcat
1666 3005 1854 3073 prima:
1884 3002 2065 3074 ferite;

500 3104 550 3149 et
588 3096 840 3166 quoniam
871 3096 988 3166 jam
1038 3099 1265 3166 perfecte
1292 3097 1561 3167 praterito
1589 3113 1711 3150 cum
1739 3104 1851 3151 tota
1889 3111 2069 3151 conse-

495 3197 683 3258 quente
715 3200 862 3244 nocte
901 3187 1160 3253 Sabbato,
1205 3198 1256 3243 et
1300 3189 1410 3244 alio
1452 3190 1537 3245 die
1572 3191 1875 3261 incipiente,
1921 3205 2071 3244 rene-

496 3290 618 3336 runt
648 3292 895 3337 aromata
924 3292 973 3337 et
999 3292 1265 3353 unguenta
1317 3282 1580 3353 ferentes;
1614 3284 1826 3355 quando
1850 3283 1967 3352 jam
1995 3283 2072 3336 ui-

494 3374 684 3429 delicet
711 3375 808 3429 diu
854 3385 978 3431 ante
1008 3384 1335 3429 surrexerat.
1369 3373 1487 3429 Hoc
1522 3374 1740 3429 Marcus
1766 3390 1970 3446 quoque
1994 3390 2075 3429 se-

495 3468 701 3537 quitur,
724 3467 939 3521 dicens:
961 3466 1219 3522 Emerunt
1247 3475 1515 3531 aromata,
1547 3475 1608 3521 ut
1642 3467 2072 3522 venientes’eum

497 3564 786 3626 ungerent.
819 3539 886 3610 Et
915 3557 1070 3611 valde
1124 3572 1286 3612 mane
1339 3557 1531 3627 prima;
1570 3555 1720 3613 feriae
1750 3559 1976 3613 veniunt
2006 3558 2076 3613 ad

500 3657 921 3703 monumentum
972 3657 1093 3703 orto
1133 3648 1247 3718 jam
1299 3648 1492 3704 sole“.
1529 3646 1695 3705 Valde
1737 3650 1876 3704 enim
1916 3666 2076 3707 mane

500 3740 586 3794 hic
612 3756 818 3810 quoque
841 3740 997 3805 dixit,
1022 3741 1161 3809 quod
1190 3741 1327 3795 idem
1350 3750 1429 3796 est
1453 3758 1516 3795 ac
1554 3757 1782 3797 summo
1811 3742 2072 3810 diluculo,

500 3841 552 3888 et
590 3831 863 3900 subjunmit
889 3846 907 3885 :
933 3830 1067 3887 Orto
1106 3833 1222 3903 jam
1262 3834 1396 3888 sole.
1444 3833 1715 3903 Profectio
1764 3835 1996 3905 quidem,
2023 3845 2074 3891 et

501 3925 605 3979 iter
630 3940 815 3980 earum
837 3940 1040 3978 summo
1066 3924 1300 3978 diluculo
1316 3934 1365 3980 et
1391 3926 1541 3981 ualde
1566 3941 1717 3979 mane
1754 3925 1988 3995 incepit;
2017 3930 2075 3982 in

502 4019 697 4073 itinere
739 4028 920 4073 autem
953 4028 1002 4073 et
1051 4023 1193 4073 circa
1222 4031 1637 4084 monumentum,
1663 4035 1867 4073 moram
1901 4028 2070 4074 traxe-

501 4119 629 4165 runt
655 4127 819 4182 usque
844 4111 913 4165 ad
955 4120 1132 4165 ortum
1166 4112 1334 4177 solis;
1358 4120 1407 4167 et
1441 4112 1517 4165 eis
1541 4111 1767 4182 quidam
1797 4121 1920 4165 tunc
1946 4111 2079 4165 dicit

502 4203 804 4259 adolescens
834 4204 1189 4277 candidatus:
1213 4203 1557 4268 Resurrexit,
1576 4219 1681 4258 non
1709 4214 1794 4259 est
1813 4203 1923 4258 hic.
1950 4202 2081 4257 Haec

502 4305 681 4351 autem
705 4311 826 4349 cum
862 4296 940 4348 ita
962 4311 1015 4349 se
1041 4295 1288 4360 habeant,
1313 4295 1409 4349 hoc
1433 4295 1500 4349 iis
1523 4295 1613 4365 qui
1638 4295 1939 4349 accuratius
1965 4295 2082 4349 sub-

504 4387 755 4459 tiliusque
792 4387 1152 4452 considerant,
1202 4387 1542 4440 enuntiamus
1592 4397 1754 4457 quota
1813 4387 1966 4454 hora,
2003 4387 2081 4443 vel

2166 2010 2279 2049 κτα
2307 1993 2470 2064 λέγει
2496 1992 2597 2049 καί
2631 1996 2742 2063 οὐχ
2771 1992 3060 2062 ἑσπέραν,
3104 1989 3390 2061 ἐπήγαγε,
3423 1988 3503 2059 Τῇ
3539 1987 3737 2053 ἐπιφω-

2171 2083 2372 2156 σκούσῃ
2403 2086 2483 2148 εἰς
2513 2083 2639 2155 μίαν
2670 2081 2993 2138 Σαὸϐἀτωψ
3027 2080 3127 2136 καὶ
3149 2074 3325 2151 ἧκον,
3352 2076 3542 2139 οὔπω,
3580 2073 3658 2138 ὡς
3689 2072 3740 2128 οι

2167 2176 2370 2231 λοιποί
2390 2190 2563 2246 φασι,
2594 2175 2669 2230 τὰ
2693 2174 2972 2245 ἀρώματα
3001 2174 3317 2244 φέρουσαι,
3347 2169 3517 2243 ἀλλά
3536 2156 3741 2234 θεωρῆ-

2169 2284 2274 2324 σαι
2297 2253 2409 2322 ’τὸν
2444 2265 2658 2337 τάφον,
2686 2267 2786 2321 καὶ
2817 2261 2996 2336 εὗρον
3022 2265 3131 2320 τὸν
3156 2262 3418 2334 σεισμὸν
3468 2256 3743 2331 γεγονότα

2171 2357 2271 2412 καὶ
2314 2357 2653 2428 καθήμενον
2686 2356 2797 2412 τὸν
2822 2355 3081 2428 ἄγγελον
3129 2356 3230 2412 ἐπὶ
3256 2353 3366 2409 τοῦ
3411 2353 3610 2415 λίθου,
3651 2347 3744 2401 καὶ

2170 2453 2471 2520 ἀκηκόασι
2522 2451 2660 2520 παρ’
2706 2449 2928 2506 αὐτοῦ·
2976 2450 3091 2503 Οὐκ
3142 2447 3289 2503 ἐστιν
3340 2438 3472 2510 ὧδε,
3522 2440 3741 2513 ἠγέρθη-

2183 2544 2427 2614 Ὄμοίως
2481 2549 2515 2600 ό
2582 2542 2891 2614 Ἰωάννης·
2961 2544 3050 2598 Ἐν
3111 2544 3209 2615 μιᾷ
3258 2542 3368 2595 τῶν
3423 2538 3741 2593 Σαὸὁάων.

2171 2634 2345 2705 φησι,
2360 2635 2551 2709 Μαρία
2576 2639 2611 2708 ἡ
2635 2635 2967 2707 Μαγδαληνὴ
2991 2631 3124 2706 ἦλθε
3153 2631 3300 2705 rcme
3327 2632 3551 2695 σκοτίας
3568 2624 3745 2683 ἐτιοῦ-

2175 2745 2276 2800 σης
2305 2729 2385 2793 εἰς
2410 2729 2475 2783 τὸ
2510 2730 2801 2801 μνημεῖον·
2849 2728 2947 2783 καὶ
2982 2723 3171 2799 βλέπει
3208 2725 3299 2779 τὸν
3341 2724 3499 2779 λίθον.
3519 2719 3746 2794 ἠρμένον

2172 2820 2283 2875 ἀπὸ
2307 2821 2400 2876 τοῦ
2433 2821 2697 2893 μνημείου
2715 2836 2734 2854 ο
2765 2819 2933 2890 πλὴν
2976 2818 3140 2889 παρὰ
3172 2816 3377 2885 τοῦτο,
3410 2813 3626 2878 σκοτίας
3664 2810 3768 2875 ἔτι,

2172 2912 2359 2986 οὔσης,
2387 2915 2803 2984 προεληλύθει.
2850 2914 2914 2968 '0
2938 2912 3007 2967 δὲ
3048 2910 3288 2978 Λουκᾶς
3328 2925 3511 2985 φησι·
3549 2906 3621 2962 Τδ
3654 2904 3743 2976 μὲν

2173 3006 2448 3063 Σάὄϐατον
2471 3009 2751 3079 ἡσύχασαν
2778 3004 2920 3061 κατὰ
2946 3005 3044 3077 τὴν
3071 3004 3291 3076 ἐντολήν
3448 3001 3506 3055 δὲ
3531 3000 3628 3072 μιᾷ
3645 2995 3746 3049 τῶν

2172 3098 2502 3166 Σαϐϐἀτων,
2545 3099 2742 3173 ὄρθρου
2776 3098 2966 3171 βαθέος
2998 3098 3092 3151 ἐπὶ
3129 3097 3191 3151 τδ
3221 3095 3415 3168 μνῆμα
3438 3091 3622 3166 ἦλθον,
3660 3087 3747 3157 φέ-
3806 3108 3811 3119 ί

2177 3209 2366 3264 ρουσαι
2413 3194 2450 3248 ἃ
2491 3193 2795 3265 ἡτοίμασαν
2843 3189 3144 3264 ἀρώματαο
3192 3184 3355 3262 εὖρον
3402 3189 3460 3242 δὲ
3490 3187 3580 3242 τὸν
3609 3181 3748 3237 λίθον
3862 3214 3863 3219 η

2172 3283 2670 3355 ἀποκεκυλισμένον
2703 3282 2812 3337 ἀπὸ
2842 3282 2938 3337 τοῦ
2988 3280 3276 3353 μνημείου.
3323 3282 3390 3336 Ὃ
3425 3279 3623 3347 ,βαθὺς
3656 3272 3747 3341 ὄρ·
3840 3302 3845 3305 ·

2174 3379 2313 3443 θρος
2344 3376 2492 3443 ἴσως
2519 3373 3121 3446 προῦποφαινομένην
3141 3372 3339 3447 αὐτὴν
3374 3372 3627 3442 ἑωθινὴν
3647 3372 3756 3440 ἐμ-

2174 3463 2401 3534 φανίζει
2443 3466 2554 3536 τῆς
2579 3466 2721 3537 μιᾶς
2758 3464 2879 3520 τῶν
2916 3461 3253 3530 Σαϐϐἀτων,
3288 3462 3392 3519 διὰ
3429 3462 3535 3518 τοῦ
3563 3477 3751 3530 παρῳ-

2174 3560 2435 3633 χηκότος
2480 3557 2599 3628 ἤδη
2641 3559 2882 3625 τελείως
2924 3556 3047 3612 σὺν
3085 3554 3164 3626 τῇ
3211 3557 3341 3627 μετ’
3386 3556 3532 3611 αὐτὸ
3588 3548 3754 3608 νυκτί

2176 3650 2344 3720 πάσῃ
2376 3650 2484 3706 τοῦ
2518 3648 2845 3716 Σαϐϐάτου,
2879 3649 2978 3703 καί
3008 3648 3217 3718 ἐτέρας
3244 3647 3587 3718 ἀρχομένης
3622 3641 3755 3713 ἠμέ-

2168 3756 2304 3811 ρας,
2345 3737 2538 3813 ἦλθον
2578 3743 2653 3798 τὰ
2690 3740 2967 3813 ἀρώματα
2994 3740 3093 3795 καὶ
3138 3738 3212 3795 τὰ
3248 3739 3415 3810 μῦρα
3442 3737 3724 3810 φέρουσαι
3738 3749 3751 3764 ο

2177 3834 2276 3889 ὅτε
2306 3831 2498 3902 δῆλον
2524 3835 2605 3903 ὡς
2631 3835 2972 3909 ἀνειστήκει
2998 3832 3109 3902 πρὸ
3139 3833 3398 3891 πολλοῦ.
3419 3835 3609 3897 Τούτῳ
3628 3847 3754 3885 κατ-

2176 3927 2498 3983 ακολουθεῖ
2524 3929 2623 3983 real
2655 3930 2689 3984 ό
2717 3925 2962 3996 Μάρκος
2999 3925 3225 3995 λέγων·
3264 3925 3573 3997 Ἦγόρασαν
3622 3920 3755 3994 ἀρώ-

2185 4036 2329 4091 ματα
2358 4019 2447 4073 ίνα
2494 4018 2747 4073 ἐλθοῦσαι
2774 4016 3068 4088 ἀλείψωσιν
3101 4015 3280 4071 αὐτόν.
3303 4016 3439 4092 ⁴Καὶ
3477 4016 3594 4070 λίαν
3623 4010 3755 4084 πρωϊ

2179 4110 2280 4182 τῆς
2311 4111 2438 4182 μιᾶς
2464 4110 2759 4165 Σαϐϐάτων
2786 4109 3036 4182 ἔρχονται
3058 4107 3151 4161 ἐπὶ
3177 4106 3238 4161 τὸ
3269 4124 3374 4179 μνη
3385 4111 3531 4180 μεῖον
3558 4102 3755 4161 ἀνατεί-

2180 4202 2371 4267 λαντος
2401 4201 2493 4256 τοῦ
2524 4202 2695 4274 ἡλίου.
2732 4203 2868 4257 Λίαν
2890 4201 3009 4271 μὲν
3031 4201 3144 4272 γὰρ
3182 4199 3327 4272 πρωῒ
3352 4201 3453 4256 καὶ
3487 4195 3664 4264 οὗτος
3683 4191 3755 4249 εἷ-

2154 4300 2299 4351 ’πεν
2327 4336 2341 4364 ,
2391 4296 2536 4366 ὅπερ
2567 4295 2789 4351 ταύτόν
2831 4295 2962 4348 ἐστι
3013 4291 3095 4359 τῷ
3147 4291 3337 4364 βαθέος
3392 4291 3587 4365 ὄρθρου
3608 4331 3623 4356 ,
3665 4287 3756 4341 καί

2183 4386 2519 4458 ἐπήγαγεν,
2565 4386 2944 4450 ἀνατείλαντος
2987 4382 3082 4438 τοῦ
3122 4383 3295 4455 ἡλίου.
3354 4383 3424 4439 Ἦ
3459 4381 3578 4453 μὲν
3604 4377 3747 4450 ὁρμὴ

501 4480 668 4534 etiam
697 4478 1020 4534 semiltorula
1061 4477 1138 4532 vel
1183 4487 1377 4548 Quarta
1420 4478 1585 4544 hom,
1615 4486 1818 4548 oportet
1851 4479 2067 4549 incipert

2185 4479 2282 4534 καὶ
2303 4481 2342 4548 ἡ
2378 4479 2518 4545 ὁδὸς
2545 4477 2763 4544 αὐτῶν,
2792 4475 2987 4547 δῆλον
3021 4477 3103 4543 ὡς
3137 4474 3351 4545 ὄρθρου
3378 4475 3622 4541 βαθέος,
3665 4469 3758 4525 καί

506 4571 757 4644 laetitiam
779 4570 844 4624 ob
873 4569 1089 4623 Domini
1118 4571 1289 4623 nostri
1311 4586 1343 4622 a
1374 4570 1595 4623 mortuis
1625 4571 2067 4625 resurrectionem.

2184 4572 2328 4625 λίαν
2355 4569 2506 4639 πρωϊ
2532 4569 2858 4639 κατήρχθη.
2892 4565 3255 4636 Παρέτειναν
3280 4565 3350 4619 δὲ
3378 4565 3530 4620 κατὰ
3565 4561 3758 4633 τεξτὴν

507 4660 615 4716 Eos
640 4661 850 4732 quidem
877 4661 967 4731 qui
1012 4661 1236 4714 nimium
1261 4662 1535 4732 festinant,
1579 4670 1631 4717 et
1688 4670 1810 4717 ante
1848 4663 2067 4717 mediam

2185 4664 2434 4734 πορείαν
2464 4661 2565 4716 καὶ
2612 4660 2744 4729 περὶ
2784 4660 2847 4715 τὸ
2881 4658 3177 4731 μνημεῖον
3213 4658 3623 4727 διατρίϐουσαι
3660 4652 3757 4726 μέ-

506 4763 717 4807 nectem
770 4761 1017 4822 surgunt,
1046 4760 1105 4806 ut
1153 4762 1532 4824 contemptores
1581 4764 1630 4809 et
1678 4756 2067 4825 intemperante:

2184 4773 2319 4827 χρις
2348 4751 2652 4823 ἀνατολῆς
2671 4751 2851 4820 ἡλίου
2868 4766 2880 4781 ·
2916 4750 3014 4805 καὶ
3042 4748 3205 4821 λέγει
3234 4749 3338 4805 καὶ
3363 4750 3498 4804 τότε
3524 4748 3758 4808 ταύταις

509 4844 960 4913 reprehendimus,
1005 4853 1062 4897 ut
1106 4846 1197 4915 qui
1240 4847 1616 4917 propemodum
1655 4858 1938 4918 antequam
1985 4865 2067 4918 ραι

2185 4850 2220 4902 ό
2277 4845 2601 4909 νεανίσκος
2657 4846 2691 4897 ὁ
2718 4878 2723 4883 ι
2748 4843 3144 4914 ..ὶευχείμωνο¹
3179 4843 3440 4915 Ἠγέρθη,
3470 4841 3570 4895 οὐκ
3615 4836 3756 4892 ἔστιν

506 4938 599 5002 sit,
630 4954 846 4992 cursum
892 4937 1217 5007 abruperint,
1248 4940 1452 4995 dicente
1500 4941 1612 4994 viro
1667 4939 2067 5011 sapiente:Non

2187 4933 2309 4995 ὧδε.
2346 4939 2576 4995 Τούτων
2613 4936 2802 5003 οὕτως
2834 4935 3134 5006 ἐχόντων,
3170 4935 3347 4990 τοῦτο
3373 4934 3498 5002 τοῖς
3536 4933 3757 5001 ἀκριϐο-

506 5045 701 5102 parum
735 5036 820 5084 est
864 5029 920 5083 in
975 5028 1106 5094 vita,
1146 5027 1292 5100 quod
1324 5046 1514 5101 parum
1541 5032 1712 5087 abest.
1767 5031 1874 5085 Eos
1907 5040 2067 5085 auten

2186 5030 2574 5103 λογουμένοις
2618 5014 3081 5100 ἀποφαινόμεθα
3106 5027 3260 5095 κατὰ
3307 5027 3487 5082 ποίαν
3533 5024 3687 5095 ὥραν
3720 5019 3755 5088 ἣ

506 5123 598 5193 qui
622 5122 899 5192 differunt,
929 5134 980 5176 et
1004 5121 1293 5193 plurimum
1322 5124 1614 5193 perferunt,
1646 5134 1694 5178 et
1729 5125 1800 5177 ad
1831 5132 2067 5194 quartam

2182 5125 2281 5182 καὶ
2324 5123 2500 5179 ποῖον
2542 5121 2824 5192 ήμιώριον
2875 5122 2915 5191 ἢ
2947 5120 3106 5190 ὧρας
3147 5120 3432 5191 τέταρτον
3478 5119 3758 5188 ἄρχεσθαι

506 5232 669 5287 usque
702 5216 941 5287 vigiliam
974 5216 1183 5286 fortiter
1218 5216 1502 5281 abstinent,
1531 5218 1583 5271 in
1610 5233 1716 5287 qua
1743 5217 1905 5271 etiam
1933 5217 2067 5271 navi-

2184 5216 2455 5288 προσῆκε
2479 5213 2590 5286 τῆς
2621 5214 2722 5269 ἐπὶ
2755 5213 2833 5283 τῇ
2862 5213 2969 5268 τοῦ
2997 5201 3220 5283 Κυρίου
3246 5214 3418 5286 ἡμῶν
3443 5214 3512 5268 ἐκ
3536 5208 3758 5279 νεκρῶν

504 5307 754 5378 gentibus
788 5305 1042 5364 Servator
1062 5318 1240 5364 noster
1260 5310 1317 5363 in
1338 5310 1478 5363 mari
1506 5309 1786 5365 ambulans
1810 5310 2067 5379 apparuit.

2183 5309 2517 5369 ἀναστάσει
2551 5305 2757 5379 χαρᾶς.
2804 5306 2949 5372 Τοὺς
2976 5304 3095 5377 μὲν
3118 5307 3262 5362 λίαν
3289 5306 3759 5375 ἐπιταχύναντας

508 5411 566 5454 ιιι
596 5417 869 5471 generosos
917 5410 967 5456 et
1018 5402 1262 5457 laborum
1307 5402 1590 5457 tolerantes
1628 5398 1969 5473 suscipimus.
2001 5399 2067 5455 Iit

2185 5404 2286 5459 καί
2312 5402 2424 5473 πρὸ
2452 5400 2673 5468 νυκτὸς
2699 5399 2879 5470 ἐγγὺς
2902 5399 3021 5469 ἤδη
3036 5402 3349 5470 μεσούσης
3368 5396 3662 5461 ἀνιέντας,
3682 5393 3760 5459 ὡς

510 5503 686 5545 autem
721 5493 812 5563 qui
862 5492 1064 5547 interea
1112 5503 1171 5548 ut
1219 5495 1350 5549 moti
1402 5505 1547 5562 sunt,
1572 5493 1650 5549 vel
1687 5504 1745 5548 ut
1775 5502 2067 5565 potuerunt,

2189 5494 2511 5565 ὀλιγώρους
2542 5491 2642 5547 καί
2659 5490 2952 5560 ἀκρατεῖς,
2976 5493 3344 5563 μεμφόμεθα,
3379 5491 3462 5558 ὡς
3489 5488 3622 5560 παρ’
3648 5484 3763 5540 ὀλί-

510 5582 807 5652 quiescunt,
851 5600 955 5639 non
982 5584 1135 5640 valde
1171 5586 1377 5642 molesti
1410 5587 1576 5643 simus
1605 5602 1625 5642 :
1657 5586 2067 5658 quandoquiden

2188 5604 2298 5658 γον
2341 5585 2869 5655 προκαταλύοντας
2900 5582 3008 5637 τὸν
3040 5583 3282 5654 δρόμον,
3321 5582 3610 5653 λέγοντος
3656 5578 3761 5633 ἀν-

512 5689 604 5727 nec
625 5672 1060 5744 sexjejuniorum
1096 5679 1208 5731 dies
1236 5677 1532 5749 requaliter,
1564 5695 1657 5734 nec
1686 5678 1937 5733 similiter
1970 5694 2067 5733 ont-

2189 5680 2331 5749 δρὸς
2360 5680 2590 5750 σοφοῦ·
2647 5679 2722 5733 Οὐ
2779 5678 2972 5773 μικρὸν
3018 5679 3076 5732 ὲν
3126 5678 3225 5751 βίῳ
3251 5677 3314 5730 τὸ
3364 5675 3519 5747 παρὰ
3554 5668 3759 5746 μικρὸν.

595 5861 629 5894 ³¹
656 5859 845 5917 Matth.
880 5878 1076 5933 xxvut,
1106 5863 1219 5921 1-6.
1296 5867 1337 5899 ³³
1367 5867 1523 5923 Joan.
1565 5884 1655 5939 xx,
1692 5868 1740 5927 1.
1822 5867 1863 5901 ’³
1891 5867 2024 5926 Luc.
2060 5885 2067 5926 :

2168 5884 2229 5938 ll,
2263 5868 2365 5938 56;
2398 5884 2557 5940 xuv,
2587 5867 2717 5945 1,,2.
2793 5866 2837 5901 ³⁸
2865 5844 3032 5923 Marc.
3064 5882 3191 5935 xvi,
3224 5867 3274 5933 1,
3304 5867 3360 5934 Ξ,
3398 5863 3451 5919 6.
