  <div class='ocr_page' id='page_1' title='image "/cluster/home/n/w/nwhite01/storage/ocr_20150623/10/coo.31924054872894/650.png"; bbox 0 0 4058 6408; ppageno 0'>
   <div class='ocr_carea' id='block_1_1' title="bbox 396 438 583 512">
    <p class='ocr_par' dir='ltr' id='par_1_1' title="bbox 396 438 583 512">
     <span class='ocr_line' id='line_1_1' title="bbox 396 438 583 512; baseline -0.021 1"><span class='ocrx_word' id='word_1_1' title='bbox 396 438 407 449; x_wconf 91' lang='grc'><em>’</em></span> <span class='ocrx_word' id='word_1_2' title='bbox 446 455 583 512; x_wconf 63' lang='lat'><strong>{277</strong></span> 
     </span>
    </p>
   </div>
   <div class='ocr_carea' id='block_1_2' title="bbox 1222 429 2921 503">
    <p class='ocr_par' dir='ltr' id='par_1_2' title="bbox 1222 429 2921 503">
     <span class='ocr_line' id='line_1_2' title="bbox 1222 429 2921 503; baseline -0.008 0"><span class='ocrx_word' id='word_1_3' title='bbox 1222 444 1560 503; x_wconf 78' lang='lat' dir='ltr'><strong><em>EPISTOLA</em></strong></span> <span class='ocrx_word' id='word_1_4' title='bbox 1597 429 1944 501; x_wconf 76' lang='lat' dir='ltr'><strong><em>CANONlCA</em></strong></span> <span class='ocrx_word' id='word_1_5' title='bbox 1985 441 2078 496; x_wconf 86' lang='lat' dir='ltr'><strong><em>AD</em></strong></span> <span class='ocrx_word' id='word_1_6' title='bbox 2102 436 2481 495; x_wconf 41' lang='lat' dir='ltr'><strong><em>&#39;BASILIDEM</em></strong></span> <span class='ocrx_word' id='word_1_7' title='bbox 2504 431 2921 491; x_wconf 67' lang='lat' dir='ltr'><strong><em>‘EPISCOPUM.</em></strong></span> 
     </span>
    </p>
   </div>
   <div class='ocr_carea' id='block_1_3' title="bbox 3551 426 3691 482">
    <p class='ocr_par' dir='ltr' id='par_1_3' title="bbox 3551 426 3691 482">
     <span class='ocr_line' id='line_1_3' title="bbox 3551 426 3691 482; baseline -0.007 0"><span class='ocrx_word' id='word_1_8' title='bbox 3551 426 3691 482; x_wconf 67' lang='lat'><strong><em>1978</em></strong></span> 
     </span>
    </p>
   </div>
   <div class='ocr_carea' id='block_1_4' title="bbox 440 554 1994 643">
    <p class='ocr_par' dir='ltr' id='par_1_4' title="bbox 440 561 1994 643">
     <span class='ocr_line' id='line_1_4' title="bbox 440 561 1994 643; baseline -0.008 -13"><span class='ocrx_word' id='word_1_9' title='bbox 440 576 585 641; x_wconf 82' lang='grc' dir='ltr'><strong><em>Τοὺς</em></strong></span> <span class='ocrx_word' id='word_1_10' title='bbox 640 573 709 628; x_wconf 81' lang='grc' dir='ltr'><em>δὲ</em></span> <span class='ocrx_word' id='word_1_11' title='bbox 756 561 1263 643; x_wconf 58' lang='grc' dir='ltr'><em>ὐςρυστερίζοντας</em></span> <span class='ocrx_word' id='word_1_12' title='bbox 1317 569 1416 623; x_wconf 74' lang='grc' dir='ltr'><em>καὶ</em></span> <span class='ocrx_word' id='word_1_13' title='bbox 1475 566 1868 635; x_wconf 83' lang='grc' dir='ltr'><em>διαρκοῦντας</em></span> <span class='ocrx_word' id='word_1_14' title='bbox 1914 565 1994 619; x_wconf 80' lang='grc' dir='ltr'><em>ἐπ</em></span> 
     </span>
    </p>
   </div>
   <div class='ocr_carea' id='block_1_5' title="bbox 2098 554 3692 643">
    <p class='ocr_par' dir='ltr' id='par_1_5' title="bbox 2118 554 3692 633">
     <span class='ocr_line' id='line_1_5' title="bbox 2118 554 3692 633; baseline -0.008 -14"><span class='ocrx_word' id='word_1_15' title='bbox 2118 580 2207 619; x_wconf 87' lang='lat' dir='ltr'><strong><em>nes</em></strong></span> <span class='ocrx_word' id='word_1_16' title='bbox 2237 568 2579 633; x_wconf 69' lang='lat' dir='ltr'><strong><em>exspectant;</em></strong></span> <span class='ocrx_word' id='word_1_17' title='bbox 2615 559 2706 615; x_wconf 86' lang='lat' dir='ltr'><strong><em>sed</em></strong></span> <span class='ocrx_word' id='word_1_18' title='bbox 2741 557 2839 613; x_wconf 86' lang='lat' dir='ltr'><strong><em>alii</em></strong></span> <span class='ocrx_word' id='word_1_19' title='bbox 2888 556 3119 627; x_wconf 77' lang='lat' dir='ltr'><strong><em>quidem,</em></strong></span> <span class='ocrx_word' id='word_1_20' title='bbox 3161 554 3243 609; x_wconf 77' lang='lat' dir='ltr'><strong><em>vel</em></strong></span> <span class='ocrx_word' id='word_1_21' title='bbox 3294 567 3470 608; x_wconf 86' lang='lat' dir='ltr'><strong><em>omnes</em></strong></span> <span class='ocrx_word' id='word_1_22' title='bbox 3513 561 3692 607; x_wconf 85' lang='lat' dir='ltr'><strong><em>trans-</em></strong></span> 
     </span>
    </p>
   </div>
   <div class='ocr_carea' id='block_1_6' title="bbox 433 657 2010 733">
    <p class='ocr_par' dir='ltr' id='par_1_6' title="bbox 433 657 2010 733">
     <span class='ocr_line' id='line_1_6' title="bbox 433 657 2010 733; baseline -0.006 -13"><span class='ocrx_word' id='word_1_23' title='bbox 433 665 742 729; x_wconf 77' lang='grc' dir='ltr'><em>πλεῖστον,</em></span> <span class='ocrx_word' id='word_1_24' title='bbox 777 664 875 718; x_wconf 74' lang='grc' dir='ltr'><em>καὶ</em></span> <span class='ocrx_word' id='word_1_25' title='bbox 915 662 1092 733; x_wconf 79' lang='grc' dir='ltr'><em>μέχρι</em></span> <span class='ocrx_word' id='word_1_26' title='bbox 1121 659 1406 730; x_wconf 81' lang='grc' dir='ltr'><strong><em>τετάρτης</em></strong></span> <span class='ocrx_word' id='word_1_27' title='bbox 1439 657 1716 729; x_wconf 74' lang='grc' dir='ltr'><em>φυλακῆς</em></span> <span class='ocrx_word' id='word_1_28' title='bbox 1739 658 2010 729; x_wconf 75' lang='grc' dir='ltr'><em>διεγκαρ-</em></span> 
     </span>
    </p>
   </div>
   <div class='ocr_carea' id='block_1_7' title="bbox 431 749 2010 826">
    <p class='ocr_par' dir='ltr' id='par_1_7' title="bbox 431 749 2010 826">
     <span class='ocr_line' id='line_1_7' title="bbox 431 749 2010 826; baseline -0.006 -15"><span class='ocrx_word' id='word_1_29' title='bbox 431 756 773 826; x_wconf 84' lang='grc' dir='ltr'><em>τεροῦντας,</em></span> <span class='ocrx_word' id='word_1_30' title='bbox 808 755 936 810; x_wconf 78' lang='grc' dir='ltr'><em>καθ’</em></span> <span class='ocrx_word' id='word_1_31' title='bbox 977 754 1059 824; x_wconf 78' lang='grc' dir='ltr'><em>ἢν</em></span> <span class='ocrx_word' id='word_1_32' title='bbox 1103 752 1356 819; x_wconf 71' lang='grc' dir='ltr'><em>καὶτοῖς</em></span> <span class='ocrx_word' id='word_1_33' title='bbox 1387 752 1687 806; x_wconf 79' lang='grc' dir='ltr'><strong><em>πλέουσιν</em></strong></span> <span class='ocrx_word' id='word_1_34' title='bbox 1731 754 1764 807; x_wconf 85' lang='grc' dir='ltr'><strong><em>ό</em></strong></span> <span class='ocrx_word' id='word_1_35' title='bbox 1804 749 2010 819; x_wconf 78' lang='grc' dir='ltr'><em>Σωτὴρ</em></span> 
     </span>
    </p>
   </div>
   <div class='ocr_carea' id='block_1_8' title="bbox 432 842 2011 919">
    <p class='ocr_par' dir='ltr' id='par_1_8' title="bbox 432 842 2011 919">
     <span class='ocr_line' id='line_1_8' title="bbox 432 842 2011 919; baseline -0.005 -16"><span class='ocrx_word' id='word_1_36' title='bbox 432 847 602 919; x_wconf 71' lang='grc' dir='ltr'><em>ἡμῶν</em></span> <span class='ocrx_word' id='word_1_37' title='bbox 627 846 964 917; x_wconf 83' lang='grc' dir='ltr'><em>περιπατῶν</em></span> <span class='ocrx_word' id='word_1_38' title='bbox 1001 846 1101 900; x_wconf 82' lang='grc' dir='ltr'><strong><em>ἐπὶ</em></strong></span> <span class='ocrx_word' id='word_1_39' title='bbox 1128 845 1237 915; x_wconf 85' lang='grc' dir='ltr'><em>τῆς</em></span> <span class='ocrx_word' id='word_1_40' title='bbox 1265 843 1583 913; x_wconf 71' lang='grc' dir='ltr'><em>θαλάσσης</em></span> <span class='ocrx_word' id='word_1_41' title='bbox 1603 842 1871 913; x_wconf 68' lang='grc' dir='ltr'><em>ἐπεφάνη</em></span> <span class='ocrx_word' id='word_1_42' title='bbox 1892 882 1907 907; x_wconf 93' lang='grc'><strong><em>,</em></strong></span> <span class='ocrx_word' id='word_1_43' title='bbox 1930 842 2011 908; x_wconf 86' lang='grc' dir='ltr'><em>ὡς</em></span> 
     </span>
    </p>
   </div>
   <div class='ocr_carea' id='block_1_9' title="bbox 430 934 2010 1008">
    <p class='ocr_par' dir='ltr' id='par_1_9' title="bbox 430 934 2010 1008">
     <span class='ocr_line' id='line_1_9' title="bbox 430 934 2010 1008; baseline -0.004 -16"><span class='ocrx_word' id='word_1_44' title='bbox 430 939 746 1008; x_wconf 76' lang='grc' dir='ltr'><em>γενναίους</em></span> <span class='ocrx_word' id='word_1_45' title='bbox 774 938 874 992; x_wconf 79' lang='grc' dir='ltr'><em>καὶ</em></span> <span class='ocrx_word' id='word_1_46' title='bbox 902 940 1273 1008; x_wconf 67' lang='grc' dir='ltr'><em>φιλοπόνους</em></span> <span class='ocrx_word' id='word_1_47' title='bbox 1298 934 1727 1005; x_wconf 82' lang='grc' dir='ltr'><strong><em>ἀποδεχόμεθα.</em></strong></span> <span class='ocrx_word' id='word_1_48' title='bbox 1778 935 1906 1001; x_wconf 84' lang='grc' dir='ltr'><em>τοῖς</em></span> <span class='ocrx_word' id='word_1_49' title='bbox 1942 934 2010 987; x_wconf 84' lang='grc' dir='ltr'><em>δὲ</em></span> 
     </span>
    </p>
   </div>
   <div class='ocr_carea' id='block_1_10' title="bbox 425 1026 2009 1099">
    <p class='ocr_par' dir='ltr' id='par_1_10' title="bbox 425 1026 2009 1099">
     <span class='ocr_line' id='line_1_10' title="bbox 425 1026 2009 1099; baseline -0.003 -16"><span class='ocrx_word' id='word_1_50' title='bbox 425 1029 652 1099; x_wconf 78' lang='grc' dir='ltr'><em>μεταξὺ</em></span> <span class='ocrx_word' id='word_1_51' title='bbox 677 1030 756 1096; x_wconf 86' lang='grc' dir='ltr'><em>ὡς</em></span> <span class='ocrx_word' id='word_1_52' title='bbox 778 1029 1151 1097; x_wconf 78' lang='grc' dir='ltr'><strong><em>ἐκινήθησαν</em></strong></span> <span class='ocrx_word' id='word_1_53' title='bbox 1174 1027 1212 1096; x_wconf 79' lang='grc' dir='ltr'><strong>ἢ</strong></span> <span class='ocrx_word' id='word_1_54' title='bbox 1233 1028 1312 1093; x_wconf 88' lang='grc' dir='ltr'><em>ὡς</em></span> <span class='ocrx_word' id='word_1_55' title='bbox 1332 1026 1728 1095; x_wconf 75' lang='grc' dir='ltr'><em>ἠδυνήθησαν</em></span> <span class='ocrx_word' id='word_1_56' title='bbox 1744 1027 2009 1081; x_wconf 83' lang='grc' dir='ltr'><em>ἀναπαυ-</em></span> 
     </span>
    </p>
   </div>
   <div class='ocr_carea' id='block_1_11' title="bbox 340 1113 2010 1189">
    <p class='ocr_par' dir='ltr' id='par_1_11' title="bbox 340 1113 2010 1189">
     <span class='ocr_line' id='line_1_11' title="bbox 340 1113 2010 1189; baseline -0.004 -14"><span class='ocrx_word' id='word_1_57' title='bbox 340 1168 347 1175; x_wconf 86' lang='grc'><strong><em>.</em></strong></span> <span class='ocrx_word' id='word_1_58' title='bbox 429 1119 735 1189; x_wconf 81' lang='grc' dir='ltr'><em>σαμένοις,</em></span> <span class='ocrx_word' id='word_1_59' title='bbox 759 1117 844 1188; x_wconf 84' lang='grc' dir='ltr'><em>μὴ</em></span> <span class='ocrx_word' id='word_1_60' title='bbox 888 1118 1048 1172; x_wconf 85' lang='grc' dir='ltr'><em>πάνυ</em></span> <span class='ocrx_word' id='word_1_61' title='bbox 1083 1115 1440 1187; x_wconf 75' lang='grc' dir='ltr'><em>διοχλῶμεν·</em></span> <span class='ocrx_word' id='word_1_62' title='bbox 1469 1116 1602 1170; x_wconf 76' lang='grc' dir='ltr'><em>ἐπεὶ</em></span> <span class='ocrx_word' id='word_1_63' title='bbox 1619 1115 1775 1186; x_wconf 83' lang='grc' dir='ltr'><em>μηδὲ</em></span> <span class='ocrx_word' id='word_1_64' title='bbox 1800 1116 1909 1181; x_wconf 82' lang='grc' dir='ltr'><strong><em>τὰς</em></strong></span> <span class='ocrx_word' id='word_1_65' title='bbox 1939 1113 2010 1179; x_wconf 79' lang='grc' dir='ltr'><strong><em>ἐξ</em></strong></span> 
     </span>
    </p>
   </div>
   <div class='ocr_carea' id='block_1_12' title="bbox 428 1207 2009 1280">
    <p class='ocr_par' dir='ltr' id='par_1_12' title="bbox 428 1207 2009 1280">
     <span class='ocr_line' id='line_1_12' title="bbox 428 1207 2009 1280; baseline -0.003 -16"><span class='ocrx_word' id='word_1_66' title='bbox 428 1210 550 1264; x_wconf 86' lang='grc' dir='ltr'><em>τῶν</em></span> <span class='ocrx_word' id='word_1_67' title='bbox 579 1209 878 1280; x_wconf 80' lang='grc' dir='ltr'><em>νηστειῶν</em></span> <span class='ocrx_word' id='word_1_68' title='bbox 912 1208 1140 1280; x_wconf 67' lang='grc' dir='ltr'><em>’ἡμέρας</em></span> <span class='ocrx_word' id='word_1_69' title='bbox 1170 1209 1316 1275; x_wconf 77' lang='grc' dir='ltr'><em>Ισως</em></span> <span class='ocrx_word' id='word_1_70' title='bbox 1348 1207 1505 1277; x_wconf 81' lang='grc' dir='ltr'><em>μηδὲ</em></span> <span class='ocrx_word' id='word_1_71' title='bbox 1539 1208 1754 1277; x_wconf 81' lang='grc' dir='ltr'><em>ὁμοίως</em></span> <span class='ocrx_word' id='word_1_72' title='bbox 1788 1207 2009 1273; x_wconf 79' lang='grc' dir='ltr'><em>πάντες</em></span> 
     </span>
    </p>
   </div>
   <div class='ocr_carea' id='block_1_13' title="bbox 424 1295 2007 1370">
    <p class='ocr_par' dir='ltr' id='par_1_13' title="bbox 424 1295 2007 1370">
     <span class='ocr_line' id='line_1_13' title="bbox 424 1295 2007 1370; baseline -0.003 -16"><span class='ocrx_word' id='word_1_73' title='bbox 424 1299 818 1370; x_wconf 79' lang='grc' dir='ltr'><em>διαμένουσιν</em></span> <span class='ocrx_word' id='word_1_74' title='bbox 837 1317 849 1329; x_wconf 92' lang='grc'>·</span> <span class='ocrx_word' id='word_1_75' title='bbox 884 1298 1023 1354; x_wconf 73' lang='grc' dir='ltr'><strong><em>ἀλλ’</em></strong></span> <span class='ocrx_word' id='word_1_76' title='bbox 1055 1302 1108 1353; x_wconf 81' lang='grc' dir='ltr'><em>οἱ</em></span> <span class='ocrx_word' id='word_1_77' title='bbox 1136 1295 1254 1367; x_wconf 83' lang='grc' dir='ltr'><em>μὲν</em></span> <span class='ocrx_word' id='word_1_78' title='bbox 1278 1297 1376 1350; x_wconf 79' lang='grc' dir='ltr'><strong><em>καὶ</em></strong></span> <span class='ocrx_word' id='word_1_79' title='bbox 1416 1296 1619 1363; x_wconf 87' lang='grc' dir='ltr'><em>πάσας</em></span> <span class='ocrx_word' id='word_1_80' title='bbox 1660 1296 2007 1366; x_wconf 78' lang='grc' dir='ltr'><em>ὑπερτιθέα-</em></span> 
     </span>
    </p>
   </div>
   <div class='ocr_carea' id='block_1_14' title="bbox 425 1388 2006 1459">
    <p class='ocr_par' dir='ltr' id='par_1_14' title="bbox 425 1388 2006 1459">
     <span class='ocr_line' id='line_1_14' title="bbox 425 1388 2006 1459; baseline -0.004 -11"><span class='ocrx_word' id='word_1_81' title='bbox 425 1410 532 1448; x_wconf 87' lang='grc' dir='ltr'><strong><em>σιν</em></strong></span> <span class='ocrx_word' id='word_1_82' title='bbox 569 1394 765 1449; x_wconf 87' lang='grc' dir='ltr'><em>ἄσιτοι</em></span> <span class='ocrx_word' id='word_1_83' title='bbox 802 1391 1241 1458; x_wconf 85' lang='grc' dir='ltr'><em>διατελοῦντες,</em></span> <span class='ocrx_word' id='word_1_84' title='bbox 1272 1395 1326 1446; x_wconf 79' lang='grc' dir='ltr'><em>οἱ</em></span> <span class='ocrx_word' id='word_1_85' title='bbox 1354 1390 1421 1444; x_wconf 85' lang='grc' dir='ltr'><em>δὲ</em></span> <span class='ocrx_word' id='word_1_86' title='bbox 1447 1391 1579 1456; x_wconf 87' lang='grc' dir='ltr'><em>δύο,</em></span> <span class='ocrx_word' id='word_1_87' title='bbox 1608 1393 1663 1445; x_wconf 79' lang='grc' dir='ltr'><em>οἱ</em></span> <span class='ocrx_word' id='word_1_88' title='bbox 1714 1388 1783 1443; x_wconf 83' lang='grc' dir='ltr'><em>δὲ</em></span> <span class='ocrx_word' id='word_1_89' title='bbox 1818 1389 1974 1459; x_wconf 85' lang='grc' dir='ltr'><em>τρεῖς</em></span> <span class='ocrx_word' id='word_1_90' title='bbox 1990 1428 2006 1454; x_wconf 93' lang='grc'><strong><em>,</em></strong></span> 
     </span>
    </p>
   </div>
   <div class='ocr_carea' id='block_1_15' title="bbox 426 1482 2007 1555">
    <p class='ocr_par' dir='ltr' id='par_1_15' title="bbox 426 1482 2007 1555">
     <span class='ocr_line' id='line_1_15' title="bbox 426 1482 2007 1555; baseline -0.003 -15"><span class='ocrx_word' id='word_1_91' title='bbox 426 1489 482 1541; x_wconf 77' lang='grc' dir='ltr'><em>οἱ</em></span> <span class='ocrx_word' id='word_1_92' title='bbox 536 1485 607 1542; x_wconf 77' lang='grc' dir='ltr'><strong><em>δὲ</em></strong></span> <span class='ocrx_word' id='word_1_93' title='bbox 650 1486 979 1555; x_wconf 86' lang='grc' dir='ltr'><em>τέσσαρας,</em></span> <span class='ocrx_word' id='word_1_94' title='bbox 1029 1488 1084 1539; x_wconf 82' lang='grc' dir='ltr'><em>οἱ</em></span> <span class='ocrx_word' id='word_1_95' title='bbox 1132 1483 1203 1537; x_wconf 81' lang='grc' dir='ltr'><em>δὲ</em></span> <span class='ocrx_word' id='word_1_96' title='bbox 1236 1483 1539 1554; x_wconf 76' lang='grc' dir='ltr'><em>οὐδεμίαν.</em></span> <span class='ocrx_word' id='word_1_97' title='bbox 1587 1483 1700 1537; x_wconf 80' lang='grc' dir='ltr'><strong><em>Καὶ</em></strong></span> <span class='ocrx_word' id='word_1_98' title='bbox 1729 1483 1853 1549; x_wconf 82' lang='grc' dir='ltr'><em>τοῖς</em></span> <span class='ocrx_word' id='word_1_99' title='bbox 1888 1482 2007 1552; x_wconf 87' lang='grc' dir='ltr'><em>μὲν</em></span> 
     </span>
    </p>
   </div>
   <div class='ocr_carea' id='block_1_16' title="bbox 424 1569 2009 1646">
    <p class='ocr_par' dir='ltr' id='par_1_16' title="bbox 424 1569 2009 1646">
     <span class='ocr_line' id='line_1_16' title="bbox 424 1569 2009 1646; baseline -0.004 -13"><span class='ocrx_word' id='word_1_100' title='bbox 424 1577 586 1633; x_wconf 83' lang='grc' dir='ltr'><em>πάνυ</em></span> <span class='ocrx_word' id='word_1_101' title='bbox 623 1576 1078 1646; x_wconf 56' lang='grc' dir='ltr'><em>διαποηθεῖσιν</em></span> <span class='ocrx_word' id='word_1_102' title='bbox 1115 1575 1186 1630; x_wconf 83' lang='grc' dir='ltr'><em>ἐν</em></span> <span class='ocrx_word' id='word_1_103' title='bbox 1229 1575 1360 1642; x_wconf 82' lang='grc' dir='ltr'><em>ταῖς</em></span> <span class='ocrx_word' id='word_1_104' title='bbox 1400 1574 1831 1643; x_wconf 84' lang='grc' dir='ltr'><em>ύπερθέσεσιν,</em></span> <span class='ocrx_word' id='word_1_105' title='bbox 1880 1569 2009 1628; x_wconf 71' lang='grc' dir='ltr'><em>εἶτα</em></span> 
     </span>
    </p>
   </div>
   <div class='ocr_carea' id='block_1_17' title="bbox 421 1664 2007 1737">
    <p class='ocr_par' dir='ltr' id='par_1_17' title="bbox 421 1664 2007 1737">
     <span class='ocr_line' id='line_1_17' title="bbox 421 1664 2007 1737; baseline -0.002 -13"><span class='ocrx_word' id='word_1_106' title='bbox 421 1668 805 1737; x_wconf 83' lang='grc' dir='ltr'><em>ἀποκαμοῦσι</em></span> <span class='ocrx_word' id='word_1_107' title='bbox 832 1667 931 1722; x_wconf 76' lang='grc' dir='ltr'><em>καὶ</em></span> <span class='ocrx_word' id='word_1_108' title='bbox 958 1665 1223 1737; x_wconf 85' lang='grc' dir='ltr'><em>μονονοὺ</em></span> <span class='ocrx_word' id='word_1_109' title='bbox 1267 1666 1640 1731; x_wconf 78' lang='grc' dir='ltr'><em>ἐκλείπουσι,</em></span> <span class='ocrx_word' id='word_1_110' title='bbox 1687 1664 2007 1736; x_wconf 73' lang='grc' dir='ltr'><em>συγγνώμη</em></span> 
     </span>
    </p>
   </div>
   <div class='ocr_carea' id='block_1_18' title="bbox 424 1754 2009 1831">
    <p class='ocr_par' dir='ltr' id='par_1_18' title="bbox 424 1754 2009 1831">
     <span class='ocr_line' id='line_1_18' title="bbox 424 1754 2009 1831; baseline -0.004 -17"><span class='ocrx_word' id='word_1_111' title='bbox 424 1759 538 1831; x_wconf 77' lang='grc' dir='ltr'><em>τῆς</em></span> <span class='ocrx_word' id='word_1_112' title='bbox 577 1758 909 1830; x_wconf 82' lang='grc' dir='ltr'><em>ταχυτέρας</em></span> <span class='ocrx_word' id='word_1_113' title='bbox 951 1759 1236 1829; x_wconf 73' lang='grc' dir='ltr'><em>γεύσεως.</em></span> <span class='ocrx_word' id='word_1_114' title='bbox 1276 1760 1349 1812; x_wconf 81' lang='lat' dir='ltr'><strong><em>El</em></strong></span> <span class='ocrx_word' id='word_1_115' title='bbox 1390 1756 1457 1811; x_wconf 82' lang='grc' dir='ltr'><strong><em>δέ</em></strong></span> <span class='ocrx_word' id='word_1_116' title='bbox 1503 1773 1665 1822; x_wconf 86' lang='grc' dir='ltr'><em>τινες</em></span> <span class='ocrx_word' id='word_1_117' title='bbox 1702 1757 1817 1825; x_wconf 86' lang='grc' dir='ltr'><em>οὐχ</em></span> <span class='ocrx_word' id='word_1_118' title='bbox 1851 1754 2009 1822; x_wconf 87' lang='grc' dir='ltr'><em>ὅπως</em></span> 
     </span>
    </p>
   </div>
   <div class='ocr_carea' id='block_1_19' title="bbox 422 1847 2005 1923">
    <p class='ocr_par' dir='ltr' id='par_1_19' title="bbox 422 1847 2005 1923">
     <span class='ocr_line' id='line_1_19' title="bbox 422 1847 2005 1923; baseline -0.004 -16"><span class='ocrx_word' id='word_1_119' title='bbox 422 1855 537 1923; x_wconf 86' lang='grc' dir='ltr'><em>οὐχ</em></span> <span class='ocrx_word' id='word_1_120' title='bbox 574 1850 1040 1922; x_wconf 82' lang='grc' dir='ltr'><em>ὑπερτιθέμενοι,</em></span> <span class='ocrx_word' id='word_1_121' title='bbox 1079 1849 1241 1906; x_wconf 76' lang='grc' dir='ltr'><em>ἀλλὰ</em></span> <span class='ocrx_word' id='word_1_122' title='bbox 1280 1848 1436 1920; x_wconf 84' lang='grc' dir='ltr'><em>μηδὲ</em></span> <span class='ocrx_word' id='word_1_123' title='bbox 1471 1849 1922 1917; x_wconf 84' lang='grc' dir='ltr'><em>νηστεύσαντες</em></span> <span class='ocrx_word' id='word_1_124' title='bbox 1968 1847 2005 1917; x_wconf 73' lang='grc' dir='ltr'>ἢ</span> 
     </span>
    </p>
   </div>
   <div class='ocr_carea' id='block_1_20' title="bbox 2115 643 3694 724">
    <p class='ocr_par' dir='ltr' id='par_1_20' title="bbox 2115 643 3694 724">
     <span class='ocr_line' id='line_1_20' title="bbox 2115 643 3694 724; baseline -0.008 -14"><span class='ocrx_word' id='word_1_125' title='bbox 2115 657 2356 721; x_wconf 88' lang='lat' dir='ltr'><strong><em>mittunt,</em></strong></span> <span class='ocrx_word' id='word_1_126' title='bbox 2377 654 2555 724; x_wconf 85' lang='lat' dir='ltr'><strong><em>jejuni</em></strong></span> <span class='ocrx_word' id='word_1_127' title='bbox 2579 658 2966 723; x_wconf 80' lang='lat' dir='ltr'><strong><em>permanentes,</em></strong></span> <span class='ocrx_word' id='word_1_128' title='bbox 3000 647 3095 701; x_wconf 88' lang='lat' dir='ltr'><strong><em>alii</em></strong></span> <span class='ocrx_word' id='word_1_129' title='bbox 3120 648 3273 710; x_wconf 89' lang='lat' dir='ltr'><strong><em>duos,</em></strong></span> <span class='ocrx_word' id='word_1_130' title='bbox 3298 645 3395 700; x_wconf 91' lang='lat' dir='ltr'><strong><em>alii</em></strong></span> <span class='ocrx_word' id='word_1_131' title='bbox 3428 654 3553 710; x_wconf 86' lang='lat' dir='ltr'><strong><em>tres,</em></strong></span> <span class='ocrx_word' id='word_1_132' title='bbox 3594 643 3694 698; x_wconf 80' lang='lat' dir='ltr'><strong><em>alii</em></strong></span> 
     </span>
    </p>
   </div>
   <div class='ocr_carea' id='block_1_21' title="bbox 2112 731 3688 816">
    <p class='ocr_par' dir='ltr' id='par_1_21' title="bbox 2112 731 3688 816">
     <span class='ocr_line' id='line_1_21' title="bbox 2112 731 3688 816; baseline -0.01 -16"><span class='ocrx_word' id='word_1_133' title='bbox 2112 755 2363 816; x_wconf 83' lang='lat' dir='ltr'><strong><em>quatuor,</em></strong></span> <span class='ocrx_word' id='word_1_134' title='bbox 2431 742 2531 797; x_wconf 88' lang='lat' dir='ltr'><strong><em>alii</em></strong></span> <span class='ocrx_word' id='word_1_135' title='bbox 2596 740 2824 796; x_wconf 87' lang='lat' dir='ltr'><strong><em>nullum.</em></strong></span> <span class='ocrx_word' id='word_1_136' title='bbox 2879 737 2945 792; x_wconf 88' lang='lat' dir='ltr'><strong><em>Et</em></strong></span> <span class='ocrx_word' id='word_1_137' title='bbox 3002 738 3070 791; x_wconf 89' lang='lat' dir='ltr'><strong><em>iis</em></strong></span> <span class='ocrx_word' id='word_1_138' title='bbox 3117 736 3326 804; x_wconf 79' lang='lat' dir='ltr'><strong><em>quidem</em></strong></span> <span class='ocrx_word' id='word_1_139' title='bbox 3360 734 3449 804; x_wconf 85' lang='lat' dir='ltr'><strong><em>qui</em></strong></span> <span class='ocrx_word' id='word_1_140' title='bbox 3479 734 3533 786; x_wconf 89' lang='lat' dir='ltr'><strong><em>in</em></strong></span> <span class='ocrx_word' id='word_1_141' title='bbox 3576 731 3688 785; x_wconf 88' lang='lat' dir='ltr'><strong><em>illis</em></strong></span> 
     </span>
    </p>
   </div>
   <div class='ocr_carea' id='block_1_22' title="bbox 2115 823 3689 893">
    <p class='ocr_par' dir='ltr' id='par_1_22' title="bbox 2115 823 3689 893">
     <span class='ocr_line' id='line_1_22' title="bbox 2115 823 3689 893; baseline -0.01 -2"><span class='ocrx_word' id='word_1_142' title='bbox 2115 836 2540 891; x_wconf 86' lang='lat' dir='ltr'><strong><em>transmittendis</em></strong></span> <span class='ocrx_word' id='word_1_143' title='bbox 2586 832 2741 888; x_wconf 80' lang='lat' dir='ltr'><strong><em>valde</em></strong></span> <span class='ocrx_word' id='word_1_144' title='bbox 2795 831 3188 891; x_wconf 82' lang='lat' dir='ltr'><strong><em>laboraverunt,</em></strong></span> <span class='ocrx_word' id='word_1_145' title='bbox 3247 826 3436 880; x_wconf 86' lang='lat' dir='ltr'><strong><em>deinde</em></strong></span> <span class='ocrx_word' id='word_1_146' title='bbox 3494 823 3689 893; x_wconf 82' lang='lat' dir='ltr'><strong><em>defessi</em></strong></span> 
     </span>
    </p>
   </div>
   <div class='ocr_carea' id='block_1_23' title="bbox 2113 914 3683 998">
    <p class='ocr_par' dir='ltr' id='par_1_23' title="bbox 2113 914 3683 998">
     <span class='ocr_line' id='line_1_23' title="bbox 2113 914 3683 998; baseline -0.01 -15"><span class='ocrx_word' id='word_1_147' title='bbox 2113 939 2255 997; x_wconf 88' lang='lat' dir='ltr'><strong><em>sunt,</em></strong></span> <span class='ocrx_word' id='word_1_148' title='bbox 2280 938 2328 984; x_wconf 89' lang='lat' dir='ltr'><strong><em>et</em></strong></span> <span class='ocrx_word' id='word_1_149' title='bbox 2359 926 2733 998; x_wconf 82' lang='lat' dir='ltr'><strong><em>propemodum</em></strong></span> <span class='ocrx_word' id='word_1_150' title='bbox 2757 924 3026 994; x_wconf 80' lang='lat' dir='ltr'><strong><em>deﬁciunt,</em></strong></span> <span class='ocrx_word' id='word_1_151' title='bbox 3048 918 3421 992; x_wconf 74' lang='lat' dir='ltr'><strong><em>ignoscendum</em></strong></span> <span class='ocrx_word' id='word_1_152' title='bbox 3439 925 3518 971; x_wconf 74' lang='lat' dir='ltr'><strong><em>est</em></strong></span> <span class='ocrx_word' id='word_1_153' title='bbox 3542 914 3683 986; x_wconf 77' lang='lat' dir='ltr'><strong><em>quod</em></strong></span> 
     </span>
    </p>
   </div>
   <div class='ocr_carea' id='block_1_24' title="bbox 2112 1012 3688 1094">
    <p class='ocr_par' dir='ltr' id='par_1_24' title="bbox 2112 1012 3688 1094">
     <span class='ocr_line' id='line_1_24' title="bbox 2112 1012 3688 1094; baseline -0.011 -16"><span class='ocrx_word' id='word_1_154' title='bbox 2112 1024 2332 1078; x_wconf 79' lang='lat' dir='ltr'><strong><em>celerius</em></strong></span> <span class='ocrx_word' id='word_1_155' title='bbox 2360 1032 2593 1094; x_wconf 87' lang='lat' dir='ltr'><strong><em>gustent.</em></strong></span> <span class='ocrx_word' id='word_1_156' title='bbox 2624 1019 2684 1075; x_wconf 88' lang='lat' dir='ltr'><strong><em>Si</em></strong></span> <span class='ocrx_word' id='word_1_157' title='bbox 2720 1020 2809 1089; x_wconf 87' lang='lat' dir='ltr'><strong><em>qui</em></strong></span> <span class='ocrx_word' id='word_1_158' title='bbox 2844 1026 3019 1071; x_wconf 83' lang='lat' dir='ltr'><strong><em>autent</em></strong></span> <span class='ocrx_word' id='word_1_159' title='bbox 3046 1031 3148 1068; x_wconf 84' lang='lat' dir='ltr'><strong><em>non</em></strong></span> <span class='ocrx_word' id='word_1_160' title='bbox 3196 1012 3351 1065; x_wconf 90' lang='lat' dir='ltr'><strong><em>modo</em></strong></span> <span class='ocrx_word' id='word_1_161' title='bbox 3377 1025 3479 1063; x_wconf 86' lang='lat' dir='ltr'><strong><em>non</em></strong></span> <span class='ocrx_word' id='word_1_162' title='bbox 3510 1018 3688 1062; x_wconf 84' lang='lat' dir='ltr'><strong><em>trans-</em></strong></span> 
     </span>
    </p>
   </div>
   <div class='ocr_carea' id='block_1_25' title="bbox 2109 1102 3688 1184">
    <p class='ocr_par' dir='ltr' id='par_1_25' title="bbox 2109 1102 3688 1184">
     <span class='ocr_line' id='line_1_25' title="bbox 2109 1102 3688 1184; baseline -0.011 -15"><span class='ocrx_word' id='word_1_163' title='bbox 2109 1117 2285 1170; x_wconf 78' lang='lat' dir='ltr'><strong><em>missis</em></strong></span> <span class='ocrx_word' id='word_1_164' title='bbox 2334 1116 2425 1170; x_wconf 86' lang='lat' dir='ltr'><strong><em>sed</em></strong></span> <span class='ocrx_word' id='word_1_165' title='bbox 2454 1132 2516 1169; x_wconf 87' lang='lat' dir='ltr'><strong><em>ne</em></strong></span> <span class='ocrx_word' id='word_1_166' title='bbox 2530 1113 2794 1184; x_wconf 86' lang='lat' dir='ltr'><strong><em>jejunatis</em></strong></span> <span class='ocrx_word' id='word_1_167' title='bbox 2821 1108 3052 1180; x_wconf 86' lang='lat' dir='ltr'><strong><em>quidem,</em></strong></span> <span class='ocrx_word' id='word_1_168' title='bbox 3089 1106 3167 1161; x_wconf 69' lang='lat' dir='ltr'><strong><em>uel</em></strong></span> <span class='ocrx_word' id='word_1_169' title='bbox 3212 1105 3372 1159; x_wconf 89' lang='lat' dir='ltr'><strong><em>etiam</em></strong></span> <span class='ocrx_word' id='word_1_170' title='bbox 3402 1104 3457 1156; x_wconf 92' lang='lat' dir='ltr'><strong><em>in</em></strong></span> <span class='ocrx_word' id='word_1_171' title='bbox 3489 1102 3688 1155; x_wconf 82' lang='lat' dir='ltr'><strong><em>delica-</em></strong></span> 
     </span>
    </p>
   </div>
   <div class='ocr_carea' id='block_1_26' title="bbox 2111 1192 3686 1279">
    <p class='ocr_par' dir='ltr' id='par_1_26' title="bbox 2111 1192 3686 1279">
     <span class='ocr_line' id='line_1_26' title="bbox 2111 1192 3686 1279; baseline -0.01 -17"><span class='ocrx_word' id='word_1_172' title='bbox 2111 1210 2178 1264; x_wconf 90' lang='lat' dir='ltr'><strong><em>tis</em></strong></span> <span class='ocrx_word' id='word_1_173' title='bbox 2224 1209 2569 1279; x_wconf 85' lang='lat' dir='ltr'><strong><em>opiparisque</em></strong></span> <span class='ocrx_word' id='word_1_174' title='bbox 2619 1204 2891 1266; x_wconf 73' lang='lat' dir='ltr'><strong><em>conviciis,</em></strong></span> <span class='ocrx_word' id='word_1_175' title='bbox 2920 1199 3243 1269; x_wconf 71' lang='lat' dir='ltr'><strong><em>consumptis</em></strong></span> <span class='ocrx_word' id='word_1_176' title='bbox 3271 1192 3686 1267; x_wconf 75' lang='lat' dir='ltr'><strong><em>prwcedentibus</em></strong></span> 
     </span>
    </p>
   </div>
   <div class='ocr_carea' id='block_1_27' title="bbox 2107 1285 3687 1370">
    <p class='ocr_par' dir='ltr' id='par_1_27' title="bbox 2107 1285 3687 1370">
     <span class='ocr_line' id='line_1_27' title="bbox 2107 1285 3687 1370; baseline -0.009 -16"><span class='ocrx_word' id='word_1_177' title='bbox 2107 1308 2335 1370; x_wconf 87' lang='lat' dir='ltr'><strong><em>quatuor</em></strong></span> <span class='ocrx_word' id='word_1_178' title='bbox 2356 1298 2563 1362; x_wconf 86' lang='lat' dir='ltr'><strong><em>diebus,</em></strong></span> <span class='ocrx_word' id='word_1_179' title='bbox 2594 1297 2663 1350; x_wconf 89' lang='lat' dir='ltr'><strong><em>ad</em></strong></span> <span class='ocrx_word' id='word_1_180' title='bbox 2698 1296 2831 1349; x_wconf 90' lang='lat' dir='ltr'><strong><em>duos</em></strong></span> <span class='ocrx_word' id='word_1_181' title='bbox 2866 1308 3055 1364; x_wconf 86' lang='lat' dir='ltr'><strong><em>eosque</em></strong></span> <span class='ocrx_word' id='word_1_182' title='bbox 3091 1292 3231 1346; x_wconf 88' lang='lat' dir='ltr'><strong><em>solos</em></strong></span> <span class='ocrx_word' id='word_1_183' title='bbox 3279 1298 3537 1342; x_wconf 67' lang='lat' dir='ltr'><strong><em>extremos</em></strong></span> <span class='ocrx_word' id='word_1_184' title='bbox 3570 1285 3687 1340; x_wconf 80' lang='lat' dir='ltr'><strong><em>dies</em></strong></span> 
     </span>
    </p>
   </div>
   <div class='ocr_carea' id='block_1_28' title="bbox 2107 1376 3684 1454">
    <p class='ocr_par' dir='ltr' id='par_1_28' title="bbox 2107 1376 3684 1454">
     <span class='ocr_line' id='line_1_28' title="bbox 2107 1376 3684 1454; baseline -0.011 -8"><span class='ocrx_word' id='word_1_185' title='bbox 2107 1376 2224 1445; x_wconf 77' lang='lat' dir='ltr'><strong><em>cum</em></strong></span> <span class='ocrx_word' id='word_1_186' title='bbox 2249 1391 2503 1454; x_wconf 82' lang='lat' dir='ltr'><strong><em>venerint,</em></strong></span> <span class='ocrx_word' id='word_1_187' title='bbox 2522 1388 2642 1443; x_wconf 85' lang='lat' dir='ltr'><strong><em>illis</em></strong></span> <span class='ocrx_word' id='word_1_188' title='bbox 2670 1405 2703 1442; x_wconf 91' lang='lat' dir='ltr'><strong><em>a</em></strong></span> <span class='ocrx_word' id='word_1_189' title='bbox 2728 1404 2783 1442; x_wconf 91' lang='lat' dir='ltr'><strong><em>se</em></strong></span> <span class='ocrx_word' id='word_1_190' title='bbox 2809 1387 2923 1440; x_wconf 88' lang='lat' dir='ltr'><strong><em>cibo</em></strong></span> <span class='ocrx_word' id='word_1_191' title='bbox 2960 1402 3062 1440; x_wconf 88' lang='lat' dir='ltr'><strong><em>non</em></strong></span> <span class='ocrx_word' id='word_1_192' title='bbox 3088 1390 3302 1454; x_wconf 78' lang='lat' dir='ltr'><strong><em>gustato</em></strong></span> <span class='ocrx_word' id='word_1_193' title='bbox 3333 1376 3684 1441; x_wconf 83' lang='lat' dir='ltr'><strong><em>transmissis,</em></strong></span> 
     </span>
    </p>
   </div>
   <div class='ocr_carea' id='block_1_29' title="bbox 2108 1471 3687 1549">
    <p class='ocr_par' dir='ltr' id='par_1_29' title="bbox 2108 1471 3687 1549">
     <span class='ocr_line' id='line_1_29' title="bbox 2108 1471 3687 1549; baseline -0.011 -10"><span class='ocrx_word' id='word_1_194' title='bbox 2108 1484 2403 1539; x_wconf 82' lang='lat' dir='ltr'><strong><em>Parasceve</em></strong></span> <span class='ocrx_word' id='word_1_195' title='bbox 2425 1493 2474 1537; x_wconf 91' lang='lat' dir='ltr'><strong><em>et</em></strong></span> <span class='ocrx_word' id='word_1_196' title='bbox 2511 1479 2765 1546; x_wconf 83' lang='lat' dir='ltr'><strong><em>Sabbato,</em></strong></span> <span class='ocrx_word' id='word_1_197' title='bbox 2797 1486 3044 1549; x_wconf 83' lang='lat' dir='ltr'><strong><em>magnum</em></strong></span> <span class='ocrx_word' id='word_1_198' title='bbox 3100 1473 3226 1546; x_wconf 86' lang='lat' dir='ltr'><strong><em>quid</em></strong></span> <span class='ocrx_word' id='word_1_199' title='bbox 3246 1484 3296 1528; x_wconf 83' lang='lat' dir='ltr'><strong><em>et</em></strong></span> <span class='ocrx_word' id='word_1_200' title='bbox 3341 1471 3604 1543; x_wconf 82' lang='lat' dir='ltr'><strong><em>egregium</em></strong></span> <span class='ocrx_word' id='word_1_201' title='bbox 3630 1483 3687 1522; x_wconf 88' lang='lat' dir='ltr'><strong><em>se</em></strong></span> 
     </span>
    </p>
   </div>
   <div class='ocr_carea' id='block_1_30' title="bbox 2110 1570 3684 1648">
    <p class='ocr_par' dir='ltr' id='par_1_30' title="bbox 2110 1570 3684 1648">
     <span class='ocr_line' id='line_1_30' title="bbox 2110 1570 3684 1648; baseline -0.011 -17"><span class='ocrx_word' id='word_1_202' title='bbox 2110 1578 2285 1648; x_wconf 78' lang='lat' dir='ltr'><strong><em>facere</em></strong></span> <span class='ocrx_word' id='word_1_203' title='bbox 2325 1574 2661 1639; x_wconf 74' lang='lat' dir='ltr'><strong><em>existimant,</em></strong></span> <span class='ocrx_word' id='word_1_204' title='bbox 2696 1572 2743 1627; x_wconf 91' lang='lat' dir='ltr'><strong><em>si</em></strong></span> <span class='ocrx_word' id='word_1_205' title='bbox 2786 1570 2855 1625; x_wconf 89' lang='lat' dir='ltr'><strong><em>ad</em></strong></span> <span class='ocrx_word' id='word_1_206' title='bbox 2906 1583 3161 1623; x_wconf 88' lang='lat' dir='ltr'><strong><em>auroram</em></strong></span> <span class='ocrx_word' id='word_1_207' title='bbox 3188 1580 3352 1635; x_wconf 88' lang='lat' dir='ltr'><strong><em>usque</em></strong></span> <span class='ocrx_word' id='word_1_208' title='bbox 3380 1574 3684 1633; x_wconf 81' lang='lat' dir='ltr'><strong><em>permanse-</em></strong></span> 
     </span>
    </p>
   </div>
   <div class='ocr_carea' id='block_1_31' title="bbox 2110 1652 3687 1729">
    <p class='ocr_par' dir='ltr' id='par_1_31' title="bbox 2110 1652 3687 1729">
     <span class='ocr_line' id='line_1_31' title="bbox 2110 1652 3687 1729; baseline -0.012 -7"><span class='ocrx_word' id='word_1_209' title='bbox 2110 1669 2251 1729; x_wconf 84' lang='lat' dir='ltr'><strong><em>rint;</em></strong></span> <span class='ocrx_word' id='word_1_210' title='bbox 2297 1683 2401 1722; x_wconf 90' lang='lat' dir='ltr'><strong><em>non</em></strong></span> <span class='ocrx_word' id='word_1_211' title='bbox 2439 1666 2686 1721; x_wconf 78' lang='lat' dir='ltr'><strong><em>existimo</em></strong></span> <span class='ocrx_word' id='word_1_212' title='bbox 2733 1678 2821 1717; x_wconf 89' lang='lat' dir='ltr'><strong><em>eos</em></strong></span> <span class='ocrx_word' id='word_1_213' title='bbox 2865 1675 2930 1714; x_wconf 78' lang='lat' dir='ltr'><strong><em>ea:</em></strong></span> <span class='ocrx_word' id='word_1_214' title='bbox 2977 1676 3125 1729; x_wconf 70' lang='lat' dir='ltr'><strong><em>atquo</em></strong></span> <span class='ocrx_word' id='word_1_215' title='bbox 3159 1666 3420 1713; x_wconf 84' lang='lat' dir='ltr'><strong><em>certamen</em></strong></span> <span class='ocrx_word' id='word_1_216' title='bbox 3460 1652 3687 1707; x_wconf 85' lang='lat' dir='ltr'><strong><em>subiisse</em></strong></span> 
     </span>
    </p>
   </div>
   <div class='ocr_carea' id='block_1_32' title="bbox 2110 1744 3684 1830">
    <p class='ocr_par' dir='ltr' id='par_1_32' title="bbox 2110 1744 3684 1830">
     <span class='ocr_line' id='line_1_32' title="bbox 2110 1744 3684 1830; baseline -0.01 -17"><span class='ocrx_word' id='word_1_217' title='bbox 2110 1776 2230 1813; x_wconf 91' lang='lat' dir='ltr'><strong><em>cum</em></strong></span> <span class='ocrx_word' id='word_1_218' title='bbox 2252 1760 2317 1813; x_wconf 77' lang='lat' dir='ltr'><strong><em>iis</em></strong></span> <span class='ocrx_word' id='word_1_219' title='bbox 2342 1760 2434 1830; x_wconf 90' lang='lat' dir='ltr'><strong><em>qui</em></strong></span> <span class='ocrx_word' id='word_1_220' title='bbox 2456 1775 2510 1813; x_wconf 86' lang='lat' dir='ltr'><strong><em>se</em></strong></span> <span class='ocrx_word' id='word_1_221' title='bbox 2530 1755 2770 1828; x_wconf 85' lang='lat' dir='ltr'><strong><em>pluribus</em></strong></span> <span class='ocrx_word' id='word_1_222' title='bbox 2785 1753 2966 1809; x_wconf 82' lang='lat' dir='ltr'><strong><em>diebus</em></strong></span> <span class='ocrx_word' id='word_1_223' title='bbox 2986 1755 3135 1821; x_wconf 86' lang='lat' dir='ltr'><strong><em>prius</em></strong></span> <span class='ocrx_word' id='word_1_224' title='bbox 3161 1756 3526 1805; x_wconf 68' lang='lat' dir='ltr'><strong><em>exercuerunt.</em></strong></span> <span class='ocrx_word' id='word_1_225' title='bbox 3553 1744 3684 1800; x_wconf 70' lang='lat' dir='ltr'><strong><em>Hac</em></strong></span> 
     </span>
    </p>
   </div>
   <div class='ocr_carea' id='block_1_33' title="bbox 2111 1841 3448 1923">
    <p class='ocr_par' dir='ltr' id='par_1_33' title="bbox 2111 1841 3448 1923">
     <span class='ocr_line' id='line_1_33' title="bbox 2111 1841 3448 1923; baseline -0.007 -18"><span class='ocrx_word' id='word_1_226' title='bbox 2111 1852 2344 1923; x_wconf 86' lang='lat' dir='ltr'><strong><em>quidem,</em></strong></span> <span class='ocrx_word' id='word_1_227' title='bbox 2377 1860 2437 1905; x_wconf 90' lang='lat' dir='ltr'><strong><em>ut</em></strong></span> <span class='ocrx_word' id='word_1_228' title='bbox 2470 1851 2661 1917; x_wconf 86' lang='lat' dir='ltr'><strong><em>sentio,</em></strong></span> <span class='ocrx_word' id='word_1_229' title='bbox 2689 1851 2966 1905; x_wconf 81' lang='lat' dir='ltr'><strong><em>consulens</em></strong></span> <span class='ocrx_word' id='word_1_230' title='bbox 2995 1845 3059 1899; x_wconf 88' lang='lat' dir='ltr'><strong><em>de</em></strong></span> <span class='ocrx_word' id='word_1_231' title='bbox 3081 1846 3223 1897; x_wconf 86' lang='lat' dir='ltr'><strong><em>hisce</em></strong></span> <span class='ocrx_word' id='word_1_232' title='bbox 3240 1841 3448 1909; x_wconf 86' lang='lat' dir='ltr'><strong><em>scripsi.</em></strong></span> 
     </span>
    </p>
   </div>
   <div class='ocr_carea' id='block_1_34' title="bbox 423 1932 3687 2017">
    <p class='ocr_par' dir='ltr' id='par_1_34' title="bbox 423 1932 3687 2017">
     <span class='ocr_line' id='line_1_34' title="bbox 423 1932 3687 2017; baseline -0.005 -16"><span class='ocrx_word' id='word_1_233' title='bbox 423 1948 522 2001; x_wconf 76' lang='grc' dir='ltr'><em>καὶ</em></span> <span class='ocrx_word' id='word_1_234' title='bbox 552 1945 966 2017; x_wconf 69' lang='grc' dir='ltr'><em>τρυφήσαντες</em></span> <span class='ocrx_word' id='word_1_235' title='bbox 1020 1943 1130 2011; x_wconf 87' lang='grc' dir='ltr'><em>τὰς</em></span> <span class='ocrx_word' id='word_1_236' title='bbox 1181 1943 1564 2017; x_wconf 77' lang='grc' dir='ltr'><em>προαγούσας</em></span> <span class='ocrx_word' id='word_1_237' title='bbox 1602 1939 1925 2010; x_wconf 85' lang='grc' dir='ltr'><em>τέσσαρας,</em></span> <span class='ocrx_word' id='word_1_238' title='bbox 1977 1937 2104 1996; x_wconf 78' lang='grc' dir='ltr'><em>εἶτα</em></span> <span class='ocrx_word' id='word_1_239' title='bbox 2133 1944 2414 2011; x_wconf 80' lang='grc' dir='ltr'><em>ἐλθόντες</em></span> <span class='ocrx_word' id='word_1_240' title='bbox 2436 1943 2536 1998; x_wconf 78' lang='grc' dir='ltr'><strong><em>ἐπὶ</em></strong></span> <span class='ocrx_word' id='word_1_241' title='bbox 2565 1943 2673 2010; x_wconf 84' lang='grc' dir='ltr'><em>τὰς</em></span> <span class='ocrx_word' id='word_1_242' title='bbox 2695 1941 3040 2006; x_wconf 71' lang='grc' dir='ltr'><em>τελευταίας</em></span> <span class='ocrx_word' id='word_1_243' title='bbox 3061 1937 3169 1991; x_wconf 87' lang='grc' dir='ltr'><strong><em>δύο</em></strong></span> <span class='ocrx_word' id='word_1_244' title='bbox 3198 1936 3297 1990; x_wconf 77' lang='grc' dir='ltr'><em>καὶ</em></span> <span class='ocrx_word' id='word_1_245' title='bbox 3328 1937 3520 2007; x_wconf 81' lang='grc' dir='ltr'><em>μόνας</em></span> <span class='ocrx_word' id='word_1_246' title='bbox 3543 1932 3687 2003; x_wconf 63' lang='grc' dir='ltr'><strong><em>ἠμέν</em></strong></span> 
     </span>
    </p>
   </div>
   <div class='ocr_carea' id='block_1_35' title="bbox 415 2029 3686 2113">
    <p class='ocr_par' dir='ltr' id='par_1_35' title="bbox 415 2029 3686 2113">
     <span class='ocr_line' id='line_1_35' title="bbox 415 2029 3686 2113; baseline -0.005 -15"><span class='ocrx_word' id='word_1_247' title='bbox 415 2060 550 2113; x_wconf 76' lang='grc' dir='ltr'><em>ρας,</em></span> <span class='ocrx_word' id='word_1_248' title='bbox 577 2042 763 2110; x_wconf 84' lang='grc' dir='ltr'><em>αὑτὰς</em></span> <span class='ocrx_word' id='word_1_249' title='bbox 788 2041 1223 2113; x_wconf 74' lang='grc' dir='ltr'><em>ὐπερτιθέντες,</em></span> <span class='ocrx_word' id='word_1_250' title='bbox 1254 2038 1369 2107; x_wconf 81' lang='grc' dir='ltr'><em>τήν</em></span> <span class='ocrx_word' id='word_1_251' title='bbox 1391 2056 1456 2094; x_wconf 87' lang='grc' dir='ltr'><strong><em>τε</em></strong></span> <span class='ocrx_word' id='word_1_252' title='bbox 1482 2036 1885 2108; x_wconf 82' lang='grc' dir='ltr'><em>Παρασκευὴν</em></span> <span class='ocrx_word' id='word_1_253' title='bbox 1901 2038 2001 2092; x_wconf 79' lang='grc' dir='ltr'><em>καὶ</em></span> <span class='ocrx_word' id='word_1_254' title='bbox 2030 2039 2097 2093; x_wconf 88' lang='grc' dir='ltr'><em>τὸ</em></span> <span class='ocrx_word' id='word_1_255' title='bbox 2160 2039 2482 2107; x_wconf 79' lang='grc' dir='ltr'><em>Σάϐϐατον,</em></span> <span class='ocrx_word' id='word_1_256' title='bbox 2520 2042 2675 2112; x_wconf 79' lang='grc' dir='ltr'><em>μέγα</em></span> <span class='ocrx_word' id='word_1_257' title='bbox 2707 2057 2764 2093; x_wconf 91' lang='grc' dir='ltr'><strong><em>τι</em></strong></span> <span class='ocrx_word' id='word_1_258' title='bbox 2810 2037 2909 2093; x_wconf 74' lang='grc' dir='ltr'><em>καὶ</em></span> <span class='ocrx_word' id='word_1_259' title='bbox 2969 2034 3246 2106; x_wconf 78' lang='grc' dir='ltr'><em>λαμπρὸν</em></span> <span class='ocrx_word' id='word_1_260' title='bbox 3296 2030 3488 2086; x_wconf 80' lang='grc' dir='ltr'><em>ποιεῖν</em></span> <span class='ocrx_word' id='word_1_261' title='bbox 3517 2029 3686 2096; x_wconf 81' lang='grc' dir='ltr'><em>νομι-</em></span> 
     </span>
    </p>
   </div>
   <div class='ocr_carea' id='block_1_36' title="bbox 420 2127 3687 2217">
    <p class='ocr_par' dir='ltr' id='par_1_36' title="bbox 420 2127 3687 2217">
     <span class='ocr_line' id='line_1_36' title="bbox 420 2127 3687 2217; baseline -0.003 -26"><span class='ocrx_word' id='word_1_262' title='bbox 420 2134 626 2198; x_wconf 82' lang='grc' dir='ltr'><em>ζουσιν</em></span> <span class='ocrx_word' id='word_1_263' title='bbox 653 2137 732 2193; x_wconf 83' lang='grc' dir='ltr'><em>ἂν</em></span> <span class='ocrx_word' id='word_1_264' title='bbox 758 2137 937 2217; x_wconf 76' lang='grc' dir='ltr'><em>μέχρι</em></span> <span class='ocrx_word' id='word_1_265' title='bbox 960 2136 1071 2208; x_wconf 85' lang='grc' dir='ltr'><em>τῆς</em></span> <span class='ocrx_word' id='word_1_266' title='bbox 1099 2138 1174 2191; x_wconf 84' lang='grc' dir='ltr'><em>ἓω</em></span> <span class='ocrx_word' id='word_1_267' title='bbox 1209 2136 1627 2207; x_wconf 84' lang='grc' dir='ltr'><em>διαμείνωσιν,</em></span> <span class='ocrx_word' id='word_1_268' title='bbox 1690 2132 1802 2189; x_wconf 70' lang='grc' dir='ltr'><em>οὐκ</em></span> <span class='ocrx_word' id='word_1_269' title='bbox 1864 2130 2024 2205; x_wconf 82' lang='grc' dir='ltr'><em>οἶμαι</em></span> <span class='ocrx_word' id='word_1_270' title='bbox 2059 2136 2177 2207; x_wconf 78' lang='grc' dir='ltr'><em>τὴν</em></span> <span class='ocrx_word' id='word_1_271' title='bbox 2220 2137 2367 2205; x_wconf 80' lang='grc' dir='ltr'><em>ἴσην</em></span> <span class='ocrx_word' id='word_1_272' title='bbox 2398 2136 2659 2207; x_wconf 79' lang='grc' dir='ltr'><em>ἄθλησιν</em></span> <span class='ocrx_word' id='word_1_273' title='bbox 2715 2135 2936 2202; x_wconf 84' lang='grc' dir='ltr'><em>αὐτοὺς</em></span> <span class='ocrx_word' id='word_1_274' title='bbox 2973 2131 3353 2201; x_wconf 78' lang='grc' dir='ltr'><em>πεποιῆσθαι,</em></span> <span class='ocrx_word' id='word_1_275' title='bbox 3409 2127 3532 2194; x_wconf 86' lang='grc' dir='ltr'><em>τοῖς</em></span> <span class='ocrx_word' id='word_1_276' title='bbox 3578 2128 3687 2195; x_wconf 79' lang='grc' dir='ltr'><em>τὰς</em></span> 
     </span>
    </p>
   </div>
   <div class='ocr_carea' id='block_1_37' title="bbox 380 2228 3371 2303">
    <p class='ocr_par' dir='ltr' id='par_1_37' title="bbox 380 2228 3371 2303">
     <span class='ocr_line' id='line_1_37' title="bbox 380 2228 3371 2303; baseline -0.002 -16"><span class='ocrx_word' id='word_1_277' title='bbox 380 2280 393 2287; x_wconf 70' lang='grc'><strong><em>.</em></strong></span> <span class='ocrx_word' id='word_1_278' title='bbox 416 2232 707 2300; x_wconf 76' lang='grc' dir='ltr'><em>πλείονας</em></span> <span class='ocrx_word' id='word_1_279' title='bbox 733 2233 954 2303; x_wconf 72' lang='grc' dir='ltr'><em>ἡμέρας</em></span> <span class='ocrx_word' id='word_1_280' title='bbox 999 2233 1441 2303; x_wconf 67' lang='grc' dir='ltr'><em>προησκηκόσιὲ</em></span> <span class='ocrx_word' id='word_1_281' title='bbox 1492 2229 1682 2286; x_wconf 87' lang='grc' dir='ltr'><em>Ταῦτα</em></span> <span class='ocrx_word' id='word_1_282' title='bbox 1714 2229 1850 2300; x_wconf 78' lang='grc' dir='ltr'><em>μὲν,</em></span> <span class='ocrx_word' id='word_1_283' title='bbox 1887 2231 1967 2297; x_wconf 84' lang='grc' dir='ltr'><em>ὡς</em></span> <span class='ocrx_word' id='word_1_284' title='bbox 1999 2232 2219 2301; x_wconf 68' lang='grc' dir='ltr'><em>φρονῶ,</em></span> <span class='ocrx_word' id='word_1_285' title='bbox 2249 2234 2679 2302; x_wconf 77' lang='grc' dir='ltr'><em>συμϐουλεύων</em></span> <span class='ocrx_word' id='word_1_286' title='bbox 2705 2231 2837 2300; x_wconf 76' lang='grc' dir='ltr'><em>περὶ</em></span> <span class='ocrx_word' id='word_1_287' title='bbox 2870 2231 3101 2285; x_wconf 87' lang='grc' dir='ltr'><em>τούτων</em></span> <span class='ocrx_word' id='word_1_288' title='bbox 3117 2228 3371 2299; x_wconf 66' lang='grc' dir='ltr'><em>ἔγραψα.</em></span> 
     </span>
    </p>
   </div>
   <div class='ocr_carea' id='block_1_38' title="bbox 488 2311 1994 2395">
    <p class='ocr_par' dir='ltr' id='par_1_38' title="bbox 488 2319 1994 2395">
     <span class='ocr_line' id='line_1_38' title="bbox 488 2319 1994 2395; baseline -0.002 -19"><span class='ocrx_word' id='word_1_289' title='bbox 488 2324 683 2379; x_wconf 80' lang='grc' dir='ltr'><strong><em>ΒΑΛΣ.</em></strong></span> <span class='ocrx_word' id='word_1_290' title='bbox 732 2323 1059 2377; x_wconf 82' lang='grc' dir='ltr'><em>Ἑπισκόπου</em></span> <span class='ocrx_word' id='word_1_291' title='bbox 1101 2322 1247 2386; x_wconf 81' lang='grc' dir='ltr'><em>τινὸς</em></span> <span class='ocrx_word' id='word_1_292' title='bbox 1279 2322 1655 2394; x_wconf 76' lang='grc' dir='ltr'><em>ἐρωτήσαντος</em></span> <span class='ocrx_word' id='word_1_293' title='bbox 1692 2321 1790 2395; x_wconf 71' lang='grc' dir='ltr'><strong><em>⁸τὸν</em></strong></span> <span class='ocrx_word' id='word_1_294' title='bbox 1826 2319 1994 2392; x_wconf 74' lang='grc' dir='ltr'><em>μέγαν</em></span> 
     </span>
    </p>
   </div>
   <div class='ocr_carea' id='block_1_39' title="bbox 2098 2311 3683 2395">
    <p class='ocr_par' dir='ltr' id='par_1_39' title="bbox 2171 2311 3683 2393">
     <span class='ocr_line' id='line_1_39' title="bbox 2171 2311 3683 2393; baseline -0.009 -18"><span class='ocrx_word' id='word_1_295' title='bbox 2171 2321 2333 2377; x_wconf 69' lang='grc' dir='ltr'><em>ΒΑιε.</em></span> <span class='ocrx_word' id='word_1_296' title='bbox 2368 2320 2508 2377; x_wconf 89' lang='lat' dir='ltr'><strong><em>Cum</em></strong></span> <span class='ocrx_word' id='word_1_297' title='bbox 2543 2322 2837 2393; x_wconf 89' lang='lat' dir='ltr'><strong><em>episcopus</em></strong></span> <span class='ocrx_word' id='word_1_298' title='bbox 2869 2318 3093 2390; x_wconf 88' lang='lat' dir='ltr'><strong><em>quidam</em></strong></span> <span class='ocrx_word' id='word_1_299' title='bbox 3125 2329 3384 2387; x_wconf 83' lang='lat' dir='ltr'><strong><em>magnum</em></strong></span> <span class='ocrx_word' id='word_1_300' title='bbox 3414 2311 3563 2366; x_wconf 88' lang='lat' dir='ltr'><strong><em>hunc</em></strong></span> <span class='ocrx_word' id='word_1_301' title='bbox 3584 2326 3683 2363; x_wconf 86' lang='lat' dir='ltr'><strong><em>an-</em></strong></span> 
     </span>
    </p>
   </div>
   <div class='ocr_carea' id='block_1_40' title="bbox 406 2396 1999 2488">
    <p class='ocr_par' dir='ltr' id='par_1_40' title="bbox 406 2396 1999 2488">
     <span class='ocr_line' id='line_1_40' title="bbox 406 2396 1999 2488; baseline -0.003 -20"><span class='ocrx_word' id='word_1_302' title='bbox 406 2414 678 2488; x_wconf 64' lang='lat' dir='ltr'><strong><em>dpxtapéa</em></strong></span> <span class='ocrx_word' id='word_1_303' title='bbox 700 2414 906 2480; x_wconf 89' lang='grc' dir='ltr'><em>τοῦτον,</em></span> <span class='ocrx_word' id='word_1_304' title='bbox 933 2414 1055 2468; x_wconf 87' lang='grc' dir='ltr'><em>καθ’</em></span> <span class='ocrx_word' id='word_1_305' title='bbox 1079 2413 1145 2486; x_wconf 79' lang='grc' dir='ltr'><em>ἡν</em></span> <span class='ocrx_word' id='word_1_306' title='bbox 1173 2412 1321 2485; x_wconf 84' lang='grc' dir='ltr'><em>ὤραν</em></span> <span class='ocrx_word' id='word_1_307' title='bbox 1344 2412 1543 2483; x_wconf 84' lang='grc' dir='ltr'><em>ἀνέστη</em></span> <span class='ocrx_word' id='word_1_308' title='bbox 1567 2412 1597 2465; x_wconf 86' lang='grc' dir='ltr'><strong><em>ὀ</em></strong></span> <span class='ocrx_word' id='word_1_309' title='bbox 1619 2396 1877 2484; x_wconf 81' lang='grc' dir='ltr'><em>Χριστὸς,</em></span> <span class='ocrx_word' id='word_1_310' title='bbox 1906 2413 1999 2481; x_wconf 76' lang='grc' dir='ltr'><strong><em>ἐφ’</em></strong></span> 
     </span>
    </p>
   </div>
   <div class='ocr_carea' id='block_1_41' title="bbox 417 2500 2001 2580">
    <p class='ocr_par' dir='ltr' id='par_1_41' title="bbox 417 2500 2001 2580">
     <span class='ocr_line' id='line_1_41' title="bbox 417 2500 2001 2580; baseline 0.019 -5"><span class='ocrx_word' id='word_1_311' title='bbox 417 2500 462 2576; x_wconf 72' lang='grc' dir='ltr'>ᾧ</span> <span class='ocrx_word' id='word_1_312' title='bbox 495 2508 636 2562; x_wconf 73' lang='grc' dir='ltr'><em>κατὰ</em></span> <span class='ocrx_word' id='word_1_313' title='bbox 655 2506 753 2580; x_wconf 73' lang='grc' dir='ltr'><em>τὴν</em></span> <span class='ocrx_word' id='word_1_314' title='bbox 795 2507 901 2579; x_wconf 80' lang='grc' dir='ltr'><strong><em>πρὸ</em></strong></span> <span class='ocrx_word' id='word_1_315' title='bbox 938 2506 1142 2580; x_wconf 80' lang='grc' dir='ltr'><em>ταύτης</em></span> <span class='ocrx_word' id='word_1_316' title='bbox 1180 2505 1327 2579; x_wconf 75' lang='grc' dir='ltr'><strong><em>ὥραν</em></strong></span> <span class='ocrx_word' id='word_1_317' title='bbox 1376 2504 1792 2576; x_wconf 64' lang='grc' dir='ltr'><strong><em>ἀπονηστίζειν’</em></strong></span> <span class='ocrx_word' id='word_1_318' title='bbox 1822 2506 1851 2559; x_wconf 69' lang='grc' dir='ltr'><strong><em>ὁ</em></strong></span> <span class='ocrx_word' id='word_1_319' title='bbox 1898 2505 2001 2575; x_wconf 52' lang='grc' dir='ltr'><strong><em>ἀρ’</em></strong></span> 
     </span>
    </p>
   </div>
   <div class='ocr_carea' id='block_1_42' title="bbox 416 2580 1999 2673">
    <p class='ocr_par' dir='ltr' id='par_1_42' title="bbox 416 2580 1999 2673">
     <span class='ocr_line' id='line_1_42' title="bbox 416 2580 1999 2673; baseline -0.002 -22"><span class='ocrx_word' id='word_1_320' title='bbox 416 2601 636 2673; x_wconf 80' lang='grc' dir='ltr'><em>χιερεὺς</em></span> <span class='ocrx_word' id='word_1_321' title='bbox 685 2580 953 2673; x_wconf 40' lang='grc' dir='ltr'><em>προέθετο·</em></span> <span class='ocrx_word' id='word_1_322' title='bbox 990 2599 1075 2653; x_wconf 84' lang='grc' dir='ltr'><em>ὅτι</em></span> <span class='ocrx_word' id='word_1_323' title='bbox 1107 2600 1142 2671; x_wconf 80' lang='grc' dir='ltr'>ἡ</span> <span class='ocrx_word' id='word_1_324' title='bbox 1189 2596 1352 2670; x_wconf 80' lang='grc' dir='ltr'><em>ἑορτὴ</em></span> <span class='ocrx_word' id='word_1_325' title='bbox 1394 2596 1488 2651; x_wconf 87' lang='grc' dir='ltr'><strong><em>τοῦ</em></strong></span> <span class='ocrx_word' id='word_1_326' title='bbox 1521 2596 1715 2667; x_wconf 85' lang='grc' dir='ltr'><em>Πάσχα</em></span> <span class='ocrx_word' id='word_1_327' title='bbox 1761 2595 1900 2669; x_wconf 89' lang='grc' dir='ltr'><strong><em>μετά</em></strong></span> <span class='ocrx_word' id='word_1_328' title='bbox 1939 2596 1999 2648; x_wconf 78' lang='grc' dir='ltr'><em>τὸ</em></span> 
     </span>
    </p>
   </div>
   <div class='ocr_carea' id='block_1_43' title="bbox 415 2687 1999 2764">
    <p class='ocr_par' dir='ltr' id='par_1_43' title="bbox 415 2687 1999 2764">
     <span class='ocr_line' id='line_1_43' title="bbox 415 2687 1999 2764; baseline -0.004 -17"><span class='ocrx_word' id='word_1_329' title='bbox 415 2692 716 2764; x_wconf 80' lang='grc' dir='ltr'><em>ἀναστῆναι</em></span> <span class='ocrx_word' id='word_1_330' title='bbox 743 2692 834 2745; x_wconf 81' lang='grc' dir='ltr'><em>τὸν</em></span> <span class='ocrx_word' id='word_1_331' title='bbox 864 2691 1090 2764; x_wconf 83' lang='grc' dir='ltr'><em>Κύριον,</em></span> <span class='ocrx_word' id='word_1_332' title='bbox 1133 2691 1387 2763; x_wconf 78' lang='grc' dir='ltr'><em>ἄρχεται·</em></span> <span class='ocrx_word' id='word_1_333' title='bbox 1441 2689 1536 2743; x_wconf 78' lang='grc' dir='ltr'><em>καὶ</em></span> <span class='ocrx_word' id='word_1_334' title='bbox 1567 2690 1673 2753; x_wconf 73' lang='grc' dir='ltr'><em>ἕως</em></span> <span class='ocrx_word' id='word_1_335' title='bbox 1701 2688 1823 2742; x_wconf 88' lang='grc' dir='ltr'><em>τότε</em></span> <span class='ocrx_word' id='word_1_336' title='bbox 1849 2687 1999 2758; x_wconf 79' lang='grc' dir='ltr'><em>ὀφεί-</em></span> 
     </span>
    </p>
   </div>
   <div class='ocr_carea' id='block_1_44' title="bbox 414 2778 1997 2869">
    <p class='ocr_par' dir='ltr' id='par_1_44' title="bbox 414 2778 1997 2869">
     <span class='ocr_line' id='line_1_44' title="bbox 414 2778 1997 2869; baseline -0.002 -32"><span class='ocrx_word' id='word_1_337' title='bbox 414 2783 580 2855; x_wconf 82' lang='grc' dir='ltr'><em>λομεν</em></span> <span class='ocrx_word' id='word_1_338' title='bbox 621 2782 932 2869; x_wconf 58' lang='grc' dir='ltr'><em>νηεξεύειν·</em></span> <span class='ocrx_word' id='word_1_339' title='bbox 962 2780 1263 2853; x_wconf 85' lang='grc' dir='ltr'><em>τηνικαῦτα</em></span> <span class='ocrx_word' id='word_1_340' title='bbox 1293 2780 1372 2845; x_wconf 85' lang='grc' dir='ltr'><em>δὲ,</em></span> <span class='ocrx_word' id='word_1_341' title='bbox 1407 2780 1467 2833; x_wconf 86' lang='grc' dir='ltr'><strong><em>ού</em></strong></span> <span class='ocrx_word' id='word_1_342' title='bbox 1502 2779 1609 2852; x_wconf 80' lang='grc' dir='ltr'><em>πρὸ</em></span> <span class='ocrx_word' id='word_1_343' title='bbox 1640 2778 1740 2851; x_wconf 83' lang='grc' dir='ltr'><em>τῆς</em></span> <span class='ocrx_word' id='word_1_344' title='bbox 1762 2780 1997 2834; x_wconf 89' lang='grc' dir='ltr'><em>ἀναστά-</em></span> 
     </span>
    </p>
   </div>
   <div class='ocr_carea' id='block_1_45' title="bbox 418 2870 1997 2947">
    <p class='ocr_par' dir='ltr' id='par_1_45' title="bbox 418 2870 1997 2947">
     <span class='ocr_line' id='line_1_45' title="bbox 418 2870 1997 2947; baseline -0.003 -18"><span class='ocrx_word' id='word_1_345' title='bbox 418 2893 577 2943; x_wconf 85' lang='grc' dir='ltr'><em>σεως,</em></span> <span class='ocrx_word' id='word_1_346' title='bbox 623 2873 1027 2947; x_wconf 77' lang='grc' dir='ltr'><em>ἁπονηστίζειν.</em></span> <span class='ocrx_word' id='word_1_347' title='bbox 1077 2874 1201 2926; x_wconf 83' lang='grc' dir='ltr'><em>Ὅτι</em></span> <span class='ocrx_word' id='word_1_348' title='bbox 1229 2872 1287 2926; x_wconf 81' lang='grc' dir='ltr'><em>δὲ</em></span> <span class='ocrx_word' id='word_1_349' title='bbox 1324 2871 1424 2926; x_wconf 85' lang='grc' dir='ltr'><em>οὐκ</em></span> <span class='ocrx_word' id='word_1_350' title='bbox 1467 2871 1594 2944; x_wconf 77' lang='grc' dir='ltr'><strong><em>ἐξῆν</em></strong></span> <span class='ocrx_word' id='word_1_351' title='bbox 1628 2870 1777 2942; x_wconf 80' lang='grc' dir='ltr'><em>αὐτῷ</em></span> <span class='ocrx_word' id='word_1_352' title='bbox 1824 2874 1997 2926; x_wconf 70' lang='grc' dir='ltr'><em>εἰπεῖν</em></span> 
     </span>
    </p>
   </div>
   <div class='ocr_carea' id='block_1_46' title="bbox 415 2964 1998 3041">
    <p class='ocr_par' dir='ltr' id='par_1_46' title="bbox 415 2964 1998 3041">
     <span class='ocr_line' id='line_1_46' title="bbox 415 2964 1998 3041; baseline -0.003 -18"><span class='ocrx_word' id='word_1_353' title='bbox 415 2968 516 3041; x_wconf 78' lang='grc' dir='ltr'><em>τὴν</em></span> <span class='ocrx_word' id='word_1_354' title='bbox 565 2966 715 3039; x_wconf 79' lang='grc' dir='ltr'><em>ὥραν</em></span> <span class='ocrx_word' id='word_1_355' title='bbox 757 2966 878 3021; x_wconf 86' lang='grc' dir='ltr'><em>καθ’</em></span> <span class='ocrx_word' id='word_1_356' title='bbox 909 2968 976 3038; x_wconf 73' lang='grc' dir='ltr'><em>ἢν</em></span> <span class='ocrx_word' id='word_1_357' title='bbox 1024 2967 1054 3019; x_wconf 89' lang='grc' dir='ltr'><strong><em>ὀ</em></strong></span> <span class='ocrx_word' id='word_1_358' title='bbox 1096 2964 1304 3037; x_wconf 81' lang='grc' dir='ltr'><em>Κύριος</em></span> <span class='ocrx_word' id='word_1_359' title='bbox 1351 2965 1571 3037; x_wconf 81' lang='grc' dir='ltr'><em>ἀνέστη,</em></span> <span class='ocrx_word' id='word_1_360' title='bbox 1622 2964 1998 3036; x_wconf 82' lang='grc' dir='ltr'><em>ἀπελογήσατο</em></span> 
     </span>
    </p>
   </div>
   <div class='ocr_carea' id='block_1_47' title="bbox 414 3055 1988 3130">
    <p class='ocr_par' dir='ltr' id='par_1_47' title="bbox 414 3055 1988 3130">
     <span class='ocr_line' id='line_1_47' title="bbox 414 3055 1988 3130; baseline -0.003 -17"><span class='ocrx_word' id='word_1_361' title='bbox 414 3059 524 3113; x_wconf 85' lang='grc' dir='ltr'><em>ἀπὸ</em></span> <span class='ocrx_word' id='word_1_362' title='bbox 552 3058 813 3130; x_wconf 80' lang='grc' dir='ltr'><em>ῥημάτων</em></span> <span class='ocrx_word' id='word_1_363' title='bbox 836 3056 1103 3128; x_wconf 82' lang='grc' dir='ltr'><em>διαφόρων</em></span> <span class='ocrx_word' id='word_1_364' title='bbox 1120 3055 1541 3125; x_wconf 83' lang='grc' dir='ltr'><em>εὐαγγελιστῶν,</em></span> <span class='ocrx_word' id='word_1_365' title='bbox 1559 3056 1661 3109; x_wconf 86' lang='grc' dir='ltr'><em>ὅτι·</em></span> <span class='ocrx_word' id='word_1_366' title='bbox 1695 3055 1760 3111; x_wconf 86' lang='lat' dir='ltr'><strong><em>El</em></strong></span> <span class='ocrx_word' id='word_1_367' title='bbox 1790 3057 1885 3110; x_wconf 70' lang='lat' dir='ltr'><strong><em>nul.</em></strong></span> <span class='ocrx_word' id='word_1_368' title='bbox 1914 3058 1988 3130; x_wconf 84' lang='grc' dir='ltr'><em>μὴ</em></span> 
     </span>
    </p>
   </div>
   <div class='ocr_carea' id='block_1_48' title="bbox 414 3147 1993 3222">
    <p class='ocr_par' dir='ltr' id='par_1_48' title="bbox 414 3147 1993 3222">
     <span class='ocr_line' id='line_1_48' title="bbox 414 3147 1993 3222; baseline -0.002 -16"><span class='ocrx_word' id='word_1_369' title='bbox 414 3151 623 3218; x_wconf 63' lang='grc' dir='ltr'><em>ἔξεστιν</em></span> <span class='ocrx_word' id='word_1_370' title='bbox 655 3150 765 3207; x_wconf 78' lang='grc' dir='ltr'><em>ἀπὸ</em></span> <span class='ocrx_word' id='word_1_371' title='bbox 793 3149 995 3204; x_wconf 88' lang='grc' dir='ltr'><em>τούτων</em></span> <span class='ocrx_word' id='word_1_372' title='bbox 1033 3147 1237 3219; x_wconf 80' lang='grc' dir='ltr'><em>γνῶναι</em></span> <span class='ocrx_word' id='word_1_373' title='bbox 1269 3147 1367 3220; x_wconf 84' lang='grc' dir='ltr'><em>τὴν</em></span> <span class='ocrx_word' id='word_1_374' title='bbox 1404 3147 1553 3222; x_wconf 81' lang='grc' dir='ltr'><em>ὥραν</em></span> <span class='ocrx_word' id='word_1_375' title='bbox 1593 3147 1716 3205; x_wconf 88' lang='grc' dir='ltr'><em>καθ’</em></span> <span class='ocrx_word' id='word_1_376' title='bbox 1746 3149 1814 3221; x_wconf 81' lang='grc' dir='ltr'><em>ἢν</em></span> <span class='ocrx_word' id='word_1_377' title='bbox 1842 3149 1993 3220; x_wconf 84' lang='grc' dir='ltr'><em>ὀφεί-</em></span> 
     </span>
    </p>
   </div>
   <div class='ocr_carea' id='block_1_49' title="bbox 414 3241 1997 3318">
    <p class='ocr_par' dir='ltr' id='par_1_49' title="bbox 414 3241 1997 3318">
     <span class='ocr_line' id='line_1_49' title="bbox 414 3241 1997 3318; baseline -0.002 -20"><span class='ocrx_word' id='word_1_378' title='bbox 414 3244 581 3318; x_wconf 80' lang='grc' dir='ltr'><em>λομεν</em></span> <span class='ocrx_word' id='word_1_379' title='bbox 625 3242 1030 3316; x_wconf 79' lang='grc' dir='ltr'><em>ἀπονηστίζειν,</em></span> <span class='ocrx_word' id='word_1_380' title='bbox 1066 3242 1203 3296; x_wconf 83' lang='grc' dir='ltr'><em>ἀλλὰ</em></span> <span class='ocrx_word' id='word_1_381' title='bbox 1243 3241 1370 3305; x_wconf 81' lang='grc' dir='ltr'><em>τοὺς</em></span> <span class='ocrx_word' id='word_1_382' title='bbox 1410 3242 1512 3313; x_wconf 87' lang='grc' dir='ltr'><em>μὲν</em></span> <span class='ocrx_word' id='word_1_383' title='bbox 1556 3242 1663 3313; x_wconf 82' lang='grc' dir='ltr'><em>πρὸ</em></span> <span class='ocrx_word' id='word_1_384' title='bbox 1693 3241 1787 3295; x_wconf 90' lang='grc' dir='ltr'><strong><em>τοῦ</em></strong></span> <span class='ocrx_word' id='word_1_385' title='bbox 1835 3258 1997 3313; x_wconf 88' lang='grc' dir='ltr'><em>μεσο-</em></span> 
     </span>
    </p>
   </div>
   <div class='ocr_carea' id='block_1_50' title="bbox 308 3334 1994 3407">
    <p class='ocr_par' dir='ltr' id='par_1_50' title="bbox 308 3334 1994 3407">
     <span class='ocr_line' id='line_1_50' title="bbox 308 3334 1994 3407; baseline -0.002 -13"><span class='ocrx_word' id='word_1_386' title='bbox 308 3394 315 3399; x_wconf 82' lang='grc'><strong><em>,</em></strong></span> <span class='ocrx_word' id='word_1_387' title='bbox 412 3338 635 3400; x_wconf 85' lang='grc' dir='ltr'><em>νυκτίου</em></span> <span class='ocrx_word' id='word_1_388' title='bbox 675 3337 900 3403; x_wconf 80' lang='grc' dir='ltr'><em>λύοντας</em></span> <span class='ocrx_word' id='word_1_389' title='bbox 951 3336 1073 3407; x_wconf 26' lang='grc' dir='ltr'><em>τὴν,</em></span> <span class='ocrx_word' id='word_1_390' title='bbox 1099 3334 1375 3407; x_wconf 82' lang='grc' dir='ltr'><em>νηστείαν,</em></span> <span class='ocrx_word' id='word_1_391' title='bbox 1425 3334 1501 3398; x_wconf 87' lang='grc' dir='ltr'><em>ὡς</em></span> <span class='ocrx_word' id='word_1_392' title='bbox 1553 3334 1849 3406; x_wconf 82' lang='grc' dir='ltr'><em>ὀλιγώρους</em></span> <span class='ocrx_word' id='word_1_393' title='bbox 1900 3336 1994 3390; x_wconf 74' lang='grc' dir='ltr'><em>καὶ</em></span> 
     </span>
    </p>
   </div>
   <div class='ocr_carea' id='block_1_51' title="bbox 320 3426 1991 3503">
    <p class='ocr_par' dir='ltr' id='par_1_51' title="bbox 320 3426 1991 3503">
     <span class='ocr_line' id='line_1_51' title="bbox 320 3426 1991 3503; baseline -0.005 -16"><span class='ocrx_word' id='word_1_394' title='bbox 320 3434 333 3441; x_wconf 79' lang='grc'><strong>’</strong></span> <span class='ocrx_word' id='word_1_395' title='bbox 413 3432 673 3503; x_wconf 76' lang='grc' dir='ltr'><em>ἀκρατεῖς</em></span> <span class='ocrx_word' id='word_1_396' title='bbox 724 3427 1080 3502; x_wconf 83' lang='grc' dir='ltr'><em>μεμφόμεθα·</em></span> <span class='ocrx_word' id='word_1_397' title='bbox 1117 3428 1243 3491; x_wconf 82' lang='grc' dir='ltr'><em>τοὺς</em></span> <span class='ocrx_word' id='word_1_398' title='bbox 1283 3426 1342 3481; x_wconf 78' lang='grc' dir='ltr'><em>δὲ</em></span> <span class='ocrx_word' id='word_1_399' title='bbox 1366 3428 1551 3503; x_wconf 49' lang='grc' dir='ltr'><em>,μέχρι</em></span> <span class='ocrx_word' id='word_1_400' title='bbox 1580 3427 1849 3500; x_wconf 79' lang='grc' dir='ltr'><em>τετάρτης</em></span> <span class='ocrx_word' id='word_1_401' title='bbox 1890 3446 1991 3499; x_wconf 83' lang='grc' dir='ltr'><strong><em>φυ-</em></strong></span> 
     </span>
    </p>
   </div>
   <div class='ocr_carea' id='block_1_52' title="bbox 411 3490 1987 3595">
    <p class='ocr_par' dir='ltr' id='par_1_52' title="bbox 411 3490 1987 3595">
     <span class='ocr_line' id='line_1_52' title="bbox 411 3490 1987 3595; baseline -0.001 -21"><span class='ocrx_word' id='word_1_402' title='bbox 411 3490 586 3595; x_wconf 70' lang='grc' dir='ltr'><em>λακῆς</em></span> <span class='ocrx_word' id='word_1_403' title='bbox 633 3490 751 3592; x_wconf 67' lang='grc' dir='ltr'><strong><em>ήτοὶ</em></strong></span> <span class='ocrx_word' id='word_1_404' title='bbox 798 3490 1001 3593; x_wconf 54' lang='grc' dir='ltr'><em>’δρθρου</em></span> <span class='ocrx_word' id='word_1_405' title='bbox 1045 3490 1551 3595; x_wconf 59' lang='grc' dir='ltr'><em>ἐγκαρτερούντάςφ-</em></span> <span class='ocrx_word' id='word_1_406' title='bbox 1580 3490 1987 3589; x_wconf 75' lang='grc' dir='ltr'><em>ἀποδεχόμεθα·</em></span> 
     </span>
    </p>
   </div>
   <div class='ocr_carea' id='block_1_53' title="bbox 410 3592 1987 3682">
    <p class='ocr_par' dir='ltr' id='par_1_53' title="bbox 410 3592 1987 3682">
     <span class='ocr_line' id='line_1_53' title="bbox 410 3592 1987 3682; baseline -0.003 -15"><span class='ocrx_word' id='word_1_407' title='bbox 410 3613 539 3675; x_wconf 75' lang='grc' dir='ltr'><em>τοὺς</em></span> <span class='ocrx_word' id='word_1_408' title='bbox 566 3611 622 3664; x_wconf 86' lang='grc' dir='ltr'><em>δὲ</em></span> <span class='ocrx_word' id='word_1_409' title='bbox 651 3612 709 3666; x_wconf 81' lang='grc' dir='ltr'><em>ἐν</em></span> <span class='ocrx_word' id='word_1_410' title='bbox 736 3609 812 3681; x_wconf 79' lang='grc' dir='ltr'><em>τῷ</em></span> <span class='ocrx_word' id='word_1_411' title='bbox 843 3592 1049 3682; x_wconf 78' lang='grc' dir='ltr'><em>μεταξὺ</em></span> <span class='ocrx_word' id='word_1_412' title='bbox 1076 3592 1505 3673; x_wconf 79' lang='grc' dir='ltr'><em>ἁναπαυθέντας,</em></span> <span class='ocrx_word' id='word_1_413' title='bbox 1527 3608 1626 3663; x_wconf 82' lang='grc' dir='ltr'><em>οὐκ</em></span> <span class='ocrx_word' id='word_1_414' title='bbox 1656 3609 1987 3680; x_wconf 78' lang='grc' dir='ltr'><em>αἰτιώμεθαο</em></span> 
     </span>
    </p>
   </div>
   <div class='ocr_carea' id='block_1_54' title="bbox 2109 2404 3681 2486">
    <p class='ocr_par' dir='ltr' id='par_1_54' title="bbox 2109 2404 3681 2486">
     <span class='ocr_line' id='line_1_54' title="bbox 2109 2404 3681 2486; baseline -0.008 -18"><span class='ocrx_word' id='word_1_415' title='bbox 2109 2413 2338 2469; x_wconf 88' lang='lat' dir='ltr'><strong><em>tistitem</em></strong></span> <span class='ocrx_word' id='word_1_416' title='bbox 2366 2413 2781 2486; x_wconf 80' lang='lat' dir='ltr'><strong><em>interrogasset,</em></strong></span> <span class='ocrx_word' id='word_1_417' title='bbox 2822 2427 2929 2483; x_wconf 90' lang='lat' dir='ltr'><strong><em>qua</em></strong></span> <span class='ocrx_word' id='word_1_418' title='bbox 2974 2411 3109 2465; x_wconf 89' lang='lat' dir='ltr'><strong><em>hora</em></strong></span> <span class='ocrx_word' id='word_1_419' title='bbox 3145 2406 3386 2464; x_wconf 85' lang='lat' dir='ltr'><strong><em>surrexit</em></strong></span> <span class='ocrx_word' id='word_1_420' title='bbox 3404 2404 3681 2468; x_wconf 83' lang='lat' dir='ltr'><strong><em>Christus,</em></strong></span> 
     </span>
    </p>
   </div>
   <div class='ocr_carea' id='block_1_55' title="bbox 2108 2496 3681 2578">
    <p class='ocr_par' dir='ltr' id='par_1_55' title="bbox 2108 2496 3681 2578">
     <span class='ocr_line' id='line_1_55' title="bbox 2108 2496 3681 2578; baseline -0.01 -15"><span class='ocrx_word' id='word_1_421' title='bbox 2108 2517 2169 2563; x_wconf 89' lang='lat' dir='ltr'><strong><em>ut</em></strong></span> <span class='ocrx_word' id='word_1_422' title='bbox 2207 2507 2346 2562; x_wconf 88' lang='lat' dir='ltr'><strong><em>hora</em></strong></span> <span class='ocrx_word' id='word_1_423' title='bbox 2388 2522 2511 2578; x_wconf 70' lang='lat' dir='ltr'><strong><em>qua:</em></strong></span> <span class='ocrx_word' id='word_1_424' title='bbox 2558 2506 2704 2561; x_wconf 86' lang='lat' dir='ltr'><strong><em>illam</em></strong></span> <span class='ocrx_word' id='word_1_425' title='bbox 2745 2498 3046 2577; x_wconf 70' lang='lat' dir='ltr'><strong><em>praecessit,</em></strong></span> <span class='ocrx_word' id='word_1_426' title='bbox 3096 2500 3370 2572; x_wconf 83' lang='lat' dir='ltr'><strong><em>jejunium</em></strong></span> <span class='ocrx_word' id='word_1_427' title='bbox 3424 2496 3681 2560; x_wconf 82' lang='lat' dir='ltr'><strong><em>solveret,</em></strong></span> 
     </span>
    </p>
   </div>
   <div class='ocr_carea' id='block_1_56' title="bbox 2108 2596 3679 2673">
    <p class='ocr_par' dir='ltr' id='par_1_56' title="bbox 2108 2596 3679 2673">
     <span class='ocr_line' id='line_1_56' title="bbox 2108 2596 3679 2673; baseline -0.007 -17"><span class='ocrx_word' id='word_1_428' title='bbox 2108 2601 2402 2673; x_wconf 81' lang='lat' dir='ltr'><strong><em>proposuit</em></strong></span> <span class='ocrx_word' id='word_1_429' title='bbox 2444 2601 2674 2657; x_wconf 83' lang='lat' dir='ltr'><strong><em>antistes</em></strong></span> <span class='ocrx_word' id='word_1_430' title='bbox 2697 2600 2842 2672; x_wconf 84' lang='lat' dir='ltr'><strong><em>quod</em></strong></span> <span class='ocrx_word' id='word_1_431' title='bbox 2875 2596 3075 2655; x_wconf 77' lang='lat' dir='ltr'><strong><em>festum</em></strong></span> <span class='ocrx_word' id='word_1_432' title='bbox 3104 2596 3353 2659; x_wconf 82' lang='lat' dir='ltr'><strong><em>Paschae,</em></strong></span> <span class='ocrx_word' id='word_1_433' title='bbox 3387 2600 3679 2663; x_wconf 84' lang='lat' dir='ltr'><strong><em>postquam</em></strong></span> 
     </span>
    </p>
   </div>
   <div class='ocr_carea' id='block_1_57' title="bbox 2108 2683 3684 2761">
    <p class='ocr_par' dir='ltr' id='par_1_57' title="bbox 2108 2683 3684 2761">
     <span class='ocr_line' id='line_1_57' title="bbox 2108 2683 3684 2761; baseline -0.006 -13"><span class='ocrx_word' id='word_1_434' title='bbox 2108 2694 2375 2751; x_wconf 87' lang='lat' dir='ltr'><strong><em>Dominus</em></strong></span> <span class='ocrx_word' id='word_1_435' title='bbox 2432 2693 2753 2761; x_wconf 82' lang='lat' dir='ltr'><strong><em>surrexerit,</em></strong></span> <span class='ocrx_word' id='word_1_436' title='bbox 2796 2691 3011 2759; x_wconf 82' lang='lat' dir='ltr'><strong><em>incipit,</em></strong></span> <span class='ocrx_word' id='word_1_437' title='bbox 3032 2699 3087 2743; x_wconf 88' lang='lat' dir='ltr'><strong><em>et</em></strong></span> <span class='ocrx_word' id='word_1_438' title='bbox 3118 2702 3183 2744; x_wconf 88' lang='lat' dir='ltr'><strong><em>eo</em></strong></span> <span class='ocrx_word' id='word_1_439' title='bbox 3214 2699 3391 2756; x_wconf 87' lang='lat' dir='ltr'><strong><em>usque</em></strong></span> <span class='ocrx_word' id='word_1_440' title='bbox 3418 2683 3684 2739; x_wconf 87' lang='lat' dir='ltr'><strong><em>debemus</em></strong></span> 
     </span>
    </p>
   </div>
   <div class='ocr_carea' id='block_1_58' title="bbox 2101 2777 3679 2860">
    <p class='ocr_par' dir='ltr' id='par_1_58' title="bbox 2101 2777 3679 2860">
     <span class='ocr_line' id='line_1_58' title="bbox 2101 2777 3679 2860; baseline -0.01 -16"><span class='ocrx_word' id='word_1_441' title='bbox 2101 2787 2354 2860; x_wconf 88' lang='lat' dir='ltr'><strong><em>jejunare</em></strong></span> <span class='ocrx_word' id='word_1_442' title='bbox 2379 2806 2393 2843; x_wconf 90' lang='lat'><strong>:</strong></span> <span class='ocrx_word' id='word_1_443' title='bbox 2423 2797 2556 2844; x_wconf 89' lang='lat' dir='ltr'><strong><em>tunc</em></strong></span> <span class='ocrx_word' id='word_1_444' title='bbox 2604 2795 2809 2852; x_wconf 89' lang='lat' dir='ltr'><strong><em>autem,</em></strong></span> <span class='ocrx_word' id='word_1_445' title='bbox 2837 2799 2946 2839; x_wconf 89' lang='lat' dir='ltr'><strong><em>non</em></strong></span> <span class='ocrx_word' id='word_1_446' title='bbox 3004 2790 3131 2838; x_wconf 85' lang='lat' dir='ltr'><strong><em>ante</em></strong></span> <span class='ocrx_word' id='word_1_447' title='bbox 3182 2777 3679 2842; x_wconf 81' lang='lat' dir='ltr'><strong><em>resurrectionem,</em></strong></span> 
     </span>
    </p>
   </div>
   <div class='ocr_carea' id='block_1_59' title="bbox 2100 2872 3681 2954">
    <p class='ocr_par' dir='ltr' id='par_1_59' title="bbox 2100 2872 3681 2954">
     <span class='ocr_line' id='line_1_59' title="bbox 2100 2872 3681 2954; baseline -0.008 -16"><span class='ocrx_word' id='word_1_448' title='bbox 2100 2882 2372 2954; x_wconf 84' lang='lat' dir='ltr'><strong><em>jejunium</em></strong></span> <span class='ocrx_word' id='word_1_449' title='bbox 2403 2883 2630 2939; x_wconf 89' lang='lat' dir='ltr'><strong><em>solvere.</em></strong></span> <span class='ocrx_word' id='word_1_450' title='bbox 2666 2879 2806 2948; x_wconf 83' lang='lat' dir='ltr'><strong><em>Quia</em></strong></span> <span class='ocrx_word' id='word_1_451' title='bbox 2855 2887 3035 2934; x_wconf 90' lang='lat' dir='ltr'><strong><em>autem</em></strong></span> <span class='ocrx_word' id='word_1_452' title='bbox 3085 2891 3195 2931; x_wconf 89' lang='lat' dir='ltr'><strong><em>non</em></strong></span> <span class='ocrx_word' id='word_1_453' title='bbox 3237 2880 3448 2946; x_wconf 84' lang='lat' dir='ltr'><strong><em>poterat</em></strong></span> <span class='ocrx_word' id='word_1_454' title='bbox 3498 2872 3681 2927; x_wconf 82' lang='lat' dir='ltr'><strong><em>dicere</em></strong></span> 
     </span>
    </p>
   </div>
   <div class='ocr_carea' id='block_1_60' title="bbox 2105 2965 3682 3047">
    <p class='ocr_par' dir='ltr' id='par_1_60' title="bbox 2105 2965 3682 3047">
     <span class='ocr_line' id='line_1_60' title="bbox 2105 2965 3682 3047; baseline -0.008 -16"><span class='ocrx_word' id='word_1_455' title='bbox 2105 2975 2297 3031; x_wconf 90' lang='lat' dir='ltr'><strong><em>horam</em></strong></span> <span class='ocrx_word' id='word_1_456' title='bbox 2330 2990 2438 3047; x_wconf 89' lang='lat' dir='ltr'><strong><em>qua</em></strong></span> <span class='ocrx_word' id='word_1_457' title='bbox 2467 2974 2721 3031; x_wconf 84' lang='lat' dir='ltr'><strong><em>Christus</em></strong></span> <span class='ocrx_word' id='word_1_458' title='bbox 2746 2968 3069 3040; x_wconf 80' lang='lat' dir='ltr'><strong><em>resurrexit,</em></strong></span> <span class='ocrx_word' id='word_1_459' title='bbox 3096 2968 3381 3040; x_wconf 85' lang='lat' dir='ltr'><strong><em>respondit</em></strong></span> <span class='ocrx_word' id='word_1_460' title='bbox 3404 2982 3472 3023; x_wconf 80' lang='lat' dir='ltr'><strong><em>ex</em></strong></span> <span class='ocrx_word' id='word_1_461' title='bbox 3501 2965 3682 3021; x_wconf 89' lang='lat' dir='ltr'><strong><em>diver-</em></strong></span> 
     </span>
    </p>
   </div>
   <div class='ocr_carea' id='block_1_61' title="bbox 2113 3057 3675 3138">
    <p class='ocr_par' dir='ltr' id='par_1_61' title="bbox 2113 3057 3675 3138">
     <span class='ocr_line' id='line_1_61' title="bbox 2113 3057 3675 3138; baseline -0.008 -16"><span class='ocrx_word' id='word_1_462' title='bbox 2113 3066 2191 3122; x_wconf 83' lang='lat' dir='ltr'><strong><em>sis</em></strong></span> <span class='ocrx_word' id='word_1_463' title='bbox 2230 3067 2413 3124; x_wconf 87' lang='lat' dir='ltr'><strong><em>verbis</em></strong></span> <span class='ocrx_word' id='word_1_464' title='bbox 2441 3065 2919 3138; x_wconf 80' lang='lat' dir='ltr'><strong><em>evangelistarum,</em></strong></span> <span class='ocrx_word' id='word_1_465' title='bbox 2938 3064 3087 3136; x_wconf 87' lang='lat' dir='ltr'><strong><em>quod</em></strong></span> <span class='ocrx_word' id='word_1_466' title='bbox 3114 3081 3127 3118; x_wconf 90' lang='lat'><strong>:</strong></span> <span class='ocrx_word' id='word_1_467' title='bbox 3156 3060 3269 3117; x_wconf 90' lang='lat' dir='ltr'><strong><em>Etsi</em></strong></span> <span class='ocrx_word' id='word_1_468' title='bbox 3291 3076 3355 3115; x_wconf 85' lang='lat' dir='ltr'><strong><em>ex</em></strong></span> <span class='ocrx_word' id='word_1_469' title='bbox 3391 3059 3458 3115; x_wconf 91' lang='lat' dir='ltr'><strong><em>iis</em></strong></span> <span class='ocrx_word' id='word_1_470' title='bbox 3485 3057 3675 3111; x_wconf 87' lang='lat' dir='ltr'><strong><em>horam</em></strong></span> 
     </span>
    </p>
   </div>
   <div class='ocr_carea' id='block_1_62' title="bbox 2102 3148 3679 3229">
    <p class='ocr_par' dir='ltr' id='par_1_62' title="bbox 2102 3148 3679 3229">
     <span class='ocr_line' id='line_1_62' title="bbox 2102 3148 3679 3229; baseline -0.008 -15"><span class='ocrx_word' id='word_1_471' title='bbox 2102 3174 2207 3229; x_wconf 90' lang='lat' dir='ltr'><strong><em>qua</em></strong></span> <span class='ocrx_word' id='word_1_472' title='bbox 2231 3157 2505 3229; x_wconf 84' lang='lat' dir='ltr'><strong><em>jejunium</em></strong></span> <span class='ocrx_word' id='word_1_473' title='bbox 2554 3158 2765 3213; x_wconf 88' lang='lat' dir='ltr'><strong><em>solvere</em></strong></span> <span class='ocrx_word' id='word_1_474' title='bbox 2799 3156 3083 3223; x_wconf 86' lang='lat' dir='ltr'><strong><em>debemus,</em></strong></span> <span class='ocrx_word' id='word_1_475' title='bbox 3119 3166 3453 3225; x_wconf 81' lang='lat' dir='ltr'><strong><em>cognoscere</em></strong></span> <span class='ocrx_word' id='word_1_476' title='bbox 3475 3165 3583 3206; x_wconf 90' lang='lat' dir='ltr'><strong><em>non</em></strong></span> <span class='ocrx_word' id='word_1_477' title='bbox 3610 3148 3679 3202; x_wconf 87' lang='lat' dir='ltr'><strong><em>li-</em></strong></span> 
     </span>
    </p>
   </div>
   <div class='ocr_carea' id='block_1_63' title="bbox 2102 3242 3677 3320">
    <p class='ocr_par' dir='ltr' id='par_1_63' title="bbox 2102 3242 3677 3320">
     <span class='ocr_line' id='line_1_63' title="bbox 2102 3242 3677 3320; baseline -0.007 -15"><span class='ocrx_word' id='word_1_478' title='bbox 2102 3258 2242 3316; x_wconf 83' lang='lat' dir='ltr'><strong><em>ceat,</em></strong></span> <span class='ocrx_word' id='word_1_479' title='bbox 2273 3264 2369 3305; x_wconf 91' lang='lat' dir='ltr'><strong><em>eos</em></strong></span> <span class='ocrx_word' id='word_1_480' title='bbox 2394 3259 2573 3305; x_wconf 91' lang='lat' dir='ltr'><strong><em>tamen</em></strong></span> <span class='ocrx_word' id='word_1_481' title='bbox 2597 3249 2690 3320; x_wconf 88' lang='lat' dir='ltr'><strong><em>qui</em></strong></span> <span class='ocrx_word' id='word_1_482' title='bbox 2727 3256 2853 3304; x_wconf 85' lang='lat' dir='ltr'><strong><em>ante</em></strong></span> <span class='ocrx_word' id='word_1_483' title='bbox 2896 3247 3132 3303; x_wconf 89' lang='lat' dir='ltr'><strong><em>mediam</em></strong></span> <span class='ocrx_word' id='word_1_484' title='bbox 3186 3253 3402 3299; x_wconf 88' lang='lat' dir='ltr'><strong><em>noctem</em></strong></span> <span class='ocrx_word' id='word_1_485' title='bbox 3458 3242 3677 3299; x_wconf 88' lang='lat' dir='ltr'><strong><em>solvunt</em></strong></span> 
     </span>
    </p>
   </div>
   <div class='ocr_carea' id='block_1_64' title="bbox 2097 3334 3677 3412">
    <p class='ocr_par' dir='ltr' id='par_1_64' title="bbox 2097 3334 3677 3412">
     <span class='ocr_line' id='line_1_64' title="bbox 2097 3334 3677 3412; baseline -0.006 -16"><span class='ocrx_word' id='word_1_486' title='bbox 2097 3340 2391 3412; x_wconf 90' lang='lat' dir='ltr'><strong><em>jejunium,</em></strong></span> <span class='ocrx_word' id='word_1_487' title='bbox 2421 3350 2482 3397; x_wconf 91' lang='lat' dir='ltr'><strong><em>ut</em></strong></span> <span class='ocrx_word' id='word_1_488' title='bbox 2528 3349 2929 3412; x_wconf 88' lang='lat' dir='ltr'><strong><em>contemptores</em></strong></span> <span class='ocrx_word' id='word_1_489' title='bbox 2979 3349 3035 3394; x_wconf 92' lang='lat' dir='ltr'><strong><em>et</em></strong></span> <span class='ocrx_word' id='word_1_490' title='bbox 3082 3338 3513 3407; x_wconf 84' lang='lat' dir='ltr'><strong><em>intemperantes</em></strong></span> <span class='ocrx_word' id='word_1_491' title='bbox 3531 3334 3677 3389; x_wconf 84' lang='lat' dir='ltr'><strong><em>vitu-</em></strong></span> 
     </span>
    </p>
   </div>
   <div class='ocr_carea' id='block_1_65' title="bbox 2099 3429 3678 3506">
    <p class='ocr_par' dir='ltr' id='par_1_65' title="bbox 2099 3429 3678 3506">
     <span class='ocr_line' id='line_1_65' title="bbox 2099 3429 3678 3506; baseline -0.004 -18"><span class='ocrx_word' id='word_1_492' title='bbox 2099 3448 2394 3504; x_wconf 87' lang='lat' dir='ltr'><strong><em>peramus;</em></strong></span> <span class='ocrx_word' id='word_1_493' title='bbox 2433 3450 2530 3491; x_wconf 90' lang='lat' dir='ltr'><strong><em>eos</em></strong></span> <span class='ocrx_word' id='word_1_494' title='bbox 2571 3444 2776 3504; x_wconf 87' lang='lat' dir='ltr'><strong><em>autem,</em></strong></span> <span class='ocrx_word' id='word_1_495' title='bbox 2808 3436 2902 3506; x_wconf 89' lang='lat' dir='ltr'><strong><em>qui</em></strong></span> <span class='ocrx_word' id='word_1_496' title='bbox 2945 3434 3011 3489; x_wconf 89' lang='lat' dir='ltr'><strong><em>ad</em></strong></span> <span class='ocrx_word' id='word_1_497' title='bbox 3056 3441 3307 3504; x_wconf 87' lang='lat' dir='ltr'><strong><em>quartam</em></strong></span> <span class='ocrx_word' id='word_1_498' title='bbox 3338 3445 3512 3499; x_wconf 86' lang='lat' dir='ltr'><strong><em>usque</em></strong></span> <span class='ocrx_word' id='word_1_499' title='bbox 3540 3429 3678 3502; x_wconf 73' lang='lat' dir='ltr'><strong><em>vigi-</em></strong></span> 
     </span>
    </p>
   </div>
   <div class='ocr_carea' id='block_1_66' title="bbox 2099 3523 3673 3597">
    <p class='ocr_par' dir='ltr' id='par_1_66' title="bbox 2099 3523 3673 3597">
     <span class='ocr_line' id='line_1_66' title="bbox 2099 3523 3673 3597; baseline -0.003 -16"><span class='ocrx_word' id='word_1_500' title='bbox 2099 3525 2252 3595; x_wconf 82' lang='lat' dir='ltr'><strong><em>liam,</em></strong></span> <span class='ocrx_word' id='word_1_501' title='bbox 2297 3543 2396 3583; x_wconf 90' lang='lat' dir='ltr'><strong><em>seu</em></strong></span> <span class='ocrx_word' id='word_1_502' title='bbox 2445 3528 2512 3584; x_wconf 87' lang='lat' dir='ltr'><strong><em>ad</em></strong></span> <span class='ocrx_word' id='word_1_503' title='bbox 2545 3527 2844 3584; x_wconf 88' lang='lat' dir='ltr'><strong><em>diluculum</em></strong></span> <span class='ocrx_word' id='word_1_504' title='bbox 2879 3542 3079 3597; x_wconf 88' lang='lat' dir='ltr'><strong><em>usque,</em></strong></span> <span class='ocrx_word' id='word_1_505' title='bbox 3116 3524 3330 3580; x_wconf 76' lang='lat' dir='ltr'><strong><em>fortiter</em></strong></span> <span class='ocrx_word' id='word_1_506' title='bbox 3351 3523 3673 3594; x_wconf 84' lang='lat' dir='ltr'><strong><em>perdurant,</em></strong></span> 
     </span>
    </p>
   </div>
   <div class='ocr_carea' id='block_1_67' title="bbox 2099 3616 3672 3692">
    <p class='ocr_par' dir='ltr' id='par_1_67' title="bbox 2099 3616 3672 3692">
     <span class='ocr_line' id='line_1_67' title="bbox 2099 3616 3672 3692; baseline -0.003 -18"><span class='ocrx_word' id='word_1_507' title='bbox 2099 3621 2513 3692; x_wconf 83' lang='lat' dir='ltr'><strong><em>amplectimur;</em></strong></span> <span class='ocrx_word' id='word_1_508' title='bbox 2547 3637 2640 3678; x_wconf 91' lang='lat' dir='ltr'><strong><em>eos</em></strong></span> <span class='ocrx_word' id='word_1_509' title='bbox 2674 3635 2800 3676; x_wconf 89' lang='lat' dir='ltr'><strong><em>vero</em></strong></span> <span class='ocrx_word' id='word_1_510' title='bbox 2821 3620 2913 3691; x_wconf 90' lang='lat' dir='ltr'><strong><em>qui</em></strong></span> <span class='ocrx_word' id='word_1_511' title='bbox 2944 3619 3153 3674; x_wconf 86' lang='lat' dir='ltr'><strong><em>interea</em></strong></span> <span class='ocrx_word' id='word_1_512' title='bbox 3180 3616 3672 3688; x_wconf 85' lang='lat' dir='ltr'><strong><em>interquievcrunt,</em></strong></span> 
     </span>
    </p>
   </div>
   <div class='ocr_carea' id='block_1_68' title="bbox 412 3699 1994 3784">
    <p class='ocr_par' dir='ltr' id='par_1_68' title="bbox 412 3699 1993 3775">
     <span class='ocr_line' id='line_1_68' title="bbox 412 3699 1993 3775; baseline -0.003 -15"><span class='ocrx_word' id='word_1_513' title='bbox 412 3708 494 3761; x_wconf 81' lang='grc' dir='ltr'><em>ὅτι</em></span> <span class='ocrx_word' id='word_1_514' title='bbox 527 3702 648 3756; x_wconf 73' lang='grc' dir='ltr'><em>οὐδὲ</em></span> <span class='ocrx_word' id='word_1_515' title='bbox 677 3702 775 3766; x_wconf 81' lang='grc' dir='ltr'><em>τὰς</em></span> <span class='ocrx_word' id='word_1_516' title='bbox 804 3701 865 3769; x_wconf 80' lang='grc' dir='ltr'><strong><em>ἓξ</em></strong></span> <span class='ocrx_word' id='word_1_517' title='bbox 897 3702 1110 3775; x_wconf 78' lang='grc' dir='ltr'><em>ἡμέρας</em></span> <span class='ocrx_word' id='word_1_518' title='bbox 1148 3700 1251 3772; x_wconf 79' lang='grc' dir='ltr'><em>τῆς</em></span> <span class='ocrx_word' id='word_1_519' title='bbox 1276 3699 1371 3754; x_wconf 89' lang='grc' dir='ltr'><strong><em>τοῦ</em></strong></span> <span class='ocrx_word' id='word_1_520' title='bbox 1418 3700 1625 3767; x_wconf 83' lang='grc' dir='ltr'><em>πάθους</em></span> <span class='ocrx_word' id='word_1_521' title='bbox 1662 3701 1754 3755; x_wconf 89' lang='grc' dir='ltr'><strong><em>τοῦ</em></strong></span> <span class='ocrx_word' id='word_1_522' title='bbox 1786 3702 1993 3774; x_wconf 82' lang='grc' dir='ltr'><em>Κυρίου</em></span> 
     </span>
    </p>
   </div>
   <div class='ocr_carea' id='block_1_69' title="bbox 2098 3699 3675 3784">
    <p class='ocr_par' dir='ltr' id='par_1_69' title="bbox 2100 3707 3675 3784">
     <span class='ocr_line' id='line_1_69' title="bbox 2100 3707 3675 3784; baseline -0.003 -18"><span class='ocrx_word' id='word_1_523' title='bbox 2100 3727 2209 3767; x_wconf 89' lang='lat' dir='ltr'><strong><em>non</em></strong></span> <span class='ocrx_word' id='word_1_524' title='bbox 2233 3713 2697 3784; x_wconf 90' lang='lat' dir='ltr'><strong><em>reprehendimus,</em></strong></span> <span class='ocrx_word' id='word_1_525' title='bbox 2723 3713 2850 3784; x_wconf 88' lang='lat' dir='ltr'><strong><em>quia</em></strong></span> <span class='ocrx_word' id='word_1_526' title='bbox 2884 3729 2987 3768; x_wconf 90' lang='lat' dir='ltr'><strong><em>nec</em></strong></span> <span class='ocrx_word' id='word_1_527' title='bbox 3017 3728 3113 3767; x_wconf 88' lang='lat' dir='ltr'><strong><em>sex</em></strong></span> <span class='ocrx_word' id='word_1_528' title='bbox 3152 3711 3430 3781; x_wconf 88' lang='lat' dir='ltr'><strong><em>passionis</em></strong></span> <span class='ocrx_word' id='word_1_529' title='bbox 3454 3707 3675 3765; x_wconf 89' lang='lat' dir='ltr'><strong><em>Domini</em></strong></span> 
     </span>
    </p>
   </div>
   <div class='ocr_carea' id='block_1_70' title="bbox 412 3790 1994 3869">
    <p class='ocr_par' dir='ltr' id='par_1_70' title="bbox 412 3790 1994 3869">
     <span class='ocr_line' id='line_1_70' title="bbox 412 3790 1994 3869; baseline -0.002 -17"><span class='ocrx_word' id='word_1_530' title='bbox 412 3790 707 3864; x_wconf 65' lang='grc' dir='ltr'><em>ἑϐδομάδος</em></span> <span class='ocrx_word' id='word_1_531' title='bbox 737 3794 939 3861; x_wconf 82' lang='grc' dir='ltr'><em>πάντες</em></span> <span class='ocrx_word' id='word_1_532' title='bbox 970 3797 1172 3868; x_wconf 87' lang='grc' dir='ltr'><em>ὁμοίως</em></span> <span class='ocrx_word' id='word_1_533' title='bbox 1203 3795 1474 3852; x_wconf 85' lang='grc' dir='ltr'><em>ἀνύουσιν.</em></span> <span class='ocrx_word' id='word_1_534' title='bbox 1510 3796 1573 3850; x_wconf 88' lang='grc' dir='ltr'>Οἱ</span> <span class='ocrx_word' id='word_1_535' title='bbox 1619 3795 1718 3868; x_wconf 82' lang='grc' dir='ltr'><em>μὲν</em></span> <span class='ocrx_word' id='word_1_536' title='bbox 1748 3797 1856 3869; x_wconf 87' lang='grc' dir='ltr'><em>γὰρ</em></span> <span class='ocrx_word' id='word_1_537' title='bbox 1895 3797 1994 3861; x_wconf 78' lang='grc' dir='ltr'><em>τὰς</em></span> 
     </span>
    </p>
   </div>
   <div class='ocr_carea' id='block_1_71' title="bbox 413 3885 1989 3959">
    <p class='ocr_par' dir='ltr' id='par_1_71' title="bbox 413 3885 1989 3959">
     <span class='ocr_line' id='line_1_71' title="bbox 413 3885 1989 3959; baseline 0.001 -19"><span class='ocrx_word' id='word_1_538' title='bbox 413 3885 596 3949; x_wconf 81' lang='grc' dir='ltr'><em>πάσας</em></span> <span class='ocrx_word' id='word_1_539' title='bbox 642 3885 1015 3958; x_wconf 79' lang='grc' dir='ltr'><em>νηστεύουσιν,</em></span> <span class='ocrx_word' id='word_1_540' title='bbox 1059 3889 1109 3941; x_wconf 75' lang='grc' dir='ltr'><em>οἱ</em></span> <span class='ocrx_word' id='word_1_541' title='bbox 1159 3887 1217 3940; x_wconf 81' lang='grc' dir='ltr'><em>δὲ</em></span> <span class='ocrx_word' id='word_1_542' title='bbox 1260 3885 1472 3953; x_wconf 82' lang='grc' dir='ltr'><em>δύο,.οἱ</em></span> <span class='ocrx_word' id='word_1_543' title='bbox 1514 3886 1571 3940; x_wconf 81' lang='grc' dir='ltr'><em>δὲ</em></span> <span class='ocrx_word' id='word_1_544' title='bbox 1615 3890 1786 3959; x_wconf 84' lang='grc' dir='ltr'><em>τρεῖς,</em></span> <span class='ocrx_word' id='word_1_545' title='bbox 1840 3889 1888 3940; x_wconf 79' lang='grc' dir='ltr'><em>οἱ</em></span> <span class='ocrx_word' id='word_1_546' title='bbox 1933 3887 1989 3941; x_wconf 83' lang='grc' dir='ltr'><em>δὲ</em></span> 
     </span>
    </p>
   </div>
   <div class='ocr_carea' id='block_1_72' title="bbox 413 3974 1992 4051">
    <p class='ocr_par' dir='ltr' id='par_1_72' title="bbox 413 3974 1992 4051">
     <span class='ocr_line' id='line_1_72' title="bbox 413 3974 1992 4051; baseline 0.002 -20"><span class='ocrx_word' id='word_1_547' title='bbox 413 3978 653 4043; x_wconf 82' lang='grc' dir='ltr'><em>πλείους,</em></span> <span class='ocrx_word' id='word_1_548' title='bbox 676 3978 724 4031; x_wconf 85' lang='grc' dir='ltr'><em>οἱ</em></span> <span class='ocrx_word' id='word_1_549' title='bbox 752 3978 811 4032; x_wconf 84' lang='grc' dir='ltr'><em>δὲ</em></span> <span class='ocrx_word' id='word_1_550' title='bbox 837 3980 1111 4051; x_wconf 82' lang='grc' dir='ltr'><em>οὐδεμίαν.</em></span> <span class='ocrx_word' id='word_1_551' title='bbox 1130 3980 1255 4045; x_wconf 85' lang='grc' dir='ltr'><em>Τοῖς</em></span> <span class='ocrx_word' id='word_1_552' title='bbox 1279 3974 1371 4033; x_wconf 80' lang='grc' dir='ltr'><em>οὖν</em></span> <span class='ocrx_word' id='word_1_553' title='bbox 1404 3981 1463 4033; x_wconf 80' lang='grc' dir='ltr'><em>ὲν</em></span> <span class='ocrx_word' id='word_1_554' title='bbox 1486 3979 1724 4034; x_wconf 85' lang='grc' dir='ltr'><em>πλείοσιν</em></span> <span class='ocrx_word' id='word_1_555' title='bbox 1755 3980 1992 4051; x_wconf 82' lang='grc' dir='ltr'><em>ἡμέραις</em></span> 
     </span>
    </p>
   </div>
   <div class='ocr_carea' id='block_1_73' title="bbox 410 4069 1989 4142">
    <p class='ocr_par' dir='ltr' id='par_1_73' title="bbox 410 4069 1989 4142">
     <span class='ocr_line' id='line_1_73' title="bbox 410 4069 1989 4142; baseline -0.001 -16"><span class='ocrx_word' id='word_1_556' title='bbox 410 4069 762 4142; x_wconf 85' lang='grc' dir='ltr'><em>νηστεύσασι,</em></span> <span class='ocrx_word' id='word_1_557' title='bbox 796 4070 891 4125; x_wconf 76' lang='grc' dir='ltr'><em>καὶ</em></span> <span class='ocrx_word' id='word_1_558' title='bbox 919 4071 1266 4135; x_wconf 86' lang='grc' dir='ltr'><em>κοπιάσασιν,</em></span> <span class='ocrx_word' id='word_1_559' title='bbox 1295 4071 1344 4123; x_wconf 84' lang='grc' dir='ltr'><strong><em>εί</em></strong></span> <span class='ocrx_word' id='word_1_560' title='bbox 1370 4070 1666 4140; x_wconf 85' lang='grc' dir='ltr'><em>ταχύτερον</em></span> <span class='ocrx_word' id='word_1_561' title='bbox 1705 4070 1989 4139; x_wconf 87' lang='grc' dir='ltr'><em>γεύσονται</em></span> 
     </span>
    </p>
   </div>
   <div class='ocr_carea' id='block_1_74' title="bbox 406 4160 1989 4235">
    <p class='ocr_par' dir='ltr' id='par_1_74' title="bbox 406 4160 1989 4235">
     <span class='ocr_line' id='line_1_74' title="bbox 406 4160 1989 4235; baseline -0.003 -18"><span class='ocrx_word' id='word_1_562' title='bbox 406 4163 635 4235; x_wconf 79' lang='grc' dir='ltr'><em>τροφῆς,</em></span> <span class='ocrx_word' id='word_1_563' title='bbox 670 4160 1000 4234; x_wconf 82' lang='grc' dir='ltr'><em>συγγνώμην</em></span> <span class='ocrx_word' id='word_1_564' title='bbox 1020 4161 1198 4217; x_wconf 82' lang='grc' dir='ltr'><em>δοτέον</em></span> <span class='ocrx_word' id='word_1_565' title='bbox 1216 4179 1229 4192; x_wconf 93' lang='grc'><strong>·</strong></span> <span class='ocrx_word' id='word_1_566' title='bbox 1260 4164 1373 4226; x_wconf 88' lang='grc' dir='ltr'><em>τοῖς</em></span> <span class='ocrx_word' id='word_1_567' title='bbox 1400 4161 1459 4214; x_wconf 85' lang='grc' dir='ltr'><em>δὲ</em></span> <span class='ocrx_word' id='word_1_568' title='bbox 1486 4160 1758 4233; x_wconf 88' lang='grc' dir='ltr'><em>τέσσαρας</em></span> <span class='ocrx_word' id='word_1_569' title='bbox 1778 4161 1989 4232; x_wconf 78' lang='grc' dir='ltr'><em>ἡμέρας</em></span> 
     </span>
    </p>
   </div>
   <div class='ocr_carea' id='block_1_75' title="bbox 411 4252 1989 4327">
    <p class='ocr_par' dir='ltr' id='par_1_75' title="bbox 411 4252 1989 4327">
     <span class='ocr_line' id='line_1_75' title="bbox 411 4252 1989 4327; baseline -0.001 -19"><span class='ocrx_word' id='word_1_570' title='bbox 411 4256 487 4327; x_wconf 80' lang='grc' dir='ltr'><em>μὴ</em></span> <span class='ocrx_word' id='word_1_571' title='bbox 520 4254 897 4327; x_wconf 86' lang='grc' dir='ltr'><em>νηστεύσασιν,</em></span> <span class='ocrx_word' id='word_1_572' title='bbox 933 4253 1069 4308; x_wconf 84' lang='grc' dir='ltr'><em>ἀλλὰ</em></span> <span class='ocrx_word' id='word_1_573' title='bbox 1113 4254 1210 4308; x_wconf 74' lang='grc' dir='ltr'><em>καὶ</em></span> <span class='ocrx_word' id='word_1_574' title='bbox 1237 4254 1566 4325; x_wconf 82' lang='grc' dir='ltr'><em>τρυφήσασι,</em></span> <span class='ocrx_word' id='word_1_575' title='bbox 1617 4253 1758 4307; x_wconf 85' lang='grc' dir='ltr'><strong><em>κατά</em></strong></span> <span class='ocrx_word' id='word_1_576' title='bbox 1796 4252 1853 4306; x_wconf 82' lang='grc' dir='ltr'><em>δὲ</em></span> <span class='ocrx_word' id='word_1_577' title='bbox 1891 4252 1989 4325; x_wconf 85' lang='grc' dir='ltr'><em>τὴν</em></span> 
     </span>
    </p>
   </div>
   <div class='ocr_carea' id='block_1_76' title="bbox 406 4343 1986 4420">
    <p class='ocr_par' dir='ltr' id='par_1_76' title="bbox 406 4343 1986 4420">
     <span class='ocr_line' id='line_1_76' title="bbox 406 4343 1986 4420; baseline -0.001 -20"><span class='ocrx_word' id='word_1_578' title='bbox 406 4347 770 4420; x_wconf 80' lang='grc' dir='ltr'><em>Παρασκευὴν</em></span> <span class='ocrx_word' id='word_1_579' title='bbox 810 4347 902 4401; x_wconf 85' lang='grc' dir='ltr'><strong><em>καί</em></strong></span> <span class='ocrx_word' id='word_1_580' title='bbox 929 4347 990 4400; x_wconf 86' lang='grc' dir='ltr'><em>τὸ</em></span> <span class='ocrx_word' id='word_1_581' title='bbox 1018 4345 1293 4401; x_wconf 78' lang='grc' dir='ltr'><em>Σάϐϐατον</em></span> <span class='ocrx_word' id='word_1_582' title='bbox 1324 4343 1670 4417; x_wconf 87' lang='grc' dir='ltr'><em>νηστεύσασι,</em></span> <span class='ocrx_word' id='word_1_583' title='bbox 1717 4345 1791 4417; x_wconf 83' lang='grc' dir='ltr'><em>μὴ</em></span> <span class='ocrx_word' id='word_1_584' title='bbox 1830 4361 1986 4416; x_wconf 86' lang='grc' dir='ltr'><em>νομι-</em></span> 
     </span>
    </p>
   </div>
   <div class='ocr_carea' id='block_1_77' title="bbox 408 4436 1988 4514">
    <p class='ocr_par' dir='ltr' id='par_1_77' title="bbox 408 4436 1988 4514">
     <span class='ocr_line' id='line_1_77' title="bbox 408 4436 1988 4514; baseline -0.003 -19"><span class='ocrx_word' id='word_1_585' title='bbox 408 4441 562 4514; x_wconf 85' lang='grc' dir='ltr'><em>σθείη</em></span> <span class='ocrx_word' id='word_1_586' title='bbox 599 4440 740 4513; x_wconf 87' lang='grc' dir='ltr'><em>μέγα</em></span> <span class='ocrx_word' id='word_1_587' title='bbox 770 4458 825 4495; x_wconf 86' lang='grc' dir='ltr'><strong><em>τι</em></strong></span> <span class='ocrx_word' id='word_1_588' title='bbox 874 4442 1066 4505; x_wconf 80' lang='grc' dir='ltr'><em>ποιεῖν,</em></span> <span class='ocrx_word' id='word_1_589' title='bbox 1097 4441 1146 4493; x_wconf 84' lang='grc' dir='ltr'><em>εἰ</em></span> <span class='ocrx_word' id='word_1_590' title='bbox 1191 4438 1352 4510; x_wconf 84' lang='grc' dir='ltr'><em>μέχρι</em></span> <span class='ocrx_word' id='word_1_591' title='bbox 1378 4436 1591 4512; x_wconf 84' lang='grc' dir='ltr'><em>πρωῒας</em></span> <span class='ocrx_word' id='word_1_592' title='bbox 1620 4436 1719 4509; x_wconf 83' lang='grc' dir='ltr'><em>τῆς</em></span> <span class='ocrx_word' id='word_1_593' title='bbox 1751 4438 1988 4491; x_wconf 87' lang='grc' dir='ltr'><em>ἀναστα-</em></span> 
     </span>
    </p>
   </div>
   <div class='ocr_carea' id='block_1_78' title="bbox 409 4530 1983 4608">
    <p class='ocr_par' dir='ltr' id='par_1_78' title="bbox 409 4530 1983 4608">
     <span class='ocr_line' id='line_1_78' title="bbox 409 4530 1983 4608; baseline -0.003 -19"><span class='ocrx_word' id='word_1_594' title='bbox 409 4535 569 4607; x_wconf 85' lang='grc' dir='ltr'><em>σίμου</em></span> <span class='ocrx_word' id='word_1_595' title='bbox 632 4534 848 4608; x_wconf 85' lang='grc' dir='ltr'><em>ἡμέρας</em></span> <span class='ocrx_word' id='word_1_596' title='bbox 909 4533 1407 4606; x_wconf 80' lang='grc' dir='ltr'><em>ὲγκαρτερήσουσιν</em></span> <span class='ocrx_word' id='word_1_597' title='bbox 1484 4530 1692 4585; x_wconf 70' lang='grc' dir='ltr'><em>ἄσιτοι*</em></span> <span class='ocrx_word' id='word_1_598' title='bbox 1753 4531 1814 4584; x_wconf 86' lang='grc' dir='ltr'><em>οὐ</em></span> <span class='ocrx_word' id='word_1_599' title='bbox 1875 4530 1983 4603; x_wconf 81' lang='grc' dir='ltr'><em>γὰρ</em></span> 
     </span>
    </p>
   </div>
   <div class='ocr_carea' id='block_1_79' title="bbox 404 4621 1986 4700">
    <p class='ocr_par' dir='ltr' id='par_1_79' title="bbox 404 4621 1986 4700">
     <span class='ocr_line' id='line_1_79' title="bbox 404 4621 1986 4700; baseline -0.002 -20"><span class='ocrx_word' id='word_1_600' title='bbox 404 4627 599 4700; x_wconf 83' lang='grc' dir='ltr'><em>ὁμοίαν</em></span> <span class='ocrx_word' id='word_1_601' title='bbox 639 4625 915 4681; x_wconf 85' lang='grc' dir='ltr'><em>ποιοῦνται</em></span> <span class='ocrx_word' id='word_1_602' title='bbox 960 4625 1206 4696; x_wconf 75' lang='grc' dir='ltr'><em>ἄθλησιν.</em></span> <span class='ocrx_word' id='word_1_603' title='bbox 1241 4624 1352 4677; x_wconf 78' lang='grc' dir='ltr'><strong><em>Καὶ</em></strong></span> <span class='ocrx_word' id='word_1_604' title='bbox 1383 4625 1417 4695; x_wconf 82' lang='grc' dir='ltr'><strong>ή</strong></span> <span class='ocrx_word' id='word_1_605' title='bbox 1452 4623 1551 4695; x_wconf 80' lang='grc' dir='ltr'><em>μὲν</em></span> <span class='ocrx_word' id='word_1_606' title='bbox 1597 4621 1864 4693; x_wconf 83' lang='grc' dir='ltr'><em>ἀπολογία</em></span> <span class='ocrx_word' id='word_1_607' title='bbox 1891 4622 1986 4677; x_wconf 88' lang='grc' dir='ltr'><strong><em>τοῦ</em></strong></span> 
     </span>
    </p>
   </div>
   <div class='ocr_carea' id='block_1_80' title="bbox 405 4713 1986 4792">
    <p class='ocr_par' dir='ltr' id='par_1_80' title="bbox 405 4713 1986 4792">
     <span class='ocr_line' id='line_1_80' title="bbox 405 4713 1986 4792; baseline -0.002 -19"><span class='ocrx_word' id='word_1_608' title='bbox 405 4719 649 4792; x_wconf 84' lang='grc' dir='ltr'><em>Πατρὸς,</em></span> <span class='ocrx_word' id='word_1_609' title='bbox 681 4718 844 4791; x_wconf 82' lang='grc' dir='ltr'><em>αῦτη.</em></span> <span class='ocrx_word' id='word_1_610' title='bbox 873 4718 946 4772; x_wconf 81' lang='grc' dir='ltr'><strong><em>Σὺ</em></strong></span> <span class='ocrx_word' id='word_1_611' title='bbox 988 4717 1046 4771; x_wconf 90' lang='grc' dir='ltr'><em>δὲ</em></span> <span class='ocrx_word' id='word_1_612' title='bbox 1084 4714 1358 4786; x_wconf 88' lang='grc' dir='ltr'><em>ἀνάγνωθι</em></span> <span class='ocrx_word' id='word_1_613' title='bbox 1402 4713 1494 4770; x_wconf 82' lang='grc' dir='ltr'><em>τὸν</em></span> <span class='ocrx_word' id='word_1_614' title='bbox 1528 4713 1615 4768; x_wconf 82' lang='grc' dir='ltr'><em>πθ¹</em></span> <span class='ocrx_word' id='word_1_615' title='bbox 1654 4714 1854 4770; x_wconf 86' lang='grc' dir='ltr'><em>κανόνα</em></span> <span class='ocrx_word' id='word_1_616' title='bbox 1888 4716 1986 4787; x_wconf 84' lang='grc' dir='ltr'><em>τῆς</em></span> 
     </span>
    </p>
   </div>
   <div class='ocr_carea' id='block_1_81' title="bbox 404 4806 1985 4883">
    <p class='ocr_par' dir='ltr' id='par_1_81' title="bbox 404 4806 1985 4883">
     <span class='ocr_line' id='line_1_81' title="bbox 404 4806 1985 4883; baseline -0.002 -19"><span class='ocrx_word' id='word_1_617' title='bbox 404 4811 464 4866; x_wconf 76' lang='grc' dir='ltr'><em>ἐν</em></span> <span class='ocrx_word' id='word_1_618' title='bbox 510 4810 765 4883; x_wconf 85' lang='grc' dir='ltr'><em>Τρούλλῳ</em></span> <span class='ocrx_word' id='word_1_619' title='bbox 813 4809 1052 4873; x_wconf 87' lang='grc' dir='ltr'><em>συνόδου,</em></span> <span class='ocrx_word' id='word_1_620' title='bbox 1104 4807 1469 4880; x_wconf 84' lang='grc' dir='ltr'><em>διοριζόμενον</em></span> <span class='ocrx_word' id='word_1_621' title='bbox 1526 4806 1985 4880; x_wconf 82' lang='grc' dir='ltr'><em>ἀπονηστίζεσθαι</em></span> 
     </span>
    </p>
   </div>
   <div class='ocr_carea' id='block_1_82' title="bbox 405 4898 1985 4975">
    <p class='ocr_par' dir='ltr' id='par_1_82' title="bbox 405 4898 1985 4975">
     <span class='ocr_line' id='line_1_82' title="bbox 405 4898 1985 4975; baseline -0.001 -19"><span class='ocrx_word' id='word_1_622' title='bbox 405 4903 537 4975; x_wconf 70' lang='grc' dir='ltr'><em>περὶ</em></span> <span class='ocrx_word' id='word_1_623' title='bbox 559 4901 728 4974; x_wconf 84' lang='grc' dir='ltr'><em>μέσας</em></span> <span class='ocrx_word' id='word_1_624' title='bbox 757 4902 958 4965; x_wconf 88' lang='grc' dir='ltr'><em>νύκτας</em></span> <span class='ocrx_word' id='word_1_625' title='bbox 972 4900 1066 4954; x_wconf 91' lang='grc' dir='ltr'><strong><em>τοῦ</em></strong></span> <span class='ocrx_word' id='word_1_626' title='bbox 1087 4900 1325 4973; x_wconf 87' lang='grc' dir='ltr'><em>μεγάλου</em></span> <span class='ocrx_word' id='word_1_627' title='bbox 1350 4898 1630 4961; x_wconf 76' lang='grc' dir='ltr'><em>Σαϐβάτου</em></span> <span class='ocrx_word' id='word_1_628' title='bbox 1649 4916 1663 4930; x_wconf 71' lang='grc'><strong><em>⁸</em></strong></span> <span class='ocrx_word' id='word_1_629' title='bbox 1690 4899 1790 4964; x_wconf 84' lang='grc' dir='ltr'><em>τὰς</em></span> <span class='ocrx_word' id='word_1_630' title='bbox 1811 4898 1868 4952; x_wconf 88' lang='grc' dir='ltr'><em>δὲ</em></span> <span class='ocrx_word' id='word_1_631' title='bbox 1887 4899 1985 4955; x_wconf 82' lang='grc' dir='ltr'><em>ἀλ-</em></span> 
     </span>
    </p>
   </div>
   <div class='ocr_carea' id='block_1_83' title="bbox 402 4991 1981 5075">
    <p class='ocr_par' dir='ltr' id='par_1_83' title="bbox 402 4991 1981 5075">
     <span class='ocr_line' id='line_1_83' title="bbox 402 4991 1981 5075; baseline -0.001 -28"><span class='ocrx_word' id='word_1_632' title='bbox 402 4993 502 5075; x_wconf 81' lang='grc' dir='ltr'><strong><em>λας</em></strong></span> <span class='ocrx_word' id='word_1_633' title='bbox 516 4993 834 5067; x_wconf 82' lang='grc' dir='ltr'><em>ἡμέρας.τοῦ</em></span> <span class='ocrx_word' id='word_1_634' title='bbox 856 4991 1126 5067; x_wconf 88' lang='grc' dir='ltr'><em>σωτηρίου</em></span> <span class='ocrx_word' id='word_1_635' title='bbox 1145 4991 1370 5056; x_wconf 85' lang='grc' dir='ltr'><em>πάθους,</em></span> <span class='ocrx_word' id='word_1_636' title='bbox 1390 4994 1447 5046; x_wconf 86' lang='grc' dir='ltr'><em>ὲν</em></span> <span class='ocrx_word' id='word_1_637' title='bbox 1465 4991 1689 5067; x_wconf 76' lang='grc' dir='ltr'><em>νηστείᾳ</em></span> <span class='ocrx_word' id='word_1_638' title='bbox 1701 4991 1795 5046; x_wconf 76' lang='grc' dir='ltr'><em>καὶ</em></span> <span class='ocrx_word' id='word_1_639' title='bbox 1810 5008 1981 5064; x_wconf 86' lang='grc' dir='ltr'><em>προσ-</em></span> 
     </span>
    </p>
   </div>
   <div class='ocr_carea' id='block_1_84' title="bbox 2100 3800 3671 3874">
    <p class='ocr_par' dir='ltr' id='par_1_84' title="bbox 2100 3800 3671 3874">
     <span class='ocr_line' id='line_1_84' title="bbox 2100 3800 3671 3874; baseline -0.003 -15"><span class='ocrx_word' id='word_1_640' title='bbox 2100 3802 2458 3861; x_wconf 76' lang='lat' dir='ltr'><strong><em>hebdomadte</em></strong></span> <span class='ocrx_word' id='word_1_641' title='bbox 2501 3806 2638 3873; x_wconf 89' lang='lat' dir='ltr'><strong><em>dies,</em></strong></span> <span class='ocrx_word' id='word_1_642' title='bbox 2676 3819 2866 3860; x_wconf 86' lang='lat' dir='ltr'><strong><em>omnes</em></strong></span> <span class='ocrx_word' id='word_1_643' title='bbox 2923 3803 3175 3860; x_wconf 87' lang='lat' dir='ltr'><strong><em>similiter</em></strong></span> <span class='ocrx_word' id='word_1_644' title='bbox 3224 3809 3510 3874; x_wconf 80' lang='lat' dir='ltr'><strong><em>peragunt.</em></strong></span> <span class='ocrx_word' id='word_1_645' title='bbox 3565 3800 3671 3855; x_wconf 84' lang='lat' dir='ltr'><strong><em>Alii</em></strong></span> 
     </span>
    </p>
   </div>
   <div class='ocr_carea' id='block_1_85' title="bbox 2096 3891 3672 3968">
    <p class='ocr_par' dir='ltr' id='par_1_85' title="bbox 2096 3891 3672 3968">
     <span class='ocr_line' id='line_1_85' title="bbox 2096 3891 3672 3968; baseline -0.003 -18"><span class='ocrx_word' id='word_1_646' title='bbox 2096 3897 2246 3951; x_wconf 87' lang='lat' dir='ltr'><strong><em>enim</em></strong></span> <span class='ocrx_word' id='word_1_647' title='bbox 2274 3912 2465 3953; x_wconf 90' lang='lat' dir='ltr'><strong><em>omnes</em></strong></span> <span class='ocrx_word' id='word_1_648' title='bbox 2502 3897 2776 3968; x_wconf 86' lang='lat' dir='ltr'><strong><em>jejunant,</em></strong></span> <span class='ocrx_word' id='word_1_649' title='bbox 2814 3896 2907 3950; x_wconf 90' lang='lat' dir='ltr'><strong><em>alii</em></strong></span> <span class='ocrx_word' id='word_1_650' title='bbox 2946 3911 3076 3951; x_wconf 88' lang='lat' dir='ltr'><strong><em>vero</em></strong></span> <span class='ocrx_word' id='word_1_651' title='bbox 3105 3895 3265 3960; x_wconf 89' lang='lat' dir='ltr'><strong><em>duos,</em></strong></span> <span class='ocrx_word' id='word_1_652' title='bbox 3294 3894 3384 3949; x_wconf 87' lang='lat' dir='ltr'><strong><em>alii</em></strong></span> <span class='ocrx_word' id='word_1_653' title='bbox 3415 3902 3543 3961; x_wconf 92' lang='lat' dir='ltr'><strong><em>tres,</em></strong></span> <span class='ocrx_word' id='word_1_654' title='bbox 3578 3891 3672 3947; x_wconf 84' lang='lat' dir='ltr'><strong><em>alii</em></strong></span> 
     </span>
    </p>
   </div>
   <div class='ocr_carea' id='block_1_86' title="bbox 2066 3984 3672 4065">
    <p class='ocr_par' dir='ltr' id='par_1_86' title="bbox 2066 3984 3672 4065">
     <span class='ocr_line' id='line_1_86' title="bbox 2066 3984 3672 4065; baseline -0.004 -20"><span class='ocrx_word' id='word_1_655' title='bbox 2066 3984 2524 4065; x_wconf 28' lang='lat' dir='ltr'><strong><em>&#39;autem&#39;plures,</em></strong></span> <span class='ocrx_word' id='word_1_656' title='bbox 2555 3989 2645 4042; x_wconf 89' lang='lat' dir='ltr'><strong><em>alii</em></strong></span> <span class='ocrx_word' id='word_1_657' title='bbox 2691 4001 2820 4044; x_wconf 88' lang='lat' dir='ltr'><strong><em>vero</em></strong></span> <span class='ocrx_word' id='word_1_658' title='bbox 2858 3988 3092 4042; x_wconf 90' lang='lat' dir='ltr'><strong><em>nullum.</em></strong></span> <span class='ocrx_word' id='word_1_659' title='bbox 3118 3985 3188 4041; x_wconf 90' lang='lat' dir='ltr'><strong><em>Iis</em></strong></span> <span class='ocrx_word' id='word_1_660' title='bbox 3222 4002 3353 4057; x_wconf 81' lang='lat' dir='ltr'><strong><em>ergo</em></strong></span> <span class='ocrx_word' id='word_1_661' title='bbox 3374 3985 3468 4056; x_wconf 90' lang='lat' dir='ltr'><strong><em>qui</em></strong></span> <span class='ocrx_word' id='word_1_662' title='bbox 3498 3985 3672 4055; x_wconf 90' lang='lat' dir='ltr'><strong><em>pluri-</em></strong></span> 
     </span>
    </p>
   </div>
   <div class='ocr_carea' id='block_1_87' title="bbox 2093 4070 3667 4151">
    <p class='ocr_par' dir='ltr' id='par_1_87' title="bbox 2093 4070 3667 4151">
     <span class='ocr_line' id='line_1_87' title="bbox 2093 4070 3667 4151; baseline -0.002 -17"><span class='ocrx_word' id='word_1_663' title='bbox 2093 4079 2200 4135; x_wconf 87' lang='lat' dir='ltr'><strong><em>bus</em></strong></span> <span class='ocrx_word' id='word_1_664' title='bbox 2229 4080 2421 4136; x_wconf 90' lang='lat' dir='ltr'><strong><em>diebus</em></strong></span> <span class='ocrx_word' id='word_1_665' title='bbox 2449 4081 2767 4151; x_wconf 86' lang='lat' dir='ltr'><strong><em>jejunarunt</em></strong></span> <span class='ocrx_word' id='word_1_666' title='bbox 2816 4087 2870 4134; x_wconf 90' lang='lat' dir='ltr'><strong><em>et</em></strong></span> <span class='ocrx_word' id='word_1_667' title='bbox 2902 4079 3246 4143; x_wconf 88' lang='lat' dir='ltr'><strong><em>laborarunt,</em></strong></span> <span class='ocrx_word' id='word_1_668' title='bbox 3281 4070 3337 4133; x_wconf 82' lang='lat' dir='ltr'><strong><em>si’</em></strong></span> <span class='ocrx_word' id='word_1_669' title='bbox 3350 4078 3667 4149; x_wconf 81' lang='lat' dir='ltr'><strong><em>alimentum</em></strong></span> 
     </span>
    </p>
   </div>
   <div class='ocr_carea' id='block_1_88' title="bbox 2093 4169 3662 4245">
    <p class='ocr_par' dir='ltr' id='par_1_88' title="bbox 2093 4169 3662 4245">
     <span class='ocr_line' id='line_1_88' title="bbox 2093 4169 3662 4245; baseline -0.003 -18"><span class='ocrx_word' id='word_1_670' title='bbox 2093 4173 2258 4228; x_wconf 89' lang='lat' dir='ltr'><strong><em>citius</em></strong></span> <span class='ocrx_word' id='word_1_671' title='bbox 2288 4173 2643 4245; x_wconf 78' lang='lat' dir='ltr'><strong><em>gustaverint,</em></strong></span> <span class='ocrx_word' id='word_1_672' title='bbox 2672 4169 2828 4225; x_wconf 88' lang='lat' dir='ltr'><strong><em>venia</em></strong></span> <span class='ocrx_word' id='word_1_673' title='bbox 2877 4170 3055 4226; x_wconf 86' lang='lat' dir='ltr'><strong><em>danda</em></strong></span> <span class='ocrx_word' id='word_1_674' title='bbox 3082 4176 3167 4225; x_wconf 90' lang='lat' dir='ltr'><strong><em>est</em></strong></span> <span class='ocrx_word' id='word_1_675' title='bbox 3193 4188 3206 4237; x_wconf 91' lang='lat'><strong>;</strong></span> <span class='ocrx_word' id='word_1_676' title='bbox 3232 4185 3329 4225; x_wconf 93' lang='lat' dir='ltr'><strong><em>eos</em></strong></span> <span class='ocrx_word' id='word_1_677' title='bbox 3359 4176 3541 4223; x_wconf 89' lang='lat' dir='ltr'><strong><em>autem</em></strong></span> <span class='ocrx_word' id='word_1_678' title='bbox 3569 4171 3662 4240; x_wconf 90' lang='lat' dir='ltr'><strong><em>qui</em></strong></span> 
     </span>
    </p>
   </div>
   <div class='ocr_carea' id='block_1_89' title="bbox 2092 4260 3668 4336">
    <p class='ocr_par' dir='ltr' id='par_1_89' title="bbox 2092 4260 3668 4336">
     <span class='ocr_line' id='line_1_89' title="bbox 2092 4260 3668 4336; baseline -0.002 -17"><span class='ocrx_word' id='word_1_679' title='bbox 2092 4272 2333 4336; x_wconf 87' lang='lat' dir='ltr'><strong><em>quatuor</em></strong></span> <span class='ocrx_word' id='word_1_680' title='bbox 2355 4265 2472 4320; x_wconf 87' lang='lat' dir='ltr'><strong><em>dies</em></strong></span> <span class='ocrx_word' id='word_1_681' title='bbox 2514 4280 2623 4319; x_wconf 91' lang='lat' dir='ltr'><strong><em>non</em></strong></span> <span class='ocrx_word' id='word_1_682' title='bbox 2662 4263 3003 4335; x_wconf 80' lang='lat' dir='ltr'><strong><em>jejunarunt,</em></strong></span> <span class='ocrx_word' id='word_1_683' title='bbox 3029 4262 3124 4317; x_wconf 89' lang='lat' dir='ltr'><strong><em>sed</em></strong></span> <span class='ocrx_word' id='word_1_684' title='bbox 3151 4261 3385 4317; x_wconf 88' lang='lat' dir='ltr'><strong><em>delicate</em></strong></span> <span class='ocrx_word' id='word_1_685' title='bbox 3415 4260 3668 4332; x_wconf 84' lang='lat' dir='ltr'><strong><em>cpipare-</em></strong></span> 
     </span>
    </p>
   </div>
   <div class='ocr_carea' id='block_1_90' title="bbox 2094 4352 3669 4427">
    <p class='ocr_par' dir='ltr' id='par_1_90' title="bbox 2094 4352 3669 4427">
     <span class='ocr_line' id='line_1_90' title="bbox 2094 4352 3669 4427; baseline -0.001 -16"><span class='ocrx_word' id='word_1_686' title='bbox 2094 4352 2205 4427; x_wconf 79' lang='lat' dir='ltr'><strong><em>que</em></strong></span> <span class='ocrx_word' id='word_1_687' title='bbox 2233 4356 2507 4423; x_wconf 86' lang='lat' dir='ltr'><strong><em>vixerunt,</em></strong></span> <span class='ocrx_word' id='word_1_688' title='bbox 2534 4357 2589 4411; x_wconf 92' lang='lat' dir='ltr'><strong><em>in</em></strong></span> <span class='ocrx_word' id='word_1_689' title='bbox 2624 4352 2926 4411; x_wconf 89' lang='lat' dir='ltr'><strong><em>Parasceve</em></strong></span> <span class='ocrx_word' id='word_1_690' title='bbox 2956 4362 3136 4410; x_wconf 90' lang='lat' dir='ltr'><strong><em>autem</em></strong></span> <span class='ocrx_word' id='word_1_691' title='bbox 3168 4362 3222 4410; x_wconf 89' lang='lat' dir='ltr'><strong><em>et</em></strong></span> <span class='ocrx_word' id='word_1_692' title='bbox 3268 4352 3669 4425; x_wconf 87' lang='lat' dir='ltr'><strong><em>Sabbatojeju-</em></strong></span> 
     </span>
    </p>
   </div>
   <div class='ocr_carea' id='block_1_91' title="bbox 2090 4446 3664 4520">
    <p class='ocr_par' dir='ltr' id='par_1_91' title="bbox 2090 4446 3664 4520">
     <span class='ocr_line' id='line_1_91' title="bbox 2090 4446 3664 4520; baseline -0.001 -15"><span class='ocrx_word' id='word_1_693' title='bbox 2090 4465 2311 4517; x_wconf 89' lang='lat' dir='ltr'><strong><em>navcre,</em></strong></span> <span class='ocrx_word' id='word_1_694' title='bbox 2331 4449 2643 4505; x_wconf 83' lang='lat' dir='ltr'><strong><em>existimare</em></strong></span> <span class='ocrx_word' id='word_1_695' title='bbox 2660 4464 2768 4503; x_wconf 88' lang='lat' dir='ltr'><strong><em>non</em></strong></span> <span class='ocrx_word' id='word_1_696' title='bbox 2798 4457 3010 4519; x_wconf 88' lang='lat' dir='ltr'><strong><em>oportet</em></strong></span> <span class='ocrx_word' id='word_1_697' title='bbox 3030 4463 3287 4520; x_wconf 78' lang='lat' dir='ltr'><strong><em>magnum</em></strong></span> <span class='ocrx_word' id='word_1_698' title='bbox 3310 4446 3441 4519; x_wconf 88' lang='lat' dir='ltr'><strong><em>quid</em></strong></span> <span class='ocrx_word' id='word_1_699' title='bbox 3462 4446 3664 4516; x_wconf 81' lang='lat' dir='ltr'><strong><em>facere,</em></strong></span> 
     </span>
    </p>
   </div>
   <div class='ocr_carea' id='block_1_92' title="bbox 2090 4538 3664 4614">
    <p class='ocr_par' dir='ltr' id='par_1_92' title="bbox 2090 4538 3664 4614">
     <span class='ocr_line' id='line_1_92' title="bbox 2090 4538 3664 4614; baseline -0.003 -15"><span class='ocrx_word' id='word_1_700' title='bbox 2090 4542 2137 4600; x_wconf 91' lang='lat' dir='ltr'><strong><em>si</em></strong></span> <span class='ocrx_word' id='word_1_701' title='bbox 2190 4557 2365 4614; x_wconf 91' lang='lat' dir='ltr'><strong><em>usque</em></strong></span> <span class='ocrx_word' id='word_1_702' title='bbox 2423 4543 2487 4599; x_wconf 90' lang='lat' dir='ltr'><strong><em>ad</em></strong></span> <span class='ocrx_word' id='word_1_703' title='bbox 2543 4542 2870 4597; x_wconf 88' lang='lat' dir='ltr'><strong><em>matutinum</em></strong></span> <span class='ocrx_word' id='word_1_704' title='bbox 2922 4540 3341 4597; x_wconf 83' lang='lat' dir='ltr'><strong><em>resurrectionis</em></strong></span> <span class='ocrx_word' id='word_1_705' title='bbox 3385 4538 3493 4594; x_wconf 91' lang='lat' dir='ltr'><strong><em>diei</em></strong></span> <span class='ocrx_word' id='word_1_706' title='bbox 3544 4538 3664 4595; x_wconf 88' lang='lat' dir='ltr'><strong><em>sine</em></strong></span> 
     </span>
    </p>
   </div>
   <div class='ocr_carea' id='block_1_93' title="bbox 2091 4632 3662 4706">
    <p class='ocr_par' dir='ltr' id='par_1_93' title="bbox 2091 4632 3662 4706">
     <span class='ocr_line' id='line_1_93' title="bbox 2091 4632 3662 4706; baseline -0.001 -16"><span class='ocrx_word' id='word_1_707' title='bbox 2091 4634 2215 4691; x_wconf 91' lang='lat' dir='ltr'><strong><em>cibo</em></strong></span> <span class='ocrx_word' id='word_1_708' title='bbox 2236 4634 2412 4706; x_wconf 82' lang='lat' dir='ltr'><strong><em>jejuni</em></strong></span> <span class='ocrx_word' id='word_1_709' title='bbox 2444 4635 2899 4706; x_wconf 85' lang='lat' dir='ltr'><strong><em>permanserint:</em></strong></span> <span class='ocrx_word' id='word_1_710' title='bbox 2934 4650 3113 4705; x_wconf 90' lang='lat' dir='ltr'><strong><em>neque</em></strong></span> <span class='ocrx_word' id='word_1_711' title='bbox 3161 4634 3308 4688; x_wconf 90' lang='lat' dir='ltr'><strong><em>enim</em></strong></span> <span class='ocrx_word' id='word_1_712' title='bbox 3342 4632 3519 4688; x_wconf 89' lang='lat' dir='ltr'><strong><em>simile</em></strong></span> <span class='ocrx_word' id='word_1_713' title='bbox 3545 4649 3662 4688; x_wconf 90' lang='lat' dir='ltr'><strong><em>cer-</em></strong></span> 
     </span>
    </p>
   </div>
   <div class='ocr_carea' id='block_1_94' title="bbox 2087 4720 3661 4795">
    <p class='ocr_par' dir='ltr' id='par_1_94' title="bbox 2087 4720 3661 4795">
     <span class='ocr_line' id='line_1_94' title="bbox 2087 4720 3661 4795; baseline -0.004 -15"><span class='ocrx_word' id='word_1_714' title='bbox 2087 4735 2270 4781; x_wconf 88' lang='lat' dir='ltr'><strong><em>tamen</em></strong></span> <span class='ocrx_word' id='word_1_715' title='bbox 2296 4726 2515 4780; x_wconf 86' lang='lat' dir='ltr'><strong><em>adeunt.</em></strong></span> <span class='ocrx_word' id='word_1_716' title='bbox 2537 4724 2713 4795; x_wconf 83' lang='lat' dir='ltr'><strong><em>Atque</em></strong></span> <span class='ocrx_word' id='word_1_717' title='bbox 2741 4723 2856 4778; x_wconf 65' lang='lat' dir='ltr'><strong><em>haec</em></strong></span> <span class='ocrx_word' id='word_1_718' title='bbox 2882 4723 3100 4795; x_wconf 89' lang='lat' dir='ltr'><strong><em>quidem</em></strong></span> <span class='ocrx_word' id='word_1_719' title='bbox 3123 4730 3206 4778; x_wconf 89' lang='lat' dir='ltr'><strong><em>est</em></strong></span> <span class='ocrx_word' id='word_1_720' title='bbox 3227 4720 3406 4776; x_wconf 88' lang='lat' dir='ltr'><strong><em>Patris</em></strong></span> <span class='ocrx_word' id='word_1_721' title='bbox 3434 4734 3661 4791; x_wconf 89' lang='lat' dir='ltr'><strong><em>respon-</em></strong></span> 
     </span>
    </p>
   </div>
   <div class='ocr_carea' id='block_1_95' title="bbox 2090 4813 3660 4888">
    <p class='ocr_par' dir='ltr' id='par_1_95' title="bbox 2090 4813 3660 4888">
     <span class='ocr_line' id='line_1_95' title="bbox 2090 4813 3660 4888; baseline -0.005 -14"><span class='ocrx_word' id='word_1_722' title='bbox 2090 4819 2191 4874; x_wconf 92' lang='lat' dir='ltr'><strong><em>sio.</em></strong></span> <span class='ocrx_word' id='word_1_723' title='bbox 2215 4816 2298 4874; x_wconf 89' lang='lat' dir='ltr'><strong><em>Tu</em></strong></span> <span class='ocrx_word' id='word_1_724' title='bbox 2325 4825 2507 4875; x_wconf 88' lang='lat' dir='ltr'><strong><em>autem</em></strong></span> <span class='ocrx_word' id='word_1_725' title='bbox 2544 4818 2661 4888; x_wconf 81' lang='lat' dir='ltr'><strong><em>lege</em></strong></span> <span class='ocrx_word' id='word_1_726' title='bbox 2680 4816 2747 4873; x_wconf 88' lang='lat'><strong><em>89</em></strong></span> <span class='ocrx_word' id='word_1_727' title='bbox 2770 4832 2894 4873; x_wconf 86' lang='lat' dir='ltr'><strong><em>can.</em></strong></span> <span class='ocrx_word' id='word_1_728' title='bbox 2930 4832 3053 4888; x_wconf 90' lang='lat' dir='ltr'><strong><em>syn.</em></strong></span> <span class='ocrx_word' id='word_1_729' title='bbox 3089 4815 3145 4869; x_wconf 93' lang='lat' dir='ltr'><strong><em>in</em></strong></span> <span class='ocrx_word' id='word_1_730' title='bbox 3175 4813 3660 4881; x_wconf 66' lang='lat' dir='ltr'><strong><em>Trullo,.statuen—</em></strong></span> 
     </span>
    </p>
   </div>
   <div class='ocr_carea' id='block_1_96' title="bbox 2088 4906 3659 4985">
    <p class='ocr_par' dir='ltr' id='par_1_96' title="bbox 2088 4906 3659 4985">
     <span class='ocr_line' id='line_1_96' title="bbox 2088 4906 3659 4985; baseline -0.004 -19"><span class='ocrx_word' id='word_1_731' title='bbox 2088 4919 2199 4969; x_wconf 88' lang='lat' dir='ltr'><strong><em>tem</em></strong></span> <span class='ocrx_word' id='word_1_732' title='bbox 2230 4912 2501 4985; x_wconf 88' lang='lat' dir='ltr'><strong><em>jejunium</em></strong></span> <span class='ocrx_word' id='word_1_733' title='bbox 2539 4911 2856 4967; x_wconf 81' lang='lat' dir='ltr'><strong><em>solvendum</em></strong></span> <span class='ocrx_word' id='word_1_734' title='bbox 2898 4924 3022 4966; x_wconf 87' lang='lat' dir='ltr'><strong><em>esse</em></strong></span> <span class='ocrx_word' id='word_1_735' title='bbox 3057 4908 3202 4964; x_wconf 90' lang='lat' dir='ltr'><strong><em>circa</em></strong></span> <span class='ocrx_word' id='word_1_736' title='bbox 3240 4906 3450 4962; x_wconf 88' lang='lat' dir='ltr'><strong><em>medias</em></strong></span> <span class='ocrx_word' id='word_1_737' title='bbox 3470 4912 3659 4960; x_wconf 89' lang='lat' dir='ltr'><strong><em>noctes</em></strong></span> 
     </span>
    </p>
   </div>
   <div class='ocr_carea' id='block_1_97' title="bbox 2088 4994 3659 5077">
    <p class='ocr_par' dir='ltr' id='par_1_97' title="bbox 2088 4994 3659 5077">
     <span class='ocr_line' id='line_1_97' title="bbox 2088 4994 3659 5077; baseline -0.007 -16"><span class='ocrx_word' id='word_1_738' title='bbox 2088 5005 2274 5077; x_wconf 81' lang='lat' dir='ltr'><strong><em>magni</em></strong></span> <span class='ocrx_word' id='word_1_739' title='bbox 2297 5003 2549 5071; x_wconf 75' lang='lat' dir='ltr'><strong><em>S’abbati;</em></strong></span> <span class='ocrx_word' id='word_1_740' title='bbox 2570 5004 2890 5059; x_wconf 79' lang='lat' dir='ltr'><strong><em>aliisautem</em></strong></span> <span class='ocrx_word' id='word_1_741' title='bbox 2913 4999 3105 5056; x_wconf 87' lang='lat' dir='ltr'><strong><em>diebus</em></strong></span> <span class='ocrx_word' id='word_1_742' title='bbox 3128 4995 3421 5054; x_wconf 79' lang='lat' dir='ltr'><strong><em>salutiferae</em></strong></span> <span class='ocrx_word' id='word_1_743' title='bbox 3443 4994 3659 5066; x_wconf 89' lang='lat' dir='ltr'><strong><em>passio-</em></strong></span> 
     </span>
    </p>
   </div>
   <div class='ocr_carea' id='block_1_98' title="bbox 403 5059 1994 5168">
    <p class='ocr_par' dir='ltr' id='par_1_98' title="bbox 403 5059 1984 5153">
     <span class='ocr_line' id='line_1_98' title="bbox 403 5059 1984 5153; baseline -0.003 -15"><span class='ocrx_word' id='word_1_744' title='bbox 403 5059 672 5153; x_wconf 41' lang='grc' dir='ltr'><em>ἐυχῇμκάὶ</em></span> <span class='ocrx_word' id='word_1_745' title='bbox 700 5059 1240 5152; x_wconf 66' lang='grc' dir='ltr'><em>κατανύξειδιάγειν.</em></span> <span class='ocrx_word' id='word_1_746' title='bbox 1267 5082 1420 5138; x_wconf 76' lang='grc' dir='ltr'><em>Ἐπεὶ</em></span> <span class='ocrx_word' id='word_1_747' title='bbox 1444 5059 1530 5135; x_wconf 41' lang='grc' dir='ltr'><strong><em>δὲ-</em></strong></span> <span class='ocrx_word' id='word_1_748' title='bbox 1546 5059 1743 5149; x_wconf 75' lang='grc' dir='ltr'><em>ἔξωθεν</em></span> <span class='ocrx_word' id='word_1_749' title='bbox 1769 5059 1866 5135; x_wconf 81' lang='grc' dir='ltr'><strong><em>τοῦ</em></strong></span> <span class='ocrx_word' id='word_1_750' title='bbox 1886 5074 1984 5135; x_wconf 84' lang='grc' dir='ltr'><em>αύ-</em></span> 
     </span>
    </p>
   </div>
   <div class='ocr_carea' id='block_1_99' title="bbox 2098 5059 3655 5168">
    <p class='ocr_par' dir='ltr' id='par_1_99' title="bbox 2098 5089 3655 5168">
     <span class='ocr_line' id='line_1_99' title="bbox 2098 5089 3655 5168; baseline -0.005 -17"><span class='ocrx_word' id='word_1_751' title='bbox 2098 5096 2199 5163; x_wconf 83' lang='lat' dir='ltr'><strong><em>uis,</em></strong></span> <span class='ocrx_word' id='word_1_752' title='bbox 2244 5096 2299 5152; x_wconf 91' lang='lat' dir='ltr'><strong><em>in</em></strong></span> <span class='ocrx_word' id='word_1_753' title='bbox 2344 5095 2558 5168; x_wconf 88' lang='lat' dir='ltr'><strong><em>jejunio</em></strong></span> <span class='ocrx_word' id='word_1_754' title='bbox 2581 5103 2635 5151; x_wconf 89' lang='lat' dir='ltr'><strong><em>et</em></strong></span> <span class='ocrx_word' id='word_1_755' title='bbox 2666 5094 2915 5150; x_wconf 87' lang='lat' dir='ltr'><strong><em>oratione</em></strong></span> <span class='ocrx_word' id='word_1_756' title='bbox 2937 5104 2990 5148; x_wconf 82' lang='lat' dir='ltr'><strong><em>et</em></strong></span> <span class='ocrx_word' id='word_1_757' title='bbox 3010 5089 3431 5161; x_wconf 89' lang='lat' dir='ltr'><strong><em>compunctione</em></strong></span> <span class='ocrx_word' id='word_1_758' title='bbox 3448 5089 3655 5144; x_wconf 88' lang='lat' dir='ltr'><strong><em>versari</em></strong></span> 
     </span>
    </p>
   </div>
   <div class='ocr_carea' id='block_1_100' title="bbox 401 5173 1989 5250">
    <p class='ocr_par' dir='ltr' id='par_1_100' title="bbox 401 5173 1989 5250">
     <span class='ocr_line' id='line_1_100' title="bbox 401 5173 1989 5250; baseline 0.001 -23"><span class='ocrx_word' id='word_1_759' title='bbox 401 5173 494 5227; x_wconf 86' lang='grc' dir='ltr'><strong><em>τοῦ</em></strong></span> <span class='ocrx_word' id='word_1_760' title='bbox 509 5173 732 5239; x_wconf 79' lang='grc' dir='ltr'><em>κανόνος</em></span> <span class='ocrx_word' id='word_1_761' title='bbox 746 5175 1081 5250; x_wconf 81' lang='grc' dir='ltr'><em>ὲσαφηνίσθη</em></span> <span class='ocrx_word' id='word_1_762' title='bbox 1097 5178 1131 5247; x_wconf 88' lang='grc' dir='ltr'>ἡ</span> <span class='ocrx_word' id='word_1_763' title='bbox 1147 5175 1265 5243; x_wconf 84' lang='grc' dir='ltr'><em>ὥρα</em></span> <span class='ocrx_word' id='word_1_764' title='bbox 1279 5175 1378 5247; x_wconf 82' lang='grc' dir='ltr'><em>τῆς</em></span> <span class='ocrx_word' id='word_1_765' title='bbox 1391 5174 1627 5246; x_wconf 81' lang='grc' dir='ltr'><em>Χριστοῦ</em></span> <span class='ocrx_word' id='word_1_766' title='bbox 1643 5175 1989 5240; x_wconf 85' lang='grc' dir='ltr'><em>ἀναστάσεως</em></span> 
     </span>
    </p>
   </div>
   <div class='ocr_carea' id='block_1_101' title="bbox 400 5266 1988 5340">
    <p class='ocr_par' dir='ltr' id='par_1_101' title="bbox 400 5266 1988 5340">
     <span class='ocr_line' id='line_1_101' title="bbox 400 5266 1988 5340; baseline 0 -20"><span class='ocrx_word' id='word_1_767' title='bbox 400 5266 511 5320; x_wconf 80' lang='grc' dir='ltr'><em>ἀπὸ</em></span> <span class='ocrx_word' id='word_1_768' title='bbox 558 5266 829 5340; x_wconf 83' lang='grc' dir='ltr'><em>διαφόρων</em></span> <span class='ocrx_word' id='word_1_769' title='bbox 857 5267 1146 5340; x_wconf 83' lang='grc' dir='ltr'><em>Γραφικῶν</em></span> <span class='ocrx_word' id='word_1_770' title='bbox 1169 5267 1279 5340; x_wconf 60' lang='lat' dir='ltr'><strong><em>[ton</em></strong></span> <span class='ocrx_word' id='word_1_771' title='bbox 1307 5266 1563 5340; x_wconf 84' lang='grc' dir='ltr'><em>Γραφῶν]</em></span> <span class='ocrx_word' id='word_1_772' title='bbox 1595 5267 1732 5332; x_wconf 82' lang='grc' dir='ltr'><em>τέως</em></span> <span class='ocrx_word' id='word_1_773' title='bbox 1765 5267 1904 5323; x_wconf 86' lang='grc' dir='ltr'><strong><em>κατά</em></strong></span> <span class='ocrx_word' id='word_1_774' title='bbox 1925 5267 1988 5321; x_wconf 85' lang='grc' dir='ltr'><em>τὸ</em></span> 
     </span>
    </p>
   </div>
   <div class='ocr_carea' id='block_1_102' title="bbox 400 5356 1977 5433">
    <p class='ocr_par' dir='ltr' id='par_1_102' title="bbox 400 5356 1977 5433">
     <span class='ocr_line' id='line_1_102' title="bbox 400 5356 1977 5433; baseline 0.003 -22"><span class='ocrx_word' id='word_1_775' title='bbox 400 5357 680 5430; x_wconf 75' lang='grc' dir='ltr'><em>ἐγχωροῦν</em></span> <span class='ocrx_word' id='word_1_776' title='bbox 704 5359 786 5431; x_wconf 79' lang='grc' dir='ltr'><strong><em>(τὸ</em></strong></span> <span class='ocrx_word' id='word_1_777' title='bbox 804 5358 912 5432; x_wconf 84' lang='grc' dir='ltr'><em>γὰρ</em></span> <span class='ocrx_word' id='word_1_778' title='bbox 939 5359 1135 5433; x_wconf 81' lang='grc' dir='ltr'><em>ἀληθὲς</em></span> <span class='ocrx_word' id='word_1_779' title='bbox 1159 5360 1317 5433; x_wconf 82' lang='grc' dir='ltr'><em>μόνος</em></span> <span class='ocrx_word' id='word_1_780' title='bbox 1335 5356 1474 5415; x_wconf 85' lang='grc' dir='ltr'><em>οἶδεν</em></span> <span class='ocrx_word' id='word_1_781' title='bbox 1494 5359 1523 5411; x_wconf 89' lang='grc' dir='ltr'><strong><em>ό</em></strong></span> <span class='ocrx_word' id='word_1_782' title='bbox 1545 5358 1780 5423; x_wconf 78' lang='grc' dir='ltr'><em>ἀναστὰς</em></span> <span class='ocrx_word' id='word_1_783' title='bbox 1799 5359 1977 5433; x_wconf 85' lang='grc' dir='ltr'><em>Θεὸς),</em></span> 
     </span>
    </p>
   </div>
   <div class='ocr_carea' id='block_1_103' title="bbox 398 5453 1980 5530">
    <p class='ocr_par' dir='ltr' id='par_1_103' title="bbox 398 5453 1980 5530">
     <span class='ocr_line' id='line_1_103' title="bbox 398 5453 1980 5530; baseline 0.004 -25"><span class='ocrx_word' id='word_1_784' title='bbox 398 5453 685 5526; x_wconf 86' lang='grc' dir='ltr'><em>ὀφείλομεν</em></span> <span class='ocrx_word' id='word_1_785' title='bbox 707 5454 884 5510; x_wconf 82' lang='grc' dir='ltr'><em>εἰπεῖν</em></span> <span class='ocrx_word' id='word_1_786' title='bbox 908 5454 992 5509; x_wconf 83' lang='grc' dir='ltr'><em>ὅτι</em></span> <span class='ocrx_word' id='word_1_787' title='bbox 1024 5455 1186 5530; x_wconf 86' lang='grc' dir='ltr'><em>μέχρι</em></span> <span class='ocrx_word' id='word_1_788' title='bbox 1224 5456 1325 5529; x_wconf 84' lang='grc' dir='ltr'><em>μὲν</em></span> <span class='ocrx_word' id='word_1_789' title='bbox 1356 5455 1457 5530; x_wconf 88' lang='grc' dir='ltr'><em>τῆς</em></span> <span class='ocrx_word' id='word_1_790' title='bbox 1488 5454 1656 5530; x_wconf 73' lang='grc' dir='ltr'><em>ἕκτης</em></span> <span class='ocrx_word' id='word_1_791' title='bbox 1695 5455 1846 5528; x_wconf 84' lang='grc' dir='ltr'><em>ὥρας</em></span> <span class='ocrx_word' id='word_1_792' title='bbox 1885 5458 1980 5516; x_wconf 77' lang='grc' dir='ltr'><em>καὶ</em></span> 
     </span>
    </p>
   </div>
   <div class='ocr_carea' id='block_1_104' title="bbox 401 5545 1970 5620">
    <p class='ocr_par' dir='ltr' id='par_1_104' title="bbox 401 5545 1970 5620">
     <span class='ocr_line' id='line_1_104' title="bbox 401 5545 1970 5620; baseline 0.004 -22"><span class='ocrx_word' id='word_1_793' title='bbox 401 5545 571 5617; x_wconf 79' lang='grc' dir='ltr'><em>αὐτῆς</em></span> <span class='ocrx_word' id='word_1_794' title='bbox 589 5545 683 5601; x_wconf 86' lang='grc' dir='ltr'><strong><em>τοῦ</em></strong></span> <span class='ocrx_word' id='word_1_795' title='bbox 703 5545 1020 5619; x_wconf 80' lang='grc' dir='ltr'><em>νυκτερινοῦ</em></span> <span class='ocrx_word' id='word_1_796' title='bbox 1055 5547 1331 5605; x_wconf 76' lang='grc' dir='ltr'><em>Σαϐϐάτω</em></span> <span class='ocrx_word' id='word_1_797' title='bbox 1355 5547 1641 5620; x_wconf 81' lang='grc' dir='ltr'><em>ὀφείλομεν</em></span> <span class='ocrx_word' id='word_1_798' title='bbox 1669 5549 1970 5620; x_wconf 79' lang='grc' dir='ltr'><em>νηστεύειν.</em></span> 
     </span>
    </p>
   </div>
   <div class='ocr_carea' id='block_1_105' title="bbox 412 5635 1975 5715">
    <p class='ocr_par' dir='ltr' id='par_1_105' title="bbox 412 5635 1975 5715">
     <span class='ocr_line' id='line_1_105' title="bbox 412 5635 1975 5715; baseline 0.004 -26"><span class='ocrx_word' id='word_1_799' title='bbox 412 5635 543 5690; x_wconf 82' lang='grc' dir='ltr'><strong><em>Ἀπὸ</em></strong></span> <span class='ocrx_word' id='word_1_800' title='bbox 579 5637 638 5695; x_wconf 79' lang='grc' dir='ltr'><em>δὲ</em></span> <span class='ocrx_word' id='word_1_801' title='bbox 666 5637 768 5710; x_wconf 84' lang='grc' dir='ltr'><em>τῆς</em></span> <span class='ocrx_word' id='word_1_802' title='bbox 804 5638 1041 5711; x_wconf 74' lang='grc' dir='ltr'><em>ἑδδόμης</em></span> <span class='ocrx_word' id='word_1_803' title='bbox 1075 5639 1224 5713; x_wconf 82' lang='grc' dir='ltr'><em>ὥρας</em></span> <span class='ocrx_word' id='word_1_804' title='bbox 1263 5641 1387 5695; x_wconf 69' lang='grc' dir='ltr'><em>ἐπεὶ</em></span> <span class='ocrx_word' id='word_1_805' title='bbox 1428 5640 1653 5715; x_wconf 78' lang='grc' dir='ltr'><em>ἄρχεται</em></span> <span class='ocrx_word' id='word_1_806' title='bbox 1687 5641 1723 5712; x_wconf 80' lang='grc' dir='ltr'><strong>ἡ</strong></span> <span class='ocrx_word' id='word_1_807' title='bbox 1773 5641 1975 5714; x_wconf 71' lang='grc' dir='ltr'><em>κυριώ-</em></span> 
     </span>
    </p>
   </div>
   <div class='ocr_carea' id='block_1_106' title="bbox 2086 5182 3653 5261">
    <p class='ocr_par' dir='ltr' id='par_1_106' title="bbox 2086 5182 3653 5261">
     <span class='ocr_line' id='line_1_106' title="bbox 2086 5182 3653 5261; baseline -0.006 -16"><span class='ocrx_word' id='word_1_808' title='bbox 2086 5199 2361 5261; x_wconf 89' lang='lat' dir='ltr'><strong><em>oportere.</em></strong></span> <span class='ocrx_word' id='word_1_809' title='bbox 2424 5187 2692 5258; x_wconf 82' lang='lat' dir='ltr'><strong><em>Quoniam</em></strong></span> <span class='ocrx_word' id='word_1_810' title='bbox 2734 5199 2915 5245; x_wconf 89' lang='lat' dir='ltr'><strong><em>autem</em></strong></span> <span class='ocrx_word' id='word_1_811' title='bbox 2973 5185 3316 5241; x_wconf 82' lang='lat' dir='ltr'><strong><em>extrinsecus</em></strong></span> <span class='ocrx_word' id='word_1_812' title='bbox 3359 5184 3428 5238; x_wconf 86' lang='lat' dir='ltr'><strong><em>ab</em></strong></span> <span class='ocrx_word' id='word_1_813' title='bbox 3461 5182 3653 5238; x_wconf 89' lang='lat' dir='ltr'><strong><em>eodem</em></strong></span> 
     </span>
    </p>
   </div>
   <div class='ocr_carea' id='block_1_107' title="bbox 2084 5274 3647 5340">
    <p class='ocr_par' dir='ltr' id='par_1_107' title="bbox 2084 5274 3647 5340">
     <span class='ocr_line' id='line_1_107' title="bbox 2084 5274 3647 5340; baseline -0.008 -1"><span class='ocrx_word' id='word_1_814' title='bbox 2084 5298 2294 5340; x_wconf 89' lang='lat' dir='ltr'><strong><em>canone</em></strong></span> <span class='ocrx_word' id='word_1_815' title='bbox 2311 5283 2583 5340; x_wconf 86' lang='lat' dir='ltr'><strong><em>declarata</em></strong></span> <span class='ocrx_word' id='word_1_816' title='bbox 2606 5291 2690 5338; x_wconf 89' lang='lat' dir='ltr'><strong><em>est</em></strong></span> <span class='ocrx_word' id='word_1_817' title='bbox 2723 5282 2859 5338; x_wconf 90' lang='lat' dir='ltr'><strong><em>bora</em></strong></span> <span class='ocrx_word' id='word_1_818' title='bbox 2888 5278 3094 5335; x_wconf 87' lang='lat' dir='ltr'><strong><em>Christi</em></strong></span> <span class='ocrx_word' id='word_1_819' title='bbox 3124 5274 3550 5333; x_wconf 88' lang='lat' dir='ltr'><strong><em>resurrectionis</em></strong></span> <span class='ocrx_word' id='word_1_820' title='bbox 3577 5286 3647 5328; x_wconf 87' lang='lat' dir='ltr'><strong><em>ex</em></strong></span> 
     </span>
    </p>
   </div>
   <div class='ocr_carea' id='block_1_108' title="bbox 2080 5364 3651 5445">
    <p class='ocr_par' dir='ltr' id='par_1_108' title="bbox 2080 5364 3651 5445">
     <span class='ocr_line' id='line_1_108' title="bbox 2080 5364 3651 5445; baseline -0.006 -15"><span class='ocrx_word' id='word_1_821' title='bbox 2080 5373 2314 5430; x_wconf 85' lang='lat' dir='ltr'><strong><em>diversis</em></strong></span> <span class='ocrx_word' id='word_1_822' title='bbox 2373 5372 2670 5445; x_wconf 86' lang='lat' dir='ltr'><strong><em>Scripturis</em></strong></span> <span class='ocrx_word' id='word_1_823' title='bbox 2699 5414 2714 5440; x_wconf 94' lang='lat'><strong><em>,</em></strong></span> <span class='ocrx_word' id='word_1_824' title='bbox 2785 5372 2963 5444; x_wconf 86' lang='lat' dir='ltr'><strong><em>quoad</em></strong></span> <span class='ocrx_word' id='word_1_825' title='bbox 3043 5369 3161 5426; x_wconf 82' lang='lat' dir='ltr'><strong><em>ﬁeri</em></strong></span> <span class='ocrx_word' id='word_1_826' title='bbox 3217 5368 3398 5441; x_wconf 88' lang='lat' dir='ltr'><strong><em>potuit</em></strong></span> <span class='ocrx_word' id='word_1_827' title='bbox 3437 5364 3651 5436; x_wconf 81' lang='lat' dir='ltr'><strong><em>(verum</em></strong></span> 
     </span>
    </p>
   </div>
   <div class='ocr_carea' id='block_1_109' title="bbox 2079 5460 3652 5537">
    <p class='ocr_par' dir='ltr' id='par_1_109' title="bbox 2079 5460 3652 5537">
     <span class='ocr_line' id='line_1_109' title="bbox 2079 5460 3652 5537; baseline -0.005 -12"><span class='ocrx_word' id='word_1_828' title='bbox 2079 5468 2227 5525; x_wconf 90' lang='lat' dir='ltr'><strong><em>enim</em></strong></span> <span class='ocrx_word' id='word_1_829' title='bbox 2271 5468 2423 5525; x_wconf 88' lang='lat' dir='ltr'><strong><em>solus</em></strong></span> <span class='ocrx_word' id='word_1_830' title='bbox 2466 5468 2640 5537; x_wconf 83' lang='lat' dir='ltr'><strong><em>novit,</em></strong></span> <span class='ocrx_word' id='word_1_831' title='bbox 2668 5465 2765 5537; x_wconf 90' lang='lat' dir='ltr'><strong><em>qui</em></strong></span> <span class='ocrx_word' id='word_1_832' title='bbox 2824 5464 3125 5521; x_wconf 87' lang='lat' dir='ltr'><strong><em>resurrexit</em></strong></span> <span class='ocrx_word' id='word_1_833' title='bbox 3157 5460 3353 5533; x_wconf 89' lang='lat' dir='ltr'><strong><em>Deus);</em></strong></span> <span class='ocrx_word' id='word_1_834' title='bbox 3387 5460 3652 5518; x_wconf 89' lang='lat' dir='ltr'><strong><em>debemus</em></strong></span> 
     </span>
    </p>
   </div>
   <div class='ocr_carea' id='block_1_110' title="bbox 2080 5555 3765 5631">
    <p class='ocr_par' dir='ltr' id='par_1_110' title="bbox 2080 5555 3765 5631">
     <span class='ocr_line' id='line_1_110' title="bbox 2080 5555 3765 5631; baseline -0.005 -14"><span class='ocrx_word' id='word_1_835' title='bbox 2080 5559 2285 5629; x_wconf 85' lang='lat' dir='ltr'><strong><em>dicere,</em></strong></span> <span class='ocrx_word' id='word_1_836' title='bbox 2332 5559 2481 5631; x_wconf 87' lang='lat' dir='ltr'><strong><em>quod</em></strong></span> <span class='ocrx_word' id='word_1_837' title='bbox 2532 5574 2708 5631; x_wconf 89' lang='lat' dir='ltr'><strong><em>usque</em></strong></span> <span class='ocrx_word' id='word_1_838' title='bbox 2751 5558 2819 5614; x_wconf 92' lang='lat' dir='ltr'><strong><em>ad</em></strong></span> <span class='ocrx_word' id='word_1_839' title='bbox 2860 5557 3052 5614; x_wconf 89' lang='lat' dir='ltr'><strong><em>horam</em></strong></span> <span class='ocrx_word' id='word_1_840' title='bbox 3100 5564 3338 5622; x_wconf 83' lang='lat' dir='ltr'><strong><em>sextam,</em></strong></span> <span class='ocrx_word' id='word_1_841' title='bbox 3370 5564 3427 5611; x_wconf 89' lang='lat' dir='ltr'><strong><em>et</em></strong></span> <span class='ocrx_word' id='word_1_842' title='bbox 3471 5555 3651 5626; x_wconf 90' lang='lat' dir='ltr'><strong><em>ipsum</em></strong></span> <span class='ocrx_word' id='word_1_843' title='bbox 3750 5572 3765 5584; x_wconf 60' lang='grc' dir='ltr'>ι</span> 
     </span>
    </p>
   </div>
   <div class='ocr_carea' id='block_1_111' title="bbox 2080 5646 3751 5719">
    <p class='ocr_par' dir='ltr' id='par_1_111' title="bbox 2080 5646 3751 5719">
     <span class='ocr_line' id='line_1_111' title="bbox 2080 5646 3751 5719; baseline -0.003 -13"><span class='ocrx_word' id='word_1_844' title='bbox 2080 5661 2409 5707; x_wconf 87' lang='lat' dir='ltr'><strong><em>nocturnum</em></strong></span> <span class='ocrx_word' id='word_1_845' title='bbox 2442 5649 2763 5716; x_wconf 89' lang='lat' dir='ltr'><strong><em>Sabbatum,</em></strong></span> <span class='ocrx_word' id='word_1_846' title='bbox 2787 5648 3049 5705; x_wconf 90' lang='lat' dir='ltr'><strong><em>debemus</em></strong></span> <span class='ocrx_word' id='word_1_847' title='bbox 3091 5648 3362 5719; x_wconf 89' lang='lat' dir='ltr'><strong><em>jejunare.</em></strong></span> <span class='ocrx_word' id='word_1_848' title='bbox 3406 5646 3490 5702; x_wconf 85' lang='lat' dir='ltr'><strong><em>Ab</em></strong></span> <span class='ocrx_word' id='word_1_849' title='bbox 3515 5647 3656 5701; x_wconf 85' lang='lat' dir='ltr'><strong><em>hora</em></strong></span> <span class='ocrx_word' id='word_1_850' title='bbox 3748 5712 3751 5717; x_wconf 31' lang='grc' dir='ltr'>ι</span> 
     </span>
    </p>
   </div>
   <div class='ocr_carea' id='block_1_112' title="bbox 401 5730 1994 5814">
    <p class='ocr_par' dir='ltr' id='par_1_112' title="bbox 401 5730 1975 5807">
     <span class='ocr_line' id='line_1_112' title="bbox 401 5730 1975 5807; baseline 0.004 -24"><span class='ocrx_word' id='word_1_851' title='bbox 401 5746 566 5800; x_wconf 89' lang='grc' dir='ltr'><em>νυμος</em></span> <span class='ocrx_word' id='word_1_852' title='bbox 595 5730 716 5785; x_wconf 78' lang='grc' dir='ltr'><em>καθ’</em></span> <span class='ocrx_word' id='word_1_853' title='bbox 744 5731 812 5803; x_wconf 73' lang='grc' dir='ltr'><em>ἠν</em></span> <span class='ocrx_word' id='word_1_854' title='bbox 854 5734 948 5786; x_wconf 79' lang='grc' dir='ltr'><em>καὶ</em></span> <span class='ocrx_word' id='word_1_855' title='bbox 977 5732 1175 5806; x_wconf 86' lang='grc' dir='ltr'><em>ἀνέστη</em></span> <span class='ocrx_word' id='word_1_856' title='bbox 1206 5736 1235 5787; x_wconf 89' lang='grc' dir='ltr'>ὁ</span> <span class='ocrx_word' id='word_1_857' title='bbox 1264 5732 1499 5807; x_wconf 81' lang='grc' dir='ltr'><em>Χριστὸς</em></span> <span class='ocrx_word' id='word_1_858' title='bbox 1530 5733 1707 5804; x_wconf 77' lang='grc' dir='ltr'><em>(εἰκὸς</em></span> <span class='ocrx_word' id='word_1_859' title='bbox 1738 5734 1796 5787; x_wconf 87' lang='grc' dir='ltr'><strong><em>δέ</em></strong></span> <span class='ocrx_word' id='word_1_860' title='bbox 1828 5736 1975 5791; x_wconf 80' lang='grc' dir='ltr'><em>ἐστιν</em></span> 
     </span>
    </p>
   </div>
   <div class='ocr_carea' id='block_1_113' title="bbox 2098 5730 3653 5814">
    <p class='ocr_par' dir='ltr' id='par_1_113' title="bbox 2098 5738 3653 5814">
     <span class='ocr_line' id='line_1_113' title="bbox 2098 5738 3653 5814; baseline -0.005 -15"><span class='ocrx_word' id='word_1_861' title='bbox 2098 5753 2260 5799; x_wconf 77' lang='lat' dir='ltr'><strong><em>Illle</em></strong></span> <span class='ocrx_word' id='word_1_862' title='bbox 2318 5743 2570 5814; x_wconf 89' lang='lat' dir='ltr'><strong><em>septima,</em></strong></span> <span class='ocrx_word' id='word_1_863' title='bbox 2617 5739 2879 5813; x_wconf 88' lang='lat' dir='ltr'><strong><em>quoniam</em></strong></span> <span class='ocrx_word' id='word_1_864' title='bbox 2929 5740 3122 5811; x_wconf 90' lang='lat' dir='ltr'><strong><em>incipit</em></strong></span> <span class='ocrx_word' id='word_1_865' title='bbox 3167 5738 3489 5796; x_wconf 88' lang='lat' dir='ltr'><strong><em>Dominicus</em></strong></span> <span class='ocrx_word' id='word_1_866' title='bbox 3536 5753 3653 5808; x_wconf 90' lang='lat' dir='ltr'><strong><em>quo</em></strong></span> 
     </span>
    </p>
   </div>
   <div class='ocr_carea' id='block_1_114' title="bbox 399 5817 1977 5898">
    <p class='ocr_par' dir='ltr' id='par_1_114' title="bbox 399 5817 1977 5898">
     <span class='ocr_line' id='line_1_114' title="bbox 399 5817 1977 5898; baseline 0.007 -24"><span class='ocrx_word' id='word_1_867' title='bbox 399 5817 435 5889; x_wconf 76' lang='grc' dir='ltr'>ἢ</span> <span class='ocrx_word' id='word_1_868' title='bbox 465 5822 606 5875; x_wconf 84' lang='grc' dir='ltr'><em>κατὰ</em></span> <span class='ocrx_word' id='word_1_869' title='bbox 629 5823 729 5897; x_wconf 82' lang='grc' dir='ltr'><em>τὴν</em></span> <span class='ocrx_word' id='word_1_870' title='bbox 765 5823 997 5897; x_wconf 75' lang='grc' dir='ltr'><em>ἑϐδόμην</em></span> <span class='ocrx_word' id='word_1_871' title='bbox 1037 5825 1071 5897; x_wconf 75' lang='grc' dir='ltr'><strong>ἢ</strong></span> <span class='ocrx_word' id='word_1_872' title='bbox 1104 5826 1247 5880; x_wconf 88' lang='grc' dir='ltr'><strong><em>κατά</em></strong></span> <span class='ocrx_word' id='word_1_873' title='bbox 1285 5826 1386 5896; x_wconf 81' lang='grc' dir='ltr'><em>τὴν</em></span> <span class='ocrx_word' id='word_1_874' title='bbox 1417 5825 1610 5897; x_wconf 81' lang='grc' dir='ltr'><em>ὀγδόην</em></span> <span class='ocrx_word' id='word_1_875' title='bbox 1639 5825 1790 5898; x_wconf 84' lang='grc' dir='ltr'><em>ὥραν</em></span> <span class='ocrx_word' id='word_1_876' title='bbox 1827 5831 1977 5898; x_wconf 79' lang='grc' dir='ltr'><em>γενέ-</em></span> 
     </span>
    </p>
   </div>
   <div class='ocr_carea' id='block_1_115' title="bbox 404 5912 1978 5997">
    <p class='ocr_par' dir='ltr' id='par_1_115' title="bbox 404 5912 1978 5997">
     <span class='ocr_line' id='line_1_115' title="bbox 404 5912 1978 5997; baseline 0.004 -27"><span class='ocrx_word' id='word_1_877' title='bbox 404 5912 526 5971; x_wconf 77' lang='grc' dir='ltr'><em>σθαι</em></span> <span class='ocrx_word' id='word_1_878' title='bbox 548 5914 645 5989; x_wconf 73' lang='grc' dir='ltr'><em>τὴν</em></span> <span class='ocrx_word' id='word_1_879' title='bbox 677 5915 1017 5992; x_wconf 83' lang='grc' dir='ltr'><em>ἀνάστασιν),</em></span> <span class='ocrx_word' id='word_1_880' title='bbox 1049 5919 1149 5975; x_wconf 76' lang='grc' dir='ltr'><em>οὐκ</em></span> <span class='ocrx_word' id='word_1_881' title='bbox 1181 5918 1467 5992; x_wconf 79' lang='grc' dir='ltr'><em>ὀφείλομεν</em></span> <span class='ocrx_word' id='word_1_882' title='bbox 1495 5919 1637 5976; x_wconf 81' lang='grc' dir='ltr'><strong><em>κατά</em></strong></span> <span class='ocrx_word' id='word_1_883' title='bbox 1662 5921 1866 5988; x_wconf 85' lang='grc' dir='ltr'><em>ταύτας</em></span> <span class='ocrx_word' id='word_1_884' title='bbox 1889 5941 1978 5997; x_wconf 85' lang='grc' dir='ltr'><em>νη-</em></span> 
     </span>
    </p>
   </div>
   <div class='ocr_carea' id='block_1_116' title="bbox 2078 5828 3646 5904">
    <p class='ocr_par' dir='ltr' id='par_1_116' title="bbox 2078 5828 3646 5904">
     <span class='ocr_line' id='line_1_116' title="bbox 2078 5828 3646 5904; baseline -0.004 -15"><span class='ocrx_word' id='word_1_885' title='bbox 2078 5835 2241 5889; x_wconf 88' lang='lat' dir='ltr'><strong><em>etiam</em></strong></span> <span class='ocrx_word' id='word_1_886' title='bbox 2274 5833 2578 5890; x_wconf 87' lang='lat' dir='ltr'><strong><em>resurrexit</em></strong></span> <span class='ocrx_word' id='word_1_887' title='bbox 2605 5832 2860 5888; x_wconf 87' lang='lat' dir='ltr'><strong><em>Christus</em></strong></span> <span class='ocrx_word' id='word_1_888' title='bbox 2893 5832 3000 5904; x_wconf 90' lang='lat' dir='ltr'><strong><em>(est</em></strong></span> <span class='ocrx_word' id='word_1_889' title='bbox 3035 5838 3216 5887; x_wconf 89' lang='lat' dir='ltr'><strong><em>autem</em></strong></span> <span class='ocrx_word' id='word_1_890' title='bbox 3245 5828 3538 5885; x_wconf 84' lang='lat' dir='ltr'><strong><em>verisimile</em></strong></span> <span class='ocrx_word' id='word_1_891' title='bbox 3563 5828 3646 5883; x_wconf 83' lang='lat' dir='ltr'><strong><em>vel</em></strong></span> 
     </span>
    </p>
   </div>
   <div class='ocr_carea' id='block_1_117' title="bbox 2076 5916 3644 5993">
    <p class='ocr_par' dir='ltr' id='par_1_117' title="bbox 2076 5916 3644 5993">
     <span class='ocr_line' id='line_1_117' title="bbox 2076 5916 3644 5993; baseline -0.003 -15"><span class='ocrx_word' id='word_1_892' title='bbox 2076 5941 2151 5981; x_wconf 83' lang='lat' dir='ltr'><strong><em>vn</em></strong></span> <span class='ocrx_word' id='word_1_893' title='bbox 2181 5924 2269 5982; x_wconf 87' lang='lat' dir='ltr'><strong><em>vel</em></strong></span> <span class='ocrx_word' id='word_1_894' title='bbox 2302 5924 2400 5981; x_wconf 76' lang='lat' dir='ltr'><strong><em>Vt&#39;u</em></strong></span> <span class='ocrx_word' id='word_1_895' title='bbox 2436 5924 2569 5981; x_wconf 89' lang='lat' dir='ltr'><strong><em>hora</em></strong></span> <span class='ocrx_word' id='word_1_896' title='bbox 2612 5922 2785 5982; x_wconf 85' lang='lat' dir='ltr'><strong><em>fuisse</em></strong></span> <span class='ocrx_word' id='word_1_897' title='bbox 2837 5922 3293 5983; x_wconf 85' lang='lat' dir='ltr'><strong><em>resurrectionem</em></strong></span> <span class='ocrx_word' id='word_1_898' title='bbox 3321 5918 3481 5993; x_wconf 81' lang='lat' dir='ltr'><strong><em>ejus),</em></strong></span> <span class='ocrx_word' id='word_1_899' title='bbox 3503 5916 3644 5992; x_wconf 80' lang='lat' dir='ltr'><strong><em>jeju-</em></strong></span> 
     </span>
    </p>
   </div>
  </div>
