4058 6414
437 418 566 471 ιεεδι
641 477 644 482 _

1195 414 1531 471 EPISTOLA
1569 413 1914 471 CANONICA
1950 418 2041 471 AD
2074 417 2437 474 BASlLlDEM
2477 417 2883 478 EPISCOPUM.
2917 440 2924 449 ι

3522 425 3662 482 13ὃὲ

338 586 342 588 .
433 548 667 606 noctem,
690 539 958 610 jejunium
1004 538 1324 595 solvendum
1375 541 1592 603 asserit,
1630 541 1871 611 reliquos
1893 541 2241 597 hebdomadas
2266 561 2370 612 qua
2400 543 2650 598 Christus
2670 560 2868 614 passus
2893 551 2977 599 est
3007 544 3146 608 dies,
3173 554 3226 600 et
3249 544 3304 600 in
3346 551 3661 617 precatione

428 645 482 689 et
512 635 694 691 cordis
720 635 1133 704 compunctione
1177 644 1514 704 peragentes.

1039 730 1277 781 ΚΑΝΩΝ
1304 731 1375 781 B'.

497 820 637 893 ῌερὶ
663 819 730 872 δὲ
751 818 868 873 τῶν
889 820 958 874 ἐν
995 820 1349 891 ἀφέδρῳωδ)
1378 822 1692 890 γυναικῶν,
1721 825 1774 876 εί
1795 837 1981 896 προσ-

429 908 574 977 ῆκεν
595 911 779 977 αὐτὰς
811 911 961 964 οὕτω
993 911 1360 982 διακειμένας
1395 917 1482 980 εἰς
1526 915 1634 968 τὸν
1670 911 1837 968 οἷκον
1861 918 1983 968 εἱσ-

428 1002 575 1056 ιέναι
627 1003 733 1057 τοῦ
791 1005 960 1066 Θεοῦ,
1016 1005 1292 1074 περιττὸν
1326 1005 1394 1059 δὲ
1446 1007 1513 1059 τὸ
1578 1007 1982 1062 πυνθάνεσθαι

423 1093 650 1161 νομίζω.
681 1094 830 1149 Οὐδὲ
851 1094 961 1164 γὰρ
987 1096 1170 1161 αὑτὰς
1199 1096 1377 1165 οἶμαι,
1407 1097 1622 1163 πιστὰς
1657 1099 1845 1164 οὔσας
1883 1099 1979 1152 καὶ

422 1184 712 1250 εὐλαϐεῖς,
761 1185 1085 1255 τολμήσειν
1143 1187 1330 1254 οὕτως
1376 1187 1743 1258 διακειμένας
1766 1230 1781 1255 ,
1831 1191 1868 1259 ἢ
1906 1190 1980 1259 τῇ

422 1266 671 1346 τραπέζῃ
719 1275 793 1346 τῇ
853 1278 991 1346 ἁγίᾳ
1040 1280 1416 1346 προσελθεῖν,
1453 1281 1491 1350 ἢ
1549 1283 1654 1336 τοῦ
1713 1282 1981 1352 σώματος

422 1369 518 1421 καὶ
567 1369 671 1422 τοῦ
739 1371 984 1439 αἵματος
1044 1372 1150 1425 τοῦ
1221 1373 1480 1441 Χριστοῦ
1517 1374 2005 1455 ,προσάψασθαιί

299 1483 324 1500 ι
425 1459 576 1513 Οὐδὲ
605 1460 712 1528 γὰρ
761 1463 799 1528 ἡ
851 1461 961 1530 τὴν
997 1455 1326 1534 δωδεκαετῆ
1348 1466 1534 1534 ρῦσιν
1573 1466 1800 1534 ἔχουσα
1830 1467 1979 1534 πρὸς

327 1581 336 1586 -
420 1553 534 1620 τὴν
586 1543 767 1618 ἴασινξ
795 1554 990 1624 ἔθιγεν
1025 1557 1231 1612 αὐτοῦ’
1265 1557 1426 1612 ἀλλὰ
1473 1558 1665 1628 μόνου
1693 1559 1797 1612 τοῦ
1836 1576 1975 1626 κρα-

323 1653 375 1714 \._
421 1643 668 1720 σπέδοο.
728 1648 1178 1715 Προσεύχεσθαε
1220 1648 1337 1718 μὲν
1388 1649 1499 1719 γὰρ
1534 1650 1691 1716 ὅπως
1743 1649 1819 1704 ἂν
1866 1651 1975 1720 ἔχη

417 1753 526 1802 τις,
559 1717 662 1791 καῖ
689 1738 770 1803 ὡς
795 1738 870 1792 ἂν
909 1717 1229 1804 διάκειται,
1247 1717 1585 1811 μεμνῆσθαι
1619 1742 1726 1796 τοῦ
1755 1717 1975 1796 Accad;

418 1844 541 1891 του,
577 1828 673 1882 καὶ
697 1827 1236 1898 δεῖσθαιῷοηθείας
1276 1830 1498 1900 τυχεῖν,
1554 1830 1971 1900 ἀνεπίφθονον.

418 1921 521 1985 Εἰς
547 1918 615 1972 δὲ
643 1920 715 1974 τὰ
745 1921 915 1990 "AT/ct
936 1921 1056 1974 τῶν
1081 1923 1283 1991 ἁγίων,
1317 1926 1348 1976 ό
1390 1922 1476 1992 μὴ
1502 1922 1695 1991 πάντη
1721 1925 1976 1993 καθαρὸς

416 2011 513 2070 καὶ
547 2034 553 2039 ε
587 2010 759 2082 ψυχῇ
823 2013 921 2067 καὶ
988 2013 1213 2083 σώματι
1235 2053 1249 2080 ,
1321 2014 1630 2084 προσιέναι
1704 2016 1973 2084 κωλυθή-

415 2119 601 2158 σεται.

393 2183 406 2203 ’
483 2195 676 2248 ΒΑΛΣ.
710 2197 774 2248 Al
841 2188 1117 2268 Ἐὅραῖδες
1168 2197 1424 2265 γυναῖκες
1447 2197 1576 2250 ὅταν
1629 2195 1849 2268 γένηται
1877 2196 1974 2249 αύ-

413 2287 586 2357 ταῖςὴ
621 2285 728 2341 τῶν
785 2289 1043 2358 ἐμμήνων
1100 2287 1273 2384 ρῐξσις,
1310 2290 1366 2342 ἐν
1405 2289 1554 2359 τόπῳ
1610 2289 1972 2360 μεμονωμένῳ

412 2376 734 2448 καθήμεναι,
765 2376 1272 2450 ἡσυχάζουσιν,’ἓως
1303 2379 1370 2433 ἂν
1417 2381 1616 2453 ἡμέραι
1664 2382 1801 2436 ἑπτά
1831 2398 1972 2452 παρ-

421 2468 635 2535 έλθωσι,
677 2472 770 2524 καὶ
792 2473 826 2543 ἡ
855 2472 961 2526 τῶν
992 2473 1250 2544 ἐμμήνων
1293 2469 1446 2544 ῥύσις
1500 2473 1822 2544 καθαρισθῇ⁶
1850 2473 1972 2528 ὃθεν

411 2559 661 2629 εἴληπται
687 2561 748 2612 τὸ
768 2561 837 2614 ἐν
866 2562 1120 2630 ἀφέδρῳ,
1168 2563 1286 2638 ἦτοι
1340 2564 1399 2617 τὸ
1444 2564 1770 2636 κεχωρίσθαι
1803 2565 1970 2629 αὑτὰς

379 2677 383 2681 ·
411 2651 521 2705 ἀπὸ
543 2652 641 2723 τῆς
669 2650 775 2706 τῶν
800 2651 996 2706 λοιπῶν
1024 2654 1205 2726 ἕδρας,
1232 2655 1306 2719 ὡς
1337 2655 1694 2728 ἀκαθάρτους.
1736 2658 1972 2729 Ἐρωτη-

411 2743 522 2808 θεὶς
551 2739 644 2798 οὗν
690 2747 718 2797 ὁ
745 2745 897 2813 ἅγιος
925 2745 1050 2817 περὶ
1077 2747 1184 2799 τῶν
1215 2739 1422 2800 πιστῶν
1472 2747 1761 2816 γυναικῶν,
1795 2751 1842 2801 εἰ
1864 2749 1970 2821 χρὴ

408 2834 607 2898 ταύτας
633 2835 761 2889 ὅταν
792 2835 893 2888 ὑπὸ
912 2836 1018 2890 τῶν
1047 2839 1302 2909 ἐμμήνων
1330 2837 1610 2908 ὀχλῶνται,
1638 2839 1860 2893 εἰσιέναι
1890 2842 1970 2903 είς

409 2928 717 2998 ἐκκλησίαν,
747 2929 1012 2999 ἀπεκρίθη
1051 2930 1121 3000 μὴ
1149 2931 1258 2984 δεῖν
1284 2930 1439 2984 τοῦτο
1465 2931 1725 3000 γίνεσθαι,
1748 2932 1840 2986 καὶ
1869 2933 1968 3005 τὴν

411 3020 467 3072 ὲν
496 3019 574 3090 τῷ
599 3019 912 3090 Εὐαγγελίῳ
970 3021 1365 3092 αἱμορῤοοῢσαν
1405 3025 1723 3095 παρήγαγεν
1755 3027 1832 3088 εἰς
1859 3043 1964 3081 πα-

410 3108 696 3179 ράδειγμα,
731 3109 805 3180 μὴ
833 3110 1183 3182 τολμήσασαν
1243 3111 1384 3176 θίξαι
1415 3112 1508 3165 τοῦ
1534 3113 1757 3184 Κυρίου,
1789 3113 1901 3167 ἀλλ’
1929 3115 1962 3189 ἢ

408 3199 567 3269 μόνου
594 3199 686 3252 τοῦ
717 3201 1021 3271 κρασπέδου
1051 3199 1235 3254 αὐτοῦ.
1293 3201 1558 3272 Εὕχεσθαι
1613 3204 1710 3274 μὲν
1735 3205 1842 3277 γὰρ
1873 3206 1966 3259 καὶ⁹

402 3291 496 3344 τοῦ
523 3292 725 3362 Κυρίου
758 3293 1087 3363 μεμνῆσθαι,
1120 3294 1302 3364 φησὶν,
1332 3295 1437 3347 οὐδ’
1458 3296 1515 3348 ὲν
1543 3295 1766 3367 τοιούτῳ
1791 3297 1966 3370 καιρῷ

403 3382 826 3456 κωλυθήσονταιο
858 3387 937 3449 εἰς
960 3386 1084 3440 ναὸν
1116 3385 1170 3439 δὲ
1200 3386 1333 3439 Θεοῦ
1357 3387 1580 3440 εἰσιέναι
1620 3386 1651 3458 ἢ
1689 3388 1964 3460 μεταλαμ-

401 3475 584 3528 6άνειν
630 3474 797 3538 αὐτὰς
850 3475 958 3528 τῶν
991 3477 1364 3548 ἁγιασμάτων,
1393 3478 1453 3530 ού
1516 3477 1610 3531 δεῖ.
1649 3477 1831 3532 Ταῦτα
1863 3480 1957 3534 τοῦ

402 3565 637 3636 μεγάλου
665 3566 961 3638 ἀρχιερέως
986 3567 1379 3640 διορισαμένου,
1423 3567 1691 3639 βλέπομεν
1725 3571 1962 3643 σήμερον

398 3658 476 3720 είς
495 3657 564 3711 τὰ
586 3661 865 3727 γυναικεῖα
886 3659 978 3712 καὶ
1003 3659 1198 3730 μᾶλλον
1229 3661 1560 3732 μοναστήρια
1591 3660 1758 3725 ἀδεῶς
1784 3661 1962 3716 τοιαύ-

396 3767 494 3812 τας
521 3751 812 3820 ἱσταρμένας
838 3743 1100 3819 γυναῖκας
1130 3753 1211 3814 εἰς
1240 3752 1366 3816 τοὺς
1389 3753 1656 3824 προνάους
1683 3755 1961 3820 παντοίαις

397 3840 579 3909 ἁγίαις
605 3842 776 3895 εἰκόσι
814 3842 1375 3914 κεκαλλωπισμένους,
1426 3845 1520 3898 καὶ
1545 3847 1623 3910 είς
1655 3845 1959 3915 δοξολογίαν

393 3933 528 3987 Θεοῦ
555 3935 1009 4007 ἀπονεμηθέντας·
1045 3937 1138 3989 καὶ
1178 3920 1484 4007 ἐρωτῶντες
1515 3939 1662 4003 ὅπως
1692 3941 1846 3993 τοῦτο
1873 3943 1958 4010 γί-

393 4044 563 4093 νεται,
593 4027 864 4098 ἀκούομεν
916 4026 988 4097 μὴ
1032 4027 1408 4098 ἐκκλησιάζειν
1441 4030 1626 4094 αὐτὰς,
1669 4031 1807 4102 ὅπερ
1833 4033 1958 4103 ἐμοὶ

393 4120 530 4183 τέως
557 4121 618 4173 ού
642 4121 804 4174 δοκεῖ.
843 4120 916 4172 Οὐ
942 4119 1050 4190 γάρ
1071 4121 1206 4172 εἰσιν
1257 4121 1306 4173 οἱ
1354 4120 1578 4192 πρόναοι
1603 4125 1768 4175 κοινοὶ
1791 4123 1864 4186 ὡς
1886 4123 1956 4178 τὰ

391 4213 498 4266 τῶν
522 4210 820 4281 ἐκκλησιῶν
851 4211 1135 4282 προαύλια,
1169 4210 1302 4266 ἀλλὰ
1350 4211 1514 4282 μέρος
1553 4213 1730 4266 αὐτῶν
1763 4215 1955 4268 ἀπονε-

395 4305 560 4376 μηθὲν
586 4306 706 4366 ταῖς
735 4303 946 4372 γυναιξὶ
982 4305 1101 4365 ταῖς
1133 4302 1206 4374 μὴ
1257 4301 1622 4374 κωλυομέναις
1663 4305 1952 4377 ἐκκλησιά-

391 4397 522 4461 ζειν.
561 4398 657 4459 Ὃς
676 4395 738 4466 δὴ
765 4394 1016 4466 πρόναος,
1037 4393 1198 4457 τόπος
1216 4393 1471 4464 δευτέρας
1502 4395 1616 4447 ἐστὶ
1645 4397 1948 4465 μετανοίας,

398 4488 548 4546 ὁτῶν
599 4487 960 4558 ἀκροωμένων
1009 4485 1313 4556 λεγόμενος.
1372 4486 1482 4540 Καὶ
1523 4489 1581 4539 ὲν
1639 4487 1786 4558 αὐτῷ
1831 4489 1950 4542 οὐδὲ

389 4577 640 4647 ἀνδράσιν
691 4578 895 4644 ἐφεῖται
928 4574 1199 4636 ἵστασθαι,
1255 4573 1622 4645 ὲπιτιμηθεῖσι
1647 4575 1722 4647 μὴ
1753 4577 1950 4648 ἐκκλη-

390 4669 616 4734 σιάζειν,
650 4667 783 4720 ἀλλὰ
810 4664 1004 4731 ἔξωθεν
1030 4665 1194 4719 αὑτοῦ
1229 4665 1595 4736 προσκλαίειν.
1642 4667 1785 4720 Ἔδει
1816 4667 1946 4736 γοῦν

2704 731 2929 786 CANON
2969 731 3032 787 ll.

2157 821 2234 874 De
2279 822 2583 875 mulieribus
2627 833 2801 876 autem
2835 839 2953 893 qua:
2993 832 3116 881 sunt
3162 824 3219 877 in
3264 822 3510 878 abscessu
3536 866 3553 892 ,
3587 843 3656 880 an

2085 926 2173 963 eas
2195 910 2272 964 sic
2302 911 2517 978 a/fectas
2547 921 2784 979 oporteat
2814 911 3026 965 domum
3057 911 3150 965 Dei
3192 912 3421 982 ingredi,
3465 931 3651 982 super-

2087 1015 2370 1053 vacaneum
2402 1003 2479 1054 vel
2508 1002 2832 1072 interrogare
2863 1003 3130 1056 existimo.
3171 1002 3352 1072 Neque
3393 1005 3530 1058 enim
3563 1021 3652 1058 eas

2084 1093 2347 1156 existimo,
2384 1093 2430 1146 si
2468 1094 2575 1146 sint
2604 1096 2704 1162 pia:
2742 1102 2792 1148 et
2819 1094 3020 1163 ﬁdeles,
3049 1096 3124 1148 sic
3158 1096 3398 1165 affectas,
3423 1113 3652 1152 ausurae

2085 1181 2161 1234 vel
2195 1183 2262 1235 ad
2293 1192 2532 1236 sanctam
2562 1201 2794 1238 mensam
2826 1187 3091 1250 accedere,
3121 1187 3198 1240 vel
3229 1203 3413 1256 corpus
3445 1199 3495 1242 et
3521 1206 3644 1242 san-

2084 1275 2289 1343 guinem
2311 1274 2522 1328 Domini
2545 1277 2818 1346 attingere.
2845 1277 3020 1347 Neque
3049 1279 3208 1345 enim,
3237 1295 3355 1349 qua
3375 1280 3648 1334 duodecim

2085 1382 2342 1419 annorum
2389 1368 2594 1435 [luxum
2636 1368 2857 1422 habebat
2891 1370 2957 1436 ³⁵,
3000 1373 3171 1440 ipsum
3220 1372 3288 1424 ad
3336 1372 3649 1426 medicinam

2083 1459 2272 1527 tetigit,
2313 1459 2403 1510 sed
2438 1459 2610 1512 sol-am
2652 1461 2765 1528 ejus
2804 1461 3091 1529 ﬁmbriam.
3135 1463 3301 1518 Orare
3343 1465 3480 1517 enim
3513 1480 3646 1534 quo-

2082 1549 2438 1619 modocunque
2474 1567 2530 1604 se
2567 1551 2755 1605 habeat
2788 1553 3005 1622 aliquis,
3033 1563 3083 1608 et
3113 1563 3372 1624 utcunque
3405 1555 3476 1608 sit
3515 1554 3651 1623 a/fe-

2081 1648 2194 1693 ctus
2228 1639 2440 1694 Domini
2472 1643 2784 1709 meminisse,
2822 1652 2871 1696 et
2903 1645 3166 1698 auxilium
3204 1645 3510 1715 implorare,
3544 1662 3647 1698 non

2079 1740 2158 1786 est
2199 1733 2694 1801 reprehendendum.
2749 1733 2831 1787 Ad
2864 1733 3062 1790 Sancta
3101 1746 3278 1790 autem
3320 1747 3646 1802 sanctorum,

2079 1825 2167 1895 qui
2201 1842 2300 1879 non
2337 1828 2548 1880 omnino
2587 1828 2768 1882 anima
2807 1829 3010 1897 pariter
3035 1839 3084 1883 et
3111 1845 3323 1898 corpore
3351 1846 3514 1899 purus
3541 1839 3643 1896 est,

2079 1918 2318 1973 accedere
2343 1919 2719 1988 prohibebitur.

2141 2191 2300 2248 ΒΑιε.
2350 2189 2628 2248 Ηεδτείςιε
2656 2193 2934 2260 mulieres,
2965 2195 3182 2264 quando
3211 2195 3372 2252 fuerit
3399 2197 3478 2252 eis
3514 2211 3642 2267 pro-

2042 2282 2295 2342 ﬂuvium
2359 2295 2736 2348 menstruum,
2804 2286 2860 2340 in
2914 2287 3034 2340 loco
3093 2287 3340 2341 solitario
3392 2288 3641 2343 sedentes

2069 2375 2379 2447 quiescunt,
2413 2377 2587 2431 donec
2606 2385 2811 2446 septem
2845 2377 2961 2432 dies
2991 2379 3372 2446 praeterierint,
3407 2388 3463 2433 et
3488 2395 3641 2434 men-

2070 2478 2344 2525 struorum
2399 2469 2580 2523 ﬂuxus
2633 2478 2965 2540 expurgatus
3011 2471 3240 2526 steterit.
3291 2467 3445 2525 Unde
3487 2487 3640 2527 acce-

2068 2567 2219 2629 ptum
2249 2568 2332 2615 est
2369 2559 2522 2624 illud,
2563 2560 2618 2612 in
2649 2559 2916 2627 abscessu,
2949 2575 3048 2630 pro
3073 2576 3139 2616 eo
3163 2561 3308 2630 quod
3340 2571 3443 2625 est,
3479 2576 3641 2632 sepa-

2067 2659 2212 2705 ratas
2247 2664 2368 2704 esse
2418 2649 2563 2718 ipsas
2595 2651 2639 2704 'a
2671 2650 3006 2720 reliquorum
3055 2649 3183 2705 sede
3215 2659 3274 2704 ut
3304 2651 3634 2708 immundas.

2066 2739 2437 2811 Interrogatus
2471 2756 2600 2811 ergo
2628 2749 2855 2796 sanctus
2885 2741 2953 2796 de
3004 2741 3252 2796 ﬁdelibus
3272 2742 3636 2809 .mulieribus,

2069 2847 2138 2886 an
2188 2847 2282 2887 eas
2326 2840 2593 2902 oporteat,
2643 2833 2862 2902 quando
2918 2847 2949 2886 a
2995 2833 3291 2888 menstruis
3343 2841 3633 2898 vexantur,

2065 2923 2352 2978 ecclesiam
2382 2923 2610 2994 ingredi,
2639 2923 2917 2993 respondit
2941 2938 3047 2977 non
3075 2932 3327 2994 oportere
3353 2924 3458 2980 hoc
3485 2925 3638 2993 ﬁeri;

2065 3023 2120 3068 et
2146 3014 2424 3069 mulierem
2465 3029 2586 3084 qua:
2617 3014 2900 3085 sanguinis
2937 3015 3204 3085 proﬂuvio
3250 3016 3307 3069 in
3340 3015 3634 3087 Evangelia

2065 3106 2360 3173 laborabat,
2389 3106 2444 3160 in
2475 3106 2780 3176 exemplum
2811 3107 3057 3173 adduxit,
3093 3123 3202 3162 non
3229 3123 3420 3163 ausam
3448 3107 3632 3169 Domi-

2064 3213 2194 3252 num
2248 3204 2502 3266 tangere,
2549 3197 2643 3252 sed
2697 3196 2870 3252 solam
2916 3197 3088 3267 ipsius
3125 3198 3416 3253 ﬁmbriam.
3465 3199 3635 3254 Orare

2065 3288 2210 3342 enim
2263 3293 2318 3342 et
2363 3286 2579 3341 Domini
2630 3288 2987 3354 meminisse,
3041 3289 3256 3358 inquit,
3304 3306 3372 3344 ne
3424 3291 3480 3344 in
3527 3292 3632 3345 hoc

2063 3380 2279 3450 quidem
2319 3387 2561 3448 tempore
2605 3379 3069 3448 prohibebantur;
3126 3382 3390 3452 templum
3445 3390 3628 3437 autem

2064 3471 2307 3542 ingredi,
2353 3470 2438 3524 vel
2479 3480 2792 3524 sanctorum
2846 3460 2992 3538 ipsas
3031 3487 3152 3525 esse
3189 3472 3477 3542 participes
3518 3487 3629 3526 non

2062 3562 2333 3618 convenit.
2390 3559 2516 3616 Haec
2561 3575 2685 3615 cum
2739 3560 2964 3616 antistes
3021 3562 3326 3630 definierit,
3381 3563 3630 3619 videmus

2063 3655 2220 3709 hodie
2257 3655 2311 3709 in
2341 3654 2606 3725 gynaeceis
2632 3663 2684 3709 et
2712 3653 2947 3709 maxime
2995 3655 3048 3709 in
3081 3656 3446 3722 monasteriis,
3491 3657 3630 3712 tales

2059 3743 2314 3800 mulieres
2343 3759 2534 3800 secure
2580 3753 2724 3800 stare
2756 3747 2808 3800 in
2835 3754 3157 3815 templorum
3183 3747 3485 3814 vestibulis,
3507 3763 3630 3818 qua:

2057 3835 2264 3890 sanctis
2297 3836 2476 3891 omnis
2515 3837 2728 3905 generis
2775 3837 3101 3908 imaginibus
3144 3853 3424 3905 exornata,
3465 3848 3519 3894 et
3555 3839 3624 3894 ad

2059 3923 2154 3979 Dei
2198 3925 2410 3980 laudem
2456 3926 2710 3994 deputata
2754 3937 2882 3980 sunt
2921 3945 2932 3979 :
2977 3934 3184 3981 etcum
3223 3928 3625 3998 interrogamus

2055 4016 2327 4086 quomodo
2359 4017 2460 4072 hoc
2490 4017 2600 4082 ﬁat,
2634 4015 2888 4070 audimus
2917 4031 3009 4070 eas
3045 4031 3154 4070 non
3187 4033 3310 4071 esse
3354 4018 3424 4070 in-
3449 4019 3626 4073 eccle-

2055 4107 2168 4173 sia,
2200 4108 2342 4179 quod
2383 4107 2514 4178 mihi
2547 4108 2766 4178 quidem
2809 4124 2914 4161 non
2953 4108 3025 4162 ita
3063 4123 3184 4162 esse
3214 4108 3449 4163 videtur.
3504 4108 3622 4165 Non

2058 4209 2188 4256 sunt
2247 4202 2393 4256 enim
2455 4201 2721 4256 vestibula
2779 4199 3088 4254 communia
3145 4207 3206 4253 ut
3266 4199 3621 4255 ecclesiarum

2052 4291 2212 4358 atria,
2257 4291 2349 4346 scd
2380 4305 2507 4362 pars
2539 4300 2667 4346 sunt
2709 4290 2948 4359 ipsarum
2995 4289 3320 4343 mulieribus
3361 4289 3621 4344 attributa

2051 4398 2172 4454 qua:
2221 4383 2277 4437 in
2329 4382 2556 4438 ecclesia
2607 4381 2813 4437 versari
2871 4396 2980 4435 non
3027 4381 3403 4451 prohibentur.
3466 4379 3621 4446 Quod

2049 4477 2267 4546 quidem
2299 4475 2628 4529 vestibulum
2668 4481 2750 4528 est
2798 4474 2951 4528 locus
2997 4471 3249 4527 secundae
3294 4471 3622 4541 poenitentia:

2049 4566 2142 4636 qui
2175 4565 2375 4621 dicitur
2407 4563 2740 4618 audientium
2771 4579 2784 4615 :
2810 4572 2864 4618 et
2895 4563 2949 4617 in
2988 4564 3107 4632 ipso
3149 4577 3217 4616 ne
3238 4561 3371 4616 viris
3399 4561 3617 4631 quidem

2050 4665 2194 4712 stare
2234 4657 2587 4727 permittitur,
2628 4655 2828 4724 quibus
2866 4654 3120 4724 imposita
3153 4661 3236 4707 est
3264 4667 3425 4721 pmna
3458 4666 3526 4705 ne
3561 4651 3615 4704 in

385 4761 510 4822 τοὺς
531 4757 801 4821 τοιούτους
823 4757 1086 4829 προνάους
1108 4759 1187 4820 εἰς
1212 4755 1304 4819 οὓς
1346 4758 1402 4809 αἱ
1431 4755 1672 4810 τοιαῦται
1711 4758 1949 4830 ἀκάθαρ-

2063 4750 2276 4805 ecclesia
2307 4758 2609 4813 versentur,
2635 4747 2725 4801 sed
2751 4757 2901 4801 extra
2931 4747 3109 4816 ipsum
3153 4744 3370 4799 deﬂere.
3395 4743 3617 4814 Oportet

385 4869 466 4906 τοι
488 4855 742 4920 γυναῖκες
771 4851 992 4922 ἔμελλον
1040 4848 1310 4915 ἵστασθαι,
1373 4848 1446 4920 μὴ
1487 4849 1830 4921 ἀναπληροῦν
1859 4852 1948 4904 τό-

387 4961 484 4997 πον
510 4941 810 5014 ἐκκλησιῶν
843 4941 902 5006 ἐξ
929 4937 1110 5012 ὀρθόὖ,
1145 4938 1286 4993 ὥστε
1327 4940 1423 4992 καὶ
1459 4941 1620 5011 ἱερεῖς
1669 4941 1805 5011 μετά
1836 4941 1946 4995 τῶν

385 5035 543 5089 θείων
598 5035 948 5105 ἁγιασμάτων
1000 5031 1304 5104 διέρχεσθαι
1345 5031 1484 5085 κατὰ
1510 5032 1599 5085 τὸν
1627 5032 1945 5104 χερουὸικὸν

385 5126 571 5197 ὕμνον,
602 5126 695 5179 καὶ
717 5125 915 5196 θυμιᾷν
938 5126 1064 5189 τοὺς
1091 5127 1148 5179 ὲν
1173 5124 1347 5196 τούτῳ
1401 5123 1530 5188 ἴσως
1551 5124 1709 5188 ὄντας
1739 5125 1944 5194 τάφους

384 5221 477 5272 καὶ
508 5218 713 5288 ἁγίους,
750 5218 843 5270 καὶ
873 5216 1126 5281 τελευτὰς
1153 5198 1323 5286 ἀγιῶν
1360 5215 1531 5287 εὐχῶν
1560 5219 1748 5270 ποιεῖν·
1779 5217 1814 5288 ἢ
1842 5217 1944 5273 κᾶν

456 5355 500 5388 ³⁸
538 5354 728 5409 Matth.
756 5369 832 5420 rx,
854 5353 960 5419 ‘20;
987 5351 1120 5409 Luc.
1156 5369 1278 5421 νιιι,
1303 5352 1394 5408 45.

454 5487 565 5561 (65)
603 5487 749 5561 Περὶ⁸
771 5485 839 5539 δὲ
864 5483 983 5538 τῶν
1011 5485 1080 5539 ἐν
1109 5485 1361 5561 ἀφέδρῳ.
1390 5484 1938 5561 Constantinusilar-

385 5557 708 5627 me'no'pulus
739 5558 881 5627 hunc
907 5557 1277 5627 canonemsic
1299 5557 1716 5626 compendifaeit
1738 5574 1751 5611 :
1777 5559 1846 5609 Ai.
1873 5559 1931 5627 ὲν

318 5672 321 5674 -
373 5626 593 5700 ,ἀφέδρῲ
630 5632 722 5700 καὶ
755 5626 911 5700 θείων
935 5627 1074 5679 ναῶν
1108 5626 1202 5680 καὶ
1228 5627 1386 5698 ἱερῶν
1421 5632 1727 5700 μυστηρίων
1752 5626 1930 5700 εἰργέε-

2048 4853 2176 4905 ergo
2223 4837 2489 4906 ejusmodi
2540 4836 2804 4891 vestibula
2855 4835 2908 4889 in
2957 4835 3157 4905 quibus
3200 4835 3420 4889 stabunt
3468 4834 3616 4903 ejus-

2048 4929 2196 4983 modi
2232 4928 2526 4984 immundas
2553 4927 2830 4991 mulieres,
2866 4915 3222 4982 ecclesiarum
3259 4925 3436 4979 locum
3471 4924 3614 4978 dirc-

2045 5029 2134 5076 cto
2168 5037 2278 5075 non
2316 5021 2562 5091 implere,
2604 5028 2664 5074 ut
2701 5019 2864 5074 etiam
2910 5020 3216 5072 sacerdotes
3254 5013 3378 5069 cum
3410 5013 3612 5068 divinis

2048 5113 2404 5170 sacramentis
2444 5113 2499 5166 in
2535 5111 2826 5166 cherubico
2861 5109 3061 5180 hymno
3109 5114 3405 5171 transeant,
3437 5112 3490 5158 et
3523 5119 3610 5158 se-

2048 5203 2237 5275 pulcra
2279 5219 2400 5275 quas
2444 5204 2555 5259 illic
2598 5203 2734 5258 forte
2763 5210 2920 5268 sunt,
2953 5200 3168 5256 suﬂlant
3199 5207 3253 5255 et
3287 5206 3524 5269 sanctqs,
3555 5205 3608 5250 et

2049 5482 2256 5554 μηνίοις
2274 5499 2294 5554 '7
2308 5481 2394 5535 διὰ
2415 5481 2476 5554 “to
2501 5479 2920 5552 κεχωρισμένως
2932 5446 3314 5554 ’ταύταςκςταρὰ
3338 5473 3606 5528 Ἰουδαίων

2045 5549 2383 5616 καθέζεσθαι.
2430 5549 2864 5616 ρωαῑυεωεωυ
2900 5561 3050 5612 sunt,
3078 5549 3172 5600 hac
3193 5557 3290 5609 est,
3316 5560 3432 5614 quae
3463 5561 3606 5616 mene

2034 5639 2114 5699 s_es
2133 5615 2270 5699 suos
2310 5615 2495 5699 habent
2523 5636 2540 5672 :
2564 5631 2836 5699 propterea
2871 5620 3122 5699 quodnltce
3152 5617 3432 5685 separatim
3461 5615 3602 5699 apud

314 5719 319 5724 ’
383 5687 609 5753 simiai.
639 5697 768 5761 Quae
797 5697 850 5749 in
879 5713 1077 5750 secessu
1108 5706 1251 5761 sunt,
1277 5687 1397 5750 'tam
1421 5687 1462 5749 ἰι
1497 5687 1928 5766 άῖυῖἠίειειὴῥίίε
2032 5691 2251 5766 {udwos
2306 5687 2578 5764 degebant.
2625 5687 2958 5760 Harmendp.
3008 5687 3150 5758 Epit.
3190 5705 3338 5754 can.,
3372 5693 3504 5742 sect.
3544 5687 3602 5740 6s

380 5786 534 5836 quam
557 5769 722 5822 sacris
748 5768 1006 5836 mysteriis
1027 5775 1327 5821 arceantur.
1375 5767 1431 5822 In
1458 5785 1620 5837 quam
1655 5763 1927 5835 epitomen
2033 5763 2201 5820 GALL.

383 5840 692 5898 scholiastes
718 5837 830 5892 lucc
855 5845 1006 5892 notat
1034 5853 1049 5890 :
1077 5837 1142 5888 Al
1167 5837 1226 5890 ὲν
1257 5837 1471 5910 ἀφέδρῳ
1493 5839 1656 5909 ἤγουν
1680 5840 1737 5891 ὲν
1769 5854 1929 5890 κατα-
