4058 6370
428 378 567 437 1285

1416 381 1473 437 S.
1511 372 1805 439 DIONYSII
1844 382 2148 461 Ειξιδεορι
2185 385 2655 448 ALEXANDRINI

3527 392 3670 448 1284

425 508 704 551 sacrarum
728 506 948 562 precum
969 501 1545 566 mysteria'peragant;
1574 500 1657 552 vel
1687 498 1850 554 etiam
1868 514 1986 555 eum

2100 501 2237 573 μετὰ
2267 505 2629 577 ἐπισκοπικῆς
2654 506 2956 578 ἐπιτροπῆς
2995 507 3121 572 τοὺς
3167 505 3438 571 τοιούτους
3467 495 3668 574 τόποῧῖ

424 586 721 657 episcopali
751 585 1113 655 permissione
1145 586 1415 655 ejusmodi
1455 589 1572 643 loca
1611 605 1897 658 separare,
1937 600 1997 645 ut

425 679 720 734 immunda:
749 680 1002 733 mulieres
1031 680 1082 732 in
1110 680 1188 733 eis
1219 680 1340 734 sine
1362 681 1673 750 przejudicio
1696 693 1840 736 stare
1871 698 1997 752 pos-

425 773 557 826 sint.
604 770 711 839 Ego
743 779 924 824 autem
960 770 1073 824 vidi
1101 771 1264 824 etiam
1307 771 1576 839 ejusmodi
1619 773 1897 827 mulierem
1940 774 1994 829 in

423 863 691 917 vestibulo
731 871 962 916 stantem
983 902 998 927 ,
1026 871 1080 915 et
1117 862 1293 915 arrhae
1321 862 1623 916 orationem
1654 863 1723 917 ab
1751 863 1997 918 antistite

423 955 777 1024 accipientem
823 954 1008 1023 :quod
1062 954 1280 1022 quidem
1323 969 1442 1009 sum
1487 955 1808 1009 admiratus.
1852 954 1994 1011 Olim

422 1054 623 1110 autem,
658 1053 718 1098 ut
769 1054 853 1099 est
896 1045 1208 1109 verisimile,
1240 1045 1496 1101 mulieres
1535 1046 1601 1100 ad
1635 1047 1802 1102 altare
1838 1062 1995 1102 acce-

420 1141 652 1204 debant,
698 1147 753 1193 et
792 1139 858 1193 de
905 1146 1093 1193 sancta
1145 1153 1332 1193 mensa
1390 1138 1806 1207 partieipabant.
1863 1137 1996 1193 Pro-

421 1241 603 1301 pterea
636 1231 781 1284 enim
828 1231 1017 1284 altaris
1042 1244 1260 1299 quoque
1307 1244 1483 1283 canon
1535 1229 1804 1283 meminit.
1859 1228 1998 1299 Lege

422 1322 490 1376 44
519 1337 784 1376 canonem
841 1322 1034 1392 synodi
1093 1320 1442 1386 Laodiceme,
1476 1333 1531 1374 et
1574 1320 1643 1376 69
1682 1337 1735 1375 vi
1781 1320 1993 1391 synodi.

424 1413 687 1469 Similiter
735 1414 852 1482 lege
895 1421 949 1467 et
978 1413 1041 1466 Π
1070 1414 1337 1468 novellam
1389 1414 1534 1483 regis
1567 1412 1773 1467 domini
1800 1410 1995 1465 Leonis

424 1506 696 1577 Sapientis
741 1508 856 1562 haec
897 1507 949 1560 in
987 1515 1140 1576 parte
1190 1514 1508 1560 tractantem
1541 1521 1554 1556 :
1592 1503 1891 1559 Statuimus
1929 1503 1995 1558 de

420 1600 742 1654 mulieribus
782 1614 904 1669 quae
933 1607 1277 1668 pepererunt,
1308 1607 1361 1652 et
1399 1597 1468 1651 de
1501 1596 1570 1651 iis
1601 1611 1723 1665 quae
1762 1594 1993 1649 naturali

316 1680 319 1695 “
420 1691 742 1762 purgatione
768 1691 1098 1755 detinentur,
1127 1689 1395 1757 siquidem
1426 1703 1613 1747 earum
1639 1688 1746 1741 vita
1783 1702 1813 1740 a
1843 1686 1992 1740 nulla

421 1784 526 1837 alia
567 1783 822 1838 morbosa
871 1781 1159 1836 aﬂ‘ectione
1204 1779 1575 1850 perturbatur,
1610 1788 1671 1832 ut
1713 1793 1834 1847 quae
1880 1792 1988 1831 non

2097 594 2469 665 ἀφορίζεσθαι,
2498 597 2638 651 ὥστε
2679 600 3155 671 ἀποκριματίστως
3180 600 3431 655 ἵστασθαι
3460 602 3521 653 ἐν
3565 602 3671 655 αὑ-
3772 618 3782 634 ι

2096 687 2206 748 τοῖς
2232 685 2330 749 τὰς
2361 688 2699 761 ἀκαθάρτους
2752 694 3033 759 γυναῖκας.
3092 690 3233 760 Ἐγὼ
3288 691 3347 744 δὲ
3400 688 3539 755 εἶδον
3569 697 3666 751 καὶ

2096 776 2348 848 τοιαύτην
2375 782 2608 846 γυναῖκα
2660 782 2753 834 ἐπὶ
2798 782 3034 853 προνάου
3078 780 3345 847 ἑστῶσαν,
3378 782 3474 836 καὶ
3498 782 3693 853 εὐχὴν.

2096 866 2410 937 ἀρῤαϐῶνος
2456 870 2606 941 παρὰ
2652 872 2952 943 ἀρχιερέως
3015 872 3329 944 δεξαμένην·
3380 874 3516 945 ὅπερ
3570 874 3668 928 καὶ

2097 958 2399 1029 ἐθαύμασα.
2472 961 2560 1026 Ὠς
2587 962 2730 1016 ἔοικε
2756 963 2834 1030 δὲ,
2866 963 2928 1016 τὸ
2965 966 3192 1018 παλαιὸν
3221 966 3541 1037 εἰσήρχοντο
3569 983 3667 1035 γυ-

2095 1052 2276 1113 ναῖκες
2303 1053 2382 1114 εἰς
2401 1052 2463 1104 τὸ
2510 1053 2911 1126 θυσιαστήριον,
2962 1056 3056 1110 καὶ
3088 1057 3194 1109 ἀπὸ
3222 1057 3319 1127 τῆς
3345 1058 3515 1125 ἁγίας.
3532 1075 3669 1128 τρα-

2096 1138 2265 1208 πέζης
2300 1141 2719 1211 μετελάμϐανον.
2753 1143 2851 1197 Διὰ
2895 1140 3053 1197 τοῦτο
3078 1145 3185 1216 γὰρ
3216 1146 3309 1199 καὶ
3354 1146 3447 1200 τοῦ
3475 1146 3667 1202 θυσια-

2098 1224 2316 1295 στηρίου
2347 1227 2615 1300 μέμνηται
2647 1231 2676 1282 ό
2719 1230 2917 1285 κανών.
2972 1233 3082 1286 Καὶ
3139 1234 3409 1302 ἀνάγνωθι
3441 1236 3531 1289 τὸν
3577 1236 3666 1307 μδ’

2094 1315 2292 1368 κανόνα
2316 1316 2414 1386 τῆς
2465 1320 2522 1371 ὲν
2551 1319 2834 1392 Λαοδικείᾳ
2869 1322 3105 1388 συνόδου,
3150 1324 3383 1378 καὶετὸν
3434 1324 3508 1389 ξθ¹
3537 1325 3665 1396 τῆς

2097 1410 2149 1468 ς’
2200 1407 2434 1461 συνόδου.
2485 1410 2756 1476 Ὡσαύτως
2789 1413 3060 1481 ἀνάγνωθι
3086 1416 3178 1467 καὶ
3228 1414 3325 1486 τὴν
3353 1415 3413 1480 LE’
3446 1418 3665 1488 νεαρὰν

2096 1494 2187 1547 τοῦ
2206 1495 2471 1565 βασιλέως
2500 1501 2691 1572 κυρίου
2720 1503 2946 1566 Λέοντος
2962 1503 3055 1557 τοῦ
3081 1504 3392 1574 Φιλοσόφου,
3424 1510 3482 1561 ἐν
3505 1508 3665 1578 μέρει

2092 1586 2262 1640 ταῦτα
2293 1588 2775 1662 διαλαμϐάνουσαν·
2794 1596 3077 1668 Ὀρίζομεν
3101 1599 3227 1670 περὶ
3258 1600 3532 1667 τεκουσῶν
3558 1618 3663 1670 γυ-

2093 1680 2292 1732 ναικῶν
2312 1684 2407 1735 καὶ
2434 1686 2561 1756 περὶ
2590 1685 2699 1740 τῶν
2745 1688 2864 1741 ὅσαι
2892 1691 2959 1760 τῇ
3014 1691 3215 1761 φυσικῇ
3269 1690 3531 1762 καθάρσει
3561 1710 3666 1746 κα·-

2091 1770 2541 1843 ταλαμϐάνονται,
2586 1777 2935 1851 ἁνενοχλήτου
2975 1780 3072 1851 μὲν
3103 1779 3162 1844 ἐξ
3185 1780 3349 1852 ἄλλης
3384 1782 3527 1846 τινὸς
3547 1783 3666 1837 δια-

422 1886 550 1932 sunt
573 1877 791 1949 quidem
824 1874 1070 1939 initiatae,
1102 1887 1213 1927 non
1242 1871 1352 1927 sint
1376 1869 1789 1925 illuminationis
1816 1869 1986 1939 parti—

2095 1839 2294 1927 θέσεως
2325 1868 2552 1938 νοσερᾶς
2580 1869 2676 1939 τῆς
2706 1839 2853 1939 ζῶῆς
2885 1839 3062 1923 αὐτῶν
3100 1839 3475 1944 συντελόύσης,
3498 1839 3666 1944 άμετ-

419 1971 600 2038 cipes;
642 1983 764 2037 quae
808 1975 987 2022 autem
1028 1973 1159 2020 sunt
1193 1965 1247 2018 in
1289 1963 1488 2019 divinis
1526 1962 1841 2017 ministeriis
1883 1960 1988 2014 ini-

422 2061 588 2126 tiatae,
630 2059 911 2129 impolluta
962 2057 1215 2128 mysteria
1260 2071 1371 2111 non
1417 2055 1773 2125 participent,
1820 2066 1991 2122 usque

419 2151 487 2206 ad
516 2150 874 2220 quadraginta
905 2142 1115 2205 dierum
1147 2145 1460 2203 terminum.
1506 2143 1662 2210 Quod
1693 2142 1739 2198 si
1767 2142 1991 2196 morbus

419 2243 701 2306 invaserit,
734 2251 787 2297 et
816 2258 873 2297 se
904 2242 1071 2296 vitam
1103 2242 1460 2309 abrupturum
1492 2237 1755 2298 minetur,
1786 2244 1847 2289 ut
1876 2235 1988 2289 sint

419 2334 647 2388 omnino
700 2333 1023 2388 sacramenti
1080 2331 1390 2402 participes.
1450 2326 1516 2381 Et
1556 2336 1679 2396 post
1707 2324 1988 2391 nonnulla,

420 2424 537 2497 ipsa
566 2440 761 2479 rursus
799 2424 953 2493 jubet
992 2424 1058 2478 de
1089 2422 1389 2477 infantibus
1429 2420 1661 2484 novella,
1708 2426 1768 2471 ut
1800 2418 1989 2473 morbo

416 2516 639 2588 quidem
682 2532 790 2570 non
823 2524 1051 2586 urgente
1097 2515 1135 2569 ii
1173 2522 1297 2585 post
1331 2523 1583 2568 octavum
1622 2509 1768 2565 diem
1813 2509 1990 2579 bapti—

418 2618 611 2667 zentur
658 2626 672 2662 :
718 2610 865 2681 quod
912 2610 960 2665 si
1010 2622 1157 2663 mors
1203 2605 1523 2669 immineat,
1575 2602 1614 2656 ii
1654 2602 1815 2656 etiam
1867 2610 1991 2656 ante

415 2713 667 2760 octavum
713 2702 1076 2773 baptizentur.
1135 2695 1240 2753 Sed
1292 2696 1418 2766 quia
1464 2693 1649 2749 audivi
1699 2693 1989 2762 quemdam

416 2795 685 2851 dicentem
716 2808 824 2848 non
869 2792 1066 2847 debere
1096 2796 1406 2858 segregatos
1450 2785 1622 2841 laicos
1649 2791 1802 2839 extra
1827 2783 1993 2838 vesti-

416 2884 604 2939 bulum
633 2891 839 2939 stantes
864 2882 1074 2936 divinas
1098 2878 1434 2950 psalmodias
1455 2876 1662 2941 audire,
1696 2875 1790 2931 sed
1814 2890 1991 2945 neque

417 2976 679 3048 psallere;
706 2975 756 3028 ei
793 2972 1116 3044 respondeo,
1142 2970 1287 3042 quod
1321 2988 1334 3023 :
1363 2967 1498 3035 Qua:
1525 2969 1581 3022 in
1618 2966 1871 3037 praesenti
1899 2980 1991 3021 ca-

416 3083 561 3124 none
603 3067 804 3137 scripta
843 3074 989 3131 sunt,
1021 3063 1138 3130 tibi,
1176 3077 1210 3117 o
1241 3063 1404 3117 homo
1462 3059 1558 3131 qui
1588 3059 1702 3115 haec
1727 3057 1889 3126 dicis,
1924 3072 1989 3113 os

2090 1953 2246 2020 όχους
2290 1950 2425 2010 εἶναι
2450 1974 2464 1987 θ
2495 1958 2592 2021 τὰς
2621 1959 2718 2030 μὲν
2748 1959 3080 2026 ἀτελέστους,
3114 1962 3208 2015 τοῦ
3236 1964 3535 2034 φωτισμοΰ
3561 1964 3665 2032 τὰς

2089 2049 2144 2102 δὲ
2180 2049 2779 2120 μεμυσταγωγημένας,
2834 2050 2942 2104 τῶν
3001 2052 3284 2124 ἀχράντων
3346 2056 3665 2128 μυστηρίων

2089 2140 2189 2211 τῆς
2225 2139 2595 2210 μεταλήψεως,
2652 2141 2814 2214 μέχρι
2846 2142 2946 2212 τῆς
2997 2143 3106 2197 τῶν
3159 2151 3211 2216 μ’
3262 2146 3482 2218 ἡμερῶν
3532 2164 3667 2219 προ-

2091 2230 2350 2301 θεσμίας·
2395 2232 2697 2302 νοσήματος
2746 2233 2803 2285 δέ
2852 2251 2997 2298 τινος
3051 2236 3412 2307 κατασχόντος
3444 2238 3537 2291 καὶ
3560 2238 3664 2310 τὴν

2089 2322 2351 2393 διακοπὴν
2380 2322 2480 2393 τῆς
2512 2320 2656 2394 ζωῆς
2679 2322 3048 2389 ἀπειλοῦντος,
3098 2328 3259 2381 παντὶ
3280 2328 3466 2401 τρόπῳ
3494 2346 3663 2400 μετα-

2089 2411 2385 2482 λαμϐάνειν
2409 2412 2577 2475 αὐτὰς
2596 2413 2691 2466 τοῦ
2727 2414 3079 2486 ἁγιάσματος.
3113 2418 3222 2470 Καὶ
3247 2419 3384 2489 μετά
3404 2437 3523 2473 τινα
3550 2420 3662 2473 πά-

2089 2504 2171 2558 λιν
2200 2503 2628 2579 παρακελεύεται
2660 2508 2694 2578 ή
2715 2506 2852 2577 αὑτὴ
2874 2508 3042 2579 νεαρὰ
3072 2509 3200 2580 περὶ
3227 2509 3463 2582 βρεφῶν,
3494 2513 3662 2583 νοσή-
3774 2500 3779 2505 ’

2092 2611 2260 2665 ματος
2296 2594 2392 2666 μὲν
2418 2594 2491 2665 μὴ
2526 2595 2963 2663 κατεπείγοντος,
2992 2595 3130 2666 μετὰ
3153 2597 3253 2667 τὴν
3302 2596 3491 2669 ὀγδόην
3514 2599 3661 2669 ἠμέ-

2094 2703 2193 2757 ραν
2221 2685 2395 2740 ταῦτα
2425 2684 2798 2756 βαπτίζεσθαιο
2837 2686 3062 2741 θανάτου
3090 2688 3146 2740 δὲ
3164 2690 3547 2760 ἐφισταμένου,
3566 2690 3665 2743 καὶ
3738 2734 3741 2735 ν

2089 2777 2189 2847 τῆς
2217 2777 2409 2848 ὀγδόης
2440 2778 2655 2849 ἡμέρας
2697 2778 2845 2842 ἐντὸς
2893 2777 3031 2832 αὐτὰ
3077 2778 3447 2849 βαπτίζεσθαι.
3507 2780 3665 2835 Ἐπεὶ

2087 2868 2146 2922 δὲ
2182 2869 2392 2939 ἤκουσά
2422 2886 2564 2932 τινος
2591 2868 2837 2937 λέγοντος
2867 2870 2943 2933 ὡς
2986 2871 3084 2924 οὐκ
3115 2871 3416 2941 ὀφείλουσιν
3437 2874 3486 2925 οἱ
3510 2873 3663 2942 ἀφω-

2091 2960 2334 3034 ρισμένοι
2361 2958 2537 3013 λαῖκοὶ
2567 2960 2601 3031 ἦ
2631 2947 2964 3032 ἀκροᾶσθαί
2992 2959 3150 3014 θείων
3180 2945 3660 3051 ψαλμῲδημάτων,

2089 3051 2287 3119 ἔξωθεν
2331 3051 2426 3105 τοῦ
2454 3050 2688 3122 προνάου
2739 3052 3047 3122 ἱστάμενοι,
3095 3051 3208 3106 ἀλλ’
3252 3046 3375 3105 οὺδὲ
3411 3046 3657 3124 ψάλλειν·

414 3159 730 3217 occludunt.
779 3141 1253 3225 Quemadmodum
1300 3154 1445 3208 enim
1489 3165 1613 3222 qua:
1658 3151 1713 3205 in
1736 3148 1986 3205 ecclesia

2090 3144 2460 3233 ἀπολογοῦμαι
2492 3144 2630 3217 πρὸς
2669 3143 2832 3198 αὑτὸν
2859 3145 2963 3197 ὅτι*
2995 3144 3077 3198 Τὰ
3107 3147 3165 3198 ἐν
3201 3144 3279 3216 τῷ
3306 3146 3533 3217 παρόντι
3561 3164 3664 3200 κα-

324 3268 332 3279 ’
412 3252 623 3310 versari
657 3266 766 3307 non
794 3251 1047 3309 sinuntur
1079 3246 1353 3311 mulieres,
1377 3259 1535 3299 orare
1561 3257 1671 3297 non
1702 3249 1982 3306 vetantur;

414 3345 493 3401 ita
532 3359 631 3399 nec
667 3343 763 3414 qui
802 3348 933 3396 sunt
978 3338 1262 3410 segregati,
1298 3352 1396 3406 per
1435 3348 1495 3407 se
1538 3348 1697 3389 orare
1729 3332 1984 3403 prohibe-

415 3435 654 3500 buntur;
712 3432 807 3488 sed
849 3438 904 3486 et
945 3437 1098 3484 extra
1143 3426 1388 3483 ecclesiae
1433 3422 1767 3482 vestibulum
1817 3430 1983 3484 stare,

411 3534 469 3580 et
506 3523 720 3579 divinas
767 3519 1094 3588 psalmodias
1146 3517 1367 3582 audire;
1408 3525 1463 3571 et
1504 3515 1611 3569 hoc
1647 3512 1793 3568 enim
1833 3512 1895 3565 lit
1917 3510 1987 3565 ad

414 3614 681 3685 majorem
709 3627 898 3667 eorum
923 3608 1390 3665 exercitationem.
1914 3642 1923 3667 τ
1948 3608 1958 3615 ‘

2087 3237 2199 3292 νόνι
2223 3225 2581 3308 γεγραμμένα
2630 3236 3039 3308 ἐπιστομίζουσί
3081 3254 3162 3301 σε,
3210 3238 3487 3310 ἄνθρωπε,
3544 3255 3662 3291 τοι·
3710 3298 3718 3313 δ

2087 3326 2230 3382 αὕτα
2278 3327 2524 3398 λέγοντα.
2559 3329 2768 3401 ’Ὠσπερ
2798 3327 2908 3399 γὰρ
2939 3329 2995 3381 al
3028 3328 3101 3400 μὴ
3163 3328 3663 3400 παραχωρούμεναι

2087 3418 2466 3490 ἐκκλησιάζειν
2494 3422 2746 3488 γυναῖκες
2779 3419 3173 3491 προσεύχεσθαι
3224 3420 3285 3475 οὐ
3339 3419 3662 3488 κωλύονται,

2073 3507 2259 3572 οὕτως
2287 3508 2409 3562 οὐδὲ
2446 3510 2498 3561 οἱ
2523 3509 2895 3581 ἀφωρισμένοι
2944 3509 3345 3581 κωλυθήσονται
3384 3509 3505 3563 καθ’
3532 3511 3664 3563 ἐαυ-

2086 3599 2214 3663 τοὺς
2246 3597 2525 3669 εὔχεσθαι·
2560 3600 2809 3653 ἵστασθαι
2837 3600 2893 3654 δὲ
2932 3602 3024 3654 καὶ
3070 3600 3265 3665 ἔξωθεν
3294 3598 3387 3654 τοῦ
3421 3601 3661 3673 προνάου

411 3709 512 3780 τῆς
553 3706 867 3778 ἐκκλησίας,
916 3705 1013 3759 καὶ
1044 3701 1345 3777 ἀκροᾶσθαι
1388 3700 1497 3755 τῶν
1549 3699 1712 3755 θείων
1760 3694 2231 3783 ψαλμῴδημάτων.
2293 3694 2438 3748 Διότι
2485 3694 2643 3748 τοῦτο
2684 3695 2823 3768 πρὸς
2866 3696 3086 3752 πλείονα
3141 3695 3432 3769 συντριϐὴν
3474 3696 3661 3752 αὐτῶν

417 3803 588 3857 ἐστίν.
1938 3782 1953 3836 1

469 3922 689 3999 longe.
761 3920 1114 3978 Hebraeorum
1191 3920 1448 3978 mulieres
1510 3935 1635 3977 cum
1704 3916 1986 3990 sanguinis

415 4010 678 4065 menstrui
700 4008 880 4066 ﬂuxus
912 4009 1045 4080 ipsis
1068 4011 1353 4081 contingit,
1383 4009 1436 4065 in
1467 4009 1713 4067 solitario
1740 4010 1987 4064 sedentes

413 4101 560 4165 loco,
596 4102 870 4157 neminem
911 4103 1018 4157 nisi
1058 4111 1180 4173 post
1213 4110 1419 4172 septem
1459 4101 1674 4172 elapsos
1706 4102 1823 4157 dies
1852 4101 1986 4155 allo-

412 4202 657 4262 quuntur
695 4212 707 4248 :
748 4194 890 4265 unde
924 4194 1149 4249 verbum
1191 4193 1344 4258 illud,
1384 4194 1439 4246 in
1469 4192 1734 4259 abscessu,
1766 4192 1984 4247 desum-

323 4287 327 4290 ’
412 4293 564 4354 ptum
603 4293 706 4350 est,
738 4285 986 4341 indicans
1014 4300 1108 4343 eas
1139 4284 1209 4339 ab
1240 4284 1470 4338 aliarum
1514 4299 1800 4361 consessu,
1834 4282 1982 4338 velut

412 4377 658 4449 impuras
691 4378 860 4435 fuisse
890 4386 1218 4450 segregatas.
1253 4375 1495 4448 Rogatus
1520 4392 1682 4447 porro
1707 4377 1795 4431 hic
1821 4375 1980 4430 Pater

413 4470 483 4525 de
516 4470 764 4526 ﬁdelibus
806 4471 1164 4538 mulieribus,
1198 4486 1329 4524 num
1367 4485 1462 4524 eas
1501 4485 1623 4524 cum
1666 4477 1979 4522 menstruo-

2156 3912 2401 3968 ΖΩΝΑΡ.
2463 3892 2741 3986 Ἐὅραέδες
2772 3900 3029 3983 γυναῖκες
3073 3915 3164 3968 ὅτε
3213 3914 3439 3986 γένηται
3467 3915 3660 3980 αὐταῖς

2084 4007 2118 4078 ή
2150 4005 2259 4059 τῶν
2287 4004 2548 4076 ἐμμήνων
2581 3996 2755 4107 ῥῆσις,
2804 4008 2863 4059 ἐν
2908 4006 3059 4077 τόπῳ
3093 3988 3459 4078 μεμονῖῖμένῳ
3487 4005 3661 4078 καθή-

2084 4114 2265 4169 μεναι,
2292 4095 2678 4171 ἡσυχάζουσιν,
2707 4096 2811 4161 ἓως
2842 4097 2908 4150 ἂν
2956 4097 3095 4151 ἑπτὰ
3122 4096 3324 4168 ἡμέραι
3370 4095 3658 4169 παρέλθω-

2085 4206 2186 4244 σιν·
2223 4187 2343 4243 δθεν
2369 4187 2714 4259 εἴληπται-τὺ
2739 4189 2809 4242 ἐν
2841 4187 3095 4258 ἀερέδρῳ,
3153 4187 3345 4259 δηλοῦν
3378 4188 3438 4241 τὸ
3480 4206 3661 4259 κεχω-

2089 4281 2269 4357 ρίσθαι
2301 4280 2472 4343 αὑτὰς
2514 4280 2623 4334 ἀπὸ
2679 4281 2781 4351 τῆς
2830 4282 2936 4334 τῶν
2985 4279 3183 4333 λοιπῶν
3210 4280 3370 4352 ’ἐδρας
3401 4280 3477 4344 ὡς
3514 4282 3658 4335 ἀκα-

2086 4372 2332 4443 θάρτους.
2378 4370 2704 4443 Ἐρωτηθεὶς
2752 4371 2809 4425 δὲ
2842 4374 2871 4425 ό
2921 4372 3111 4442 Πατὴρ
3164 4364 3316 4435 οὗτος
3369 4372 3496 4443 περὶ
3544 4371 3656 4426 τῶν

2086 4463 2291 4517 πιστῶν
2317 4463 2609 4533 γυναικῶν,
2645 4465 2692 4516 εἰ
2716 4462 2818 4534 χρὴ
2850 4464 3049 4528 ταύτας
3079 4465 3166 4518 ὅτε
3193 4467 3225 4535 ἡ
3253 4464 3359 4517 τῶν
3391 4466 3657 4536 ἐμμήνων

327 4575 336 4589 ο
413 4575 535 4614 rum
566 4558 712 4615 ﬂuxu
743 4560 1087 4627 divexantur,
1132 4560 1188 4614 in
1230 4560 1514 4615 ecclesiam
1562 4559 1772 4629 ingredi
1817 4571 1978 4628 opor-

2088 4542 2236 4652 ρβσις
2270 4556 2458 4618 αὐταῖς
2490 4554 2714 4624 ἐνοχλεῖ,
2766 4556 2987 4610 εἰσιέναι
3042 4558 3122 4621 είς
3166 4556 3483 4628 ἐκκλησίαν,
3517 4560 3656 4612 ἀπε-

415 4658 545 4715 teat,
587 4651 731 4706 haud
765 4660 1017 4721 oportere
1051 4651 1348 4721 respondit,
1391 4649 1702 4720 profertque
1747 4646 1980 4717 exempli

413 4742 536 4805 loco
582 4741 728 4796 illam
775 4759 841 4797 ex
881 4741 1172 4814 Evangelio
1222 4743 1507 4798 mulierem
1539 4756 1659 4813 quae
1697 4739 1979 4810 sanguinis

410 4833 618 4889 ﬂuxum
661 4834 987 4904 patiebatur,
1044 4850 1165 4905 quae
1201 4833 1489 4889 Dominum
1544 4834 1723 4903 ipsum
1776 4846 1980 4901 nequa-

409 4941 575 4997 quam
616 4942 748 4983 ausa
780 4936 863 4982 est
892 4927 1223 4997 contingere,
1263 4926 1355 4982 sed
1380 4926 1549 4982 vestis
1585 4925 1700 4994 ejus
1736 4932 1976 4978 tantum-

409 5024 573 5078 modo
620 5024 866 5078 limbum.
932 5022 1150 5078 Precari
1197 5037 1360 5093 porro
1412 5037 1476 5077 ac
1516 5018 1732 5075 Domini
1782 5015 1978 5071 memi-

408 5114 576 5178 uisse,
605 5115 801 5185 inquit,
833 5130 1175 5185 nequaquam
1205 5128 1271 5169 eo
1300 5126 1540 5182 tempore
1584 5108 1974 5180 prohibentur;

407 5220 597 5261 verum
648 5206 701 5259 in
753 5208 1010 5275 templum
1058 5204 1154 5260 Dei
1188 5206 1336 5274 ipsas
1385 5201 1617 5273 ingredi,
1666 5208 1762 5255 aut
1804 5196 1977 5255 sacris

408 5297 681 5368 mysteriis
710 5297 1139 5363 communicare,
1173 5295 1318 5351 haud
1353 5295 1496 5350 licet.

1032 5427 1261 5486 CANON
1304 5426 1391 5483 III.

478 5556 648 5611 Porro
686 5561 776 5628 qui
812 5561 945 5613 satis
986 5560 1056 5612 ad
1095 5558 1149 5613 id
1182 5559 1431 5612 instructi
1457 5566 1576 5613 sunt
1615 5564 1666 5611 et
1694 5571 2003 5610 consenue—.

409 5658 556 5715 runt,
587 5648 769 5702 debent
802 5666 912 5704 esse
943 5652 1025 5703 sui
1052 5650 1285 5719 judices.
1320 5650 1472 5715 Quod
1512 5649 1650 5704 enim
1689 5666 1721 5703 a
1754 5664 1807 5702 se
1835 5648 1972 5701 invi-

408 5759 515 5797 cem
552 5758 618 5799 ea:
654 5758 907 5817 consensu
943 5745 1204 5800 abstinere
1236 5746 1530 5803 conveniat.
1568 5755 1627 5799 ut
1666 5743 1735 5799 ad
1769 5752 1971 5813 tempus

2082 4645 2242 4717 κρίθη
2300 4645 2373 4717 μὴ
2399 4645 2528 4708 δεῖν,
2552 4649 2647 4699 καὶ
2668 4646 2765 4717 τὴν
2794 4648 2853 4700 ἐν
2880 4646 2959 4717 τῷ
2990 4647 3306 4718 Εὑαγγελίῳ
3335 4649 3656 4721 αἱμορῤοοῦ-

2082 4752 2181 4789 σαν
2213 4737 2531 4808 παρήγαγεν
2552 4738 2631 4799 εἰς
2650 4737 3021 4809 παράδειγμα,
3046 4737 3120 4809 μὴ
3140 4738 3487 4808 τολμήσασαν
3507 4737 3654 4802 θίξαι

2078 4826 2174 4879 τοῦ
2210 4826 2432 4898 Κυρίου,
2466 4826 2579 4880 ἀλλ’
2614 4826 2647 4897 ἢ
2684 4828 2845 4897 μόνου
2867 4828 2960 4882 τοῦ
2985 4828 3292 4900 κρασπέδου
3321 4828 3506 4882 αὐτοῦ.
3543 4827 3652 4881 Εὔ-

2079 4917 2271 4988 χεσθαι
2300 4918 2397 4988 μὲν
2426 4919 2535 4990 γὰρ
2586 4920 2796 4974 καὶτοῦ
2837 4921 3040 4993 Κυρίου
3091 4919 3418 4992 μεμνῆσθαι,
3463 4922 3648 4993 φησὶν,

2078 5013 2185 5066 οὐδ’
2213 5014 2270 5064 ἐν
2296 5012 2374 5084 τῷ
2406 5012 2631 5085 τοιούτῳ
2662 5013 2840 5085 καιρῷ
2861 5012 3289 5083 κωλυθήσονται·
3324 5015 3406 5076 είς
3438 5013 3564 5066 ναὸν
3591 5014 3651 5067 δὲ

2078 5103 2212 5157 Θεοῦ
2246 5105 2490 5172 εἰσιέναι,
2516 5104 2549 5176 ἢ
2582 5105 3011 5177 μεταλαμϐάνειν
3042 5103 3213 5169 αὑτὰς
3242 5103 3352 5160 τῶν
3377 5105 3651 5176 ἁγιασμά-

2076 5214 2185 5252 των
2215 5198 2274 5251 ού
2300 5197 2396 5251 δεῖ.

2688 5425 2925 5478 ΚΑΝΩΝ
2957 5425 3029 5478 Γ¹.

2145 5560 2469 5629 Αὐτάρκεις
2499 5560 2567 5615 δὲ
2594 5561 2694 5614 καὶ
2726 5566 2779 5616 οἱ
2804 5564 3214 5632 γεγηρακότες,
3238 5562 3468 5619 ἑαυτῶν
3493 5566 3647 5637 ὀφεί-

2073 5656 2290 5707 λουσιν
2308 5650 2459 5708 εἶναι
2488 5654 2680 5721 κριταί
2684 5694 2698 5708 .
2734 5654 2849 5707 ’Ὁτι
2882 5655 2989 5724 γὰρ
3008 5655 3334 5724 ἀπέχεσθαι
3354 5656 3644 5727 ἀλλήλων

2074 5745 2388 5815 προσῆκον
2418 5747 2487 5801 ἐκ
2514 5747 2882 5817 συμφωνίας,
2919 5747 3020 5802 ἵνα
3050 5747 3199 5818 πρὸς
3243 5747 3454 5820 καιρὸν
3494 5765 3642 5821 σχο-
