4058 6378
287 386 425 441 1235

1063 387 1404 453 EPISTOLA
1442 382 1923 445 CANONICA-AD
1960 385 2331 444 BASILIDEM
2370 384 2784 444 EPISCOPUM.

3395 381 3541 442 i286

283 503 518 557 ,ιάσωσι
572 502 651 574 τῇ
703 489 1169 573 προσευχῇίκαὶ
1225 505 1412 560 πάλιν
1454 504 1554 558 ἐπὶ
1602 504 1670 559 τὸ
1723 503 1874 560 αὐτὸ

1981 511 2154 557 vacent
2186 502 2436 565 orationi,
2463 513 2515 557 et
2540 518 2725 556 rursus
2754 501 3086 569 conveniant,
3114 500 3349 555 Paulum
3369 502 3543 559 dicea-

280 592 455 661 ὦσιν,
493 598 790 666 ἀκηκόασι
816 599 1062 652 Παύλου
1090 596 1439 668 γράφοντος.

357 691 554 745 ΒΑΛΣ.
596 691 683 754 Ὧς
727 689 921 755 ἔοικεν,
952 689 1211 762 ἠρωτήθη
1244 691 1274 743 6
1307 690 1460 759 ἅγιος
1506 689 1599 744 ὲάν
1647 690 1865 761 ἐνδέχη-

286 802 379 855 ται
402 784 529 847 τοὺς
582 783 849 851 συζύγους
899 782 1302 854 γεγηρακότας,
1343 782 1465 837 καθ’
1492 782 1586 847 οὒς
1640 785 1867 855 καιροὺς

288 854 567 947 ὀφείλουσι
599 874 1022 947 προσεύχεσθαι,
1072 876 1172 946 τῆς
1219 874 1498 946 ἐπιμιξίας
1544 854 1862 946 ἀπέχεσθαι’

288 970 387 1024 καί
417 987 581 1041 φησιν
610 969 687 1032 ὡς
741 971 790 1022 οί
822 967 1077 1033 τοιοῦτοι,
1125 967 1332 1022 ἑαυτῶν
1383 970 1567 1039 κριταὶ¹
1614 969 1870 1038 γινέσθω-

290 1045 419 1119 dav"
444 1062 538 1117 καί
572 1079 701 1115 ποτε
731 1061 975 1134 ἀλλήλων
997 1063 1062 1115 ὲκ
1091 1061 1381 1133 συμφώνου
1410 1063 1577 1133 ἤγουν
1604 1064 1667 1117 ὲκ
1688 1062 1867 1116 κοινοῦ

290 1155 614 1228 θελήματος,
663 1153 1038 1224 ἀπεχέτωσαν,
1063 1153 1232 1223 ήγουν
1276 1152 1418 1207 κατά
1475 1153 1602 1215 τοὺς
1644 1152 1869 1224 καιροὺς

292 1248 414 1303 καθ’
470 1247 565 1311 οὒς
619 1246 984 1317 ὲνετάλθησαν
1042 1245 1476 1317 προσεύχεσθαι,
1536 1245 1870 1313 διαγέτωσαν

295 1322 435 1412 μετά
467 1340 651 1410 πάσης
708 1337 1078 1411 σωφροσύνης,
1127 1340 1222 1392 καὶ
1274 1337 1435 1391 πάλιν
1492 1338 1584 1390 ἐπὶ
1626 1337 1688 1389 τὸ
1740 1336 1871 1390 αὐτὸ

291 1434 557 1489 ἔστωσαν.
597 1434 718 1487 ’Ὁτι
748 1434 842 1486 καὶ
887 1434 915 1485 6
947 1431 1116 1503 μέγας
1146 1431 1356 1494 Παῦλος
1383 1429 1541 1484 τοῦτο
1572 1428 1868 1496 διετάξατο.

291 1524 404 1578 Καὶ
431 1526 462 1577 6
496 1525 593 1595 μὲν
626 1523 804 1577 κανὼν
829 1523 956 1595 περὶ
989 1522 1376 1595 γεγηρακότων
1398 1521 1579 1593 φησίψ
1621 1521 1873 1586 Ἐξακου-

295 1614 535 1676 στέοντδὲ
569 1615 637 1668 τὰ
656 1617 714 1668 ὲν
738 1614 886 1685 αὐτῷ
908 1614 1001 1668 καὶ
1032 1616 1112 1680 είς
1158 1614 1363 1679 πάντας
1394 1617 1519 1679 τοὺς
1550 1614 1869 1689 ὀμοζύγους.

292 1707 492 1773 Καλῶς
515 1708 573 1771 δὲ
599 1704 720 1761 εἷπε
754 1707 816 1765 τὸ
843 1708 911 1763 ἐκ
936 1709 1283 1779 συμφώνου.
1341 1708 1489 1762 Οὔτε
1517 1707 1626 1777 pip
1657 1710 1690 1760 ὀ
1720 1705 1874 1775 ἀνὴρ

270 1796 627 1866 ηέξουσιάζει
651 1800 759 1854 τοῦ
803 1800 956 1855 ἰδίου
988 1800 1280 1871 σώματος·
1308 1801 1447 1855 οὔτε
1474 1801 1513 1869 ἡ
1540 1800 1716 1869 γυνὴ,
1734 1799 1874 1854 κατὰ

294 1854 386 1947 τδν
416 1854 589 1965 μέγαν
622 1893 964 1951 Ἀπόστολον.
998 1854 1325 1947 ῨΔιάγτοῦτο
1370 1888 1463 1947 οὖν
1499 1854 1765 1964 ἀλλήλους
1795 1892 1876 1946 δεῖ
1903 1854 1949 1914 Β

298 1987 611 2057 συμφωνεῖν
644 1986 772 2056 περὶ
798 1986 1031 2058 ἀποχῆς,
1055 1987 1142 2041 ἵνα
1178 1986 1479 2057 σχολάσωσι
1505 1989 1572 2058 τῇ
1598 1989 1871 2058 προσευχῇ

296 2078 394 2133 καὶ
425 2082 491 2151 τῇ
526 2077 767 2151 νηστείᾳ.
800 2080 864 2133 Ei
907 2078 1016 2151 γὰρ
1042 2079 1117 2151 μὴ
1148 2082 1214 2133 ἐκ
1258 2080 1575 2151 συμφωνίας
1617 2080 1874 2152 γίνοιτοή

297 2172 499 2244 ἀποχὴ,
517 2172 810 2243 ἀποστερεῖ
834 2171 1051 2235 πάντως
1073 2172 1132 2225 τὸ
1175 2172 1248 2242 μὴ
1280 2169 1599 2243 βουλόμενον
1631 2171 1729 2243 τὴν
1762 2188 1878 2225 συν-

297 2264 486 2318 ουσίαν
535 2247 729 2336 μέρος,
786 2263 847 2317 τὸ
886 2262 1091 2335 ταύτην
1143 2261 1457 2334 ἑπιζητοῦν.
1505 2265 1616 2319 Καὶ
1666 2263 1783 2327 πῶς
1811 2263 1876 2317 ἂν

228 2374 235 2383 τ
298 2354 500 2423 δόξειεν
530 2355 864 2422 ὲξουσιάζειν
886 2354 980 2409 τοῦ
1029 2353 1279 2426 σώματος
1302 2354 1394 2408 τοῦ
1426 2354 1500 2427 μὴ
1532 2354 1875 2428 συγχωροῦν-

253 2500 260 2508 ,
299 2465 390 2512 τος
442 2448 641 2521 μέρους
669 2448 731 2502 τὸ
754 2449 853 2521 τὴν
888 2448 1180 2518 συνάφειαν
1207 2444 1403 2518 ζητοῦν
1435 2448 1531 2502 καὶ
1564 2450 1636 2520 μὴ
1666 2465 1877 2519 συγχω-

153 2584 161 2597 .
242 2600 249 2607 ,
304 2539 596 2612 ρούμενον;
635 2540 928 2611 Συμὸαίνει
953 2540 1010 2593 δὲ
1054 2540 1148 2594 καὶ
1170 2538 1269 2611 τὴν
1302 2539 1394 2593 τοῦ
1428 2539 1657 2610 θατέρου
1684 2540 1879 2613 ἐγκρά-

300 2648 452 2687 τειαν
476 2635 556 2696 εἰς
583 2633 788 2705 βλάϐην
831 2634 963 2697 ἴσως
1007 2631 1324 2687 ἀποόαίνειν
1370 2631 1618 2701 θατέρου.
1662 2632 1727 2685 Εἰ
1769 2631 1878 2704 γὰρ

302 2726 519 2782 νικᾶται
544 2725 649 2778 ὑπὸ
671 2726 770 2787 τῆς
793 2723 1089 2796 ἐπιθυμίας
1108 2726 1205 2778 καὶ
1228 2724 1287 2777 οὑ
1310 2725 1744 2795 παραχωρεῖται,
1790 2741 1881 2776 πε-

305 2820 612 2891 ριπεσεῖται
638 2816 781 2888 μίξει
808 2816 1051 2889 ἀθέσμῳ.
1105 2818 1252 2890 Ἐρεί
1274 2817 1330 2870 δέ
1356 2834 1460 2883 τις,
1483 2817 1559 2880 ώς
1584 2816 1707 2869 ἐπεὶ
1726 2817 1756 2869 6
1781 2834 1881 2871 κα-

302 2910 412 2963 νών
442 2926 606 2981 φησιν
627 2908 1037 2963 ἀποδιτστασθαι
1062 2910 1189 2973 τοὺς
1230 2908 1532 2981 ὁμοζύγους
1569 2909 1657 2963 ἵνα
1683 2908 1877 2980 σχολά-

306 3019 442 3056 σωσι
464 3003 530 3072 τῇ
558 3004 856 3073 προσευχῇ,
884 3002 912 3053 6
978 2999 1298 3065 Ἀπόστολος
1327 3000 1385 3054 δὲ
1410 3000 1702 3072 διορίζεται
1731 3000 1881 3054 ἀδια-

302 3094 539 3158 λείπτως
559 3094 708 3166 ἡμᾶς
735 3092 1152 3165 προσεύχεσθαι,
1178 3093 1265 3147 ἀεὶ
1286 3092 1391 3165 χρὴ
1417 3094 1510 3147 καὶ
1541 3086 1679 3158 ’τοὺς
1706 3110 1881 3147 συνοι-

304 3184 536 3249 κοῦντας
579 3184 826 3257 ἀλλήλων
868 3184 1204 3256 ἀπέχεσθαι;
1269 3184 1407 3237 Ἀλλ’
1433 3186 1496 3238 οὐ
1550 3185 1676 3259 περὶ
1697 3185 1879 3258 πάσης
1905 3200 1951 3264 C

303 3277 623 3351 προσευχῆς
644 3279 672 3331 6
694 3277 851 3346 λόγος
883 3277 1021 3330 ὲστί·
1073 3277 1201 3350 περὶ
1236 3262 1293 3331 δέ
1334 3277 1436 3349 τῆς
1461 3278 1884 3350 σπουδαιοτέρας

189 3410 202 3422 .
305 3368 475 3440 ήγουν
496 3367 595 3438 τῆς
620 3366 728 3420 τῶν
760 3367 930 3436 ἁγίων
978 3367 1262 3438 νηστειῶν,
1289 3368 1371 3421 ὅτι
1407 3368 1500 3422 καὶ
1523 3368 1611 3423 διὰ
1640 3367 1733 3422 τοῦ
1757 3370 1885 3422 Μω-

200 3504 209 3509 ,
307 3460 494 3525 σέωςό
532 3459 666 3524 Θεὸς
688 3459 1120 3534 παρηγγυήσατο
1139 3462 1253 3524 τοῖς
1291 3459 1563 3525 Ἰουδαίοις
1604 3461 1884 3532 μέλλουσιν

304 3552 536 3607 ἀκοῦσαι
559 3550 668 3605 τῶν
690 3552 748 3605 ὲν
772 3551 851 3623 τῷ
873 3550 989 3623 ὄρει
1012 3550 1173 3605 θείων
1193 3550 1407 3620 φωνῶν,
1435 3551 1739 3623 ἀπέχεσθαι
1774 3552 1885 3609 τῶν

302 3645 521 3698 οίκείων
548 3642 824 3716 γαμετῶν.
849 3642 962 3697 Καὶ
986 3645 1015 3697 6
1037 3644 1321 3716 προφήτης
1344 3644 1521 3717 Ἰωήλο
1560 3643 1881 3715 Ἁγιάσατε,

307 3735 462 3807 φησι,
513 3734 821 3802 νηστείαν,
877 3732 977 3788 καί
1032 3732 1321 3799 ἐξελθέτω
1376 3736 1637 3804 νυμφίος
1679 3735 1749 3790 ἐκ
1778 3737 1887 3791 τοῦ

307 3826 592 3894 κοιτῶνος
616 3826 826 3892 αὑτοῦ,
853 3826 955 3882 καὶ
985 3827 1189 3897 νύμφη
1240 3826 1310 3881 ἐκ
1357 3827 1465 3893 τοῦ
1489 3828 1726 3903 παστοῦ
1780 3831 1887 3883 αὺ-

305 3917 435 3989 τῆς.
467 3918 686 3973 Τούτων
731 3918 788 3973 δὲ
839 3918 1012 3983 οὕτως
1059 3920 1313 3991 ἑχόντων,
1361 3910 1422 3973 οὗ
1469 3909 1887 3993 συνοᾷὸκποίοις

307 4012 604 4083 ἐπιτιμίοις
628 4010 1204 4081 καθυποδληθήσονται
1252 4012 1301 4064 oi
1338 4009 1511 4065 ταῦτα
1562 4011 1640 4083 μὴ
1686 4012 1887 4081 φυλάτ-

305 4122 511 4167 τοντες.
541 4103 766 4176 Νομίζω
805 4103 864 4157 δὲ
905 4103 987 4156 ὅτι
1028 4100 1172 4156 κατὰ
1211 4101 1310 4173 τήν
1351 4101 1623 4174 διάκρισιν
1649 4101 1741 4157 τοῦ
1788 4103 1886 4175 τὴν

134 4214 139 4219 ’
220 4263 227 4269 1
307 4197 626 4270 ὲξαγορείαν
650 4195 943 4268 δεχομένου
968 4196 1001 4267 ή
1027 4194 1293 4265 θεραπεία
1332 4196 1622 4267 γενήσεται
1647 4196 1783 4268 πρὸς
1818 4195 1888 4251 τὰ

117 4278 147 4347 ἶ.
214 4340 219 4345 ,
308 4290 575 4363 πρόσωπα
597 4288 692 4343 καὶ
714 4288 813 4360 τὴν
834 4287 1079 4359 ἀνάγκην
1097 4287 1196 4358 τῆς
1218 4285 1451 4357 φύσεως.
1481 4286 1590 4340 Καὶ
1614 4285 1885 4357 ἀνάγνωθι

234 4450 241 4456 ,
306 4381 399 4435 τὸν
428 4383 505 4455 ρβ⁹
562 4379 761 4435 κανόνα
781 4378 883 4451 τῆς
903 4381 962 4433 ὲν
982 4377 1059 4459 τῷ
1081 4376 1335 4450 Τρούλλῳ
1367 4377 1603 4433 συνόδου.

378 4472 623 4526 ΖΩΝΑΡ.
665 4473 801 4544 Περὶ
825 4464 937 4527 τῶν
957 4473 1014 4526 ὲν
1039 4470 1203 4543 γάμῳ
1220 4471 1440 4543 νομίμῳ
1469 4469 1726 4541 βιούντων
1750 4470 1888 4543 ὲρω-

1872 641 1878 648 .
1969 605 2072 651 tem
2100 596 2411 649 audiverunt
2434 595 2499 649 “.

2038 687 2194 741 ΒΑιε.
2233 685 2303 740 Ut
2342 696 2425 742 est
2458 686 2776 753 verisimile,
2813 685 2992 741 fuerat
3041 695 3264 742 sanctus
3310 687 3544 743 interre-

1967 787 2157 847 gatus,
2202 793 2271 833 an
2324 779 2592 845 admittat,
2649 779 2913 849 conjuges
2966 779 3060 849 qui
3116 790 3537 843 consenuerunt,

1968 886 2078 941 quo
2117 879 2359 941 tempore
2399 873 2597 926 debent
2644 886 2825 936 orare,
2876 887 2907 926 a
2945 872 3329 942 conjunctione
3373 873 3545 927 absti-

1969 977 2139 1017 nere;
2180 970 2235 1018 e't
2273 964 2425 1029 dicit,
2469 964 2614 1033 quod
2660 964 2755 1033 qui
2803 964 2939 1018 tales
2986 973 3133 1030 sunt,
3178 964 3376 1018 debent
3422 979 3546 1019 esse

1970 1055 2053 1109 sui
2077 1054 2318 1124 judices,
2347 1064 2401 1109 et
2426 1055 2718 1125 aliquando
2748 1071 2778 1109 a
2809 1070 2868 1110 se
2896 1055 3127 1111 invicem
3152 1071 3219 1111 ex
3245 1071 3545 1126 consensu,

1970 1161 2067 1201 seu
2108 1162 2175 1201 ex
2223 1148 2501 1202 communi
2542 1148 2843 1212 voluntate,
2879 1148 3195 1216 abstinere;
3234 1149 3309 1204 ita
3344 1158 3404 1204 ut
3434 1165 3548 1220 quo
3628 1188 3633 1195 .

1972 1244 2214 1307 tempore
2260 1253 2420 1294 orare
2471 1246 2802 1305 statuerunt,
2849 1256 2972 1295 cum
3010 1242 3160 1295 omni
3208 1243 3547 1297 continentia

1971 1339 2253 1385 versentur
2281 1373 2294 1396 ,
2356 1340 2410 1385 et
2456 1347 2651 1387 rursus
2695 1332 2858 1386 simul
2908 1334 3256 1388 conveniant.
3310 1333 3444 1388 Nam
3489 1344 3548 1388 et

1971 1438 2203 1495 magnus
2238 1424 2440 1479 Paulus
2475 1425 2579 1480 hoc
2614 1424 2823 1480 statuit.
2855 1424 2921 1480 Et
2954 1441 3127 1481 canon
3157 1426 3376 1496 quidem
3413 1428 3548 1481 dicit

1972 1513 2041 1569 de
2076 1514 2144 1569 iis
2171 1514 2265 1584 qui
2311 1516 2697 1570 consenuerint
2731 1532 2761 1569 εκ
2791 1526 2876 1571 est
2916 1526 3098 1572 autem
3137 1518 3300 1572 etiam
3346 1518 3549 1573 intelli-

1978 1606 2186 1676 gendus
2209 1607 2276 1661 de
2293 1609 2561 1662 omnibus
2609 1608 2956 1679 conjugibus.
2989 1609 3155 1665 Recte
3200 1620 3380 1667 autem
3410 1613 3549 1667 dixit

1974 1697 2136 1764 illud,
2179 1714 2244 1753 ex
2273 1715 2527 1755 consensu
2561 1717 2579 1755 :
2619 1700 2801 1771 Neque
2821 1702 2959 1755 enim
2999 1703 3079 1756 uir
3109 1703 3263 1758 habet
3307 1706 3392 1759 sui
3430 1722 3548 1759 cor-

1978 1793 2120 1859 poris
2144 1799 2491 1861 potestatem,
2529 1808 2619 1846 nec
2645 1794 2834 1847 mulier
2857 1794 2925 1861 ‘7,
2953 1796 3254 1850 secundum
3290 1784 3548 1868 magnum

1974 1884 2316 1954 Apostoluin.
2359 1884 2651 1955 Propterea
2683 1901 2813 1956 ergo
2845 1901 2939 1941 eos
2967 1896 3183 1958 oportet
3221 1890 3360 1944 inter
3392 1906 3451 1945 se
3481 1890 3550 1946 de

1975 1976 2304 2031 continendo
2345 1978 2684 2044 consentire,
2724 1987 2785 2032 ut
2817 1987 3012 2034 vacent
3058 1980 3293 2035 orationi
3325 1991 3379 2036 et
3410 1982 3555 2054 jeju-

1975 2065 2087 2120 nio.
2140 2063 2256 2121 Nisi
2302 2066 2444 2121 enim
2489 2081 2556 2120 ex
2599 2082 2871 2123 consensu
2907 2068 3246 2134 abstineant,
3274 2086 3402 2141 pars
3430 2087 3554 2142 quae

1975 2171 2082 2211 non
2118 2158 2237 2210 vult
2286 2157 2514 2211 omnino
2559 2159 3040 2229 conjunctionem,
3090 2161 3389 2219 frustratur
3428 2180 3550 2219 eam

1976 2236 2098 2318 qua:
2125 2250 2361 2317 postulat
2390 2266 2404 2303 :
2433 2257 2489 2303 et
2518 2252 2797 2319 quomodo
2828 2267 2893 2307 ea
2922 2268 3047 2323 pars
3072 2270 3196 2325 quae
3216 2256 3555 2326 conjunctio-

1976 2354 2099 2394 nem
2132 2340 2327 2409 quaerit
2365 2349 2419 2395 et
2445 2355 2554 2395 non
2583 2343 2931 2412 permittitur,
2971 2346 3091 2415 ejus
3131 2363 3253 2417 qua:
3289 2363 3399 2404 non
3429 2365 3555 2419 per-

1977 2431 2142 2485 mittit
2185 2438 2504 2500 potestatem
2539 2432 2741 2489 habere
2783 2435 3069 2491 videatur?
3107 2437 3319 2494 Accidit
3367 2448 3552 2497 autem

1977 2530 2040 2576 ut
2062 2521 2226 2576 etiam
2266 2522 2491 2578 alterius
2533 2525 2868 2580 continentia
2905 2526 3131 2583 alterius
3155 2531 3324 2598 partis
3349 2531 3552 2588 damno

1978 2614 2153 2670 cedat.
2206 2612 2263 2668 Si
2311 2617 2458 2670 enim
2514 2631 2546 2671 a
2592 2616 2891 2688 cupiditate
2937 2619 3193 2689 vincitur,
3247 2630 3303 2679 et
3348 2640 3457 2679 non
3493 2626 3551 2684 fit

1976 2705 2028 2761 ei
2073 2716 2333 2777 potestas,
2384 2708 2440 2763 in
2485 2710 2690 2765 coitum
2742 2711 3082 2782 illegitimum
3141 2702 3366 2771 incidet.
3410 2716 3553 2774 Dicit

1978 2807 2159 2853 autem
2212 2800 2483 2870 quispiam
2532 2820 2546 2855 :
2596 2800 2735 2856 Cum
2777 2817 2957 2859 canon
3016 2804 3162 2861 dicat
3216 2810 3553 2877 separandos

1978 2901 2100 2943 esse
2144 2890 2407 2962 conjuges
2461 2900 2524 2947 ut
2578 2892 2814 2949 orationi
2863 2906 3077 2963 vacent,
3128 2897 3319 2953 deﬂuit
3368 2906 3549 2956 autein

1977 2978 2274 3051 Apostolus
2321 2997 2423 3039 nos
2459 2984 2658 3039 debere
2696 2986 2816 3041 sine
2845 2986 3258 3045 intermissione
3294 3006 3453 3047 orare
3475 2993 3550 3061 "';

1981 3088 2266 3144 semperne
2328 3084 2543 3145 oportet
2567 3091 2663 3133 eos
2689 3079 2782 3148 qui
2812 3080 3146 3147 eohabitant,
3179 3097 3210 3137 a
3239 3097 3298 3139 se
3322 3083 3555 3141 invicem

1981 3163 2294 3221 abstinere?
2330 3168 2424 3223 sed
2464 3184 2572 3224 non
2603 3169 2671 3225 de
2695 3171 2891 3241 quavis
2931 3173 3179 3228 oratione
3222 3175 3421 3244 agitur,
3461 3178 3557 3236 sed

1982 3256 2049 3310 de
2093 3259 2513 3326 praestantiore,
2562 3271 2876 3317 sanctorum
2935 3264 3148 3319 scilicet
3194 3266 3554 3336 jejuniorum.

1981 3346 2119 3419 Nam
2147 3358 2204 3404 et
2231 3366 2329 3420 per
2353 3349 2594 3424 Moysem
2628 3352 2774 3410 Deus
2803 3353 3007 3411 Iudaeis
3027 3356 3243 3414 divinas
3283 3375 3447 3418 voces
3496 3361 3556 3418 in

1983 3450 2170 3498 monte
2225 3443 2497 3501 audituris
2544 3448 2803 3516 praecepit
2843 3457 2905 3504 ut
2952 3465 2983 3505 a
3012 3447 3262 3523 'propriis
3291 3455 3558 3512 uxoribus

1984 3536 2323 3593 abstinerent
2353 3538 2419 3591 δ’.
2467 3536 2534 3593 Ει
2565 3541 2827 3610 propheta
2862 3540 2980 3597 Joel
3012 3562 3026 3598 :
3059 3543 3425 3617 Sanctiﬁcate,
3468 3550 3558 3605 in-

1984 3633 2134 3702 quit,
2166 3631 2458 3701 jeiunium,
2493 3643 2543 3687 et
2581 3644 2733 3688 exeat
2769 3652 2993 3706 sponsus
3030 3654 3096 3693 ea:
3139 3640 3303 3695 cubili
3336 3658 3465 3710 suo,
3505 3653 3559 3698 et

1985 3742 2179 3797 sponsa
2211 3743 2276 3783 ea:
2307 3745 2403 3783 suo
2439 3728 2673 3784 thalamo
2704 3730 2771 3785 ⁸ο.
2820 3729 2959 3787 Cum
3004 3733 3120 3789 haec
3163 3743 3344 3790 autem
3386 3737 3457 3792 ita
3500 3753 3562 3793 se

1987 3820 2242 3885 habeant,
2272 3838 2381 3878 non
2424 3821 2586 3878 video
2616 3823 2944 3891 quibusnam
2979 3826 3158 3895 poenis
3198 3828 3562 3898 subjicientur

1986 3910 2081 3981 qui
2132 3911 2246 3966 haec
2290 3926 2400 3966 non
2454 3920 2696 3967 servant.
2756 3912 3021 3969 Existimo
3057 3923 3237 3970 autem
3281 3917 3424 3986 quod
3460 3908 3599 3986 pro'

1984 4002 2193 4073 judicio
2225 4003 2347 4072 ejus
2373 4004 2467 4073 qui
2510 4004 2663 4059 audit
2697 4002 3123 4071 confessionem,
3150 4007 3423 4062 medicina
3462 4010 3558 4062 ad-

1987 4093 2204 4149 hibetur
2236 4095 2506 4164 personis,
2555 4103 2610 4151 et
2655 4096 2965 4152 necessitati
3011 4108 3241 4153 natura.
3292 4098 3433 4171 Lege
3459 4100 3561 4155 ωε

1987 4200 2111 4241 can.
2136 4201 2255 4257 syn.
2288 4186 2343 4240 in
2370 4184 2578 4244 Trullo.
2694 4208 2716 4237 ι

2060 4458 2258 4516 Zona.
2300 4459 2374 4517 De
2416 4460 2485 4519 iis
2521 4463 2616 4534 qui
2658 4463 2900 4536 legitimo
2938 4464 3080 4521 inter
3112 4479 3173 4523 se
3206 4467 3560 4524 matrimonio

308 4564 494 4639 τηθεὶς
525 4567 575 4620 εί
606 4564 712 4639 χρὴ
742 4538 1331 4638 ἀπέχεώαινάλλήλων,
1354 4538 1568 4636 *ἔφησεν
1617 4561 1693 4627 ὡς
1734 4538 1883 4633 ὀφεί-

1992 4553 2231 4623 copulati
2261 4562 2408 4620 sunt,
2452 4562 2678 4627 rogatus
2715 4572 2849 4639 num
2892 4557 3166 4613 abstinere
3202 4558 3433 4615 invicem
3463 4560 3562 4616 de-

308 4658 490 4713 λουσιν
538 4659 589 4713 oi
640 4659 869 4714 τοιοῦτοι
911 4656 1065 4713 αὐτοὶ⁸
1112 4655 1316 4712 ἑαυτῶν
1370 4652 1508 4711 εἶναι
1538 4656 1745 4729 κριταὶ,
1792 4655 1886 4711 καί

310 4764 442 4801 ποτε
493 4747 737 4819 ἀλλήλων
782 4745 1081 4817 ἀπέχεσθαι
1134 4748 1200 4800 ὲκ
1249 4743 1563 4817 συμφώνου,
1601 4745 1768 4817 ήγουν
1821 4746 1887 4798 ὲκ

310 4837 491 4891 κοινοῦ
521 4835 843 4908 θελήματος.
880 4835 1015 4891 Οὔτε
1047 4836 1155 4909 γὰρ
1186 4838 1215 4890 6
1258 4834 1396 4908 ἀνὴρ
1444 4836 1745 4904 ἐξουσιάζει
1788 4835 1884 4889 τοῦ

310 4924 444 4979 ἰδίου
474 4923 743 4996 σώματος,
775 4924 899 4981 οὔτε
941 4928 975 4997 ή
1025 4924 1181 4997 γυνὴ,
1215 4924 1358 4979 κατὰ
1382 4925 1474 4980 τὸν
1510 4926 1682 4996 μέγαν
1726 4926 1887 4979 Ἀπό-

312 5017 517 5071 στολον.
547 5017 646 5070 Διά
676 5015 835 5071 τοῦτο
885 5012 978 5072 οὖν
1028 5017 1338 5089 συμφωνεῖν
1368 5014 1627 5088 ἀλλήλους
1653 5016 1733 5070 δεῖ
1763 5017 1892 5088 περὶ

309 5109 525 5181 ἀποχῆς
556 5109 644 5163 ἵνα
671 5108 972 5179 σχολάσωσι
1003 5111 1070 5182 τῇ
1104 5108 1401 5181 προσευχῇ,
1423 5108 1518 5162 καὶ
1550 5111 1616 5180 τῇ
1644 5110 1886 5181 νηστείᾳ.

312 5200 378 5254 Ei
414 5201 488 5273 μὴ
520 5200 629 5273 γὰρ
660 5201 725 5253 ὲκ
756 5199 1044 5271 συμφώνου
1076 5200 1276 5270 γίνοιτο
1303 5204 1336 5274 ή
1366 5201 1565 5273 ἀποχὴ,
1600 5203 1892 5276 ἀποστερεί

314 5292 533 5357 πάντως
568 5292 630 5346 τὸ
677 5291 751 5366 μὴ
787 5291 1109 5364 βουλόμενον
1142 5294 1242 5366 τὴν
1276 5284 1561 5348 συνουσίαν
1609 5294 1793 5367 μέρος,
1826 5294 1889 5347 τὸ

314 5384 519 5456 ταύτην
552 5383 865 5457 ὲπιζητοῦν.
894 5386 1005 5440 Καὶ
1032 5385 1150 5450 πῶς
1187 5386 1254 5440 ἂν
1440 5386 1771 5452 ὲξουσιάζειν
1798 5386 1891 5441 τοῦ

318 5475 569 5549 σώματος
598 5476 691 5531 τοῦ
726 5476 800 5548 μὴ
836 5476 1241 5550 συγχωροῦντος
1271 5478 1488 5551 μέρους,
1516 5480 1577 5533 τὸ
1600 5481 1699 5551 τὴν
1734 5480 1895 5535 συνά-

317 5585 477 5640 φειαν
509 5568 706 5642 ζητοῦν
736 5570 827 5625 καὶ
871 5568 947 5642 μὴ
989 5571 1466 5641 συγχωρούμενον;
1513 5572 1807 5643 Συμὸαίνει
1836 5572 1895 5627 δὲ

319 5661 419 5715 καὶ
458 5659 558 5735 τὴν
602 5660 829 5736 θατέρου
873 5660 1219 5733 ἐγκράτειαν,
1254 5664 1336 5726 εἰς
1364 5661 1568 5735 βλάϐην
1600 5664 1732 5729 ἴσως
1757 5664 1893 5719 ἀπο-

1991 4644 2174 4709 beant,
2192 4644 2493 4714 respondit,
2507 4626 2758 4715 Oportere
2776 4626 3045 4717 ipsosmet
3072 4648 3158 4704 sui
3183 4664 3303 4706 esse
3323 4650 3561 4721 judices,

1990 4744 2047 4792 et
2083 4736 2377 4807 aliquando
2417 4737 2692 4794 abstinere
2731 4738 2999 4805 invicem,
3036 4755 3104 4797 ex
3132 4757 3425 4810 consensu,
3457 4743 3563 4800 hoc

1992 4836 2074 4884 est
2101 4829 2378 4884 communi
2418 4829 2709 4900 utriusque
2733 4831 3039 4889 voluntate.
3086 4833 3272 4906 Neque
3301 4837 3447 4891 enim
3479 4837 3563 4892 vir

1992 4929 2313 4992 potestatem
2360 4922 2523 4978 habet
2573 4922 2660 4978 sui
2713 4924 2980 4994 corporis,
3031 4942 3207 4997 neque
3254 4929 3469 4993 mulier,
3502 4936 3564 4985 ut

1995 5029 2228 5084 magnus
2255 5012 2549 5083 Aposwlus
2583 5015 2679 5070 ait.
2716 5014 2950 5071 Proinde
2988 5032 3119 5088 ergo
3150 5020 3443 5075 convenire
3479 5020 3565 5074 in-

1996 5114 2077 5162 ter
2103 5122 2161 5162 se
2193 5106 2420 5161 invicem
2449 5117 2661 5177 oportet
2690 5109 2754 5164 de
2779 5108 3125 5175 abstinentia,
3160 5119 3221 5165 ut
3262 5112 3560 5181 precationi

1998 5216 2063 5256 ac
2096 5199 2304 5271 jejunio
2325 5210 2535 5255 vacent.
2569 5199 2778 5255 Etenim
2818 5202 2865 5257 si
2898 5216 3003 5257 non
3040 5218 3105 5258 ex
3134 5217 3405 5260 consensu
3434 5205 3563 5261 abs-

1993 5292 2223 5358 tineant,
2274 5289 2549 5347 fraudabit
2610 5293 2768 5363 plane
2801 5308 2867 5349 ea
2900 5310 3026 5365 pars
3056 5312 3184 5367 quas
3208 5312 3563 5367 congressum

1993 5384 2193 5451 renuit,
2228 5384 2451 5439 alteram
2492 5400 2616 5456 qua:
2652 5387 2797 5443 hunc
2833 5389 3094 5458 deposcit.
3130 5390 3293 5461 Atqui
3322 5406 3563 5461 quonam

1996 5480 2157 5535 modo
2217 5478 2369 5534 dicas
2426 5486 2745 5549 potestatem
2806 5479 3004 5536 habere
3069 5481 3123 5536 in
3183 5497 3384 5553 corpus
3443 5483 3565 5553 ejus

1992 5571 2166 5641 partis
2190 5586 2313 5641 quae
2346 5586 2697 5642 congressum
2745 5571 2956 5639 abnuit,
2994 5573 3218 5629 alteram
3272 5575 3359 5630 cui
3397 5576 3566 5645 depo-

1997 5662 2169 5719 scenti
2225 5662 2316 5716 ille
2364 5662 2787 5735 haudquaquam
2852 5666 3226 5734 permittitur?
3283 5666 3563 5738 Contingit

294 5900 306 5943 ἐ
395 5849 443 5884 ³⁸
469 5848 489 5905 1
516 5848 642 5907 Cor.
678 5865 776 5921 vn,
811 5850 864 5906 5.
942 5850 985 5885 ³⁷
1022 5848 1154 5909 Ibid.
1186 5849 1240 5909 4.
1318 5848 1362 5885 ⁸⁸
1398 5849 1422 5908 ι
1451 5849 1644 5910 Thess.
1673 5867 1725 5920 v,
1759 5851 1846 5909 17.

2006 5851 2176 5909 Exod.
2214 5853 2440 5923 xxx,15.
2517 5850 2563 5885 ’⁸⁸
2595 5853 2729 5912 Joel.
2759 5872 2816 5926 ιι,
2852 5855 2939 5927 l5,
2976 5846 3060 5913 16.
