4058 6368
491 359 620 413 I237

1471 353 1529 410 S.
1561 349 1860 409 DIONYSII
1900 350 2202 410 EPISCOPI
2229 347 2702 438 .ALEXANDNNI
2741 424 2754 436 ο

3562 343 3707 402 ηδε

477 484 640 536 etiam
683 459 940 550 praeterea
961 521 975 541 .
1008 487 1066 533 ut
1098 477 1322 532 alterius
1367 475 1702 532 continentia
1745 474 1897 530 alteri
1931 472 2036 528 ior-

2143 471 2347 527 6αίνειν
2378 470 2625 542 θατέρου.
2655 471 2716 524 El
2757 469 2866 541 γὰρ
2911 471 3122 527 νικᾶται
3163 471 3266 525 ὑπο
3295 469 3394 541 τῆς
3423 470 3723 542 ἐπιθυμίας

479 582 627 628 tasse
664 573 1048 626 detrimentum
1089 571 1360 640 importet.
1411 569 1468 622 Si
1505 583 1741 638 namque
1775 565 2044 636 cupiditas

478 672 690 733 urgeat,
717 678 814 716 nec
844 663 916 714 illi
947 662 1295 730 permittitur,
1331 661 1386 714 in
1420 659 1672 729 copulam
1706 658 2042 729 illegitimam

479 754 696 808 incidet.
740 751 940 806 Deinde
986 760 1200 820 tempus
1236 765 1449 820 quoque
1495 748 1686 804 deﬁnit
1728 747 2040 816 Apostolus,

483 847 628 916 quod
682 845 897 914 quidem
945 846 1138 900 asserit
1191 860 1312 899 esse
1365 841 1694 912 precationis
1730 849 1786 895 et
1825 840 2040 909 jejunii.

479 939 628 993 Dicet
675 939 835 1008 igitur
882 938 1156 1007 quispiam
1198 955 1212 991 :
1256 937 1392 991 (lum
1444 944 1702 1004 perpetuo
1745 932 2043 1002 precationi

476 1027 778 1083 vacandum
815 1043 934 1082 esse
965 1027 1258 1096 Apostolus
1294 1026 1505 1088 doceat,
1537 1023 1796 1094 coniuges
1827 1035 2045 1090 quoque

475 1132 734 1191 perpetuo
777 1121 1052 1174 abstinere
1101 1121 1330 1174 invicem
1370 1118 1668 1188 oportebit,
1703 1117 1750 1172 si
1781 1115 2044 1185 precatio-

475 1213 562 1266 nis
591 1221 834 1280 tempore
883 1209 1208 1264 abstinentia
1246 1217 1430 1262 mutua
1466 1209 1536 1262 sit
1574 1207 1792 1261 indicta.
1843 1205 2040 1260 Verum

477 1319 587 1358 non
627 1304 694 1359 de
731 1319 1059 1374 quacunque
1093 1301 1406 1372 precatione
1448 1299 1555 1354 hoc
1600 1299 1722 1354 loco
1753 1296 2044 1368 Apostolus

479 1396 738 1466 loquitur,
769 1395 862 1451 sed
902 1395 968 1449 de
1003 1394 1236 1463 quadam
1289 1391 1624 1446 accuratiore
1662 1404 1772 1460 pra
1813 1389 2041 1452 caneris,

477 1480 640 1556 quam
684 1485 736 1540 in
779 1486 1035 1558 lacrymis
1064 1495 1121 1542 et
1155 1485 1538 1540 atllictionibus
1568 1483 1756 1553 peragi
1805 1489 2038 1552 oportet.

473 1577 592 1632 Non
642 1580 784 1633 enim
821 1578 980 1648 plane
1015 1586 1276 1648 perpetuo
1322 1577 1465 1630 hanc
1503 1573 1834 1646 precationis
1878 1573 2044 1627 ratio-

475 1686 597 1726 nem
635 1671 937 1726 tenebunt:
975 1670 1244 1740 jejunium
1276 1684 1406 1724 vero
1442 1668 1574 1722 illud
1601 1667 1870 1737 intelligit,
1899 1665 2044 1736 quod

475 1764 696 1818 statutis
743 1763 1081 1832 temporibus
1116 1769 1423 1824 exercetur,
1448 1759 1532 1813 vel
1565 1774 1688 1813 cum
1730 1758 1902 1812 sacris
1927 1772 2043 1827 my-

2143 566 2237 618 καὶ
2283 565 2343 618 ού
2397 568 2824 636 παραχωρεϊται,
2855 565 3229 635 περιπεσεῖται
3286 560 3431 632 μίξει
3469 560 3720 632 ἀθέσμῳ.

2142 655 2276 710 Εἶτα
2303 657 2395 710 καὶ
2446 657 2540 710 τὸν
2590 657 2781 727 καιρὸν
2813 657 2842 708 ὁ
2885 656 3202 732 Ἀπόστολος
3229 653 3399 726 ὁρίζει
3421 669 3437 685 ⁸
3463 655 3522 708 ὃν
3555 671 3721 724 φησιν

2144 745 2281 802 εἷναι
2312 748 2411 818 τῆς
2455 749 2758 820 προσευχῆς
2791 748 2885 801 καὶ
2915 747 3182 819 νηστείας.
3202 748 3347 819 Ἐρεί
3377 742 3471 800 οὖν
3519 763 3606 811 τις
3635 747 3722 800 ὅτι

2143 841 2236 894 τοῦ
2278 841 2594 894 ’Δποστόλου
2620 840 2887 908 λέγοντος,
2919 839 3268 902 ἀδιαλείπτως
3296 835 3718 909 προσεύχεσθαι,
3787 896 3792 902 Ι

2145 934 2234 987 ἀεὶ
2278 934 2384 1004 χρὴ
2417 933 2511 985 καὶ
2547 933 2672 994 τοὺς
2715 930 3092 994 συνοικοῦντας
3119 930 3363 1002 ἀλλήλων
3394 927 3718 999 ἀπέχεσθαι,

2143 1029 2191 1078 εί
2218 1026 2306 1078 ὅτε
2339 1022 2724 1095 προσεύχονται
2745 1022 2988 1094 ἀλλήλων
3012 1021 3365 1076 ἀπαιτοῦνται
3392 1018 3715 1090 ἀπέχεσθαι.
3802 1052 3808 1060 -

2156 1115 2290 1168 Ἀλλ’
2321 1115 2380 1167 ού
2434 1114 2562 1186 περὶ
2613 1114 2791 1184 πάσης
2842 1115 3145 1184 προσευχῆς
3196 1113 3428 1167 ἐνταῦθα
3472 1111 3638 1182 φησιν
3689 1111 3736 1164 ὁ.

2155 1205 2493 1270 Ἀπόστολος,
2531 1207 2658 1278 περὶ
2685 1207 2742 1258 δέ
2769 1223 2832 1275 γε
2861 1207 2961 1276 τῆς
2989 1206 3406 1277 σπουδαιοτέρας
3437 1204 3724 1276 ην-ὲνδάέ

2142 1315 2303 1372 κρυσι
2337 1297 2432 1351 καὶ
2454 1297 2842 1368 κακοπαθείαις
2873 1299 2953 1352 δεῖ
2975 1298 3234 1368 γίνεσθαι.
3266 1299 3339 1351 Οὐ
3366 1296 3475 1368 γὰρ
3496 1297 3721 1360 πάντως

2142 1390 2314 1453 οὕτως
2353 1388 2738 1460 προσεύξονται
2771 1389 3030 1446 πάντοτεῖ
3077 1388 3328 1461 νηστείαν
3355 1388 3411 1442 δὲ
3436 1386 3584 1456 λέγει
3617 1386 3722 1458 τὴν

2142 1482 2430 1554 γινομένην
2477 1477 2538 1533 ἐν
2584 1484 2794 1550 καιροῖς
2825 1480 3168 1552 ὡρισμένοις,
3204 1480 3236 1551 ἢ
3286 1480 3373 1532 ὅτε
3419 1477 3600 1550 μέλλοι
3632 1495 3722 1539 τις

2141 1575 2249 1628 τῶν
2301 1573 2652 1645 ἁγιασμάτων
2709 1573 2974 1644 μετέχειν.
3019 1574 3127 1626 Καὶ
3176 1576 3288 1636 τοῖς
3332 1571 3606 1634 Ἰουδαίοις
3660 1571 3723 1624 δὲ

2147 1661 2428 1738 μέλλουσιν
2471 1665 2700 1720 ἀκούσαι
2746 1665 2856 1718 τῶν
2903 1666 2961 1718 ὲν
3005 1664 3084 1735 τῷ
3135 1664 3250 1736 ὄρει
3303 1663 3462 1716 θείων
3502 1661 3719 1732 φωνῶν,

2143 1757 2440 1828 ἀπέχεσθαι
2487 1758 2595 1812 τῶν
2644 1757 2896 1828 γαμετῶν
2947 1755 3239 1837 ἐπετάχθη.
3296 1755 3405 1810 Καὶ
3451 1756 3479 1806 ὁ
3523 1753 3680 1824 Ἰωήλ
3705 1770 3718 1783 ·

472 1855 656 1910 steriis
705 1855 939 1924 cuipiam
981 1862 1066 1908 est
1103 1849 1638 1907 communicandum.
1688 1847 1822 1902 Nam
1851 1858 1905 1902 et
1935 1845 2036 1900 Ju-

2155 1845 2453 1917 ’Ᾱγιάσατε
2493 1849 2803 1915 νηστείαν,
2829 1829 3022 1911 εἰπὼν,
3061 1845 3367 1910 ἐξελθέτω,
3402 1843 3720 1915 προσέθετο.

472 1947 604 2001 dacis
635 1962 759 2000 cum
790 1946 1001 2000 divinas
1033 1959 1193 1999 voces
1239 1943 1293 1996 in
1323 1951 1507 1996 monte
1555 1940 1796 1995 audituri
1833 1947 2037 2003 essent,

472 2048 534 2094 ut
576 2054 606 2092 a
641 2037 966 2108 coniugibus
1020 2038 1386 2098 abstinerent,
1433 2044 1519 2089 est
1568 2034 1920 2102 imperatum.
1974 2031 2040 2084 Et

471 2128 588 2183 Joel
618 2139 739 2198 post
775 2130 866 2182 illa
893 2128 1056 2182 verba
1083 2147 1096 2182 :
1123 2126 1466 2196 Sanctiﬁcate
1488 2125 1778 2195 jejunium,
1807 2123 2040 2193 egredia-

474 2227 583 2285 tur,
626 2218 864 2285 addidit,
911 2235 1131 2288 sponsus
1179 2218 1243 2271 de
1275 2217 1435 2271 cubili
1477 2233 1605 2280 suo,
1653 2224 1703 2268 et
1741 2230 1935 2283 sponsa
1973 2214 2038 2266 de

474 2310 712 2364 thalamo
735 2328 850 2366 suo.
885 2311 930 2364 A
952 2326 1277 2381 quacunque
1309 2308 1576 2378 siquidem
1605 2307 1878 2375 voluptate
1897 2303 2039 2374 jeju-

2143 1939 2399 2009 νυμφίος
2440 1939 2508 1993 ἐκ
2558 1939 2664 1994 τοῦ
2710 1939 2991 2006 κοιτῶνος
3038 1938 3244 2003 αὐτοῦ,
3273 1938 3372 1992 καί
3409 1939 3612 2007 νύμφη
3651 1938 3723 1991 ἐκ

2144 2031 2250 2085 τοῦ
2282 2031 2516 2085 παστοῦ
2548 2031 2753 2100 αὐτῆς.
2785 2034 2876 2085 Δεῖ
2909 2031 3018 2104 γὰρ
3049 2033 3174 2095 τοὺς
3205 2029 3563 2101 νηστεύοντας
3593 2031 3724 2100 ἠδυ-

2144 2122 2374 2186 παθείας
2429 2124 2608 2194 πάσης
2652 2123 2984 2193 ἀπέχεσθαι’
3021 2124 3100 2177 ὅτι
3129 2120 3357 2194 χαυνοῦν
3402 2122 3500 2194 τὴν
3541 2122 3722 2192 ψυχὴν

2144 2215 2238 2266 καὶ
2271 2213 2516 2283 συγχέειν
2546 2215 2633 2268 τὸν
2656 2213 2909 2284 λογισμὸν
2940 2215 2998 2268 αἱ
3028 2214 3135 2268 τῶν
3162 2213 3363 2284 ἡδονῶν
3393 2213 3722 2277 ἀπολαύσεις

2144 2322 2469 2374 πεφύκασιν.

477 2416 676 2463 nantes
708 2407 984 2462 abstinere
1028 2415 1241 2476 oportet
1279 2424 1292 2458 :
1336 2412 1621 2475 pr0pterea
1649 2401 1793 2472 quod
1831 2400 2075 2455 animum
2110 2399 2406 2458 dissolvere
2449 2399 2825 2472 rationemque
2855 2402 3174 2472 perturbare
3197 2400 3534 2471 voluptatum
3568 2401 3725 2456 oble~

472 2510 746 2558 ctamenta
768 2517 1118 2558 consuevere.

1069 2593 1295 2650 CANON
1349 2592 1441 2648 IV.

545 2688 650 2753 Qui
680 2696 854 2742 autem
889 2689 944 2741 in
979 2704 1080 2742 non
1112 2687 1409 2742 voluntario
1445 2696 1702 2741 nocturno
1730 2687 1881 2756 ﬂuxu
1924 2685 2040 2755 fue-

473 2779 611 2844 rint,
646 2779 687 2832 ii
719 2779 1242 2848 quoque,propriam
1295 2779 1674 2832 conscientiam
1732 2785 2040 2846 sequantur,

471 2878 520 2922 et
553 2869 751 2938 seipsos
788 2887 854 2923 an
891 2872 955 2923 de
987 2887 1046 2924 eo
1081 2869 1322 2923 dubitent
1379 2886 1449 2924 an
1490 2887 1627 2937 non,
1689 2870 2037 2924 considerent.

2753 2594 2991 2647 ΚΑΝΩΝ
3029 2595 3102 2648 Δ’.

2219 2689 2285 2740 Ol
2315 2685 2366 2740 δ’
2398 2687 2468 2740 ἐν
2495 2687 2858 2756 ἀπροαιρέτῳ
2890 2686 3000 2757 (64)
3046 2683 3366 2753 νυκτερινῇ
3407 2687 3587 2753 ῥύσει
3627 2703 3723 2756 τε·

2143 2779 2402 2848 νόμενοι,
2429 2780 2525 2835 καὶ
2554 2776 2716 2835 οὗτοι
2747 2778 2825 2844 τῷ
2858 2778 2983 2843 Ιδίῳ
3014 2776 3317 2832 συνειδότι
3349 2782 3719 2832 κατακολου-

2146 2873 2454 2935 θείτωσαν,
2497 2872 2593 2925 καὶ
2649 2871 2899 2935 ἑαυτοὺς
2948 2869 3069 2924 εἶτε
3123 2868 3525 2937 διακρίνονται
3584 2871 3717 2938 περὶ

473 2958 929 3024 Quemadmodum
980 2963 1034 3015 in
1079 2963 1234 3025 cibis,
1287 2961 1382 3032 qui
1428 2963 1708 3028 discernit,
1755 2963 1948 3032 inquit,
1995 2963 2036 3018 si

2143 2965 2379 3027 τούτου,
2408 2965 2526 3017 εἴτε
2549 2962 2657 3033 μὴ,
2691 2963 3126 3016 σκοπείτωσαν.
3159 2959 3271 3014 Kal
3297 2959 3395 3012 ἐπὶ
3426 2960 3545 3014 τῶν
3564 2962 3724 3030 ,βρω-

471 3050 795 3115 comederit,
836 3051 1228 3108 condemnatus
1258 3064 1340 3110 est
1364 3053 1443 3120 δίς
1477 3055 1533 3107 in
1563 3053 1645 3108 his
1678 3070 1879 3124 quoque
1904 3055 2036 3108 bona

2140 3054 2342 3126 μάτων
2389 3057 2419 3109 ὁ
2468 3055 2888 3127 διακρινόμενος,
2918 3053 3127 3122 φησὶν,
3158 3052 3253 3106 ἐὰν
3285 3051 3454 3125 φάγῃ,
3489 3055 3723 3107 κατακέ.

469 3143 542 3194 sit
577 3144 932 3209 conscientia,
975 3155 1024 3198 et
1063 3145 1224 3200 libere
1275 3146 1523 3216 loquatur
1577 3145 1862 3200 secundum
1919 3161 2036 3213 pro-

2146 3166 2356 3221 κριται·
2392 3148 2488 3203 καὶ
2517 3148 2587 3201 ὲν
2614 3149 2842 3212 τούτοις
2866 3145 3294 3213 εὐσυνεὶδητος
3323 3146 3479 3200 ἔστω
3500 3148 3597 3200 καὶ
3631 3149 3724 3201 εὐ·
3820 3149 3834 3156 ’

467 3233 639 3301 priam
681 3236 1088 3305 cogitationem,
1134 3237 1304 3290 omnis
1350 3239 1441 3308 qui
1481 3237 1551 3290 ad
1597 3236 1765 3290 Deum
1813 3238 2035 3292 accedit.

469 3322 585 3380 Has
636 3335 692 3380 tu
731 3327 963 3398 quidem,
996 3343 1089 3380 nos
1131 3329 1397 3382 Itonorans
1452 3329 1586 3400 (non
1628 3331 1767 3384 enim
1802 3331 2037 3398 ignoras,

467 3435 499 3472 ο
532 3420 783 3492 dilecte),
837 3421 983 3474 nobis
1041 3424 1356 3492 quastiones
1424 3424 1776 3491 proposuisti;
1815 3439 1932 3486 nos,
1978 3433 2035 3477 ut

463 3516 719 3586 ejusdem.
760 3518 1064 3582 sententias,
1120 3519 1256 3571 sicut
1318 3529 1368 3571 et
1423 3535 1638 3584 sumus,
1705 3520 2039 3590 ejusdemque

468 3609 657 3675 animi,
692 3613 852 3661 simul
884 3624 1214 3677 prazparans.
1258 3607 1371 3678 Ego
1397 3617 1592 3670 autem,
1621 3624 1722 3661 non
1750 3618 1807 3662 ut
1833 3611 2034 3672 doctor,

471 3699 560 3751 sed
595 3706 653 3751 ut
697 3714 816 3752 cum
859 3699 1003 3752 omni
1041 3699 1381 3767 simplicitate
1426 3699 1660 3750 convenit
1697 3715 1787 3751 nos
1820 3700 2038 3753 invicem

468 3790 743 3854 disserere,
773 3805 942 3842 meam
967 3789 1276 3842 sententiam
1299 3790 1353 3842 in
1385 3803 1655 3842 commune
1675 3789 1850 3854 edidi;
1879 3807 2038 3861 quam

468 3896 587 3933 cum
625 3889 681 3934 tu
718 3881 1137 3942 examinareris,
1192 3880 1273 3948 ﬁli
1321 3881 1392 3932 mi
1433 3880 1848 3948 sapientissime,
1897 3881 2034 3950 quod

469 3972 566 4025 tibi
590 3971 799 4040 justum
844 3972 1132 4043 meliusque
1167 3958 1505 4042 apparuerit,
1546 3971 1624 4024 vel
1657 3989 1725 4024 an
1763 3975 1842 4026 sic
1872 3975 2034 4027 etiam

468 4079 522 4117 se
559 4063 748 4119 habere
790 4066 1103 4129 existimas,
1162 4065 1431 4118 rescribes.
1492 4063 1681 4120 Valere
1729 4075 1805 4132 te,
1851 4066 2036 4121 dilecte

467 4155 548 4224 ﬁli
589 4157 660 4210 mi
679 4199 694 4224 ,
718 4159 789 4223 in:
804 4174 931 4229 pace
967 4157 1190 4212 Domino
1224 4159 1611 4212 ministrantem
1644 4167 1783 4226 opto.

537 4425 697 4483 ΒΑιε.
738 4427 1107 4498 Interrogatus
1131 4429 1290 4484 Pater
1325 4445 1394 4484 an
1441 4440 1904 4486 sacramentorum
1934 4431 2030 4486 de-

2143 3242 2601 3309 παρῤησιαστος
2653 3239 2804 3292 κατὰ
2852 3238 2916 3291 τὸ
2969 3237 3123 3292 ίδιον
3166 3237 3466 3306 ἐνθύμιον,
3515 3237 3639 3304 πᾶς

2144 3332 2406 3400 προσιὼν
2436 3330 2515 3396 τῷ
2541 3329 2680 3394 Θεῷ.
2709 3329 2918 3394 Ταῦτα,
2951 3329 3032 3383 σὺ
3054 3326 3190 3397 μὲν,
3228 3326 3410 3398 τιμῶν
3439 3327 3598 3399 ἡμᾶς
3626 3330 3724 3402 (οὐ
3813 3353 3828 3361 ~

2145 3423 2252 3495 γὰρ
2279 3421 2532 3494 ἀγνοῶν,
2562 3423 2861 3493 ἀγαπητὲ)
2895 3421 2968 3475 τὰ
2998 3423 3280 3490 πύσματα
3307 3421 3452 3491 ημῖν
3486 3423 3722 3491 προσή-

2143 3535 2339 3588 γαγες,
2368 3519 2700 3586 ὁμόφρονας
2734 3513 2889 3583 ἡμᾶς
2913 3552 2928 3578 ,
2975 3512 3176 3582 ὥσπερ
3217 3508 3331 3568 οὖν
3376 3514 3584 3583 ἐσμεν,
3618 3517 3719 3570 καί

2145 3607 2479 3673 ὶσοψύχους
2509 3603 2699 3670 ἐαυτῷ
2721 3601 3200 3671 παρασκευάζων.
3219 3600 3358 3672 Ἐγὼ
3386 3602 3474 3666 δὲ,
3503 3607 3618 3674 οὐχ
3639 3607 3722 3670 ὡς

2141 3694 2538 3760 διδάσκαλος,
2601 3693 2737 3748 ἀλλ’
2785 3694 2866 3759 ὡς
2915 3692 3066 3762 μετὰ
3120 3691 3319 3760 πάσης
3380 3691 3720 3760 ἁπλότητος

2142 3785 2454 3853 προσῆκον
2481 3783 2636 3854 ἡμᾶς
2663 3785 2955 3850 ἀλλήλοις
2976 3783 3376 3853 διαλέγεσθαι,
3399 3787 3486 3851 εὶς
3511 3786 3723 3839 κοινιέν

2142 3875 2254 3944 τὴν
2285 3876 2554 3930 διάνοιαν
2581 3877 2841 3946 ἐμαυτοῦ
2867 3875 3120 3942 ἐξέθηκα
3144 3892 3154 3904 ·
3179 3873 3259 3942 ἣν
3276 3875 3588 3944 ἐπικρίνας
3616 3879 3716 3930 καὶ

2141 3964 2223 4018 σὺ
2273 3963 2642 4019 συνετώτατέ
2686 3983 2805 4034 μου
2854 3965 2965 4028 υἱὲ,
3000 3965 3052 4028 ὅ,
3083 3981 3136 4018 τι
3167 3963 3244 4018 ἄν
3282 3979 3380 4018 σοι
3427 3966 3593 4036 φανῇ
3625 3967 3717 4021 δί-

2141 4074 2314 4110 καιον
2339 4057 2435 4111 καὶ
2460 4057 2728 4122 βέλτιον,
2766 4057 2804 4126 ἣ
2839 4056 2942 4111 καί
2971 4057 3158 4124 οὕτως
3184 4058 3347 4127 ἔχειν
3377 4057 3716 4130 δοκιμάζῃς.

2140 4147 2273 4215 περὶ
2313 4148 2510 4202 αὐτῶν
2541 4146 2940 4216 ἀντιγράψας.
2959 4145 3284 4215 Ἐρῤῶσθαί
3320 4164 3412 4212 σε,
3446 4149 3718 4218 ἀγαπητὲ

2139 4239 2232 4292 υίέ
2265 4257 2405 4308 μου,
2437 4239 2507 4293 ἐν
2535 4239 2740 4308 εἰρήνῃ
2785 4239 3247 4309 λειτοιφγοῦντα
3277 4238 3358 4305 τῷ
3388 4242 3582 4310 Κιιρίῳ
3617 4242 3716 4296 εὔσ-

2139 4349 2334 4402 χομαι.

2210 4424 2406 4480 ΒΑΛΣ.
2455 4425 2781 4497 Ἐρωτηθεὶς
2843 4428 2871 4479 ό
2933 4425 3121 4496 Πατὴρ
3179 4429 3227 4478 εί
3281 4425 3552 4495 ὀφείλουσι
3601 4426 3713 4480 τῶν

466 4520 594 4576 bent
644 4537 765 4576 esse
817 4523 1141 4591 participes,
1191 4523 1282 4592 qui
1333 4523 1756 4598 involnntarium
1811 4524 2034 4577 seminis

2140 4519 2489 4591 άγιασμὰτων
2527 4519 2770 4589 μετέχειν
2798 4519 2846 4570 οἱ
2880 4519 2935 4569 ἐν
2967 4515 3116 4588 ῥύσει
3150 4519 3458 4589 σπέρματος
3486 4520 3717 4590 ἀπροαι-

465 4611 670 4666 ﬂuxum
699 4613 845 4680 passi
877 4621 1026 4676 sunt,
1057 4613 1212 4678 dixit,
1244 4615 1388 4682 quod
1417 4614 1509 4682 qui
1548 4613 1650 4666 hoc
1694 4611 1842 4680 passi
1885 4623 2031 4678 sunt,

546 4724 586 4756 “
627 4723 788 4779 Rom.
823 4740 934 4790 xw,
969 4724 1059 4780 ‘23.

534 4853 646 4926 (6-4)
691 4857 754 4908 Οἱ
796 4854 958 4926 ἐν
1000 4855 1387 4924 ἁπροαιρέτῳ.
1440 4857 1770 4913 Sclioliastes
1807 4857 2034 4913 Harme-

464 4925 651 5000 nopuli
680 4941 700 5000 :_
739 4925 797 4976 '0
900 4925 1525 5000 ῌΝηστευτὴςῇιωάννης
1549 4927 1931 5000 οὖτωίφησίν·
1973 4929 2032 4982 Ὁ

465 4995 744 5071 μολυνθεὶς
761 4995 877 5049 καθ’
898 4995 1094 5071 ὕπνους
1110 4995 1306 5071 τῶξτῆς
1326 4995 1600 5071 ἐκρύσ-εως
1621 4995 2033 5071 πάθει,’ήμέραν

464 5066 591 5141 μίαν
621 5067 721 5137 τῆς
747 5066 1025 5141 κοινωνίας
1057 5068 1378 5141 ἐκϐάλλεται
1391 5066 1413 5141 _,
1455 5069 1545 5141 τὸν
1572 5075 1612 5120 ν’
1640 5070 1775 5141 ᾄσας
1798 5066 2033 5141 ψαλμὸν,

383 5186 386 5188 η
460 5137 556 5190 καὶ
583 5137 877 5212 μετανοίας.
901 5138 1128 5212 ποιήσας
1153 5137 1337 5212 μθξ.’0
1360 5138 1417 5212 δε
1445 5137 1714 5212 μαλακίαν
1737 5137 2032 5212 διαπραξά-

465 5224 654 5278 μενος,
688 5213 748 5281 μ’
771 5209 983 5281 ἡμέρας
1013 5209 1328 5281 ἐπιτιμᾶται
1349 5249 1362 5272 ,
1392 5209 1698 5281 ξηροφαγίᾳ
1739 5209 2030 5281 διαιτώμε-

462 5267 579 5352 νος,
739 5267 1020 5352 μετανοίας
1046 5267 1280 5352 έκάςὲτης
1303 5267 1476 5352 τρριῶυ
1497 5267 1562 5352 ρ”.
1582 5267 1740 5333 ‘Am
1775 5282 1868 5352 xui.
1895 5267 2030 5352 γυνὴ

462 5349 496 5422 ii
535 5350 612 5422 είς
651 5348 939 5422 ἀσπασμὸν
981 5349 1172 5422 ἀνδρίας
1198 5348 1424 5402 ἐλθοῦσα
1449 5348 1573 5422 ,ίτὸ
1620 5351 1719 5420 τῆς
1760 5348 2030 5422 μαλακίας

462 5417 988 5493 ξπιτίμιονᾼδέχεται.
1028 5417 1094 5472 ’0⁷
1123 5420 1178 5472 δὲ
1225 5421 1602 5493 έγρηγορότως
1631 5417 1910 5493 μολυνθεὶς
1950 5425 2028 5493 εἰς

463 5487 849 5562 ξπτὰίὴμίέρας
897 5491 1138 5562 εἴργεται
1189 5487 1305 5560 τῆς
1334 5487 1644 5554 κοινωνίας,
1682 5492 1774 5562 τὸν
1817 5499 1856 5545 ν’
1905 5490 2027 5545 καθ’

723 5557 884 5630 ᾅδων,
915 5557 1005 5634 καὶ
1037 5557 1320 5634 μετανοίας
1343 5563 1509 5634 ποιῶν
1545 5563 1650 5634 μΘ’.
1679 5561 1911 5634 Joannes
1938 5580 2029 5616 au-

464 5635 564 5679 tem
597 5627 876 5702 flejunator
905 5632 987 5702 sic
1016 5627 1089 5685 ait
1119 5648 1131 5682 :
1174 5631 1416 5687 Pollutus
1443 5633 1497 5687 in
1522 5627 1702 5689 somno
1731 5649 1822 5702 per
1849 5633 2026 5688 ﬂuxus

464 5699 762 5765 passionem
807 5716 908 5754 uno
955 5701 1038 5754 die
1087 5702 1329 5770 rejicitur
1381 5720 1416 5756 a
1463 5699 1858 5763 communione.
1907 5719 2025 5756 cum

463 5769 946 5838 quinquagesimum
990 5769 1247 5838 psalmum
1285 5775 1562 5838 cecinerit,
1601 5784 1649 5829 et
1689 5775 2021 5848 paenitentiae

2139 4613 2305 4682 ρέτως
2329 4611 2619 4681 γινόμενοι,
2643 4610 2842 4681 ἔφησεν
2873 4610 2948 4672 ὼς
2973 4611 3020 4662 oi
3047 4609 3204 4664 τοῦτο
3231 4609 3507 4673 παθόντες,
3543 4610 3603 4663 τὸ
3631 4613 3713 4664 οἰ-

2132 4877 2256 4915 xux
2283 4861 2551 4930 peregerit.
2593 4859 2698 4924 Qui
2721 4875 2838 4913 vero
2862 4859 3135 4912 mollitiem
3167 4860 3449 4930 commisit,
3499 4874 3564 4912 ιι,
3595 4860 3707 4914 dies

2133 4927 2419 4996 plectitur,
2451 4931 2579 4983 cibis
2605 4930 2758 4982 siccis
2797 4945 3000 4983 vescens
3025 4969 3039 4989 ,
3067 4938 3114 4981 et
3152 4927 3383 4998 qualibet
3409 4930 3495 4982 die
3535 4934 3706 4996 prmi-

2135 5003 2328 5056 tentias
2355 5017 2383 5055 c
2408 5017 2676 5068 peragens.
2717 4999 2745 5053 1
2753 5002 2911 5054 tidem
2955 4999 3144 5051 mulier
3171 5015 3287 5068 qua:
3313 5000 3370 5051 in
3403 4999 3705 5068 amplexum

2132 5073 2232 5126 viri
2255 5071 2411 5135 venit,
2440 5071 2680 5124 mollitici
2700 5086 2904 5140 prauam
2935 5070 3145 5134 accipit.
3169 5070 3238 5121 At
3268 5071 3359 5138 qui
3385 5085 3604 5138 corpore
3627 5071 3709 5122 vi-

2132 5143 2331 5212 gilante
2357 5142 2587 5210 pollutus
2612 5153 2708 5203 est,
2736 5140 3154 5212 acommunione
3176 5148 3369 5207 septem
3399 5140 3583 5193 diebus
3610 5157 3705 5192 ar-

2132 5211 2571 5282 cetur,psalmum
2592 5227 2624 5266 ι.
2645 5211 2877 5282 quotidie
2901 5225 3112 5273 canens,
3137 5217 3186 5262 et
3212 5226 3334 5262 thx
3364 5212 3704 5282 pwnitmtias

2129 5279 2398 5353 peragens.
2428 5279 2966 5353 Harmeiiop.,_Epit._
2990 5294 3139 5353 ca_n.,
3169 5290 3299 5333 sect.
3335 5297 3387 5346 v,
3415 5281 3506 5353 tit.
3535 5281 3589 5332 ‘2.
3621 5279 3704 5353 De

2133 5348 2234 5408 hac
2257 5348 2321 5408 re
2346 5353 2548 5408 videsis
2573 5348 2736 5406 etiam
2774 5348 3000 5404 Joannis
3034 5348 3258 5405 Zonaras
3289 5352 3591 5406 orationem
3619 5350 3708 5403 in-

2131 5425 2386 5496 scriptam
2433 5424 2570 5496 πρὸς
2608 5425 2733 5496 τοὺς
2767 5421 2865 5496 τῂν
2896 5422 3145 5496 μφυ-σικὴν
3176 5419 3274 5496 τῇς
3307 5420 3704 5496 γονῇςᾼέκροὴν

2131 5488 2343 5616 μίασμα
2367 5488 2694 5616 ἡγουμένης.
2721 5493 2772 5572 in
2796 5488 2941 5544 Iuris
2967 5488 3537 5574 Graeco-Romaniilib.
3557 5488 3618 5555 v;
3647 5488 3704 5543 «ιι

2181 5565 2401 5616 heodori
2435 5564 2508 5616 Ba
2535 5578 2777 5616 samoms
2802 5576 3121 5616 resoonsum
3156 5562 3222 5616 ad
3257 5561 3423 5616 Muret
3454 5562 3663 5615 Alcxan
3683 5590 3700 5600 -

2181 5561 2777 5618 heodoriBalsamonis
2802 5576 3121 5629 responsum
3156 5562 3222 5616 ad
3257 5561 3423 5616 Marci
3454 5562 3663 5615 Alexan
3683 5590 3700 5600 -

2127 5634 2269 5688 drini
2313 5636 2571 5704 interrog.
2589 5634 2642 5688 9.
2699 5629 3001 5704 Utrubique
3041 5634 3184 5688 enim
3238 5632 3384 5687 hunc
3426 5646 3699 5686 canontim

2129 5705 2405 5760 laudatum
2437 5701 2700 5760 invenies.
2731 5701 2899 5757 αλιι..
