4058 6374
370 393 506 449 1289

1101 374 1486 446 EPISTTOLA
1524 369 1872 432 CANONlCA
1913 374 2004 429 AD
2042 367 2407 426 BASILIDEM
2450 370 2862 429 EPISCOPUM.

3473 365 3608 420 129C

344 508 509 562 ·κεῖον
543 504 777 568 συνειδὸς
804 502 993 575 κριτὴν
1020 500 1290 571 ἐχέτωσαν
1315 517 1327 528 ·
1363 498 1504 551 ὥστε
1538 497 1586 550 εί
1623 494 1723 566 μὲν
1752 496 1825 566 μή
1859 511 1933 546 τι-

2036 490 2274 561 judicem
2324 490 2560 546 habeant
2619 490 2896 562 propriam
2953 487 3384 546 conscientiam:
3450 494 3512 540 ut
3563 480 3613 542 si

364 614 452 662 νος
484 594 786 666 ὲμπαθείας
817 591 1305 666 προϋποκειμένης,
1327 587 1524 659 συνέϐη
1549 588 1730 650 αὐτοῖς
1752 586 1928 651 τοῦτο,

300 733 336 765 λ
362 679 679 760 αὐτομάτως
729 687 826 757 τῆς
867 683 1080 754 φύσεως
1128 681 1454 754 ὲκκρινάσης
1493 680 1568 744 ὡς
1615 680 1931 750 περίττωμα

361 779 458 852 τὴν
510 778 725 850 ἐκροήν,
758 778 858 830 ούκ
905 775 1385 846 ὲμποδισθήσονται
1429 771 1537 825 τῶν
1577 769 1931 840 ἀγιασμάτων

333 899 337 904 τ
366 870 704 942 μεταλαϐεῖν.
742 870 804 921 Εἰ
836 868 891 920 δέ
921 884 1032 920 τισι
1065 865 1410 937 προϋπῆρξεν
1451 863 1509 930 ὲξ
1537 862 1813 933 έμπαθοῦς
1844 862 1932 915 λο-

361 959 558 1031 γισμοῦ
591 958 875 1029 ἐπιθυμία,
901 961 992 1012 καὶ
1016 957 1190 1030 ταύτῃ
1223 955 1653 1028 ἐπηκολούθησεν
1686 954 1871 1026 ὲκροὴ,
1897 955 1930 1025 ἢ

367 1053 420 1118 ἑξ
449 1053 714 1124 ἀκρασίας
737 1051 1038 1123 βρωμάτων
1075 1051 1168 1104 καὶ
1202 1052 1411 1114 πόσεως
1447 1050 1639 1120 συνέϐη
1683 1049 1861 1114 τοῦτο,
1884 1050 1931 1102 οί

367 1143 590 1198 τοιοῦτοι
611 1131 709 1198 οὒκ
731 1137 836 1197 εἰσὶ
855 1143 1081 1215 καθαροί
1103 1159 1116 1172 ·
1146 1142 1207 1195 ού
1236 1142 1323 1194 διὰ
1345 1141 1442 1211 τὴν
1469 1141 1621 1212 ρὖιν
1644 1140 1737 1194 τοῦ
1766 1142 1933 1214 σπέρ-

320 1257 323 1297 1
365 1253 531 1307 ματος
564 1234 660 1307 (οὐ
695 1235 802 1307 γὰρ
831 1235 1136 1310 ἀκάθαρτον
1181 1232 1357 1302 τοῦτο,
1391 1231 1513 1285 ἐπεὶ
1559 1232 1691 1304 μηδὲ
1724 1232 1756 1302 ἡ
1797 1230 1934 1303 σὰρξ

362 1328 423 1395 ἐξ
443 1321 510 1399 ἧς
538 1329 709 1381 έκεῖνο
733 1327 1052 1398 περίττωμα
1075 1326 1113 1394 ),
1149 1325 1283 1380 ἀλλά
1313 1325 1400 1378 διὰ
1427 1324 1490 1377 τὸ
1520 1324 1751 1395 πονηρὸν
1780 1321 1932 1376 ἐνθύ-

364 1413 485 1490 μιον
514 1421 648 1492 ὅπερ
677 1419 898 1490 ὲμόλυνε
922 1421 1018 1492 τὴν
1043 1419 1298 1483 διάνοιαν.
1317 1418 1374 1470 Ὀ
1402 1416 1531 1486 γοῦν
1561 1415 1816 1480 τοιοῦτος,
1833 1415 1932 1468 οὐκ

359 1513 749 1584 εὐσυνείδητος,
787 1510 1076 1565 κάντεῦθεν
1106 1511 1211 1564 οὐδ’
1244 1511 1711 1582 εύπαρρησίαστος
1750 1511 1829 1572 είς
1872 1508 1932 1562 τὸ

361 1603 675 1675 προσελθεῖν
694 1603 775 1676 τῷ
795 1603 931 1674 Θεῷ.
951 1597 1172 1672 Ἐπάγει
1194 1603 1250 1658 δὲ
1274 1603 1367 1656 καὶ
1395 1603 1494 1673 τὴν
1523 1601 1717 1676 χρῆσιν
1746 1603 1810 1655 ὲκ
1837 1601 1930 1655 τοῦ

363 1673 602 1766 μεγάλου
636 1673 847 1749 [έκύλου
881 1673 1188 1767 γράψαντος
1230 1695 1356 1766 περὶ
1397 1693 1505 1747 τῶν
1543 1673 1927 1757 εἰδωλοθύτων,

357 1791 440 1842 ὅτι
474 1792 507 1842 ό
539 1788 1000 1858 διακρινόμενος,
1031 1788 1140 1842 ἐὰν
1159 1786 1339 1858 φάγῃ,
1372 1785 1798 1854 κατακέκριται.
1825 1786 1932 1838 Πε-

2038 584 2186 638 nulla
2212 583 2553 654 praecedente
2586 584 2755 638 animi
2787 581 3196 654 perturbatione
3222 580 3328 636 hoc
3350 577 3431 635 eis
3457 580 3612 634 ‘acci-

2036 674 2209 740 derit,
2244 683 2439 729 natura
2472 689 2572 730 sua
2605 683 2796 745 Sponte
2833 674 2974 728 hanc
3009 671 3304 726 ﬂuxionem
3345 679 3607 740 tanquam

2037 776 2441 824 excrementum
2498 776 2860 844 excernente.
2921 779 3030 820 non
3078 763 3439 832 impedientur
3488 777 3610 816 esse

2038 869 2500 914 sacramentorum
2557 845 2872 930 participes.
2926 854 2982 910 Si
3039 855 3240 924 quibus
3303 866 3484 909 autem
3540 867 3605 906 ex

2040 952 2271 1008 rationis
2319 953 2725 1022 perturbatione
2765 950 3084 1020 praeexstitit
3126 948 3414 1018 cupiditas,
3464 962 3603 1002 eam-

2038 1043 2145 1113 que
2177 1045 2396 1099 eﬂluxio
2426 1052 2718 1100 consecuta
2751 1043 2841 1108 sit,
2871 1042 2953 1096 vel
2978 1056 3044 1097 ex
3072 1042 3318 1096 ciborum
3340 1051 3608 1112 potusque

1978 1135 1984 1139 ’
2039 1136 2454 1206 intemperantia
2487 1138 2590 1192 hoc
2627 1135 2888 1198 evenerit,
2942 1134 2977 1188 ii
3007 1133 3126 1204 puri
3156 1149 3268 1188 non
3300 1143 3463 1200 sunt;
3496 1148 3606 1188 non

2042 1238 2262 1297 propter
2291 1229 2496 1284 ﬂuxum
2531 1230 2755 1285 seminis
2787 1229 2915 1298 (non
2946 1236 3031 1283 est
3059 1226 3203 1280 enim
3235 1225 3339 1281 hoc
3369 1226 3607 1280 immun-

2037 1319 2189 1386 dum,
2219 1321 2358 1376 sicut
2395 1337 2497 1376 nec
2521 1337 2683 1386 caro,
2715 1320 2874 1390 cujus
2915 1328 3000 1375 est
3025 1319 3476 1385 excrementum),
3510 1317 3606 1372 sed

2037 1422 2256 1481 propter
2285 1413 2480 1467 malam
2525 1414 2929 1485 cogitationem,
2955 1428 3078 1482 qua:
3112 1420 3346 1466 mentem
3389 1411 3601 1480 polluit.

2036 1502 2141 1568 Qui
2189 1504 2354 1574 igitur
2402 1514 2485 1560 est
2523 1505 2814 1576 ejusmodi,
2860 1520 2968 1558 non
3011 1504 3173 1560 habet
3221 1505 3419 1558 bonam
3467 1518 3604 1557 con-

2037 1594 2347 1660 scientiam,
2397 1603 2452 1649 et
2489 1610 2596 1648 non
2636 1594 2799 1649 habet
2843 1593 2965 1648 ideo
2990 1599 3308 1663 potestatem
3341 1590 3407 1645 ad
3433 1589 3601 1644 Deum

2036 1687 2348 1742 accedendi.
2405 1687 2697 1758 Subjungit
2742 1696 2924 1742 autem
2975 1694 3030 1741 et
3078 1701 3144 1741 ex
3193 1698 3392 1754 magno
3432 1682 3604 1737 Paulo

2039 1781 2384 1847 sententiam,
2429 1780 2526 1851 qui
2575 1780 2793 1852 scripsit
2837 1780 2905 1835 de
2948 1779 3281 1848 idolothytis,
3326 1777 3472 1848 quod
3515 1777 3608 1847 qui

362 1879 417 1949 p‘t
443 1878 498 1931 δὲ
531 1880 629 1950 τῆς
651 1877 742 1932 τοῦ
778 1875 1091 1950 σπέρματος
1117 1877 1376 1950 ρεύσεως,
1408 1877 1560 1947 ζήτει
1589 1877 1680 1930 καὶ
1711 1875 1806 1929 τοῦ
1844 1893 1933 1947 με·

2035 1871 2277 1936 dubitat,
2323 1871 2369 1925 si
2413 1871 2734 1938 comederit,
2775 1871 3151 1924 condemnatus
3195 1879 3293 1923 est.
3338 1867 3414 1924 De
3456 1867 3606 1922 ﬂuxu

357 1970 525 2038 γάλου
571 1970 884 2026 Ἀθανασίου
939 1970 1224 2042 ἐπιστολὴν
1276 1971 1412 2041 πρὸς
1464 1969 1704 2040 Ἀμμοῦν
1762 1968 1928 2039 μονά-

358 2061 542 2126 ζοντα.

428 2153 670 2206 ΖΩΝΑΡ.
711 2153 1016 2232 καὶταῦτα
1053 2153 1189 2225 πρὸς
1221 2150 1488 2224 ἐρώτησιν
1516 2152 1543 2203 ὁ
1577 2152 1763 2223 Πατὴρ
1797 2152 1931 2204 ἀπο-

358 2244 965 2317 κρίνεται.Ἐρωτηθεὶς
994 2244 1102 2316 γὰρ
1129 2246 1176 2297 εί
1201 2243 1280 2298 δεῖ
1307 2246 1434 2307 τοὺς
1474 2245 1531 2296 ὲν
1573 2235 1724 2316 ῥύσει
1767 2243 1932 2314 σπέρ-

362 2353 530 2406 ματος
556 2337 877 2406 γενομένους
892 2336 1285 2409 ἀπροαιρέτως,
1303 2335 1409 2390 τῶν
1423 2325 1773 2406 ἀγιασμᾶτων
1801 2353 1930 2406 μετ-

359 2429 523 2498 ἐχειν,
555 2429 658 2501 ἔφη
691 2430 792 2492 ὅτι,
823 2431 885 2483 Οί
915 2429 1073 2483 τοῦτο
1104 2429 1386 2494 παθόντες,
1443 2428 1519 2500 τῷ
1546 2429 1730 2499 οἰκείῳ
1759 2445 1932 2481 συνει-

261 2574 265 2579 ,
354 2521 467 2576 δότι
500 2521 1061 2576 κατακολουθείτωσαν
1090 2539 1102 2552 ·
1137 2523 1303 2594 ἤγουν
1346 2521 1407 2575 τὸ
1449 2520 1683 2585 συνειδὸς
1734 2521 1932 2592 ἐχέτω-

327 2676 332 2680 ,
361 2630 460 2668 σαν
509 2613 602 2668 τοῦ
657 2616 975 2686 πράγματος
1009 2615 1286 2686 δικαστὴν,
1316 2615 1415 2688 τὴν
1446 2614 1650 2669 οἰκείαν
1691 2614 1930 2686 δηλονότι

356 2707 780 2761 διάνοιαν.Ὤστε
813 2710 860 2760 εἰ
894 2708 966 2778 μή
1003 2725 1147 2772 τινος
1188 2707 1490 2779 ὲμπαθείας
1530 2708 1931 2780 προϋποκειμέ-

357 2817 457 2871 νης
486 2799 825 2871 συμϐέϐηκεν
857 2800 1175 2870 αὐτομάτως
1217 2803 1250 2871 ἡ
1293 2801 1391 2872 τῆς
1421 2799 1586 2870 γονῆς
1613 2799 1799 2872 ὲκροὴ,
1831 2799 1930 2870 τῆς

277 2877 290 2892 ’
359 2885 756 2964 φύσεωςαύτὴν
789 2887 864 2950 ὡς
895 2886 1215 2964 περίττωμα
1246 2889 1576 2961 ὲκκρινάσης
1597 2906 1609 2919 ·
1633 2889 1666 2960 ἢ
1689 2891 1736 2942 εί
1763 2889 1836 2960 μὴ
1865 2889 1932 2942 ὲκ

358 2959 640 3048 παροινίας
664 2978 757 3030 καὶ
785 2976 846 3041 ἐξ
871 2959 1207 3048 ἀδδηφαγίας
1227 2959 1462 3049 ἐγένετο,
1484 2959 1582 3034 ούκ
1604 2959 1932 3053 ἐμποδισθή-

323 3074 332 3080 ’
360 3081 508 3120 σεται
547 3069 575 3121 ὁ
608 3067 761 3121 τοῦτο
792 3066 978 3122 παθὼν
1009 3069 1084 3140 τῷ
1110 3070 1248 3140 ἁγίῳ
1282 3071 1601 3144 προσελθεῖν
1633 3071 1928 3146 ﬂuctuam-

323 3218 328 3224 _
359 3155 459 3228 ρίῳ
480 3174 494 3188 ·
546 3159 594 3211 εἰ
646 3159 703 3214 δέ
750 3176 833 3223 τις
866 3159 1215 3232 προϋπῆρξεν
1243 3162 1492 3234 ἐμπαθὴς
1523 3162 1798 3234 λογισμὸς,
1835 3163 1930 3218 καὶ

317 3240 512 3335 ..οὗτος
563 3249 1012 3323 ἐμφιλοχωρησας
1055 3254 1119 3323 τῇ
1160 3252 1368 3325 διανοίᾳ
1411 3253 1596 3319 αὐτοῦ,
1634 3256 1935 3324 φαντασίαν

356 3340 629 3412 ἐπήνεγκε
649 3345 987 3415 νυκτερινὴν,
1005 3345 1098 3398 καὶ
1127 3345 1295 3418 ταύτῃ
1319 3347 1756 3418 ἐπηκολούθησεν
1776 3349 1810 3420 ἡ
1836 3350 1935 3421 τῆς
1976 3337 1985 3345 ”

356 3433 521 3503 γονῆς
552 3433 737 3504 ἐκροὴ,
773 3436 866 3487 καὶ
891 3433 950 3499 ἐξ
982 3436 1249 3506 ἀκρασίας
1282 3437 1582 3509 βρωμάτων
1612 3439 1704 3492 καὶ
1727 3439 1936 3512 πόσεως

359 3522 554 3593 συνέϐη
575 3539 588 3551 ·
625 3524 652 3575 ὁ
684 3523 921 3588 τοιοῦτος
951 3526 1009 3578 οὐ
1045 3525 1282 3594 καθαρός
1315 3529 1484 3590 ἐστιν,
1517 3528 1577 3581 οὐ
1611 3528 1697 3580 διά
1723 3528 1819 3599 τὴν
1848 3529 1937 3600 p6-

361 3631 444 3668 σιν
494 3609 588 3668 τοῦ
641 3617 953 3688 σπέρματος
999 3619 1098 3689 (οὐ
1132 3619 1238 3690 γὰρ
1269 3619 1575 3690 ἀκάθαρτον
1603 3619 1778 3686 τοῦτο,
1812 3621 1936 3674 ἐπεὶ

364 3711 461 3782 μὲν
494 3711 614 3763 οὐδὲ
646 3713 679 3782 ή
706 3711 841 3783 σάρξ
871 3708 938 3788 ἦς
970 3713 1144 3766 έκεῖνο
1179 3713 1557 3786 περίττωμα),
1593 3714 1728 3768 ἀλλά
1755 3715 1842 3769 διὰ
1873 3718 1936 3771 τὸ

358 3803 595 3874 πονηρὸν
627 3804 896 3876 ἐνθύμιον,
923 3806 1059 3878 ὅπερ
1091 3805 1315 3877 έμόλυνε
1332 3807 1430 3877 τὴν
1445 3806 1701 3861 διάνοιαν.
1719 3807 1776 3861 '0
1806 3808 1935 3877 γοῦν

355 3894 596 3960 τοιοῦτος
626 3897 725 3950 ούκ
762 3899 1149 3970 εὐωνεὶδητος,
1186 3899 1478 3953 κάντεῦθεν
1513 3899 1620 3954 οὐδ’
1653 3901 1936 3974 εὐπαρρη-

359 3989 576 4052 σίαστος
607 3989 694 4042 διὰ
724 3989 785 4042 τὺ
819 3989 948 4043 ἴδιον
976 3989 1242 4060 ἐνθύμιον.
1279 3989 1403 4054 Πῶς
1441 3987 1534 4044 οὗν
1578 3992 1934 4062 προσελεύσε-

359 4078 550 4151 ταιτῷ
577 4079 696 4151 Θεῷ
725 4080 1158 4152 διακρινόμενοςς
1196 4081 1419 4147 Ἐπάγει
1443 4081 1499 4136 δὲ
1530 4082 1624 4135 καὶ
1653 4084 1846 4154 χρῆσιν
1872 4086 1937 4138 ὲκ

357 4169 454 4225 τοῦ
500 4171 736 4243 μεγάλου
768 4171 980 4226 Παύλου
1019 4173 1326 4242 γράψαντος
1358 4175 1484 4244 περῖ⁵
1513 4173 1623 4228 τῶν
1659 4175 1938 4229 εἰδωλοθύ-

359 4281 490 4328 των,
516 4263 598 4316 ὅτι
645 4262 1090 4333 διακρινόμενος
1133 4265 1241 4318 ἐὰν
1281 4263 1464 4334 φάγῃ,
1499 4266 1933 4336 κατακέκριται.

360 4355 496 4426 Περὶ
544 4355 602 4409 δὲ
649 4355 749 4427 τῆς
791 4355 884 4410 τοῦ
933 4357 1241 4430 σπέρματος
1272 4357 1508 4428 ῥεύσεως
1545 4359 1640 4412 καὶ
1683 4361 1710 4414 ό
1763 4352 1937 4430 μέγας

371 4446 687 4512 Ἀθανάσιος
738 4447 988 4514 πλατέως
1026 4449 1261 4521 ἔγραψεν
1310 4450 1447 4523 πρὸς
1490 4450 1734 4522 ’Δμμοῢν
1773 4453 1937 4525 μονά-

359 4537 536 4606 ζοντα.

643 5911 892 5968 Parnm.
949 5907 1062 5967 Gn.

2036 1970 2218 2016 autem
2269 1961 2536 2027 seminis,
2589 1975 2772 2032 quaere
2824 1960 3007 2031 magni
3057 1974 3278 2030 quoque
3321 1959 3607 2015 Athanasii

2035 2050 2322 2122 epistolam
2359 2052 2426 2106 ad
2455 2052 2710 2107 Ammum
2743 2055 3096 2107 monachum.

2111 2145 2314 2200 Zorua.
2355 2144 2455 2199 llic
2488 2159 2709 2216 quoque
2737 2142 3036 2214 praeposita:
3080 2142 3492 2215 interrogationi
3524 2161 3610 2200 re-

2016 2236 2269 2308 spondet
2297 2236 2476 2291 Patei'.
2525 2235 2768 2306 Rogatus
2801 2249 3038 2304 namque
3071 2249 3138 2289 an
3174 2235 3334 2291 liceat
3379 2238 3448 2292 iis
3486 2239 3612 2308 qui-
3681 2225 3686 2230 ’

2039 2330 2142 2385 bus
2187 2329 2411 2385 seminis
2464 2330 2644 2383 ﬂuxus
2693 2344 2800 2382 non
2849 2336 3043 2396 sponte
3087 2329 3388 2399 contingit,
3438 2332 3611 2388 sacris

2036 2421 2443 2477 communicare
2470 2419 2778 2491 mysteriis,
2825 2419 3107 2488 respondit
3149 2435 3164 2472 :
3208 2419 3312 2486 Qui
3361 2421 3465 2477 hoc
3513 2438 3610 2492 pa-

2037 2513 2278 2579 tiuntur,
2337 2511 2614 2583 propriam
2663 2519 2964 2581 sequantur
3015 2511 3434 2579 conscientiam,
3503 2514 3610 2569 hoc

2035 2615 2140 2671 est,
2188 2604 2316 2660 facti
2365 2605 2605 2675 judicem
2658 2611 2902 2659 statuant
2953 2603 3383 2668 conscientiam,
3444 2622 3624 2660 suum,

2036 2699 2285 2753 videlicet
2337 2697 2580 2752 animum
2641 2711 2707 2751 ac
2763 2703 3039 2762 mentem;
3094 2700 3170 2752 ita
3207 2707 3268 2752 ut
3311 2699 3355 2752 si
3390 2698 3607 2768 quidem

2036 2791 2186 2847 nulla
2231 2788 2520 2845 affectione
2558 2788 2968 2858 praegrediente,
3001 2790 3144 2844 ultro
3177 2789 3402 2844 seminis
3428 2790 3608 2846 ﬂuxus

2037 2883 2241 2947 evenit,
2287 2881 2456 2937 veluti
2505 2880 2840 2950 superﬂuum
2888 2882 3017 2952 quid
3069 2883 3247 2950 ipsum
3285 2895 3612 2939 excernente

2037 2984 2235 3032 natura
2263 3015 2277 3039 ,
2336 2987 2515 3045 neque
2550 2974 2625 3028 illi
2661 2990 2878 3029 causam
2908 2975 3201 3030 vinolentia
3238 2975 3318 3030 vel
3349 2977 3612 3047 gulositas

2037 3065 2290 3139 prtebuit,
2319 3067 2386 3122 ad
2414 3074 2665 3120 sanctum
2703 3066 2874 3120 altare
2921 3067 3178 3122 accedere
3203 3067 3296 3137 qui
3329 3067 3379 3122 id
3411 3083 3612 3138 passus

2037 3167 2140 3223 est,
2176 3157 2602 3227 haudquaquam
2644 3156 2950 3222 vetabitur;
3002 3155 3048 3210 si
3093 3171 3223 3211 vero
3257 3156 3474 3211 mollior
3508 3155 3611 3209 ali-

2037 3263 2146 3320 qua
2186 3247 2445 3320 cogitatio
2490 3247 2802 3317 praecessit,
2841 3261 3016 3317 eaque
3059 3247 3225 3301 menti
3261 3247 3467 3301 diutius
3513 3246 3614 3301 ob-

2037 3351 2254 3398 versata
2303 3349 2628 3396 nocturnam
2679 3341 2913 3410 speciem
2962 3341 3196 3406 induxit,
3229 3357 3394 3411 quam
3423 3349 3612 3410 postea

2035 3439 2265 3496 seminis
2306 3438 2486 3492 ﬂuxus
2528 3447 2614 3492 est
2647 3446 2996 3502 consecutus,
3046 3445 3208 3506 atque
3259 3452 3328 3491 ex
3378 3435 3617 3508 incoqti-

2037 3533 2223 3589 nentia
2272 3532 2520 3587 ciborum
2563 3540 2617 3586 et
2646 3531 2880 3602 potionis
2931 3531 3128 3597 evenit,
3171 3532 3315 3586 haud
3359 3540 3441 3586 est
3463 3532 3615 3602 ejus-

2036 3624 2182 3680 modi
2217 3625 2381 3679 homo
2421 3639 2590 3695 purus
2617 3667 2632 3690 ,
2671 3640 2778 3678 non
2827 3625 2898 3679 ob
2926 3622 3200 3679 deﬂuxum
3241 3624 3465 3681 seminis
3500 3626 3617 3698 (ne-

2036 3731 2143 3787 que
2168 3715 2314 3770 enim
2343 3715 2449 3771 hoc
2478 3716 2773 3786 impurum,
2801 3715 3241 3785 quandoquidem
3269 3730 3370 3770 nec
3401 3717 3615 3786 impura

2038 3825 2188 3876 caro,
2222 3811 2380 3878 cujus
2409 3809 2512 3864 hoc
2533 3808 2985 3877 excrementum),
3016 3806 3108 3874 sed
3131 3807 3202 3861 ob
3227 3805 3613 3877 cogitationem

2037 3880 2285 3970 pravam,
2327 3915 2448 3968 quae
2491 3900 2736 3952 animum
2785 3897 3112 3968 inquinavit.
3169 3895 3288 3951 Non
3321 3907 3405 3952 est
3431 3898 3617 3967 itaque

2039 3991 2130 4045 hic
2178 3990 2383 4044 nullius
2437 3989 2541 4044 sibi
2589 3989 2846 4043 conscius
2897 3989 3070 4051 labis,
3123 3987 3461 4057 proindeque
3514 4003 3617 4043 nec

2036 4082 2194 4150 plena
2252 4081 2332 4135 illi
2378 4081 2595 4146 fiducia,
2647 4081 2720 4136 ob
2752 4096 2905 4136 suam
2951 4081 3325 4150 cupiditatem.
3371 4079 3486 4145 Qua
3523 4095 3616 4134 ra-

2038 4172 2186 4227 tione
2225 4172 2389 4243 igitur
2417 4171 2530 4226 Deo
2563 4171 3021 4242 appropinquabit
3053 4171 3350 4226 dubitans?
3381 4169 3616 4240 Subjicit

2040 4281 2260 4336 quoque
2315 4265 2497 4336 magni
2555 4263 2709 4319 Pauli
2763 4265 3128 4330 sententiam,
3176 4263 3243 4318 de
3300 4264 3614 4337 idolothytis

2038 4357 2349 4421 scribentis,
2387 4357 2530 4426 quod
2568 4359 2615 4410 si
2643 4358 2892 4411 dubitans
2932 4356 3190 4422 comedat,
3236 4360 3612 4410 condemnatus

2037 4461 2136 4504 est.
2186 4449 2356 4505 Porro
2401 4451 2468 4504 de
2511 4449 2736 4504 seminis
2789 4447 3057 4515 ﬂuxione,
3110 4463 3342 4520 magnus
3393 4451 3616 4518 quoque

2039 4542 2371 4596 Athanasius
2419 4540 2605 4595 multis
2652 4540 2834 4596 verbis
2872 4541 2939 4596 ad
2965 4541 3230 4609 ,Ammum
3282 4535 3612 4624 monachum

2037 4635 2275 4702 scripsit.
2504 4703 2526 4739 ι

3317 5875 3385 5934 ιιι
