4058 6412
452 359 583 416 1291

1443 366 1499 421 S.
1542 365 1836 423 DlONYSll
1869 366 2180 424 EPISCOPI
2217 368 2690 427 ALEXANDBINI

3544 360 3686 410 ’1333

458 604 3653 664 -============——‘——=——=,——=—————_?_—============

1376 775 1380 779 ί
1477 803 2697 1091 DIONYSII

918 1160 1789 1319 EPISCOPI
1913 1158 2687 1318 ALEXAN
2693 1168 3153 1321 DRIN
3159 1169 3228 1319 Ι

1783 1428 1949 1496 ρυλε
1990 1428 2405 1487 SUPERSUNT

974 1612 1623 1743 OPEBUM
1736 1613 1936 1736 ET
2049 1609 3175 1744 EPISTOLARUM

1796 2024 2147 2139 PARS
2254 2025 2357 2137 ΙΙ

1025 2248 1098 2309 In
1161 2264 1289 2327 qua
1346 2246 1759 2309 continentur
1791 2245 2095 2325 Epistolaa
2124 2245 2260 2309 sive
2293 2244 2714 2323 epistolarum
2751 2246 3126 2326 fragmenta.

1309 2561 1645 2619 EPISTOLA
1680 2562 1717 2617 Ι.
1749 2593 1819 2603 —
1856 2564 1948 2617 AD
1982 2560 2321 2621 DOMITIUM
2355 2560 2443 2615 ET
2480 2558 2812 2615 DIDYMUM.

1692 2723 2056 2789 (Euseb.,Hist.
2081 2724 2180 2777 ccci
2207 2763 2220 2787 ,
2258 2738 2338 2785 vn,
2368 2725 2467 2788 11.)

514 3036 555 3095 l.
594 3036 825 3095 Nostros
853 3050 981 3093 vero
1013 3035 1325 3109 (martyres)
1359 3032 1697 3104 superﬂuum
1729 3040 1813 3088 est
1840 3030 2010 3087 nomi-

2187 3029 2265 3080 A'.
2298 3025 2435 3089 Τοὺς
2463 3025 2521 3079 δὲ
2549 3021 2854 3096 ἡμετέρους
2887 3020 3113 3085 πολλούς
3140 3038 3199 3075 τε
3226 3019 3389 3087 ὄντας
3414 3024 3510 3079 καὶ
3531 3021 3705 3099 άγνῶο

443 3133 614 3189 natim
644 3145 950 3195 recensere,
983 3143 1108 3186 cum
1138 3134 1192 3183 et
1210 3125 1431 3196 plurimi
1460 3125 1569 3179 sint
1598 3132 1652 3178 et
1678 3122 1835 3178 vobis
1858 3122 2015 3193 igno-

441 3228 501 3283 ti.
541 3223 599 3281 ld
634 3232 847 3281 tantum
873 3224 929 3279 in
962 3222 1281 3279 universum
1317 3218 1458 3275 scire
1489 3231 1586 3273 vos
1614 3212 1901 3279 convenit,
1928 3214 2013 3268 vi-

439 3332 529 3374 ros
556 3326 611 3373 et
637 3317 894 3373 mulieres
914 3358 928 3382 ,
954 3315 1182 3386 juvenes
1211 3328 1276 3367 ac
1314 3326 1472 3366 senes
1490 3348 1505 3374 ,
1537 3309 1744 3379 puellas
1766 3316 1820 3362 et
1851 3322 2010 3372 anus,

440 3410 641 3466 milites
669 3424 735 3464 ac
766 3422 1039 3480 paganos,
1066 3421 1134 3459 ex
1163 3403 1310 3459 omni
1336 3401 1570 3471 denique
1603 3400 1885 3455 hominum
1917 3414 2013 3468 ge-

438 3518 569 3557 nere
600 3511 764 3571 atque
796 3508 973 3563 aetate,
1005 3498 1144 3552 alios
1171 3496 1460 3565 ﬂagrorum
1488 3492 1807 3547 verberibus
1828 3531 1843 3549 .
1875 3490 2012 3544 alios

438 3592 569 3647 ferri
614 3591 767 3655 acie,
802 3589 937 3644 alios
970 3587 1187 3657 ignibus
1221 3585 1274 3639 in
1307 3582 1603 3638 certamine
1634 3579 1903 3650 superatis
1927 3593 2016 3633 co-

436 3697 609 3739 ronas
641 3681 915 3737 retulisse.
971 3677 1258 3733 Nonnullis
1304 3690 1435 3730 vero
1463 3673 1844 3744 longissimum
1877 3680 2013 3725 tem-

436 3774 588 3846 poris
621 3772 857 3844 spatium
892 3786 1001 3825 non
1034 3768 1168 3823 satis
1203 3767 1303 3821 fuit
1335 3765 1403 3821 ad
1435 3766 1573 3830 hoc,
1626 3771 1685 3819 ut
1710 3760 1820 3817 Deo
1855 3776 2011 3816 acce-

435 3866 664 3939 ptabiles
691 3863 1005 3919 viderentur
1040 3880 1055 3915 :
1090 3859 1251 3915 sicuti
1280 3873 1381 3913 nec
1408 3856 1542 3912 mihi
1574 3857 1628 3910 in
1662 3855 1809 3909 hunc
1839 3867 2013 3923 usque

436 3961 603 4015 diem.
669 3955 891 4012 Scilicet
921 3955 978 4010 in
1010 3953 1159 4009 aliud
1187 3961 1550 4023 Opportunum
1583 3957 1831 4017 tempus,
1865 3946 2013 4017 quod

434 4052 537 4122 ipsi
564 4050 736 4121 probe
772 4049 1059 4121 cognitum
1090 4053 1173 4102 est
1193 4087 1208 4113 ,
1258 4059 1346 4098 me
1375 4042 1587 4098 distulit
1617 4040 1884 4096 Dominus
1917 4039 2012 4109 qui

432 4142 567 4196 dicit
613 4160 626 4195 :
664 4138 729 4195 In
761 4149 988 4209 tempore
1017 4145 1229 4208 accepto
1256 4134 1504 4189 exaudiui
1534 4143 1603 4201 te,
1645 4143 1694 4188 et
1727 4134 1782 4187 in
1817 4133 1902 4186 die
1923 4147 2013 4186 sa-

434 4231 563 4286 lutis
598 4230 893 4302 opitulata;
923 4244 1040 4282 sum
1072 4227 1166 4280 (ibi
1198 4228 1263 4279 δ’.

503 4324 567 4379 11.
617 4324 693 4380 De
718 4326 884 4380 rebus
915 4332 1094 4378 autem
1129 4322 1334 4377 nostris
1364 4318 1805 4392 quandoquidem
1829 4316 2012 4373 scisci-

432 4416 657 4483 tamini,
691 4431 757 4470 ac
797 4415 1060 4470 certiores
1091 4411 1209 4467 ﬁeri
1250 4412 1413 4468 vultis
1455 4425 1565 4482 quo
1599 4411 1653 4465 in
1701 4417 1844 4465 statu
1880 4424 2011 4478 aga-
2040 4399 2085 4460 Β

431 4521 591 4574 mus;
647 4506 931 4561 audivistis
984 4505 1203 4575 quidem
1254 4505 1514 4570 omnino,
1551 4516 1661 4573 quo
1690 4510 1848 4571 pacto
1873 4516 2007 4561 cum

431 4615 533 4673 ego
565 4608 619 4655 et
649 4598 819 4655 Caius
851 4608 905 4653 et
931 4597 1165 4653 Faustus
1197 4612 1322 4653 cum
1365 4596 1526 4652 Petro
1556 4607 1610 4651 et
1638 4594 1810 4650 Paulo
1843 4596 2007 4651 vincti

501 4731 549 4762 “
589 4730 693 4786 lsa.
726 4744 876 4798 xux,
899 4730 952 4783 8.

501 4846 611 4918 (65)
668 4845 842 4918 Ἐπεὶᾷ
872 4843 1297 4918 θιυρνῄθάνιεσθᾳιΣ
1344 4842 1526 4918 ςοόεχ
1556 4843 1693 4899 Med.
1718 4878 1751 4911 ,ν
1784 4843 1921 4918 Fuk.
1954 4853 2007 4898 et

427 4913 568 4972 Man;
596 4913 805 4971 habent
828 4914 1016 4986 ἐπειδὴ
1049 4933 1107 4969 π.
1132 4916 1239 4986 ,καὶ
1273 4913 1579 4984 βούλεσθαι,
1605 4925 1660 4971 et
1692 4916 1855 4985 paulo
1885 4924 2007 4984 post

420 4986 812 5066 ἀπαγομένοις
843 5001 941 5054 pro
968 4985 1311 5066 ἀγομένους..
1326 4986 1525 5066 VaLss.

498 5054 629 5129 (66f
650 5057 762 5111 Καὶ
795 5054 1164 5129 στρατηγῶν.
1207 5054 1355 5129 Male;
1384 5055 1856 5129 interpretes__hoc
1884 5055 2006 5110 loco

419 5125 601 5182 duces
630 5128 971 5197 interpretati
1014 5136 1175 5194 sunt;
1202 5127 1380 5197 quod
1402 5137 1487 5181 est
1518 5125 2004 5197 absurdissimum.

418 5200 537 5254 (Zur
563 5200 710 5254 enim
752 5195 1002 5268 pluribus
1033 5213 1172 5268 opus
1205 5206 1322 5251 crat
1352 5195 1583 5251 ducibus
1618 5196 1686 5250 ad
1734 5195 2008 5268 deducen-

418 5272 556 5323 dum
585 5266 902 5341 Dionysium
937 5269 1005 5341 in;
1029 5266 1283 5341 eisilium
1304 5307 1320 5331 ,
1347 5281 1472 5341 cum
1501 5282 1644 5341 unus
1668 5273 1878 5341 tantum
1904 5266 2005 5320 ad-

426 5347 575 5394 esset
614 5336 899 5394 centurio?
945 5336 1092 5394 Vidit
1135 5339 1277 5392 hanc
1317 5336 1707 5391 absurditatem
1751 5336 2002 5391 Christo-

423 5410 759 5482 phorsonus,
772 5424 948 5482 eaque
971 5410 1040 5464 de
1055 5424 1224 5482 causa
1241 5422 1341 5476 pro
1358 5406 1681 5479 στρατηγῶν
1695 5408 2006 5482 emendavit

427 5475 735 5550 στρατηγοῦ
748 5475 766 5546 ⁷,
812 5475 875 5534 (δι’
903 5479 1087 5550 ducem
1121 5475 1509 5550 interpretatus
1540 5475 1671 5550 est.
1692 5475 1801 5531 Sed
1827 5492 2005 5546 neque

426 5546 535 5604 hoc
569 5546 731 5604 modo
762 5549 1152 5605 absurditatem
1184 5549 1359 5602 vitare
1401 5548 1595 5618 potuit.
1627 5546 1815 5616 Neque
1856 5550 2003 5618 enim

426 5621 539 5674 dux
590 5618 713 5689 ipse
755 5634 879 5689 reos
924 5620 981 5673 in
1018 5620 1271 5674 exsilium
1304 5616 1575 5673 deducere
1617 5619 1848 5673 solebat.
1899 5616 2004 5672 Sed

426 5688 743 5758 huiusmodi
773 5688 1009 5744 ofﬁcium
1042 5690 1403 5743 mandabatur
1436 5689 1744 5744 centurioni
1769 5697 1862 5743 aut
1891 5690 2004 5757 spi-

425 5759 683 5831 culatori.
742 5758 902 5831 Aliud
960 5760 1124 5829 igitur
1171 5760 1444 5831 signiﬁcat
1490 5776 1596 5831 vox
1643 5758 1996 5831 στρατηγῶν,

427 5844 622 5900 nempe
654 5829 973 5885 duumviros
999 5845 1091 5885 seu
1124 5830 1474 5899 magistratus
1505 5829 1883 5886 Alexandrina-
1920 5832 1999 5885 ci-

2119 3137 2215 3183 τας
2237 3119 2385 3189 ὑμῖν,
2422 3115 2681 3189 περισσὸν
2716 3115 2974 3186 ὀνομαστὶ
2999 3114 3323 3184 καταλέγειν
3342 3132 3357 3146 ⁸
3377 3154 3383 3163 ι
3406 3116 3545 3187 πλὴν
3590 3116 3701 3207 [σεε

2118 3212 2199 3265 ὅτι
2232 3210 2422 3282 ἄνδρες
2454 3207 2549 3262 καὶ
2576 3209 2830 3276 γυναῖκες
2854 3246 2869 3273 ,
2897 3205 2992 3259 κα)⁹
3029 3205 3137 3259 νέοι
3162 3207 3259 3260 καὶ
3289 3207 3547 3280 γέροντες
3566 3249 3583 3275 ,
3610 3204 3704 3261 atrii

2088 3302 2278 3374 ,κόραι
2313 3300 2407 3354 καὶ
2438 3297 2789 3372 πρεσϐύτιδες
2810 3336 2825 3361 ,
2860 3296 2954 3350 καὶ
2983 3297 3308 3365 στρατιῶται
3343 3298 3439 3353 καὶ
3473 3299 3699 3360 ἰδιῶται,

2119 3396 2213 3450 καὶ
2248 3396 2354 3448 πᾶν
2380 3394 2535 3463 γένος
2561 3391 2652 3446 καὶ
2684 3391 2834 3442 πᾶσα
2858 3387 3043 3459 ἡλικία
3062 3428 3076 3454 ,
3104 3390 3155 3443 οἱ
3183 3389 3281 3460 μὲν
3304 3389 3394 3443 διὰ
3422 3389 3701 3462 μαστίγων

2119 3488 2211 3542 καὶ
2242 3486 2410 3559 πυρὸς
2436 3525 2451 3550 ,
2498 3486 2548 3540 οἱ
2579 3485 2635 3539 δὲ
2661 3487 2748 3541 διὰ
2777 3489 2995 3560 σιδήρου
3038 3487 3128 3540 τὸν
3162 3483 3350 3554 ἀγῶνα
3378 3486 3703 3556 νικήσαντες

2118 3580 2242 3643 τοὺς
2284 3577 2579 3647 στεφάνους
2627 3579 2989 3651 ἀπειλήερασι·
3040 3581 3151 3642 τοῖς
3197 3577 3255 3630 δὲ
3302 3576 3363 3629 οὐ
3407 3575 3702 3647 πάμπολυς

2118 3673 2399 3744 αὐτάρκης
2427 3670 2605 3741 ἀπέϐη
2638 3673 2847 3743 χρόνος,
2888 3676 2966 3738 εἰς
3003 3672 3064 3726 τὸ
3100 3671 3329 3740 φανῆναι
3362 3669 3589 3732 δεκτοὺς
3628 3666 3703 3737 τῷ

2118 3765 2308 3838 Κυρίῳ
2332 3782 2345 3795 ο
2376 3764 2564 3837 ὥσπερ
2586 3761 2678 3819 οὖν
2706 3766 2847 3820 ἔοικε
2881 3766 3014 3837 μηδὲ
3042 3766 3166 3836 ἐμοὶ
3193 3764 3221 3817 ὃ
3254 3763 3417 3834 μέχρι
3440 3760 3559 3815 νῦν.
3588 3758 3706 3813 Διό-

2118 3875 2226 3929 περ
2258 3859 2334 3921 εἰς
2365 3858 2425 3911 ὃν
2461 3854 2598 3911 οἶδεν
2628 3859 2790 3923 αὐτὸς
2823 3858 3125 3929 ἐπιτήδειον
3172 3856 3360 3927 καιρὸν
3404 3849 3704 3925 ὑπερέθετό

2122 3967 2210 4021 με,
2237 3952 2265 4004 ὁ
2290 3949 2462 4019 λέγων
2484 3968 2497 3981 ·
2534 3951 2728 4019 Καιρῷ
2770 3950 2956 4017 δεκτῷ
2983 3947 3302 4019 ἐπήκουσά
3326 3961 3473 4014 σου,
3506 3945 3607 4001 καὶ
3633 3943 3705 3997 ὲν

2118 4043 2306 4115 ᾑμέρᾳ
2336 4044 2634 4113 σωτηρίας
2661 4042 2965 4113 ἐϐοήθησά
2995 4058 3112 4097 σοι.

2189 4319 2263 4372 B'.
2302 4316 2384 4373 Τὰ
2429 4320 2538 4392 γὰρ
2580 4318 2702 4374 καθ’
2747 4319 2895 4390 ἡμᾶς
2938 4316 3124 4388 ἐπειδὴ
3174 4316 3517 4373 πυνθάνεσθε
3559 4316 3699 4391 (65),

2116 4414 2209 4468 καὶ
2247 4411 2499 4484 βούλεσθε
2530 4412 2833 4485 δηλωθῆναι
2860 4412 2987 4482 ὑμῖν
3030 4411 3175 4474 ὅπως
3213 4409 3496 4482 διάγομεν,
3530 4411 3704 4483 ἠκούσ-

2118 4523 2244 4559 σατε
2289 4505 2387 4576 μὲν
2434 4504 2651 4568 πάντως
2672 4544 2687 4569 ,
2728 4504 2876 4568 ὅπως
2916 4503 3065 4574 ἡμᾶς
3094 4501 3377 4573 δεσμώτας
3410 4502 3703 4575 ἀπαγομέ-

2116 4614 2238 4661 νους
2267 4596 2370 4650 ὑπὸ
2402 4596 2798 4668 ἑκατοντάρχου
2836 4596 2931 4651 καὶ
2962 4595 3284 4667 στρατηγῶν
3318 4595 3432 4669 (66)
3470 4596 3568 4651 καὶ
3594 4595 3705 4650 τῶν

2114 4847 2314 4901 vitatis.
2345 4847 2517 4918 Graeci
2540 4848 2684 4902 enim
2718 4848 2792 4903 ita
2821 4849 3106 4913 vocabant,
3140 4856 3201 4903 ut
3227 4848 3482 4918 pluribus
3506 4864 3702 4904 exem-

2150 4918 2217 4971 lis
2279 4917 2503 4986 probavi
2556 4920 2623 4972 ad
2683 4919 2884 4973 librum
2942 4935 3074 4973 xxxx
3125 4917 3306 4973 Amm.
3366 4918 3701 4976 Marcellini.

2159 5001 2287 5060 orro
2315 4987 2371 5041 hi
2398 4989 2753 5060 magistratus
2775 5005 2899 5060 cum
2928 4989 3195 5060 haberent
3238 4989 3515 5045 modicam
3544 5006 3706 5045 coer-

2113 5057 2369 5129 citionem
2390 5097 2406 5122 ,
2432 5057 2815 5129 ut'loquuntur
2833 5058 3214 5129 jurisconsulti
3238 5100 3253 5125 ,
3282 5075 3408 5115 reos
3445 5074 3708 5129 compre-

2113 5127 2351 5201 hendere
2375 5167 2389 5193 ,
2418 5127 2623 5201 carceri
2657 5127 2986 5201 mancipare,
3019 5138 3072 5184 et
3097 5129 3459 5201 interrogare,
3490 5139 3548 5185 et
3566 5127 3724 5201 Acta,

2112 5198 2381 5254 conﬁcere
2408 5200 2675 5266 solebant,
2704 5198 2952 5256 Romano
2972 5199 3189 5269 praesidi
3222 5198 3498 5270 judicium
3528 5201 3598 5256 de
3633 5202 3703 5256 iis

2112 5278 2569 5339 reservantesLut
2593 5270 2803 5325 discere
2828 5279 2913 5325 est
2943 5286 3008 5325 ex
3039 5270 3267 5326 Actibus
3289 5271 3731 5339 apostolorum,

2110 5346 2259 5411 et_ex
2299 5338 2449 5394 Actis
2479 5338 2655 5411 Pionii
2688 5342 2944 5411 martyris
2972 5349 3027 5411 ct
3056 5340 3306 5394 aliorum.
3326 5338 3335 5339 ί
3358 5338 3548 5405 Quare
3589 5338 3733 5398 noni

2112 5408 2314 5462 mirum
2349 5418 2460 5476 est,
2490 5410 2537 5463 si
2571 5408 2922 5480 magistratus
2953 5410 3295 5465 Alexandriae
3333 5411 3441 5465 hoc
3476 5412 3534 5464 in
3577 5412 3701 5468 loco

2111 5494 2331 5551 operam
2359 5496 2516 5551 suam
2545 5480 2895 5551 commodant
2928 5481 3123 5536 rectori
3152 5480 3471 5551 provinciae,
3499 5482 3567 5535 ad
3599 5484 3696 5535 dc-

2110 5549 2419 5621 ducendum
2466 5548 2789 5621 Dionysium
2834 5550 2889 5604 in
2926 5548 3223 5607 exsilium:
3273 5565 3438 5621 quem
3485 5552 3703 5606 scilicet

2111 5618 2215 5691 ipsi
2240 5618 2796 5691 comprehenderant,
2841 5629 2895 5675 et
2921 5623 2975 5675 in
3016 5618 3307 5690 judicium'
3324 5633 3519 5674 coram
3554 5637 3699 5691 prae-

2112 5688 2253 5742 fecto
2301 5689 2517 5760 [Egypti
2564 5689 2921 5745 adduxerant.
2968 5688 3072 5745 sed
3125 5699 3179 5745 et
3220 5706 3342 5760 qua:
3379 5688 3700 5760 sequuntur

2107 5760 2291 5819 verba.
2316 5759 2539 5813 καὶτῶν
2563 5760 2660 5811 σὺν
2676 5760 2856 5823 αὐτοῖς
2884 5759 3227 5833 στρατιωτῷν
3241 5759 3350 5814 καὶ
3370 5759 3697 5833 ὑπηρετῶν,

2107 5833 2432 5885 sententiam
2486 5838 2727 5884 nostram
2770 5829 3115 5886 conlirinant.
3169 5829 3302 5886 Nam
3349 5829 3697 5899 στρατιῶται
