  <div class='ocr_page' id='page_1' title='image "/cluster/home/n/w/nwhite01/storage/ocr_20150623/10/coo.31924054872894/658.png"; bbox 0 0 4058 6394; ppageno 0'>
   <div class='ocr_carea' id='block_1_1' title="bbox 366 410 507 466">
    <p class='ocr_par' dir='ltr' id='par_1_1' title="bbox 366 410 507 466">
     <span class='ocr_line' id='line_1_1' title="bbox 366 410 507 466; baseline 0.028 -4"><span class='ocrx_word' id='word_1_1' title='bbox 366 410 387 462; x_wconf 75' lang='grc'><strong>1</strong></span> <span class='ocrx_word' id='word_1_2' title='bbox 403 411 507 466; x_wconf 71' lang='lat'><strong>295</strong></span> 
     </span>
    </p>
   </div>
   <div class='ocr_carea' id='block_1_2' title="bbox 1354 415 2591 477">
    <p class='ocr_par' dir='ltr' id='par_1_2' title="bbox 1354 415 2591 477">
     <span class='ocr_line' id='line_1_2' title="bbox 1354 415 2591 477; baseline -0.001 -4"><span class='ocrx_word' id='word_1_3' title='bbox 1354 417 1572 475; x_wconf 71' lang='lat' dir='ltr'><strong>EPlST.</strong></span> <span class='ocrx_word' id='word_1_4' title='bbox 1615 418 1708 473; x_wconf 81' lang='lat' dir='ltr'><strong>AD</strong></span> <span class='ocrx_word' id='word_1_5' title='bbox 1741 416 2083 477; x_wconf 75' lang='lat' dir='ltr'><strong>DOMITIUM</strong></span> <span class='ocrx_word' id='word_1_6' title='bbox 2122 415 2211 475; x_wconf 84' lang='grc' dir='ltr'><strong>ΕΤ</strong></span> <span class='ocrx_word' id='word_1_7' title='bbox 2251 416 2591 475; x_wconf 83' lang='lat' dir='ltr'><strong>DIDYMUM.</strong></span> 
     </span>
    </p>
   </div>
   <div class='ocr_carea' id='block_1_3' title="bbox 3493 413 3635 469">
    <p class='ocr_par' dir='ltr' id='par_1_3' title="bbox 3493 413 3635 469">
     <span class='ocr_line' id='line_1_3' title="bbox 3493 413 3635 469; baseline 0.021 -3"><span class='ocrx_word' id='word_1_8' title='bbox 3493 413 3635 469; x_wconf 58' lang='grc' dir='ltr'><strong>ηυξ</strong></span> 
     </span>
    </p>
   </div>
   <div class='ocr_carea' id='block_1_4' title="bbox 363 526 1914 609">
    <p class='ocr_par' dir='ltr' id='par_1_4' title="bbox 363 526 1914 609">
     <span class='ocr_line' id='line_1_4' title="bbox 363 526 1914 609; baseline 0.007 -30"><span class='ocrx_word' id='word_1_9' title='bbox 363 531 463 580; x_wconf 73' lang='grc' dir='ltr'><strong>σὺν</strong></span> <span class='ocrx_word' id='word_1_10' title='bbox 500 526 683 592; x_wconf 82' lang='grc' dir='ltr'>αὑτοῖς</span> <span class='ocrx_word' id='word_1_11' title='bbox 722 532 1067 603; x_wconf 76' lang='grc' dir='ltr'><strong>στρατιωτῶν</strong></span> <span class='ocrx_word' id='word_1_12' title='bbox 1118 535 1212 588; x_wconf 77' lang='grc' dir='ltr'><strong>καὶ</strong></span> <span class='ocrx_word' id='word_1_13' title='bbox 1263 536 1571 609; x_wconf 82' lang='grc' dir='ltr'>ὑπηρετῶν,</span> <span class='ocrx_word' id='word_1_14' title='bbox 1614 537 1714 608; x_wconf 84' lang='grc' dir='ltr'><strong>ἐμέ</strong></span> <span class='ocrx_word' id='word_1_15' title='bbox 1748 555 1809 591; x_wconf 90' lang='grc' dir='ltr'><strong>τε</strong></span> <span class='ocrx_word' id='word_1_16' title='bbox 1856 556 1914 591; x_wconf 83' lang='grc' dir='ltr'><strong>κο</strong></span> 
     </span>
    </p>
   </div>
   <div class='ocr_carea' id='block_1_5' title="bbox 2018 526 3636 609">
    <p class='ocr_par' dir='ltr' id='par_1_5' title="bbox 2018 531 3636 603">
     <span class='ocr_line' id='line_1_5' title="bbox 2018 531 3636 603; baseline -0.001 -13"><span class='ocrx_word' id='word_1_17' title='bbox 2018 580 2026 597; x_wconf 68' lang='lat'>.</span> <span class='ocrx_word' id='word_1_18' title='bbox 2052 536 2382 591; x_wconf 88' lang='lat' dir='ltr'><strong>duceremur</strong></span> <span class='ocrx_word' id='word_1_19' title='bbox 2407 550 2436 589; x_wconf 91' lang='lat' dir='ltr'><strong>a</strong></span> <span class='ocrx_word' id='word_1_20' title='bbox 2466 533 2785 590; x_wconf 80' lang='lat' dir='ltr'><strong>centurione</strong></span> <span class='ocrx_word' id='word_1_21' title='bbox 2808 540 2862 588; x_wconf 89' lang='lat' dir='ltr'><strong>et</strong></span> <span class='ocrx_word' id='word_1_22' title='bbox 2884 532 3319 603; x_wconf 72' lang='lat' dir='ltr'><strong>magistratibus,</strong></span> <span class='ocrx_word' id='word_1_23' title='bbox 3339 531 3636 589; x_wconf 85' lang='lat' dir='ltr'><strong>militibus-</strong></span> 
     </span>
    </p>
   </div>
   <div class='ocr_carea' id='block_1_6' title="bbox 359 620 1946 700">
    <p class='ocr_par' dir='ltr' id='par_1_6' title="bbox 359 620 1946 700">
     <span class='ocr_line' id='line_1_6' title="bbox 359 620 1946 700; baseline 0.008 -27"><span class='ocrx_word' id='word_1_24' title='bbox 359 620 543 684; x_wconf 76' lang='grc' dir='ltr'>Γάϊον,</span> <span class='ocrx_word' id='word_1_25' title='bbox 570 622 833 689; x_wconf 78' lang='grc' dir='ltr'><strong>Φαῦστον,</strong></span> <span class='ocrx_word' id='word_1_26' title='bbox 869 628 962 679; x_wconf 77' lang='grc' dir='ltr'><strong>καὶ</strong></span> <span class='ocrx_word' id='word_1_27' title='bbox 990 627 1197 700; x_wconf 82' lang='grc' dir='ltr'><strong>Πέτρον</strong></span> <span class='ocrx_word' id='word_1_28' title='bbox 1222 630 1316 683; x_wconf 79' lang='grc' dir='ltr'><strong>καὶ</strong></span> <span class='ocrx_word' id='word_1_29' title='bbox 1358 629 1590 696; x_wconf 80' lang='grc' dir='ltr'><strong>Παῦλον,</strong></span> <span class='ocrx_word' id='word_1_30' title='bbox 1629 630 1946 695; x_wconf 81' lang='grc' dir='ltr'>ἐπελθόντες</span> 
     </span>
    </p>
   </div>
   <div class='ocr_carea' id='block_1_7' title="bbox 358 714 1947 793">
    <p class='ocr_par' dir='ltr' id='par_1_7' title="bbox 358 714 1947 793">
     <span class='ocr_line' id='line_1_7' title="bbox 358 714 1947 793; baseline 0.005 -27"><span class='ocrx_word' id='word_1_31' title='bbox 358 714 505 777; x_wconf 71' lang='grc' dir='ltr'>τινες</span> <span class='ocrx_word' id='word_1_32' title='bbox 532 715 641 767; x_wconf 87' lang='grc' dir='ltr'><strong>τῶν</strong></span> <span class='ocrx_word' id='word_1_33' title='bbox 668 716 982 787; x_wconf 82' lang='grc' dir='ltr'>Μαρεωτῶν</span> <span class='ocrx_word' id='word_1_34' title='bbox 1011 717 1144 789; x_wconf 81' lang='lat'><strong>(67),</strong></span> <span class='ocrx_word' id='word_1_35' title='bbox 1187 718 1419 784; x_wconf 83' lang='grc' dir='ltr'>ἄκοντας</span> <span class='ocrx_word' id='word_1_36' title='bbox 1447 721 1542 774; x_wconf 72' lang='grc' dir='ltr'><strong>καὶ</strong></span> <span class='ocrx_word' id='word_1_37' title='bbox 1573 722 1710 793; x_wconf 84' lang='grc' dir='ltr'>μηδὲ</span> <span class='ocrx_word' id='word_1_38' title='bbox 1744 720 1947 793; x_wconf 81' lang='grc' dir='ltr'>ἑπομέ-</span> 
     </span>
    </p>
   </div>
   <div class='ocr_carea' id='block_1_8' title="bbox 357 804 1946 884">
    <p class='ocr_par' dir='ltr' id='par_1_8' title="bbox 357 804 1946 884">
     <span class='ocr_line' id='line_1_8' title="bbox 357 804 1946 884; baseline 0.008 -28"><span class='ocrx_word' id='word_1_39' title='bbox 357 822 504 868; x_wconf 83' lang='grc' dir='ltr'>νους,</span> <span class='ocrx_word' id='word_1_40' title='bbox 542 804 633 876; x_wconf 75' lang='grc' dir='ltr'>βίᾳ</span> <span class='ocrx_word' id='word_1_41' title='bbox 659 823 719 859; x_wconf 87' lang='grc' dir='ltr'><strong>τε</strong></span> <span class='ocrx_word' id='word_1_42' title='bbox 760 806 1017 878; x_wconf 80' lang='grc' dir='ltr'>σύροντες</span> <span class='ocrx_word' id='word_1_43' title='bbox 1046 809 1159 880; x_wconf 82' lang='lat'><strong>(68)</strong></span> <span class='ocrx_word' id='word_1_44' title='bbox 1194 811 1560 883; x_wconf 80' lang='grc' dir='ltr'>ἀφήρπασαν·</span> <span class='ocrx_word' id='word_1_45' title='bbox 1603 813 1715 884; x_wconf 78' lang='grc' dir='ltr'>ἐγὼ</span> <span class='ocrx_word' id='word_1_46' title='bbox 1754 813 1811 867; x_wconf 82' lang='grc' dir='ltr'>δὲ</span> <span class='ocrx_word' id='word_1_47' title='bbox 1853 813 1946 869; x_wconf 84' lang='grc' dir='ltr'><strong>νῦν</strong></span> 
     </span>
    </p>
   </div>
   <div class='ocr_carea' id='block_1_9' title="bbox 359 899 1944 977">
    <p class='ocr_par' dir='ltr' id='par_1_9' title="bbox 359 899 1944 977">
     <span class='ocr_line' id='line_1_9' title="bbox 359 899 1944 977; baseline 0.006 -24"><span class='ocrx_word' id='word_1_48' title='bbox 359 900 456 954; x_wconf 73' lang='grc' dir='ltr'><strong>καὶ</strong></span> <span class='ocrx_word' id='word_1_49' title='bbox 498 899 659 963; x_wconf 82' lang='grc' dir='ltr'>Γάϊος</span> <span class='ocrx_word' id='word_1_50' title='bbox 700 903 793 954; x_wconf 81' lang='grc' dir='ltr'><strong>καὶ</strong></span> <span class='ocrx_word' id='word_1_51' title='bbox 839 903 1066 974; x_wconf 82' lang='grc' dir='ltr'>Πέτρος,</span> <span class='ocrx_word' id='word_1_52' title='bbox 1120 905 1271 975; x_wconf 89' lang='grc' dir='ltr'>μόνοι</span> <span class='ocrx_word' id='word_1_53' title='bbox 1314 906 1422 959; x_wconf 84' lang='grc' dir='ltr'><strong>τῶν</strong></span> <span class='ocrx_word' id='word_1_54' title='bbox 1475 906 1651 961; x_wconf 82' lang='grc' dir='ltr'>ἄλλων</span> <span class='ocrx_word' id='word_1_55' title='bbox 1699 908 1944 977; x_wconf 79' lang='grc' dir='ltr'>ἀδελφῶν</span> 
     </span>
    </p>
   </div>
   <div class='ocr_carea' id='block_1_10' title="bbox 290 992 1947 1073">
    <p class='ocr_par' dir='ltr' id='par_1_10' title="bbox 290 992 1947 1073">
     <span class='ocr_line' id='line_1_10' title="bbox 290 992 1947 1073; baseline 0.006 -28"><span class='ocrx_word' id='word_1_56' title='bbox 290 1040 297 1045; x_wconf 88' lang='grc'><strong>.</strong></span> <span class='ocrx_word' id='word_1_57' title='bbox 357 992 872 1063; x_wconf 79' lang='grc' dir='ltr'>ἀπορφανισθέντες,</span> <span class='ocrx_word' id='word_1_58' title='bbox 903 997 963 1048; x_wconf 82' lang='grc' dir='ltr'><strong>ἐν</strong></span> <span class='ocrx_word' id='word_1_59' title='bbox 984 997 1176 1068; x_wconf 72' lang='grc' dir='ltr'>ἐρήμῳ</span> <span class='ocrx_word' id='word_1_60' title='bbox 1200 1000 1291 1051; x_wconf 82' lang='grc' dir='ltr'><strong>καὶ</strong></span> <span class='ocrx_word' id='word_1_61' title='bbox 1316 999 1585 1071; x_wconf 81' lang='grc' dir='ltr'>αὐχμηρῷ</span> <span class='ocrx_word' id='word_1_62' title='bbox 1613 1001 1713 1071; x_wconf 82' lang='grc' dir='ltr'>τῆς</span> <span class='ocrx_word' id='word_1_63' title='bbox 1738 1000 1947 1073; x_wconf 80' lang='grc' dir='ltr'>Λιϐύης</span> 
     </span>
    </p>
   </div>
   <div class='ocr_carea' id='block_1_11' title="bbox 360 1082 1944 1161">
    <p class='ocr_par' dir='ltr' id='par_1_11' title="bbox 360 1082 1944 1161">
     <span class='ocr_line' id='line_1_11' title="bbox 360 1082 1944 1161; baseline 0.008 -27"><span class='ocrx_word' id='word_1_64' title='bbox 360 1082 509 1153; x_wconf 81' lang='grc' dir='ltr'>τόπῳ</span> <span class='ocrx_word' id='word_1_65' title='bbox 541 1084 1068 1157; x_wconf 78' lang='grc' dir='ltr'>κατακεκλείσμεθα,</span> <span class='ocrx_word' id='word_1_66' title='bbox 1102 1087 1269 1159; x_wconf 82' lang='grc' dir='ltr'>τριῶν</span> <span class='ocrx_word' id='word_1_67' title='bbox 1304 1089 1529 1161; x_wconf 81' lang='grc' dir='ltr'>ἡμερῶν</span> <span class='ocrx_word' id='word_1_68' title='bbox 1560 1091 1679 1144; x_wconf 84' lang='grc' dir='ltr'>ὁδὸν</span> <span class='ocrx_word' id='word_1_69' title='bbox 1703 1091 1795 1145; x_wconf 88' lang='grc' dir='ltr'><strong>τοῦ</strong></span> <span class='ocrx_word' id='word_1_70' title='bbox 1830 1092 1944 1145; x_wconf 82' lang='grc' dir='ltr'>Πα-</span> 
     </span>
    </p>
   </div>
   <div class='ocr_carea' id='block_1_12' title="bbox 361 1168 1660 1247">
    <p class='ocr_par' dir='ltr' id='par_1_12' title="bbox 361 1168 1660 1247">
     <span class='ocr_line' id='line_1_12' title="bbox 361 1168 1660 1247; baseline 0.005 -20"><span class='ocrx_word' id='word_1_71' title='bbox 361 1175 629 1244; x_wconf 79' lang='grc' dir='ltr'>ραιτονίου</span> <span class='ocrx_word' id='word_1_72' title='bbox 656 1176 1021 1247; x_wconf 73' lang='grc' dir='ltr'>διεστηκότες.</span> <span class='ocrx_word' id='word_1_73' title='bbox 1654 1168 1660 1179; x_wconf 71' lang='grc'><em>’</em></span> 
     </span>
    </p>
   </div>
   <div class='ocr_carea' id='block_1_13' title="bbox 427 1266 1944 1344">
    <p class='ocr_par' dir='ltr' id='par_1_13' title="bbox 427 1266 1944 1344">
     <span class='ocr_line' id='line_1_13' title="bbox 427 1266 1944 1344; baseline 0.006 -25"><span class='ocrx_word' id='word_1_74' title='bbox 427 1266 502 1319; x_wconf 81' lang='grc' dir='ltr'><strong>Γ’.</strong></span> <span class='ocrx_word' id='word_1_75' title='bbox 538 1267 649 1321; x_wconf 81' lang='lat' dir='ltr'><strong>Kal</strong></span> <span class='ocrx_word' id='word_1_76' title='bbox 678 1270 1096 1339; x_wconf 79' lang='grc' dir='ltr'>ὑποκαταϐὰς,</span> <span class='ocrx_word' id='word_1_77' title='bbox 1125 1272 1348 1341; x_wconf 67' lang='grc' dir='ltr'>φησίν·</span> <span class='ocrx_word' id='word_1_78' title='bbox 1367 1273 1454 1326; x_wconf 83' lang='grc' dir='ltr'>Ἑν</span> <span class='ocrx_word' id='word_1_79' title='bbox 1479 1272 1536 1326; x_wconf 80' lang='grc' dir='ltr'>δὲ</span> <span class='ocrx_word' id='word_1_80' title='bbox 1559 1275 1624 1344; x_wconf 84' lang='grc' dir='ltr'>τῇ</span> <span class='ocrx_word' id='word_1_81' title='bbox 1659 1273 1811 1327; x_wconf 86' lang='grc' dir='ltr'>πόλει</span> <span class='ocrx_word' id='word_1_82' title='bbox 1845 1291 1944 1328; x_wconf 85' lang='grc' dir='ltr'>κα-</span> 
     </span>
    </p>
   </div>
   <div class='ocr_carea' id='block_1_14' title="bbox 355 1358 1937 1437">
    <p class='ocr_par' dir='ltr' id='par_1_14' title="bbox 355 1358 1937 1437">
     <span class='ocr_line' id='line_1_14' title="bbox 355 1358 1937 1437; baseline 0.008 -27"><span class='ocrx_word' id='word_1_83' title='bbox 355 1358 710 1415; x_wconf 84' lang='grc' dir='ltr'>ταδεδύκασιν</span> <span class='ocrx_word' id='word_1_84' title='bbox 739 1362 962 1431; x_wconf 81' lang='grc' dir='ltr'>ἀφανῶς</span> <span class='ocrx_word' id='word_1_85' title='bbox 993 1364 1449 1435; x_wconf 80' lang='grc' dir='ltr'>ὲπισκεπτόμενοι</span> <span class='ocrx_word' id='word_1_86' title='bbox 1479 1367 1607 1431; x_wconf 75' lang='grc' dir='ltr'>τοὺς</span> <span class='ocrx_word' id='word_1_87' title='bbox 1640 1367 1899 1437; x_wconf 85' lang='grc' dir='ltr'>ἀδελφούς</span> <span class='ocrx_word' id='word_1_88' title='bbox 1924 1387 1937 1399; x_wconf 90' lang='grc'><strong>·</strong></span> 
     </span>
    </p>
   </div>
   <div class='ocr_carea' id='block_1_15' title="bbox 355 1448 1941 1532">
    <p class='ocr_par' dir='ltr' id='par_1_15' title="bbox 355 1448 1941 1532">
     <span class='ocr_line' id='line_1_15' title="bbox 355 1448 1941 1532; baseline 0.008 -31"><span class='ocrx_word' id='word_1_89' title='bbox 355 1448 717 1523; x_wconf 80' lang='grc' dir='ltr'>πρεσὸύτεροι</span> <span class='ocrx_word' id='word_1_90' title='bbox 765 1452 882 1522; x_wconf 82' lang='grc' dir='ltr'>μὲν,</span> <span class='ocrx_word' id='word_1_91' title='bbox 932 1452 1204 1525; x_wconf 76' lang='grc' dir='ltr'>Μάξιμος,</span> <span class='ocrx_word' id='word_1_92' title='bbox 1258 1458 1569 1529; x_wconf 86' lang='grc' dir='ltr'>Διόσκορος,</span> <span class='ocrx_word' id='word_1_93' title='bbox 1630 1461 1941 1532; x_wconf 87' lang='grc' dir='ltr'>Δημήτριος</span> 
     </span>
    </p>
   </div>
   <div class='ocr_carea' id='block_1_16' title="bbox 353 1540 1939 1623">
    <p class='ocr_par' dir='ltr' id='par_1_16' title="bbox 353 1540 1939 1623">
     <span class='ocr_line' id='line_1_16' title="bbox 353 1540 1939 1623; baseline 0.006 -29"><span class='ocrx_word' id='word_1_94' title='bbox 353 1540 453 1594; x_wconf 75' lang='grc' dir='ltr'>καὶ</span> <span class='ocrx_word' id='word_1_95' title='bbox 497 1541 757 1606; x_wconf 82' lang='grc' dir='ltr'>Λούκιος·</span> <span class='ocrx_word' id='word_1_96' title='bbox 799 1543 850 1596; x_wconf 75' lang='grc' dir='ltr'>οἱ</span> <span class='ocrx_word' id='word_1_97' title='bbox 894 1543 1003 1616; x_wconf 82' lang='grc' dir='ltr'>γὰρ</span> <span class='ocrx_word' id='word_1_98' title='bbox 1047 1547 1107 1599; x_wconf 85' lang='grc' dir='ltr'>ὲν</span> <span class='ocrx_word' id='word_1_99' title='bbox 1149 1546 1227 1617; x_wconf 84' lang='grc' dir='ltr'>τῷ</span> <span class='ocrx_word' id='word_1_100' title='bbox 1272 1547 1463 1619; x_wconf 84' lang='grc' dir='ltr'>κόσμῳ</span> <span class='ocrx_word' id='word_1_101' title='bbox 1510 1552 1939 1623; x_wconf 65' lang='grc' dir='ltr'>προφανέστερα</span> 
     </span>
    </p>
   </div>
   <div class='ocr_carea' id='block_1_17' title="bbox 350 1634 1941 1712">
    <p class='ocr_par' dir='ltr' id='par_1_17' title="bbox 350 1634 1941 1712">
     <span class='ocr_line' id='line_1_17' title="bbox 350 1634 1941 1712; baseline 0.008 -26"><span class='ocrx_word' id='word_1_102' title='bbox 350 1634 650 1699; x_wconf 64' lang='grc' dir='ltr'>Φαυστῖνος</span> <span class='ocrx_word' id='word_1_103' title='bbox 681 1636 776 1689; x_wconf 82' lang='grc' dir='ltr'><strong>καὶ</strong></span> <span class='ocrx_word' id='word_1_104' title='bbox 816 1636 1062 1702; x_wconf 81' lang='grc' dir='ltr'>Ἀκύλας,</span> <span class='ocrx_word' id='word_1_105' title='bbox 1089 1639 1146 1691; x_wconf 85' lang='grc' dir='ltr'>ὲν</span> <span class='ocrx_word' id='word_1_106' title='bbox 1177 1638 1437 1712; x_wconf 79' lang='grc' dir='ltr'>Αἰγύπτῳ</span> <span class='ocrx_word' id='word_1_107' title='bbox 1462 1641 1803 1697; x_wconf 81' lang='grc' dir='ltr'>πλανῶνται·</span> <span class='ocrx_word' id='word_1_108' title='bbox 1832 1644 1941 1699; x_wconf 86' lang='grc' dir='ltr'>διά-</span> 
     </span>
    </p>
   </div>
   <div class='ocr_carea' id='block_1_18' title="bbox 352 1726 1939 1807">
    <p class='ocr_par' dir='ltr' id='par_1_18' title="bbox 352 1726 1939 1807">
     <span class='ocr_line' id='line_1_18' title="bbox 352 1726 1939 1807; baseline 0.007 -28"><span class='ocrx_word' id='word_1_109' title='bbox 352 1742 502 1780; x_wconf 87' lang='grc' dir='ltr'>κονοι</span> <span class='ocrx_word' id='word_1_110' title='bbox 532 1726 590 1780; x_wconf 81' lang='grc' dir='ltr'>δὲ</span> <span class='ocrx_word' id='word_1_111' title='bbox 620 1729 668 1781; x_wconf 89' lang='grc' dir='ltr'>οἱ</span> <span class='ocrx_word' id='word_1_112' title='bbox 708 1728 846 1799; x_wconf 86' lang='grc' dir='ltr'><strong>μετά</strong></span> <span class='ocrx_word' id='word_1_113' title='bbox 886 1731 1012 1794; x_wconf 82' lang='grc' dir='ltr'>τοὺς</span> <span class='ocrx_word' id='word_1_114' title='bbox 1045 1732 1102 1783; x_wconf 81' lang='grc' dir='ltr'><strong>ἐν</strong></span> <span class='ocrx_word' id='word_1_115' title='bbox 1136 1734 1201 1803; x_wconf 79' lang='grc' dir='ltr'><strong>τῇ</strong></span> <span class='ocrx_word' id='word_1_116' title='bbox 1245 1732 1387 1804; x_wconf 84' lang='grc' dir='ltr'>νόσῳ</span> <span class='ocrx_word' id='word_1_117' title='bbox 1433 1732 1545 1806; x_wconf 82' lang='lat'><strong>(69)</strong></span> <span class='ocrx_word' id='word_1_118' title='bbox 1582 1735 1939 1807; x_wconf 82' lang='grc' dir='ltr'>τελευτήσαν-</span> 
     </span>
    </p>
   </div>
   <div class='ocr_carea' id='block_1_19' title="bbox 351 1818 1930 1900">
    <p class='ocr_par' dir='ltr' id='par_1_19' title="bbox 351 1818 1930 1900">
     <span class='ocr_line' id='line_1_19' title="bbox 351 1818 1930 1900; baseline 0.008 -30"><span class='ocrx_word' id='word_1_119' title='bbox 351 1834 454 1882; x_wconf 83' lang='grc' dir='ltr'><strong>τας</strong></span> <span class='ocrx_word' id='word_1_120' title='bbox 485 1818 922 1889; x_wconf 82' lang='grc' dir='ltr'>ὑπολειφθέντες,</span> <span class='ocrx_word' id='word_1_121' title='bbox 964 1822 1227 1888; x_wconf 82' lang='grc' dir='ltr'>Φαῦστος,</span> <span class='ocrx_word' id='word_1_122' title='bbox 1272 1824 1551 1890; x_wconf 75' lang='grc' dir='ltr'>Εὑσέὸιος,</span> <span class='ocrx_word' id='word_1_123' title='bbox 1593 1828 1930 1900; x_wconf 82' lang='grc' dir='ltr'>Χαιρήμων·</span> 
     </span>
    </p>
   </div>
   <div class='ocr_carea' id='block_1_20' title="bbox 353 1907 1935 1990">
    <p class='ocr_par' dir='ltr' id='par_1_20' title="bbox 353 1907 1935 1990">
     <span class='ocr_line' id='line_1_20' title="bbox 353 1907 1935 1990; baseline 0.006 -29"><span class='ocrx_word' id='word_1_124' title='bbox 353 1907 613 1974; x_wconf 76' lang='grc' dir='ltr'>Εὐσέϐιος</span> <span class='ocrx_word' id='word_1_125' title='bbox 644 1909 703 1965; x_wconf 86' lang='grc' dir='ltr'>ὃν</span> <span class='ocrx_word' id='word_1_126' title='bbox 737 1912 794 1979; x_wconf 79' lang='grc' dir='ltr'>ἐξ</span> <span class='ocrx_word' id='word_1_127' title='bbox 823 1914 996 1985; x_wconf 78' lang='grc' dir='ltr'>ἀρχῆς</span> <span class='ocrx_word' id='word_1_128' title='bbox 1020 1916 1048 1966; x_wconf 88' lang='grc' dir='ltr'>ὁ</span> <span class='ocrx_word' id='word_1_129' title='bbox 1082 1914 1214 1978; x_wconf 80' lang='grc' dir='ltr'>Θεὸς</span> <span class='ocrx_word' id='word_1_130' title='bbox 1242 1915 1639 1988; x_wconf 81' lang='grc' dir='ltr'>ὲνεδυνάμωσε,</span> <span class='ocrx_word' id='word_1_131' title='bbox 1675 1918 1770 1970; x_wconf 79' lang='grc' dir='ltr'><strong>καὶ</strong></span> <span class='ocrx_word' id='word_1_132' title='bbox 1794 1934 1935 1990; x_wconf 84' lang='grc' dir='ltr'>παρ-</span> 
     </span>
    </p>
   </div>
   <div class='ocr_carea' id='block_1_21' title="bbox 350 2001 1935 2079">
    <p class='ocr_par' dir='ltr' id='par_1_21' title="bbox 350 2001 1935 2079">
     <span class='ocr_line' id='line_1_21' title="bbox 350 2001 1935 2079; baseline 0.007 -25"><span class='ocrx_word' id='word_1_133' title='bbox 350 2001 616 2057; x_wconf 87' lang='grc' dir='ltr'>εσκεύασε</span> <span class='ocrx_word' id='word_1_134' title='bbox 647 2003 746 2068; x_wconf 82' lang='grc' dir='ltr'>τὰς</span> <span class='ocrx_word' id='word_1_135' title='bbox 778 2006 1083 2077; x_wconf 84' lang='grc' dir='ltr'>ὑπηρεσίας</span> <span class='ocrx_word' id='word_1_136' title='bbox 1106 2006 1215 2061; x_wconf 88' lang='grc' dir='ltr'><strong>τῶν</strong></span> <span class='ocrx_word' id='word_1_137' title='bbox 1244 2008 1302 2061; x_wconf 84' lang='grc' dir='ltr'>ὲν</span> <span class='ocrx_word' id='word_1_138' title='bbox 1326 2011 1446 2073; x_wconf 86' lang='grc' dir='ltr'>ταῖς</span> <span class='ocrx_word' id='word_1_139' title='bbox 1478 2009 1747 2078; x_wconf 81' lang='grc' dir='ltr'>φυλακαῖς</span> <span class='ocrx_word' id='word_1_140' title='bbox 1782 2027 1935 2079; x_wconf 84' lang='grc' dir='ltr'>γενο-</span> 
     </span>
    </p>
   </div>
   <div class='ocr_carea' id='block_1_22' title="bbox 348 2094 1935 2172">
    <p class='ocr_par' dir='ltr' id='par_1_22' title="bbox 348 2094 1935 2172">
     <span class='ocr_line' id='line_1_22' title="bbox 348 2094 1935 2172; baseline 0.006 -25"><span class='ocrx_word' id='word_1_141' title='bbox 348 2094 530 2165; x_wconf 81' lang='grc' dir='ltr'>μένων</span> <span class='ocrx_word' id='word_1_142' title='bbox 563 2096 909 2169; x_wconf 83' lang='grc' dir='ltr'>ὀμολογητῶν</span> <span class='ocrx_word' id='word_1_143' title='bbox 943 2098 1252 2166; x_wconf 71' lang='grc' dir='ltr'>ἐναγωνίως</span> <span class='ocrx_word' id='word_1_144' title='bbox 1289 2099 1660 2172; x_wconf 83' lang='grc' dir='ltr'>ἀποπληροῦν,</span> <span class='ocrx_word' id='word_1_145' title='bbox 1701 2103 1797 2155; x_wconf 74' lang='grc' dir='ltr'>καὶ</span> <span class='ocrx_word' id='word_1_146' title='bbox 1836 2103 1935 2168; x_wconf 81' lang='grc' dir='ltr'>τὰς</span> 
     </span>
    </p>
   </div>
   <div class='ocr_carea' id='block_1_23' title="bbox 347 2186 1935 2267">
    <p class='ocr_par' dir='ltr' id='par_1_23' title="bbox 347 2186 1935 2267">
     <span class='ocr_line' id='line_1_23' title="bbox 347 2186 1935 2267; baseline 0.006 -28"><span class='ocrx_word' id='word_1_147' title='bbox 347 2186 460 2240; x_wconf 86' lang='grc' dir='ltr'><strong>τῶν</strong></span> <span class='ocrx_word' id='word_1_148' title='bbox 498 2188 766 2259; x_wconf 80' lang='grc' dir='ltr'>σωμάτων</span> <span class='ocrx_word' id='word_1_149' title='bbox 799 2189 1124 2262; x_wconf 86' lang='grc' dir='ltr'>περιστολάς</span> <span class='ocrx_word' id='word_1_150' title='bbox 1159 2191 1271 2262; x_wconf 86' lang='grc'><strong>(70)</strong></span> <span class='ocrx_word' id='word_1_151' title='bbox 1316 2192 1425 2246; x_wconf 88' lang='grc' dir='ltr'><strong>τῶν</strong></span> <span class='ocrx_word' id='word_1_152' title='bbox 1456 2193 1676 2247; x_wconf 87' lang='grc' dir='ltr'>τελείων</span> <span class='ocrx_word' id='word_1_153' title='bbox 1703 2198 1798 2248; x_wconf 83' lang='grc' dir='ltr'><strong>καὶ</strong></span> <span class='ocrx_word' id='word_1_154' title='bbox 1828 2213 1935 2267; x_wconf 87' lang='grc' dir='ltr'>μα-</span> 
     </span>
    </p>
   </div>
   <div class='ocr_carea' id='block_1_24' title="bbox 348 2280 1931 2363">
    <p class='ocr_par' dir='ltr' id='par_1_24' title="bbox 348 2280 1931 2363">
     <span class='ocr_line' id='line_1_24' title="bbox 348 2280 1931 2363; baseline 0.005 -28"><span class='ocrx_word' id='word_1_155' title='bbox 348 2280 558 2352; x_wconf 82' lang='grc' dir='ltr'>καρίων</span> <span class='ocrx_word' id='word_1_156' title='bbox 595 2281 887 2354; x_wconf 83' lang='grc' dir='ltr'>μαρτύρων</span> <span class='ocrx_word' id='word_1_157' title='bbox 918 2282 1017 2336; x_wconf 89' lang='grc' dir='ltr'><strong>οὑκ</strong></span> <span class='ocrx_word' id='word_1_158' title='bbox 1050 2283 1349 2348; x_wconf 86' lang='grc' dir='ltr'>ἀκινδύνως</span> <span class='ocrx_word' id='word_1_159' title='bbox 1392 2285 1651 2340; x_wconf 66' lang='grc' dir='ltr'>ἐκτελεῖν.</span> <span class='ocrx_word' id='word_1_160' title='bbox 1688 2288 1797 2342; x_wconf 78' lang='grc' dir='ltr'><strong>Καὶ</strong></span> <span class='ocrx_word' id='word_1_161' title='bbox 1823 2288 1931 2363; x_wconf 90' lang='grc' dir='ltr'><strong>γάρ</strong></span> 
     </span>
    </p>
   </div>
   <div class='ocr_carea' id='block_1_25' title="bbox 351 2370 1929 2450">
    <p class='ocr_par' dir='ltr' id='par_1_25' title="bbox 351 2370 1929 2450">
     <span class='ocr_line' id='line_1_25' title="bbox 351 2370 1929 2450; baseline 0.007 -27"><span class='ocrx_word' id='word_1_162' title='bbox 351 2370 512 2444; x_wconf 79' lang='grc' dir='ltr'>μέχρι</span> <span class='ocrx_word' id='word_1_163' title='bbox 545 2371 640 2425; x_wconf 89' lang='grc' dir='ltr'><strong>νῦν</strong></span> <span class='ocrx_word' id='word_1_164' title='bbox 675 2373 776 2426; x_wconf 82' lang='grc' dir='ltr'><strong>οὑκ</strong></span> <span class='ocrx_word' id='word_1_165' title='bbox 809 2373 1021 2446; x_wconf 80' lang='grc' dir='ltr'>ἀνίησιν</span> <span class='ocrx_word' id='word_1_166' title='bbox 1061 2374 1090 2426; x_wconf 82' lang='grc' dir='ltr'>ὁ</span> <span class='ocrx_word' id='word_1_167' title='bbox 1120 2376 1443 2447; x_wconf 80' lang='grc' dir='ltr'>ἡγούμενος,</span> <span class='ocrx_word' id='word_1_168' title='bbox 1477 2378 1604 2442; x_wconf 69' lang='grc' dir='ltr'>τοὺς</span> <span class='ocrx_word' id='word_1_169' title='bbox 1641 2379 1741 2450; x_wconf 87' lang='grc' dir='ltr'><strong>μὲν</strong></span> <span class='ocrx_word' id='word_1_170' title='bbox 1770 2382 1929 2434; x_wconf 79' lang='grc' dir='ltr'>ἀναι-</span> 
     </span>
    </p>
   </div>
   <div class='ocr_carea' id='block_1_26' title="bbox 351 2462 1931 2543">
    <p class='ocr_par' dir='ltr' id='par_1_26' title="bbox 351 2462 1931 2543">
     <span class='ocr_line' id='line_1_26' title="bbox 351 2462 1931 2543; baseline 0.008 -27"><span class='ocrx_word' id='word_1_171' title='bbox 351 2462 482 2535; x_wconf 89' lang='grc' dir='ltr'>ρῶν,</span> <span class='ocrx_word' id='word_1_172' title='bbox 517 2465 594 2528; x_wconf 84' lang='grc' dir='ltr'><strong>ῶς</strong></span> <span class='ocrx_word' id='word_1_173' title='bbox 636 2469 918 2538; x_wconf 85' lang='grc' dir='ltr'>προεῖπον,</span> <span class='ocrx_word' id='word_1_174' title='bbox 962 2467 1130 2539; x_wconf 86' lang='grc' dir='ltr'>ὠμῶς</span> <span class='ocrx_word' id='word_1_175' title='bbox 1168 2468 1276 2523; x_wconf 88' lang='grc' dir='ltr'><strong>τῶν</strong></span> <span class='ocrx_word' id='word_1_176' title='bbox 1319 2472 1776 2543; x_wconf 83' lang='grc' dir='ltr'>προσαγομένων·</span> <span class='ocrx_word' id='word_1_177' title='bbox 1804 2475 1931 2538; x_wconf 83' lang='grc' dir='ltr'>τοὺς</span> 
     </span>
    </p>
   </div>
   <div class='ocr_carea' id='block_1_27' title="bbox 343 2554 1929 2634">
    <p class='ocr_par' dir='ltr' id='par_1_27' title="bbox 343 2554 1929 2634">
     <span class='ocr_line' id='line_1_27' title="bbox 343 2554 1929 2634; baseline 0.008 -25"><span class='ocrx_word' id='word_1_178' title='bbox 343 2554 402 2609; x_wconf 80' lang='grc' dir='ltr'>δὲ</span> <span class='ocrx_word' id='word_1_179' title='bbox 436 2557 692 2627; x_wconf 78' lang='grc' dir='ltr'>βασάνοις</span> <span class='ocrx_word' id='word_1_180' title='bbox 728 2559 1065 2626; x_wconf 82' lang='grc' dir='ltr'>καταξαίνων</span> <span class='ocrx_word' id='word_1_181' title='bbox 1089 2579 1102 2592; x_wconf 95' lang='grc'><strong>·</strong></span> <span class='ocrx_word' id='word_1_182' title='bbox 1146 2564 1274 2627; x_wconf 80' lang='grc' dir='ltr'>τοὺς</span> <span class='ocrx_word' id='word_1_183' title='bbox 1301 2563 1360 2617; x_wconf 79' lang='grc' dir='ltr'>δὲ</span> <span class='ocrx_word' id='word_1_184' title='bbox 1399 2564 1668 2634; x_wconf 73' lang='grc' dir='ltr'>φυλακαῖς</span> <span class='ocrx_word' id='word_1_185' title='bbox 1704 2567 1799 2621; x_wconf 71' lang='grc' dir='ltr'><strong>καὶ</strong></span> <span class='ocrx_word' id='word_1_186' title='bbox 1842 2566 1929 2622; x_wconf 84' lang='grc' dir='ltr'>δε-</span> 
     </span>
    </p>
   </div>
   <div class='ocr_carea' id='block_1_28' title="bbox 345 2651 1927 2735">
    <p class='ocr_par' dir='ltr' id='par_1_28' title="bbox 345 2651 1927 2735">
     <span class='ocr_line' id='line_1_28' title="bbox 345 2651 1927 2735; baseline 0.012 -36"><span class='ocrx_word' id='word_1_187' title='bbox 345 2651 503 2719; x_wconf 81' lang='grc' dir='ltr'>σμοῖς</span> <span class='ocrx_word' id='word_1_188' title='bbox 527 2651 795 2723; x_wconf 83' lang='grc' dir='ltr'>ἐκτὴκων,</span> <span class='ocrx_word' id='word_1_189' title='bbox 826 2654 1182 2725; x_wconf 83' lang='grc' dir='ltr'>προστάσσων</span> <span class='ocrx_word' id='word_1_190' title='bbox 1211 2674 1271 2710; x_wconf 89' lang='grc' dir='ltr'><strong>τε</strong></span> <span class='ocrx_word' id='word_1_191' title='bbox 1300 2657 1504 2730; x_wconf 81' lang='grc' dir='ltr'>μηδένα</span> <span class='ocrx_word' id='word_1_192' title='bbox 1525 2660 1733 2726; x_wconf 81' lang='grc' dir='ltr'>τούτοις</span> <span class='ocrx_word' id='word_1_193' title='bbox 1758 2679 1927 2735; x_wconf 84' lang='grc' dir='ltr'>προσ-</span> 
     </span>
    </p>
   </div>
   <div class='ocr_carea' id='block_1_29' title="bbox 346 2738 1926 2824">
    <p class='ocr_par' dir='ltr' id='par_1_29' title="bbox 346 2738 1926 2824">
     <span class='ocr_line' id='line_1_29' title="bbox 346 2738 1926 2824; baseline 0.011 -34"><span class='ocrx_word' id='word_1_194' title='bbox 346 2738 520 2791; x_wconf 83' lang='grc' dir='ltr'>ιέναι·</span> <span class='ocrx_word' id='word_1_195' title='bbox 557 2741 652 2793; x_wconf 80' lang='grc' dir='ltr'><strong>καὶ</strong></span> <span class='ocrx_word' id='word_1_196' title='bbox 696 2742 999 2814; x_wconf 85' lang='grc' dir='ltr'>ἀνερευνῶν</span> <span class='ocrx_word' id='word_1_197' title='bbox 1053 2747 1124 2816; x_wconf 84' lang='grc' dir='ltr'>μή</span> <span class='ocrx_word' id='word_1_198' title='bbox 1169 2764 1253 2811; x_wconf 89' lang='grc' dir='ltr'><strong>τις</strong></span> <span class='ocrx_word' id='word_1_199' title='bbox 1295 2748 1510 2822; x_wconf 82' lang='grc' dir='ltr'>φανείη.</span> <span class='ocrx_word' id='word_1_200' title='bbox 1559 2752 1670 2807; x_wconf 77' lang='grc' dir='ltr'><strong>Καὶ</strong></span> <span class='ocrx_word' id='word_1_201' title='bbox 1705 2754 1855 2824; x_wconf 86' lang='grc' dir='ltr'>ὅμως</span> <span class='ocrx_word' id='word_1_202' title='bbox 1896 2755 1926 2807; x_wconf 87' lang='grc' dir='ltr'><strong>ό</strong></span> 
     </span>
    </p>
   </div>
   <div class='ocr_carea' id='block_1_30' title="bbox 342 2829 1926 2915">
    <p class='ocr_par' dir='ltr' id='par_1_30' title="bbox 342 2829 1926 2915">
     <span class='ocr_line' id='line_1_30' title="bbox 342 2829 1926 2915; baseline 0.012 -33"><span class='ocrx_word' id='word_1_203' title='bbox 342 2829 477 2895; x_wconf 72' lang='grc' dir='ltr'>Θεὸς</span> <span class='ocrx_word' id='word_1_204' title='bbox 501 2835 565 2904; x_wconf 83' lang='grc' dir='ltr'>τῇ</span> <span class='ocrx_word' id='word_1_205' title='bbox 598 2833 873 2907; x_wconf 79' lang='grc' dir='ltr'>προθυμίᾳ</span> <span class='ocrx_word' id='word_1_206' title='bbox 901 2839 994 2890; x_wconf 71' lang='grc' dir='ltr'><strong>καὶ</strong></span> <span class='ocrx_word' id='word_1_207' title='bbox 1027 2838 1289 2913; x_wconf 77' lang='grc' dir='ltr'>λιπαρείᾳ</span> <span class='ocrx_word' id='word_1_208' title='bbox 1324 2841 1434 2895; x_wconf 87' lang='grc' dir='ltr'><strong>τῶν</strong></span> <span class='ocrx_word' id='word_1_209' title='bbox 1459 2843 1705 2915; x_wconf 82' lang='grc' dir='ltr'>ἀδελφῶν</span> <span class='ocrx_word' id='word_1_210' title='bbox 1739 2845 1926 2900; x_wconf 86' lang='grc' dir='ltr'>διανα-</span> 
     </span>
    </p>
   </div>
   <div class='ocr_carea' id='block_1_31' title="bbox 344 2926 1115 3003">
    <p class='ocr_par' dir='ltr' id='par_1_31' title="bbox 344 2926 1115 3003">
     <span class='ocr_line' id='line_1_31' title="bbox 344 2926 1115 3003; baseline 0.01 -25"><span class='ocrx_word' id='word_1_211' title='bbox 344 2926 511 2981; x_wconf 82' lang='grc' dir='ltr'>παύει</span> <span class='ocrx_word' id='word_1_212' title='bbox 540 2929 667 2993; x_wconf 82' lang='grc' dir='ltr'><strong>τοὺς</strong></span> <span class='ocrx_word' id='word_1_213' title='bbox 699 2931 1115 3003; x_wconf 82' lang='grc' dir='ltr'>πεπιεσμένους.</span> 
     </span>
    </p>
   </div>
   <div class='ocr_carea' id='block_1_32' title="bbox 343 3059 1922 3140">
    <p class='ocr_par' dir='ltr' id='par_1_32' title="bbox 343 3059 1922 3140">
     <span class='ocr_line' id='line_1_32' title="bbox 343 3059 1922 3140; baseline 0.005 -23"><span class='ocrx_word' id='word_1_214' title='bbox 343 3059 660 3140; x_wconf 70' lang='lat' dir='ltr'><strong>referuntur</strong></span> <span class='ocrx_word' id='word_1_215' title='bbox 720 3063 789 3119; x_wconf 90' lang='lat' dir='ltr'><strong>ad</strong></span> <span class='ocrx_word' id='word_1_216' title='bbox 845 3064 1219 3140; x_wconf 80' lang='lat' dir='ltr'><strong>centurionem</strong></span> <span class='ocrx_word' id='word_1_217' title='bbox 1247 3068 1591 3140; x_wconf 69' lang='lat' dir='ltr'><strong>;__137mpé‘tat</strong></span> <span class='ocrx_word' id='word_1_218' title='bbox 1654 3083 1784 3125; x_wconf 88' lang='lat' dir='ltr'><strong>vero</strong></span> <span class='ocrx_word' id='word_1_219' title='bbox 1852 3070 1922 3126; x_wconf 90' lang='lat' dir='ltr'><strong>ad</strong></span> 
     </span>
    </p>
   </div>
   <div class='ocr_carea' id='block_1_33' title="bbox 339 3131 1918 3208">
    <p class='ocr_par' dir='ltr' id='par_1_33' title="bbox 339 3131 1918 3208">
     <span class='ocr_line' id='line_1_33' title="bbox 339 3131 1918 3208; baseline 0.006 -21"><span class='ocrx_word' id='word_1_220' title='bbox 339 3131 664 3208; x_wconf 81' lang='lat' dir='ltr'><strong>duumviros</strong></span> <span class='ocrx_word' id='word_1_221' title='bbox 696 3149 793 3190; x_wconf 89' lang='lat' dir='ltr'><strong>seu</strong></span> <span class='ocrx_word' id='word_1_222' title='bbox 824 3136 1175 3208; x_wconf 73' lang='lat' dir='ltr'><strong>magistratus</strong></span> <span class='ocrx_word' id='word_1_223' title='bbox 1198 3131 1400 3206; x_wconf 84' lang='lat' dir='ltr'><strong>quibus</strong></span> <span class='ocrx_word' id='word_1_224' title='bbox 1421 3131 1717 3208; x_wconf 61' lang='lat' dir='ltr'><strong>parebant.</strong></span> <span class='ocrx_word' id='word_1_225' title='bbox 1742 3141 1918 3196; x_wconf 81' lang='lat' dir='ltr'><strong>Atha-</strong></span> 
     </span>
    </p>
   </div>
   <div class='ocr_carea' id='block_1_34' title="bbox 339 3204 1916 3283">
    <p class='ocr_par' dir='ltr' id='par_1_34' title="bbox 339 3204 1916 3283">
     <span class='ocr_line' id='line_1_34' title="bbox 339 3204 1916 3283; baseline 0.004 -25"><span class='ocrx_word' id='word_1_226' title='bbox 339 3204 534 3283; x_wconf 85' lang='lat' dir='ltr'><strong>nasius</strong></span> <span class='ocrx_word' id='word_1_227' title='bbox 559 3219 800 3283; x_wconf 78' lang='lat' dir='ltr'><strong>quoque,</strong></span> <span class='ocrx_word' id='word_1_228' title='bbox 832 3206 885 3260; x_wconf 92' lang='lat' dir='ltr'><strong>in</strong></span> <span class='ocrx_word' id='word_1_229' title='bbox 914 3204 1141 3277; x_wconf 82' lang='lat' dir='ltr'><strong>epistola</strong></span> <span class='ocrx_word' id='word_1_230' title='bbox 1180 3204 1247 3283; x_wconf 72' lang='lat' dir='ltr'><strong>ait</strong></span> <span class='ocrx_word' id='word_1_231' title='bbox 1280 3204 1593 3283; x_wconf 65' lang='lat' dir='ltr'><strong>solitarius,</strong></span> <span class='ocrx_word' id='word_1_232' title='bbox 1609 3210 1916 3283; x_wconf 77' lang='grc' dir='ltr'>στρατηγόν</span> 
     </span>
    </p>
   </div>
   <div class='ocr_carea' id='block_1_35' title="bbox 336 3275 1915 3338">
    <p class='ocr_par' dir='ltr' id='par_1_35' title="bbox 336 3275 1915 3338">
     <span class='ocr_line' id='line_1_35' title="bbox 336 3275 1915 3338; baseline 0.007 -11"><span class='ocrx_word' id='word_1_233' title='bbox 336 3281 498 3330; x_wconf 85' lang='lat' dir='ltr'><strong>vocat</strong></span> <span class='ocrx_word' id='word_1_234' title='bbox 545 3275 893 3330; x_wconf 84' lang='lat' dir='ltr'><strong>duumvirum</strong></span> <span class='ocrx_word' id='word_1_235' title='bbox 941 3275 1037 3333; x_wconf 82' lang='lat' dir='ltr'><strong>seu</strong></span> <span class='ocrx_word' id='word_1_236' title='bbox 1101 3277 1482 3338; x_wconf 75' lang='lat' dir='ltr'><strong>magistratum</strong></span> <span class='ocrx_word' id='word_1_237' title='bbox 1532 3275 1915 3338; x_wconf 69' lang='lat' dir='ltr'><strong>Alexandrina:</strong></span> 
     </span>
    </p>
   </div>
   <div class='ocr_carea' id='block_1_36' title="bbox 336 3344 1912 3422">
    <p class='ocr_par' dir='ltr' id='par_1_36' title="bbox 336 3344 1912 3422">
     <span class='ocr_line' id='line_1_36' title="bbox 336 3344 1912 3422; baseline 0.005 -22"><span class='ocrx_word' id='word_1_238' title='bbox 336 3344 597 3422; x_wconf 67' lang='lat' dir='ltr'><strong>civitatis.</strong></span> <span class='ocrx_word' id='word_1_239' title='bbox 626 3344 883 3422; x_wconf 80' lang='lat' dir='ltr'><strong>Loquens</strong></span> <span class='ocrx_word' id='word_1_240' title='bbox 911 3347 1054 3422; x_wconf 77' lang='lat' dir='ltr'><strong>enim</strong></span> <span class='ocrx_word' id='word_1_241' title='bbox 1090 3347 1158 3422; x_wconf 87' lang='lat' dir='ltr'><strong>de</strong></span> <span class='ocrx_word' id='word_1_242' title='bbox 1184 3344 1404 3422; x_wconf 52' lang='lat' dir='ltr'><strong>Arianis</strong></span> <span class='ocrx_word' id='word_1_243' title='bbox 1438 3350 1533 3422; x_wconf 90' lang='lat' dir='ltr'><strong>qui</strong></span> <span class='ocrx_word' id='word_1_244' title='bbox 1564 3352 1912 3422; x_wconf 82' lang='lat' dir='ltr'><strong>presbyteros</strong></span> 
     </span>
    </p>
   </div>
   <div class='ocr_carea' id='block_1_37' title="bbox 337 3416 1914 3504">
    <p class='ocr_par' dir='ltr' id='par_1_37' title="bbox 337 3416 1914 3504">
     <span class='ocr_line' id='line_1_37' title="bbox 337 3416 1914 3504; baseline 0.004 -34"><span class='ocrx_word' id='word_1_245' title='bbox 446 3417 710 3504; x_wconf 68' lang='lat' dir='ltr'><strong>diacqnos</strong></span> <span class='ocrx_word' id='word_1_246' title='bbox 734 3416 1076 3504; x_wconf 61' lang='lat' dir='ltr'><strong>Alerandriae</strong></span> <span class='ocrx_word' id='word_1_247' title='bbox 1104 3420 1162 3504; x_wconf 65' lang='lat' dir='ltr'><strong>in</strong></span> <span class='ocrx_word' id='word_1_248' title='bbox 1188 3416 1473 3504; x_wconf 68' lang='lat' dir='ltr'><strong>judicium</strong></span> <span class='ocrx_word' id='word_1_249' title='bbox 1490 3416 1792 3504; x_wconf 70' lang='lat' dir='ltr'><strong>pertractus</strong></span> <span class='ocrx_word' id='word_1_250' title='bbox 1818 3437 1914 3504; x_wconf 48' lang='lat' dir='ltr'><strong>ex:</strong></span> 
     </span>
    </p>
   </div>
   <div class='ocr_carea' id='block_1_38' title="bbox 336 3486 1912 3556">
    <p class='ocr_par' dir='ltr' id='par_1_38' title="bbox 336 3486 1912 3556">
     <span class='ocr_line' id='line_1_38' title="bbox 336 3486 1912 3556; baseline 0.005 -17"><span class='ocrx_word' id='word_1_251' title='bbox 336 3486 462 3542; x_wconf 89' lang='lat' dir='ltr'><strong>silio</strong></span> <span class='ocrx_word' id='word_1_252' title='bbox 497 3487 891 3546; x_wconf 86' lang='lat' dir='ltr'><strong>multaverant.</strong></span> <span class='ocrx_word' id='word_1_253' title='bbox 925 3488 997 3542; x_wconf 92' lang='lat' dir='ltr'><strong>ita</strong></span> <span class='ocrx_word' id='word_1_254' title='bbox 1038 3486 1263 3543; x_wconf 90' lang='lat' dir='ltr'><strong>scribit:</strong></span> <span class='ocrx_word' id='word_1_255' title='bbox 1290 3492 1400 3544; x_wconf 82' lang='lat' dir='ltr'><strong>Kal.</strong></span> <span class='ocrx_word' id='word_1_256' title='bbox 1440 3486 1557 3556; x_wconf 79' lang='grc' dir='ltr'><strong>πῶς</strong></span> <span class='ocrx_word' id='word_1_257' title='bbox 1583 3492 1779 3556; x_wconf 83' lang='grc' dir='ltr'>αὐτοὺς</span> <span class='ocrx_word' id='word_1_258' title='bbox 1818 3493 1912 3547; x_wconf 77' lang='grc' dir='ltr'><strong>ἐπὶ</strong></span> 
     </span>
    </p>
   </div>
   <div class='ocr_carea' id='block_1_39' title="bbox 333 3555 1912 3632">
    <p class='ocr_par' dir='ltr' id='par_1_39' title="bbox 333 3555 1912 3632">
     <span class='ocr_line' id='line_1_39' title="bbox 333 3555 1912 3632; baseline 0.006 -24"><span class='ocrx_word' id='word_1_259' title='bbox 333 3556 429 3609; x_wconf 85' lang='grc' dir='ltr'><strong>τοῦ</strong></span> <span class='ocrx_word' id='word_1_260' title='bbox 470 3557 658 3632; x_wconf 74' lang='grc' dir='ltr'>δουκὺς</span> <span class='ocrx_word' id='word_1_261' title='bbox 683 3558 777 3632; x_wconf 68' lang='grc' dir='ltr'><strong>καὶ</strong></span> <span class='ocrx_word' id='word_1_262' title='bbox 813 3555 919 3632; x_wconf 83' lang='grc' dir='ltr'><strong>τῶν</strong></span> <span class='ocrx_word' id='word_1_263' title='bbox 942 3557 1615 3632; x_wconf 74' lang='grc' dir='ltr'>δικαστῶνὲφὺγάδευσαν</span> <span class='ocrx_word' id='word_1_264' title='bbox 1631 3601 1646 3627; x_wconf 90' lang='grc'><strong>,</strong></span> <span class='ocrx_word' id='word_1_265' title='bbox 1670 3562 1912 3632; x_wconf 83' lang='grc' dir='ltr'>καταφέ-</span> 
     </span>
    </p>
   </div>
   <div class='ocr_carea' id='block_1_40' title="bbox 337 3627 1911 3696">
    <p class='ocr_par' dir='ltr' id='par_1_40' title="bbox 337 3627 1911 3696">
     <span class='ocr_line' id='line_1_40' title="bbox 337 3627 1911 3696; baseline 0.005 -17"><span class='ocrx_word' id='word_1_266' title='bbox 337 3643 524 3695; x_wconf 86' lang='grc' dir='ltr'>ροντες</span> <span class='ocrx_word' id='word_1_267' title='bbox 573 3629 639 3682; x_wconf 84' lang='grc' dir='ltr'>ὲκ</span> <span class='ocrx_word' id='word_1_268' title='bbox 672 3627 780 3682; x_wconf 89' lang='grc' dir='ltr'><strong>τῶν</strong></span> <span class='ocrx_word' id='word_1_269' title='bbox 818 3628 984 3683; x_wconf 78' lang='grc' dir='ltr'>οἴκων</span> <span class='ocrx_word' id='word_1_270' title='bbox 1009 3630 1137 3693; x_wconf 84' lang='grc' dir='ltr'>τοὺς</span> <span class='ocrx_word' id='word_1_271' title='bbox 1180 3627 1415 3696; x_wconf 80' lang='grc' dir='ltr'>οἰκείοὺς</span> <span class='ocrx_word' id='word_1_272' title='bbox 1454 3633 1633 3687; x_wconf 81' lang='grc' dir='ltr'>αὐτῶν</span> <span class='ocrx_word' id='word_1_273' title='bbox 1671 3632 1761 3687; x_wconf 91' lang='grc' dir='ltr'><strong>διά</strong></span> <span class='ocrx_word' id='word_1_274' title='bbox 1799 3627 1911 3689; x_wconf 80' lang='grc' dir='ltr'><strong>τῶν</strong></span> 
     </span>
    </p>
   </div>
   <div class='ocr_carea' id='block_1_41' title="bbox 335 3698 1911 3788">
    <p class='ocr_par' dir='ltr' id='par_1_41' title="bbox 335 3698 1911 3788">
     <span class='ocr_line' id='line_1_41' title="bbox 335 3698 1911 3788; baseline 0.005 -38"><span class='ocrx_word' id='word_1_275' title='bbox 715 3700 810 3752; x_wconf 59' lang='grc' dir='ltr'><strong>καὶ¹</strong></span> <span class='ocrx_word' id='word_1_276' title='bbox 836 3700 937 3788; x_wconf 67' lang='grc' dir='ltr'><strong>τοῦ</strong></span> <span class='ocrx_word' id='word_1_277' title='bbox 968 3700 1276 3788; x_wconf 70' lang='grc' dir='ltr'>στρατηγοῦ</span> <span class='ocrx_word' id='word_1_278' title='bbox 1318 3703 1617 3788; x_wconf 44' lang='grc' dir='ltr'>Γοργονίου.</span> <span class='ocrx_word' id='word_1_279' title='bbox 1645 3703 1740 3756; x_wconf 78' lang='grc' dir='ltr'><strong>καὶ</strong></span> <span class='ocrx_word' id='word_1_280' title='bbox 1771 3703 1911 3788; x_wconf 67' lang='grc' dir='ltr'>πλη-</span> 
     </span>
    </p>
   </div>
   <div class='ocr_carea' id='block_1_42' title="bbox 332 3771 1909 3843">
    <p class='ocr_par' dir='ltr' id='par_1_42' title="bbox 332 3771 1909 3843">
     <span class='ocr_line' id='line_1_42' title="bbox 332 3771 1909 3843; baseline 0.006 -22"><span class='ocrx_word' id='word_1_281' title='bbox 332 3771 459 3836; x_wconf 77' lang='grc' dir='ltr'>γαῖς</span> <span class='ocrx_word' id='word_1_282' title='bbox 482 3771 921 3843; x_wconf 81' lang='grc' dir='ltr'>κατακόπτοντες</span> <span class='ocrx_word' id='word_1_283' title='bbox 940 3811 955 3834; x_wconf 95' lang='grc'><strong>,</strong></span> <span class='ocrx_word' id='word_1_284' title='bbox 988 3771 1047 3843; x_wconf 86' lang='lat' dir='ltr'><strong>id</strong></span> <span class='ocrx_word' id='word_1_285' title='bbox 1067 3782 1171 3835; x_wconf 89' lang='lat' dir='ltr'><strong>est,</strong></span> <span class='ocrx_word' id='word_1_286' title='bbox 1195 3771 1456 3842; x_wconf 71' lang='lat' dir='ltr'><strong>quomodo</strong></span> <span class='ocrx_word' id='word_1_287' title='bbox 1490 3774 1641 3829; x_wconf 86' lang='lat' dir='ltr'><strong>ducis</strong></span> <span class='ocrx_word' id='word_1_288' title='bbox 1670 3791 1733 3828; x_wconf 91' lang='lat' dir='ltr'><strong>ac</strong></span> <span class='ocrx_word' id='word_1_289' title='bbox 1753 3771 1909 3843; x_wconf 82' lang='lat' dir='ltr'><strong>judi-</strong></span> 
     </span>
    </p>
   </div>
   <div class='ocr_carea' id='block_1_43' title="bbox 332 3842 1907 3911">
    <p class='ocr_par' dir='ltr' id='par_1_43' title="bbox 332 3842 1907 3911">
     <span class='ocr_line' id='line_1_43' title="bbox 332 3842 1907 3911; baseline 0.005 -21"><span class='ocrx_word' id='word_1_290' title='bbox 332 3853 453 3911; x_wconf 85' lang='lat' dir='ltr'><strong>cum</strong></span> <span class='ocrx_word' id='word_1_291' title='bbox 480 3855 637 3908; x_wconf 89' lang='lat' dir='ltr'><strong>apera</strong></span> <span class='ocrx_word' id='word_1_292' title='bbox 664 3858 750 3895; x_wconf 82' lang='lat' dir='ltr'><strong>eos</strong></span> <span class='ocrx_word' id='word_1_293' title='bbox 775 3842 833 3894; x_wconf 84' lang='lat' dir='ltr'><strong>in</strong></span> <span class='ocrx_word' id='word_1_294' title='bbox 860 3842 1108 3895; x_wconf 75' lang='lat' dir='ltr'><strong>exsilium</strong></span> <span class='ocrx_word' id='word_1_295' title='bbox 1131 3859 1312 3911; x_wconf 87' lang='lat' dir='ltr'><strong>egere;</strong></span> <span class='ocrx_word' id='word_1_296' title='bbox 1342 3846 1662 3898; x_wconf 87' lang='lat' dir='ltr'><strong>necessarios</strong></span> <span class='ocrx_word' id='word_1_297' title='bbox 1690 3842 1907 3899; x_wconf 83' lang='lat' dir='ltr'><strong>illorum</strong></span> 
     </span>
    </p>
   </div>
   <div class='ocr_carea' id='block_1_44' title="bbox 329 3910 1906 3984">
    <p class='ocr_par' dir='ltr' id='par_1_44' title="bbox 329 3910 1906 3984">
     <span class='ocr_line' id='line_1_44' title="bbox 329 3910 1906 3984; baseline 0.006 -23"><span class='ocrx_word' id='word_1_298' title='bbox 329 3923 398 3984; x_wconf 57' lang='lat' dir='ltr'><strong>ea:</strong></span> <span class='ocrx_word' id='word_1_299' title='bbox 418 3910 660 3984; x_wconf 64' lang='lat' dir='ltr'><strong>domibus</strong></span> <span class='ocrx_word' id='word_1_300' title='bbox 690 3911 1018 3966; x_wconf 71' lang='lat' dir='ltr'><strong>extrahentes</strong></span> <span class='ocrx_word' id='word_1_301' title='bbox 1037 3910 1272 3984; x_wconf 66' lang='lat' dir='ltr'><strong>militari</strong></span> <span class='ocrx_word' id='word_1_302' title='bbox 1312 3930 1494 3979; x_wconf 82' lang='lat' dir='ltr'><strong>manu,</strong></span> <span class='ocrx_word' id='word_1_303' title='bbox 1524 3924 1574 3968; x_wconf 86' lang='lat' dir='ltr'><strong>et</strong></span> <span class='ocrx_word' id='word_1_304' title='bbox 1599 3915 1906 3984; x_wconf 84' lang='lat' dir='ltr'><strong>adjumento</strong></span> 
     </span>
    </p>
   </div>
   <div class='ocr_carea' id='block_1_45' title="bbox 335 3978 1906 4055">
    <p class='ocr_par' dir='ltr' id='par_1_45' title="bbox 335 3978 1906 4055">
     <span class='ocr_line' id='line_1_45' title="bbox 335 3978 1906 4055; baseline 0.004 -23"><span class='ocrx_word' id='word_1_305' title='bbox 335 3978 589 4055; x_wconf 77' lang='lat' dir='ltr'><strong>Gargonii</strong></span> <span class='ocrx_word' id='word_1_306' title='bbox 628 3983 992 4055; x_wconf 67' lang='lat' dir='ltr'><strong>magistratus.</strong></span> <span class='ocrx_word' id='word_1_307' title='bbox 1034 3981 1171 4055; x_wconf 67' lang='lat' dir='ltr'><strong>Diale</strong></span> <span class='ocrx_word' id='word_1_308' title='bbox 1209 3984 1355 4038; x_wconf 87' lang='lat' dir='ltr'><strong>enim</strong></span> <span class='ocrx_word' id='word_1_309' title='bbox 1397 3978 1679 4055; x_wconf 72' lang='lat' dir='ltr'><strong>interpres</strong></span> <span class='ocrx_word' id='word_1_310' title='bbox 1702 3983 1906 4055; x_wconf 84' lang='lat' dir='ltr'><strong>Gorgo-</strong></span> 
     </span>
    </p>
   </div>
   <div class='ocr_carea' id='block_1_46' title="bbox 332 4052 1940 4135">
    <p class='ocr_par' dir='ltr' id='par_1_46' title="bbox 332 4052 1940 4135">
     <span class='ocr_line' id='line_1_46' title="bbox 332 4052 1940 4135; baseline 0.004 -32"><span class='ocrx_word' id='word_1_311' title='bbox 332 4054 486 4135; x_wconf 61' lang='lat' dir='ltr'><strong>aiunt</strong></span> <span class='ocrx_word' id='word_1_312' title='bbox 512 4052 698 4107; x_wconf 84' lang='lat' dir='ltr'><strong>ducem</strong></span> <span class='ocrx_word' id='word_1_313' title='bbox 723 4052 903 4135; x_wconf 71' lang='lat' dir='ltr'><strong>vertit.</strong></span> <span class='ocrx_word' id='word_1_314' title='bbox 938 4053 1100 4133; x_wconf 81' lang='lat' dir='ltr'><strong>Atqui</strong></span> <span class='ocrx_word' id='word_1_315' title='bbox 1128 4054 1249 4135; x_wconf 61' lang='lat' dir='ltr'><strong>dux</strong></span> <span class='ocrx_word' id='word_1_316' title='bbox 1281 4054 1393 4135; x_wconf 78' lang='lat' dir='ltr'><strong>ipse</strong></span> <span class='ocrx_word' id='word_1_317' title='bbox 1427 4052 1784 4135; x_wconf 80' lang='lat' dir='ltr'><strong>Sebastianus</strong></span> <span class='ocrx_word' id='word_1_318' title='bbox 1809 4052 1907 4109; x_wconf 64' lang='grc' dir='ltr'>νο-</span> <span class='ocrx_word' id='word_1_319' title='bbox 1935 4064 1940 4079; x_wconf 74' lang='grc'>⁴</span> 
     </span>
    </p>
   </div>
   <div class='ocr_carea' id='block_1_47' title="bbox 330 4122 1904 4195">
    <p class='ocr_par' dir='ltr' id='par_1_47' title="bbox 330 4122 1904 4195">
     <span class='ocr_line' id='line_1_47' title="bbox 330 4122 1904 4195; baseline 0.004 -21"><span class='ocrx_word' id='word_1_320' title='bbox 330 4122 581 4188; x_wconf 85' lang='lat' dir='ltr'><strong>cabatur,</strong></span> <span class='ocrx_word' id='word_1_321' title='bbox 601 4132 738 4178; x_wconf 86' lang='lat' dir='ltr'><strong>teste</strong></span> <span class='ocrx_word' id='word_1_322' title='bbox 765 4123 1065 4195; x_wconf 85' lang='lat' dir='ltr'><strong>Athanasio</strong></span> <span class='ocrx_word' id='word_1_323' title='bbox 1078 4122 1432 4195; x_wconf 10' lang='lat' dir='ltr'><strong>7;_Gorgo&#39;nius</strong></span> <span class='ocrx_word' id='word_1_324' title='bbox 1456 4140 1586 4180; x_wconf 89' lang='lat' dir='ltr'><strong>vero</strong></span> <span class='ocrx_word' id='word_1_325' title='bbox 1612 4125 1904 4195; x_wconf 82' lang='lat' dir='ltr'><strong>magistra-</strong></span> 
     </span>
    </p>
   </div>
   <div class='ocr_carea' id='block_1_48' title="bbox 329 4193 1903 4265">
    <p class='ocr_par' dir='ltr' id='par_1_48' title="bbox 329 4193 1903 4265">
     <span class='ocr_line' id='line_1_48' title="bbox 329 4193 1903 4265; baseline 0.004 -20"><span class='ocrx_word' id='word_1_326' title='bbox 329 4200 421 4265; x_wconf 81' lang='lat' dir='ltr'><strong>tus</strong></span> <span class='ocrx_word' id='word_1_327' title='bbox 462 4201 580 4247; x_wconf 86' lang='lat' dir='ltr'><strong>erat</strong></span> <span class='ocrx_word' id='word_1_328' title='bbox 620 4209 717 4248; x_wconf 91' lang='lat' dir='ltr'><strong>seu</strong></span> <span class='ocrx_word' id='word_1_329' title='bbox 759 4194 1016 4249; x_wconf 78' lang='lat' dir='ltr'><strong>duumvir</strong></span> <span class='ocrx_word' id='word_1_330' title='bbox 1058 4193 1434 4261; x_wconf 60' lang='lat' dir='ltr'><strong>Alexandriae;</strong></span> <span class='ocrx_word' id='word_1_331' title='bbox 1481 4195 1640 4263; x_wconf 90' lang='lat' dir='ltr'><strong>cujus</strong></span> <span class='ocrx_word' id='word_1_332' title='bbox 1671 4193 1729 4249; x_wconf 84' lang='lat' dir='ltr'><strong>id</strong></span> <span class='ocrx_word' id='word_1_333' title='bbox 1772 4210 1903 4265; x_wconf 86' lang='lat' dir='ltr'><strong>pro-</strong></span> 
     </span>
    </p>
   </div>
   <div class='ocr_carea' id='block_1_49' title="bbox 329 4263 1902 4334">
    <p class='ocr_par' dir='ltr' id='par_1_49' title="bbox 329 4263 1902 4334">
     <span class='ocr_line' id='line_1_49' title="bbox 329 4263 1902 4334; baseline 0.004 -20"><span class='ocrx_word' id='word_1_334' title='bbox 329 4263 506 4334; x_wconf 85' lang='lat' dir='ltr'><strong>prium</strong></span> <span class='ocrx_word' id='word_1_335' title='bbox 525 4278 728 4319; x_wconf 89' lang='lat' dir='ltr'><strong>munus</strong></span> <span class='ocrx_word' id='word_1_336' title='bbox 746 4272 885 4327; x_wconf 89' lang='lat' dir='ltr'><strong>erat,</strong></span> <span class='ocrx_word' id='word_1_337' title='bbox 899 4272 958 4318; x_wconf 90' lang='lat' dir='ltr'><strong>ut</strong></span> <span class='ocrx_word' id='word_1_338' title='bbox 983 4278 1106 4318; x_wconf 89' lang='lat' dir='ltr'><strong>reos</strong></span> <span class='ocrx_word' id='word_1_339' title='bbox 1131 4267 1619 4334; x_wconf 86' lang='lat' dir='ltr'><strong>comprehenderet</strong></span> <span class='ocrx_word' id='word_1_340' title='bbox 1637 4272 1692 4319; x_wconf 91' lang='lat' dir='ltr'><strong>et</strong></span> <span class='ocrx_word' id='word_1_341' title='bbox 1712 4263 1902 4321; x_wconf 70' lang='lat' dir='ltr'><strong>coram</strong></span> 
     </span>
    </p>
   </div>
   <div class='ocr_carea' id='block_1_50' title="bbox 329 4333 1899 4403">
    <p class='ocr_par' dir='ltr' id='par_1_50' title="bbox 329 4333 1899 4403">
     <span class='ocr_line' id='line_1_50' title="bbox 329 4333 1899 4403; baseline 0.004 -17"><span class='ocrx_word' id='word_1_342' title='bbox 329 4333 634 4401; x_wconf 85' lang='lat' dir='ltr'><strong>majoribus</strong></span> <span class='ocrx_word' id='word_1_343' title='bbox 676 4334 954 4403; x_wconf 84' lang='lat' dir='ltr'><strong>judieibus</strong></span> <span class='ocrx_word' id='word_1_344' title='bbox 992 4334 1227 4389; x_wconf 83' lang='lat' dir='ltr'><strong>sisteret.</strong></span> <span class='ocrx_word' id='word_1_345' title='bbox 1262 4333 1534 4391; x_wconf 81' lang='lat' dir='ltr'><strong>Testatur</strong></span> <span class='ocrx_word' id='word_1_346' title='bbox 1579 4336 1633 4390; x_wconf 90' lang='lat' dir='ltr'><strong>id</strong></span> <span class='ocrx_word' id='word_1_347' title='bbox 1680 4335 1899 4392; x_wconf 90' lang='lat' dir='ltr'><strong>libellus</strong></span> 
     </span>
    </p>
   </div>
   <div class='ocr_carea' id='block_1_51' title="bbox 328 4403 1900 4477">
    <p class='ocr_par' dir='ltr' id='par_1_51' title="bbox 328 4403 1900 4477">
     <span class='ocr_line' id='line_1_51' title="bbox 328 4403 1900 4477; baseline 0.004 -22"><span class='ocrx_word' id='word_1_348' title='bbox 328 4406 736 4477; x_wconf 82' lang='lat' dir='ltr'><strong>protestationis</strong></span> <span class='ocrx_word' id='word_1_349' title='bbox 761 4403 1348 4477; x_wconf 11' lang='lat' dir='ltr'><strong>populitAlexandrini,</strong></span> <span class='ocrx_word' id='word_1_350' title='bbox 1377 4421 1542 4477; x_wconf 79' lang='lat' dir='ltr'><strong>quem</strong></span> <span class='ocrx_word' id='word_1_351' title='bbox 1564 4405 1900 4477; x_wconf 74' lang='lat' dir='ltr'><strong>Athanasius</strong></span> 
     </span>
    </p>
   </div>
   <div class='ocr_carea' id='block_1_52' title="bbox 326 4473 1899 4544">
    <p class='ocr_par' dir='ltr' id='par_1_52' title="bbox 326 4473 1899 4544">
     <span class='ocr_line' id='line_1_52' title="bbox 326 4473 1899 4544; baseline 0.001 -16"><span class='ocrx_word' id='word_1_352' title='bbox 326 4475 574 4543; x_wconf 65' lang='lat' dir='ltr'><strong>epistolae</strong></span> <span class='ocrx_word' id='word_1_353' title='bbox 618 4490 731 4530; x_wconf 73' lang='lat' dir='ltr'><strong>sua:</strong></span> <span class='ocrx_word' id='word_1_354' title='bbox 766 4473 1031 4544; x_wconf 70' lang='lat' dir='ltr'><strong>Stibjecit,</strong></span> <span class='ocrx_word' id='word_1_355' title='bbox 1064 4475 1149 4529; x_wconf 89' lang='lat' dir='ltr'><strong>his</strong></span> <span class='ocrx_word' id='word_1_356' title='bbox 1183 4477 1363 4530; x_wconf 80' lang='lat' dir='ltr'><strong>verbis</strong></span> <span class='ocrx_word' id='word_1_357' title='bbox 1395 4473 1412 4531; x_wconf 83' lang='grc' dir='ltr'>Ξ</span> <span class='ocrx_word' id='word_1_358' title='bbox 1440 4473 1562 4530; x_wconf 77' lang='grc' dir='ltr'>Οἵδε</span> <span class='ocrx_word' id='word_1_359' title='bbox 1594 4475 1768 4530; x_wconf 87' lang='grc' dir='ltr'>ταῦτα</span> <span class='ocrx_word' id='word_1_360' title='bbox 1804 4477 1899 4530; x_wconf 82' lang='grc' dir='ltr'><strong>καὶ</strong></span> 
     </span>
    </p>
   </div>
   <div class='ocr_carea' id='block_1_53' title="bbox 325 4544 1894 4618">
    <p class='ocr_par' dir='ltr' id='par_1_53' title="bbox 325 4544 1894 4618">
     <span class='ocr_line' id='line_1_53' title="bbox 325 4544 1894 4618; baseline 0.003 -21"><span class='ocrx_word' id='word_1_361' title='bbox 325 4545 695 4618; x_wconf 20' lang='grc' dir='ltr'>όᾼστρατμηγὸς</span> <span class='ocrx_word' id='word_1_362' title='bbox 722 4546 820 4616; x_wconf 82' lang='grc' dir='ltr'>τῆς</span> <span class='ocrx_word' id='word_1_363' title='bbox 862 4544 1070 4618; x_wconf 76' lang='grc' dir='ltr'>πόλεως</span> <span class='ocrx_word' id='word_1_364' title='bbox 1107 4546 1393 4618; x_wconf 66' lang='grc' dir='ltr'>Γοργόνιος</span> <span class='ocrx_word' id='word_1_365' title='bbox 1427 4564 1439 4598; x_wconf 94' lang='lat'>:</span> <span class='ocrx_word' id='word_1_366' title='bbox 1469 4556 1525 4604; x_wconf 85' lang='lat' dir='ltr'><strong>et</strong></span> <span class='ocrx_word' id='word_1_367' title='bbox 1550 4548 1712 4617; x_wconf 88' lang='lat' dir='ltr'><strong>paulo</strong></span> <span class='ocrx_word' id='word_1_368' title='bbox 1750 4560 1894 4616; x_wconf 84' lang='lat' dir='ltr'><strong>post,</strong></span> 
     </span>
    </p>
   </div>
   <div class='ocr_carea' id='block_1_54' title="bbox 322 4614 1796 4690">
    <p class='ocr_par' dir='ltr' id='par_1_54' title="bbox 322 4614 1796 4690">
     <span class='ocr_line' id='line_1_54' title="bbox 322 4614 1796 4690; baseline 0.002 -23"><span class='ocrx_word' id='word_1_369' title='bbox 322 4614 612 4690; x_wconf 63' lang='grc' dir='ltr'>ᾁιξξέστειλε</span> <span class='ocrx_word' id='word_1_370' title='bbox 634 4617 733 4690; x_wconf 64' lang='grc' dir='ltr'><strong>τὸν</strong></span> <span class='ocrx_word' id='word_1_371' title='bbox 749 4614 847 4687; x_wconf 81' lang='grc' dir='ltr'>τῆς</span> <span class='ocrx_word' id='word_1_372' title='bbox 868 4615 1073 4690; x_wconf 78' lang='grc' dir='ltr'>τάξεως</span> <span class='ocrx_word' id='word_1_373' title='bbox 1106 4614 1318 4687; x_wconf 82' lang='grc' dir='ltr'>δήμιον,</span> <span class='ocrx_word' id='word_1_374' title='bbox 1352 4618 1449 4690; x_wconf 80' lang='grc' dir='ltr'><strong>καὶ</strong></span> <span class='ocrx_word' id='word_1_375' title='bbox 1473 4614 1565 4690; x_wconf 75' lang='grc' dir='ltr'>τὸν</span> <span class='ocrx_word' id='word_1_376' title='bbox 1592 4614 1796 4690; x_wconf 75' lang='grc' dir='ltr'>στρατη</span> 
     </span>
    </p>
   </div>
   <div class='ocr_carea' id='block_1_55' title="bbox 329 4635 1901 4758">
    <p class='ocr_par' dir='ltr' id='par_1_55' title="bbox 329 4635 1901 4758">
     <span class='ocr_line' id='line_1_55' title="bbox 329 4635 1897 4690; baseline 0.004 -24"><span class='ocrx_word' id='word_1_377' title='bbox 329 4635 612 4669; x_wconf 58' lang='lat' dir='ltr'><strong>mnesteus</strong></span> <span class='ocrx_word' id='word_1_378' title='bbox 634 4635 726 4670; x_wconf 90' lang='grc' dir='ltr'><strong>τον</strong></span> <span class='ocrx_word' id='word_1_379' title='bbox 749 4635 847 4687; x_wconf 87' lang='grc' dir='ltr'><strong>της</strong></span> <span class='ocrx_word' id='word_1_380' title='bbox 868 4635 1073 4680; x_wconf 82' lang='grc' dir='ltr'>ταςεως</span> <span class='ocrx_word' id='word_1_381' title='bbox 1106 4635 1168 4687; x_wconf 88' lang='grc' dir='ltr'><strong>οη</strong></span> <span class='ocrx_word' id='word_1_382' title='bbox 1178 4635 1318 4687; x_wconf 88' lang='grc' dir='ltr'>μιον,</span> <span class='ocrx_word' id='word_1_383' title='bbox 1352 4635 1449 4671; x_wconf 88' lang='grc' dir='ltr'><strong>και</strong></span> <span class='ocrx_word' id='word_1_384' title='bbox 1473 4635 1565 4672; x_wconf 89' lang='grc' dir='ltr'><strong>τον</strong></span> <span class='ocrx_word' id='word_1_385' title='bbox 1592 4635 1796 4690; x_wconf 87' lang='grc' dir='ltr'>στρατη</span> <span class='ocrx_word' id='word_1_386' title='bbox 1838 4635 1897 4672; x_wconf 91' lang='grc' dir='ltr'><strong>ον</strong></span> 
     </span>
     <span class='ocr_line' id='line_1_56' title="bbox 329 4635 1901 4758; baseline 0.003 -21"><span class='ocrx_word' id='word_1_387' title='bbox 329 4684 499 4740; x_wconf 85' lang='grc' dir='ltr'>θέλων</span> <span class='ocrx_word' id='word_1_388' title='bbox 522 4686 661 4740; x_wconf 87' lang='grc' dir='ltr'><strong>αὑτά</strong></span> <span class='ocrx_word' id='word_1_389' title='bbox 701 4683 832 4758; x_wconf 84' lang='grc' dir='ltr'>ἆραι</span> <span class='ocrx_word' id='word_1_390' title='bbox 856 4727 871 4752; x_wconf 94' lang='grc'><strong>,</strong></span> <span class='ocrx_word' id='word_1_391' title='bbox 907 4687 960 4741; x_wconf 94' lang='lat' dir='ltr'><strong>id</strong></span> <span class='ocrx_word' id='word_1_392' title='bbox 1006 4695 1118 4753; x_wconf 86' lang='lat' dir='ltr'><strong>est,</strong></span> <span class='ocrx_word' id='word_1_393' title='bbox 1164 4689 1309 4742; x_wconf 80' lang='lat' dir='ltr'><strong>misit</strong></span> <span class='ocrx_word' id='word_1_394' title='bbox 1337 4689 1711 4758; x_wconf 86' lang='lat' dir='ltr'><strong>spiculatorem</strong></span> <span class='ocrx_word' id='word_1_395' title='bbox 1745 4635 1901 4758; x_wconf 46' lang='lat' dir='ltr'><strong>o/jicii</strong></span> 
     </span>
    </p>
   </div>
   <div class='ocr_carea' id='block_1_56' title="bbox 322 4757 1899 4827">
    <p class='ocr_par' dir='ltr' id='par_1_56' title="bbox 322 4757 1899 4827">
     <span class='ocr_line' id='line_1_57' title="bbox 322 4757 1899 4827; baseline 0.003 -19"><span class='ocrx_word' id='word_1_396' title='bbox 322 4760 443 4827; x_wconf 74' lang='lat' dir='ltr'><strong>sui,</strong></span> <span class='ocrx_word' id='word_1_397' title='bbox 484 4767 535 4810; x_wconf 86' lang='lat' dir='ltr'><strong>et</strong></span> <span class='ocrx_word' id='word_1_398' title='bbox 564 4757 973 4827; x_wconf 79' lang='lat' dir='ltr'><strong>magistratum,</strong></span> <span class='ocrx_word' id='word_1_399' title='bbox 1003 4766 1062 4811; x_wconf 83' lang='lat' dir='ltr'><strong>ut</strong></span> <span class='ocrx_word' id='word_1_400' title='bbox 1093 4773 1246 4813; x_wconf 83' lang='lat' dir='ltr'><strong>arma</strong></span> <span class='ocrx_word' id='word_1_401' title='bbox 1290 4757 1390 4813; x_wconf 86' lang='lat' dir='ltr'><strong>illa</strong></span> <span class='ocrx_word' id='word_1_402' title='bbox 1425 4774 1492 4814; x_wconf 77' lang='lat' dir='ltr'><strong>ea:</strong></span> <span class='ocrx_word' id='word_1_403' title='bbox 1533 4758 1754 4814; x_wconf 77' lang='lat' dir='ltr'><strong>ecclesia</strong></span> <span class='ocrx_word' id='word_1_404' title='bbox 1790 4757 1899 4813; x_wconf 76' lang='lat' dir='ltr'><strong>tol-</strong></span> 
     </span>
    </p>
   </div>
   <div class='ocr_carea' id='block_1_57' title="bbox 320 4826 703 4883">
    <p class='ocr_par' dir='ltr' id='par_1_57' title="bbox 320 4826 703 4883">
     <span class='ocr_line' id='line_1_58' title="bbox 320 4826 703 4883; baseline 0.005 -4"><span class='ocrx_word' id='word_1_405' title='bbox 320 4826 473 4881; x_wconf 79' lang='lat' dir='ltr'><strong>teret.</strong></span> <span class='ocrx_word' id='word_1_406' title='bbox 504 4826 703 4883; x_wconf 68' lang='lat' dir='ltr'><strong>Vaces.</strong></span> 
     </span>
    </p>
   </div>
   <div class='ocr_carea' id='block_1_58' title="bbox 396 4897 1897 4971">
    <p class='ocr_par' dir='ltr' id='par_1_58' title="bbox 396 4897 1897 4971">
     <span class='ocr_line' id='line_1_59' title="bbox 396 4897 1897 4971; baseline 0.002 -18"><span class='ocrx_word' id='word_1_407' title='bbox 396 4897 508 4971; x_wconf 84' lang='lat'><strong>(67)</strong></span> <span class='ocrx_word' id='word_1_408' title='bbox 561 4899 952 4967; x_wconf 79' lang='grc' dir='ltr'>Ἐπελθόντες</span> <span class='ocrx_word' id='word_1_409' title='bbox 974 4899 1135 4966; x_wconf 77' lang='grc' dir='ltr'>τινὲς</span> <span class='ocrx_word' id='word_1_410' title='bbox 1164 4899 1284 4954; x_wconf 75' lang='grc' dir='ltr'>τῶν</span> <span class='ocrx_word' id='word_1_411' title='bbox 1303 4899 1652 4969; x_wconf 78' lang='grc' dir='ltr'>Μαρεωτῶν.</span> <span class='ocrx_word' id='word_1_412' title='bbox 1683 4897 1808 4955; x_wconf 60' lang='lat' dir='ltr'><strong>Haec</strong></span> <span class='ocrx_word' id='word_1_413' title='bbox 1840 4901 1897 4956; x_wconf 88' lang='lat' dir='ltr'><strong>in</strong></span> 
     </span>
    </p>
   </div>
   <div class='ocr_carea' id='block_1_59' title="bbox 318 4970 1899 5041">
    <p class='ocr_par' dir='ltr' id='par_1_59' title="bbox 318 4970 1899 5041">
     <span class='ocr_line' id='line_1_60' title="bbox 318 4970 1899 5041; baseline 0.003 -19"><span class='ocrx_word' id='word_1_414' title='bbox 318 4970 498 5041; x_wconf 85' lang='lat' dir='ltr'><strong>prima</strong></span> <span class='ocrx_word' id='word_1_415' title='bbox 546 4972 926 5039; x_wconf 79' lang='lat' dir='ltr'><strong>persecutione</strong></span> <span class='ocrx_word' id='word_1_416' title='bbox 966 4971 1069 5026; x_wconf 90' lang='lat' dir='ltr'><strong>sub</strong></span> <span class='ocrx_word' id='word_1_417' title='bbox 1118 4971 1285 5025; x_wconf 86' lang='lat' dir='ltr'><strong>Decio</strong></span> <span class='ocrx_word' id='word_1_418' title='bbox 1307 4973 1700 5041; x_wconf 46' lang='lat' dir='ltr'><strong>antigerunt,</strong></span> <span class='ocrx_word' id='word_1_419' title='bbox 1768 4979 1899 5027; x_wconf 90' lang='lat' dir='ltr'><strong>tunc</strong></span> 
     </span>
    </p>
   </div>
   <div class='ocr_carea' id='block_1_60' title="bbox 322 5040 1892 5112">
    <p class='ocr_par' dir='ltr' id='par_1_60' title="bbox 322 5040 1892 5112">
     <span class='ocr_line' id='line_1_61' title="bbox 322 5040 1892 5112; baseline 0.001 -19"><span class='ocrx_word' id='word_1_420' title='bbox 322 5040 449 5112; x_wconf 82' lang='lat' dir='ltr'><strong>cum</strong></span> <span class='ocrx_word' id='word_1_421' title='bbox 476 5041 770 5112; x_wconf 83' lang='lat' dir='ltr'><strong>Dionysius</strong></span> <span class='ocrx_word' id='word_1_422' title='bbox 799 5040 988 5097; x_wconf 87' lang='lat' dir='ltr'><strong>Sabini</strong></span> <span class='ocrx_word' id='word_1_423' title='bbox 1019 5042 1267 5112; x_wconf 66' lang='lat' dir='ltr'><strong>praefecti</strong></span> <span class='ocrx_word' id='word_1_424' title='bbox 1286 5040 1552 5096; x_wconf 52' lang='lat' dir='ltr'><strong>sﬂtentia</strong></span> <span class='ocrx_word' id='word_1_425' title='bbox 1585 5040 1892 5111; x_wconf 85' lang='lat' dir='ltr'><strong>Taposirim</strong></span> 
     </span>
    </p>
   </div>
   <div class='ocr_carea' id='block_1_61' title="bbox 306 5111 1882 5184">
    <p class='ocr_par' dir='ltr' id='par_1_61' title="bbox 306 5111 1882 5184">
     <span class='ocr_line' id='line_1_62' title="bbox 306 5111 1882 5184; baseline -0.004 -13"><span class='ocrx_word' id='word_1_426' title='bbox 306 5111 588 5184; x_wconf 83' lang='lat' dir='ltr'><strong>.deductus</strong></span> <span class='ocrx_word' id='word_1_427' title='bbox 624 5111 740 5184; x_wconf 66' lang='lat' dir='ltr'><strong>est,</strong></span> <span class='ocrx_word' id='word_1_428' title='bbox 776 5124 834 5166; x_wconf 91' lang='lat' dir='ltr'><strong>ut</strong></span> <span class='ocrx_word' id='word_1_429' title='bbox 862 5112 1055 5184; x_wconf 87' lang='lat' dir='ltr'><strong>scribit</strong></span> <span class='ocrx_word' id='word_1_430' title='bbox 1094 5113 1209 5184; x_wconf 83' lang='lat' dir='ltr'><strong>ipse</strong></span> <span class='ocrx_word' id='word_1_431' title='bbox 1240 5111 1533 5184; x_wconf 79' lang='lat' dir='ltr'><strong>Dionysius</strong></span> <span class='ocrx_word' id='word_1_432' title='bbox 1564 5112 1617 5165; x_wconf 91' lang='lat' dir='ltr'><strong>in</strong></span> <span class='ocrx_word' id='word_1_433' title='bbox 1648 5113 1882 5184; x_wconf 84' lang='lat' dir='ltr'><strong>epistola</strong></span> 
     </span>
    </p>
   </div>
   <div class='ocr_carea' id='block_1_62' title="bbox 320 5180 1894 5253">
    <p class='ocr_par' dir='ltr' id='par_1_62' title="bbox 320 5180 1894 5253">
     <span class='ocr_line' id='line_1_63' title="bbox 320 5180 1894 5253; baseline -0.002 -18"><span class='ocrx_word' id='word_1_434' title='bbox 320 5183 588 5238; x_wconf 87' lang='lat' dir='ltr'><strong>adversus</strong></span> <span class='ocrx_word' id='word_1_435' title='bbox 631 5180 1005 5253; x_wconf 61' lang='lat' dir='ltr'><strong>Germanum,</strong></span> <span class='ocrx_word' id='word_1_436' title='bbox 1039 5182 1181 5237; x_wconf 87' lang='lat' dir='ltr'><strong>infra</strong></span> <span class='ocrx_word' id='word_1_437' title='bbox 1224 5180 1416 5239; x_wconf 36' lang='lat' dir='ltr'><strong>relata“.</strong></span> <span class='ocrx_word' id='word_1_438' title='bbox 1461 5182 1621 5237; x_wconf 87' lang='lat' dir='ltr'><strong>Certe</strong></span> <span class='ocrx_word' id='word_1_439' title='bbox 1651 5180 1744 5252; x_wconf 81' lang='lat' dir='ltr'><strong>qui</strong></span> <span class='ocrx_word' id='word_1_440' title='bbox 1775 5183 1894 5253; x_wconf 88' lang='lat' dir='ltr'><strong>epi-</strong></span> 
     </span>
    </p>
   </div>
   <div class='ocr_carea' id='block_1_63' title="bbox 320 5251 1892 5322">
    <p class='ocr_par' dir='ltr' id='par_1_63' title="bbox 320 5251 1892 5322">
     <span class='ocr_line' id='line_1_64' title="bbox 320 5251 1892 5322; baseline 0.001 -15"><span class='ocrx_word' id='word_1_441' title='bbox 320 5254 518 5315; x_wconf 81' lang='lat' dir='ltr'><strong>stolam</strong></span> <span class='ocrx_word' id='word_1_442' title='bbox 548 5253 695 5307; x_wconf 90' lang='lat' dir='ltr'><strong>illam</strong></span> <span class='ocrx_word' id='word_1_443' title='bbox 725 5251 967 5322; x_wconf 86' lang='lat' dir='ltr'><strong>Dionysii</strong></span> <span class='ocrx_word' id='word_1_444' title='bbox 988 5254 1252 5308; x_wconf 87' lang='lat' dir='ltr'><strong>adversus</strong></span> <span class='ocrx_word' id='word_1_445' title='bbox 1271 5252 1603 5308; x_wconf 84' lang='lat' dir='ltr'><strong>Germanum</strong></span> <span class='ocrx_word' id='word_1_446' title='bbox 1638 5251 1763 5309; x_wconf 79' lang='lat' dir='ltr'><strong>cum</strong></span> <span class='ocrx_word' id='word_1_447' title='bbox 1792 5251 1892 5308; x_wconf 86' lang='lat' dir='ltr'><strong>hac</strong></span> 
     </span>
    </p>
   </div>
   <div class='ocr_carea' id='block_1_64' title="bbox 318 5322 1895 5394">
    <p class='ocr_par' dir='ltr' id='par_1_64' title="bbox 318 5322 1895 5394">
     <span class='ocr_line' id='line_1_65' title="bbox 318 5322 1895 5394; baseline -0.001 -17"><span class='ocrx_word' id='word_1_448' title='bbox 318 5339 444 5393; x_wconf 69' lang='lat' dir='ltr'><strong>qua:</strong></span> <span class='ocrx_word' id='word_1_449' title='bbox 473 5323 541 5378; x_wconf 89' lang='lat' dir='ltr'><strong>ad</strong></span> <span class='ocrx_word' id='word_1_450' title='bbox 573 5323 872 5378; x_wconf 88' lang='lat' dir='ltr'><strong>Domitium</strong></span> <span class='ocrx_word' id='word_1_451' title='bbox 894 5325 1102 5394; x_wconf 81' lang='lat' dir='ltr'><strong>scripta</strong></span> <span class='ocrx_word' id='word_1_452' title='bbox 1129 5333 1212 5379; x_wconf 91' lang='lat' dir='ltr'><strong>est</strong></span> <span class='ocrx_word' id='word_1_453' title='bbox 1236 5322 1557 5389; x_wconf 86' lang='lat' dir='ltr'><strong>contulerit,</strong></span> <span class='ocrx_word' id='word_1_454' title='bbox 1589 5340 1697 5378; x_wconf 90' lang='lat' dir='ltr'><strong>non</strong></span> <span class='ocrx_word' id='word_1_455' title='bbox 1733 5323 1895 5378; x_wconf 85' lang='lat' dir='ltr'><strong>dubi-</strong></span> 
     </span>
    </p>
   </div>
   <div class='ocr_carea' id='block_1_65' title="bbox 319 5394 1891 5464">
    <p class='ocr_par' dir='ltr' id='par_1_65' title="bbox 319 5394 1891 5464">
     <span class='ocr_line' id='line_1_66' title="bbox 319 5394 1891 5464; baseline 0 -17"><span class='ocrx_word' id='word_1_456' title='bbox 319 5395 455 5448; x_wconf 87' lang='lat' dir='ltr'><strong>tabit</strong></span> <span class='ocrx_word' id='word_1_457' title='bbox 485 5394 616 5463; x_wconf 88' lang='lat' dir='ltr'><strong>quin</strong></span> <span class='ocrx_word' id='word_1_458' title='bbox 639 5394 706 5464; x_wconf 85' lang='lat' dir='ltr'><strong>de</strong></span> <span class='ocrx_word' id='word_1_459' title='bbox 737 5408 844 5448; x_wconf 89' lang='lat' dir='ltr'><strong>una</strong></span> <span class='ocrx_word' id='word_1_460' title='bbox 867 5399 1165 5464; x_wconf 83' lang='lat' dir='ltr'><strong>eademque</strong></span> <span class='ocrx_word' id='word_1_461' title='bbox 1201 5412 1259 5450; x_wconf 87' lang='lat' dir='ltr'><strong>re</strong></span> <span class='ocrx_word' id='word_1_462' title='bbox 1298 5394 1589 5463; x_wconf 85' lang='lat' dir='ltr'><strong>utrobique</strong></span> <span class='ocrx_word' id='word_1_463' title='bbox 1636 5395 1891 5464; x_wconf 75' lang='lat' dir='ltr'><strong>loquatur</strong></span> 
     </span>
    </p>
   </div>
   <div class='ocr_carea' id='block_1_66' title="bbox 317 5462 1889 5535">
    <p class='ocr_par' dir='ltr' id='par_1_66' title="bbox 317 5462 1889 5535">
     <span class='ocr_line' id='line_1_67' title="bbox 317 5462 1889 5535; baseline 0.001 -19"><span class='ocrx_word' id='word_1_464' title='bbox 317 5462 634 5535; x_wconf 78' lang='lat' dir='ltr'><strong>Dionysms.</strong></span> <span class='ocrx_word' id='word_1_465' title='bbox 662 5462 843 5529; x_wconf 85' lang='lat' dir='ltr'><strong>Quare</strong></span> <span class='ocrx_word' id='word_1_466' title='bbox 870 5462 1088 5521; x_wconf 76' lang='lat' dir='ltr'><strong>fallitur</strong></span> <span class='ocrx_word' id='word_1_467' title='bbox 1105 5465 1394 5530; x_wconf 89' lang='lat' dir='ltr'><strong>Eusebius,</strong></span> <span class='ocrx_word' id='word_1_468' title='bbox 1423 5462 1517 5535; x_wconf 90' lang='lat' dir='ltr'><strong>qui</strong></span> <span class='ocrx_word' id='word_1_469' title='bbox 1538 5464 1591 5518; x_wconf 91' lang='lat' dir='ltr'><strong>in</strong></span> <span class='ocrx_word' id='word_1_470' title='bbox 1628 5462 1733 5519; x_wconf 83' lang='lat' dir='ltr'><strong>hac</strong></span> <span class='ocrx_word' id='word_1_471' title='bbox 1766 5463 1889 5518; x_wconf 91' lang='lat' dir='ltr'><strong>Dio-</strong></span> 
     </span>
    </p>
   </div>
   <div class='ocr_carea' id='block_1_67' title="bbox 315 5534 1889 5606">
    <p class='ocr_par' dir='ltr' id='par_1_67' title="bbox 315 5534 1889 5606">
     <span class='ocr_line' id='line_1_68' title="bbox 315 5534 1889 5606; baseline 0.001 -18"><span class='ocrx_word' id='word_1_472' title='bbox 315 5534 553 5606; x_wconf 44' lang='lat' dir='ltr'><strong>nysii&#39;ad</strong></span> <span class='ocrx_word' id='word_1_473' title='bbox 585 5534 877 5589; x_wconf 89' lang='lat' dir='ltr'><strong>Domitium</strong></span> <span class='ocrx_word' id='word_1_474' title='bbox 905 5536 1131 5605; x_wconf 86' lang='lat' dir='ltr'><strong>epistola</strong></span> <span class='ocrx_word' id='word_1_475' title='bbox 1157 5551 1222 5592; x_wconf 88' lang='lat' dir='ltr'><strong>ea</strong></span> <span class='ocrx_word' id='word_1_476' title='bbox 1264 5534 1474 5590; x_wconf 84' lang='lat' dir='ltr'><strong>narrari</strong></span> <span class='ocrx_word' id='word_1_477' title='bbox 1516 5535 1726 5604; x_wconf 81' lang='lat' dir='ltr'><strong>putavit</strong></span> <span class='ocrx_word' id='word_1_478' title='bbox 1765 5550 1889 5604; x_wconf 79' lang='lat' dir='ltr'><strong>quae</strong></span> 
     </span>
    </p>
   </div>
   <div class='ocr_carea' id='block_1_68' title="bbox 313 5604 1887 5678">
    <p class='ocr_par' dir='ltr' id='par_1_68' title="bbox 313 5604 1887 5678">
     <span class='ocr_line' id='line_1_69' title="bbox 313 5604 1887 5678; baseline 0.001 -19"><span class='ocrx_word' id='word_1_479' title='bbox 313 5604 383 5660; x_wconf 88' lang='lat' dir='ltr'><strong>ad</strong></span> <span class='ocrx_word' id='word_1_480' title='bbox 419 5604 691 5678; x_wconf 76' lang='lat' dir='ltr'><strong>valeriani</strong></span> <span class='ocrx_word' id='word_1_481' title='bbox 743 5608 1185 5678; x_wconf 84' lang='lat' dir='ltr'><strong>persecutionem</strong></span> <span class='ocrx_word' id='word_1_482' title='bbox 1224 5607 1619 5678; x_wconf 69' lang='lat' dir='ltr'><strong>pertinebant;</strong></span> <span class='ocrx_word' id='word_1_483' title='bbox 1642 5608 1788 5675; x_wconf 87' lang='lat' dir='ltr'><strong>quod</strong></span> <span class='ocrx_word' id='word_1_484' title='bbox 1818 5620 1887 5660; x_wconf 77' lang='lat' dir='ltr'><strong>ex</strong></span> 
     </span>
    </p>
   </div>
   <div class='ocr_carea' id='block_1_69' title="bbox 316 5675 1884 5747">
    <p class='ocr_par' dir='ltr' id='par_1_69' title="bbox 316 5675 1884 5747">
     <span class='ocr_line' id='line_1_70' title="bbox 316 5675 1884 5747; baseline -0.001 -17"><span class='ocrx_word' id='word_1_485' title='bbox 316 5679 438 5745; x_wconf 91' lang='lat' dir='ltr'><strong>ipso</strong></span> <span class='ocrx_word' id='word_1_486' title='bbox 466 5675 737 5747; x_wconf 71' lang='lat' dir='ltr'><strong>Dionysio</strong></span> <span class='ocrx_word' id='word_1_487' title='bbox 758 5677 917 5732; x_wconf 84' lang='lat' dir='ltr'><strong>facile</strong></span> <span class='ocrx_word' id='word_1_488' title='bbox 947 5687 1032 5732; x_wconf 89' lang='lat' dir='ltr'><strong>est</strong></span> <span class='ocrx_word' id='word_1_489' title='bbox 1062 5675 1327 5734; x_wconf 86' lang='lat' dir='ltr'><strong>refellere.</strong></span> <span class='ocrx_word' id='word_1_490' title='bbox 1369 5677 1580 5731; x_wconf 84' lang='lat' dir='ltr'><strong>Etenim</strong></span> <span class='ocrx_word' id='word_1_491' title='bbox 1609 5675 1663 5729; x_wconf 93' lang='lat' dir='ltr'><strong>in</strong></span> <span class='ocrx_word' id='word_1_492' title='bbox 1697 5691 1884 5744; x_wconf 90' lang='lat' dir='ltr'><strong>perse-</strong></span> 
     </span>
    </p>
   </div>
   <div class='ocr_carea' id='block_1_70' title="bbox 315 5745 1885 5819">
    <p class='ocr_par' dir='ltr' id='par_1_70' title="bbox 315 5745 1885 5819">
     <span class='ocr_line' id='line_1_71' title="bbox 315 5745 1885 5819; baseline -0.001 -17"><span class='ocrx_word' id='word_1_493' title='bbox 315 5747 539 5819; x_wconf 87' lang='lat' dir='ltr'><strong>cutione</strong></span> <span class='ocrx_word' id='word_1_494' title='bbox 554 5745 664 5819; x_wconf 81' lang='lat' dir='ltr'><strong>sub</strong></span> <span class='ocrx_word' id='word_1_495' title='bbox 694 5745 1008 5810; x_wconf 80' lang='lat' dir='ltr'><strong>Valeriano,</strong></span> <span class='ocrx_word' id='word_1_496' title='bbox 1042 5747 1334 5819; x_wconf 86' lang='lat' dir='ltr'><strong>Dionysius</strong></span> <span class='ocrx_word' id='word_1_497' title='bbox 1364 5763 1474 5802; x_wconf 89' lang='lat' dir='ltr'><strong>non</strong></span> <span class='ocrx_word' id='word_1_498' title='bbox 1502 5755 1586 5802; x_wconf 86' lang='lat' dir='ltr'><strong>est</strong></span> <span class='ocrx_word' id='word_1_499' title='bbox 1617 5747 1885 5802; x_wconf 90' lang='lat' dir='ltr'><strong>deductus</strong></span> 
     </span>
    </p>
   </div>
   <div class='ocr_carea' id='block_1_71' title="bbox 312 5818 1884 5886">
    <p class='ocr_par' dir='ltr' id='par_1_71' title="bbox 312 5818 1884 5886">
     <span class='ocr_line' id='line_1_72' title="bbox 312 5818 1884 5886; baseline -0.001 -14"><span class='ocrx_word' id='word_1_500' title='bbox 312 5821 370 5873; x_wconf 87' lang='lat' dir='ltr'><strong>in</strong></span> <span class='ocrx_word' id='word_1_501' title='bbox 409 5818 662 5872; x_wconf 70' lang='lat' dir='ltr'><strong>exsilium</strong></span> <span class='ocrx_word' id='word_1_502' title='bbox 706 5833 832 5872; x_wconf 88' lang='lat' dir='ltr'><strong>cum</strong></span> <span class='ocrx_word' id='word_1_503' title='bbox 867 5819 1115 5874; x_wconf 86' lang='lat' dir='ltr'><strong>custodia</strong></span> <span class='ocrx_word' id='word_1_504' title='bbox 1161 5819 1422 5882; x_wconf 86' lang='lat' dir='ltr'><strong>militari,</strong></span> <span class='ocrx_word' id='word_1_505' title='bbox 1475 5833 1576 5873; x_wconf 90' lang='lat' dir='ltr'><strong>nec</strong></span> <span class='ocrx_word' id='word_1_506' title='bbox 1619 5832 1884 5886; x_wconf 84' lang='lat' dir='ltr'><strong>superve-</strong></span> 
     </span>
    </p>
   </div>
   <div class='ocr_carea' id='block_1_72' title="bbox 316 5887 1881 5960">
    <p class='ocr_par' dir='ltr' id='par_1_72' title="bbox 316 5887 1881 5960">
     <span class='ocr_line' id='line_1_73' title="bbox 316 5887 1881 5960; baseline -0.002 -16"><span class='ocrx_word' id='word_1_507' title='bbox 316 5890 527 5945; x_wconf 87' lang='lat' dir='ltr'><strong>nientes</strong></span> <span class='ocrx_word' id='word_1_508' title='bbox 553 5887 837 5955; x_wconf 66' lang='lat' dir='ltr'><strong>Marcone,</strong></span> <span class='ocrx_word' id='word_1_509' title='bbox 893 5887 1095 5960; x_wconf 79' lang='lat' dir='ltr'><strong>fugatis</strong></span> <span class='ocrx_word' id='word_1_510' title='bbox 1123 5890 1419 5955; x_wconf 87' lang='lat' dir='ltr'><strong>militibus,</strong></span> <span class='ocrx_word' id='word_1_511' title='bbox 1467 5904 1593 5947; x_wconf 89' lang='lat' dir='ltr'><strong>eum</strong></span> <span class='ocrx_word' id='word_1_512' title='bbox 1635 5904 1731 5960; x_wconf 90' lang='lat' dir='ltr'><strong>per</strong></span> <span class='ocrx_word' id='word_1_513' title='bbox 1772 5891 1881 5942; x_wconf 86' lang='lat' dir='ltr'><strong>vim</strong></span> 
     </span>
    </p>
   </div>
   <div class='ocr_carea' id='block_1_73' title="bbox 1838 4605 1975 4672">
    <p class='ocr_par' dir='ltr' id='par_1_73' title="bbox 1838 4605 1975 4672">
     <span class='ocr_line' id='line_1_74' title="bbox 1838 4605 1975 4672; baseline 0 0"><span class='ocrx_word' id='word_1_514' title='bbox 1838 4605 1975 4672; x_wconf 58' lang='grc' dir='ltr'><strong>δὺι)</strong></span> 
     </span>
    </p>
   </div>
   <div class='ocr_carea' id='block_1_74' title="bbox 2053 625 3638 700">
    <p class='ocr_par' dir='ltr' id='par_1_74' title="bbox 2053 625 3638 700">
     <span class='ocr_line' id='line_1_75' title="bbox 2053 625 3638 700; baseline -0.002 -17"><span class='ocrx_word' id='word_1_515' title='bbox 2053 644 2160 700; x_wconf 90' lang='lat' dir='ltr'><strong>que</strong></span> <span class='ocrx_word' id='word_1_516' title='bbox 2186 637 2239 683; x_wconf 88' lang='lat' dir='ltr'><strong>et</strong></span> <span class='ocrx_word' id='word_1_517' title='bbox 2267 628 2671 698; x_wconf 84' lang='lat' dir='ltr'><strong>apparitoribus</strong></span> <span class='ocrx_word' id='word_1_518' title='bbox 2689 669 2703 692; x_wconf 93' lang='lat'><strong>,</strong></span> <span class='ocrx_word' id='word_1_519' title='bbox 2751 625 2844 697; x_wconf 88' lang='lat' dir='ltr'><strong>qui</strong></span> <span class='ocrx_word' id='word_1_520' title='bbox 2874 640 2982 680; x_wconf 90' lang='lat' dir='ltr'><strong>una</strong></span> <span class='ocrx_word' id='word_1_521' title='bbox 3013 641 3138 681; x_wconf 90' lang='lat' dir='ltr'><strong>eum</strong></span> <span class='ocrx_word' id='word_1_522' title='bbox 3166 625 3301 695; x_wconf 91' lang='lat' dir='ltr'><strong>ipsis</strong></span> <span class='ocrx_word' id='word_1_523' title='bbox 3327 633 3512 691; x_wconf 89' lang='lat' dir='ltr'><strong>erant,</strong></span> <span class='ocrx_word' id='word_1_524' title='bbox 3540 638 3638 681; x_wconf 82' lang='lat' dir='ltr'><strong>su-</strong></span> 
     </span>
    </p>
   </div>
   <div class='ocr_carea' id='block_1_75' title="bbox 2052 718 3639 793">
    <p class='ocr_par' dir='ltr' id='par_1_75' title="bbox 2052 718 3639 793">
     <span class='ocr_line' id='line_1_76' title="bbox 2052 718 3639 793; baseline -0.003 -16"><span class='ocrx_word' id='word_1_525' title='bbox 2052 723 2432 793; x_wconf 90' lang='lat' dir='ltr'><strong>pervenientes</strong></span> <span class='ocrx_word' id='word_1_526' title='bbox 2474 720 2698 790; x_wconf 86' lang='lat' dir='ltr'><strong>quidam</strong></span> <span class='ocrx_word' id='word_1_527' title='bbox 2732 735 2798 775; x_wconf 81' lang='lat' dir='ltr'><strong>ex</strong></span> <span class='ocrx_word' id='word_1_528' title='bbox 2826 718 3085 775; x_wconf 86' lang='lat' dir='ltr'><strong>Mareotis</strong></span> <span class='ocrx_word' id='word_1_529' title='bbox 3105 760 3123 786; x_wconf 94' lang='lat'><strong>,</strong></span> <span class='ocrx_word' id='word_1_530' title='bbox 3176 719 3377 774; x_wconf 84' lang='lat' dir='ltr'><strong>invitos</strong></span> <span class='ocrx_word' id='word_1_531' title='bbox 3406 733 3508 774; x_wconf 92' lang='lat' dir='ltr'><strong>nos</strong></span> <span class='ocrx_word' id='word_1_532' title='bbox 3539 734 3639 773; x_wconf 90' lang='lat' dir='ltr'><strong>nec</strong></span> 
     </span>
    </p>
   </div>
   <div class='ocr_carea' id='block_1_76' title="bbox 2051 809 3634 885">
    <p class='ocr_par' dir='ltr' id='par_1_76' title="bbox 2051 809 3634 885">
     <span class='ocr_line' id='line_1_77' title="bbox 2051 809 3634 885; baseline -0.004 -15"><span class='ocrx_word' id='word_1_533' title='bbox 2051 824 2244 885; x_wconf 89' lang='lat' dir='ltr'><strong>sponte</strong></span> <span class='ocrx_word' id='word_1_534' title='bbox 2291 823 2584 884; x_wconf 87' lang='lat' dir='ltr'><strong>sequentes</strong></span> <span class='ocrx_word' id='word_1_535' title='bbox 2632 826 2728 882; x_wconf 90' lang='lat' dir='ltr'><strong>per</strong></span> <span class='ocrx_word' id='word_1_536' title='bbox 2758 811 2872 865; x_wconf 87' lang='lat' dir='ltr'><strong>vim</strong></span> <span class='ocrx_word' id='word_1_537' title='bbox 2910 810 3296 866; x_wconf 83' lang='lat' dir='ltr'><strong>abstraxerint.</strong></span> <span class='ocrx_word' id='word_1_538' title='bbox 3355 809 3468 881; x_wconf 84' lang='lat' dir='ltr'><strong>Ego</strong></span> <span class='ocrx_word' id='word_1_539' title='bbox 3509 811 3634 880; x_wconf 91' lang='lat' dir='ltr'><strong>qui-</strong></span> 
     </span>
    </p>
   </div>
   <div class='ocr_carea' id='block_1_77' title="bbox 2049 901 3636 969">
    <p class='ocr_par' dir='ltr' id='par_1_77' title="bbox 2049 901 3636 969">
     <span class='ocr_line' id='line_1_78' title="bbox 2049 901 3636 969; baseline -0.001 -10"><span class='ocrx_word' id='word_1_540' title='bbox 2049 905 2174 959; x_wconf 87' lang='lat' dir='ltr'><strong>dem</strong></span> <span class='ocrx_word' id='word_1_541' title='bbox 2206 920 2354 959; x_wconf 88' lang='lat' dir='ltr'><strong>nunc</strong></span> <span class='ocrx_word' id='word_1_542' title='bbox 2384 914 2439 959; x_wconf 91' lang='lat' dir='ltr'><strong>et</strong></span> <span class='ocrx_word' id='word_1_543' title='bbox 2481 902 2677 958; x_wconf 85' lang='lat' dir='ltr'><strong>Petrus</strong></span> <span class='ocrx_word' id='word_1_544' title='bbox 2711 910 2765 956; x_wconf 91' lang='lat' dir='ltr'><strong>et</strong></span> <span class='ocrx_word' id='word_1_545' title='bbox 2790 901 2957 958; x_wconf 91' lang='lat' dir='ltr'><strong>Caius</strong></span> <span class='ocrx_word' id='word_1_546' title='bbox 2989 902 3131 969; x_wconf 91' lang='lat' dir='ltr'><strong>soli,</strong></span> <span class='ocrx_word' id='word_1_547' title='bbox 3187 903 3412 969; x_wconf 84' lang='lat' dir='ltr'><strong>reliquis</strong></span> <span class='ocrx_word' id='word_1_548' title='bbox 3446 901 3636 957; x_wconf 84' lang='lat' dir='ltr'><strong>fratri-</strong></span> 
     </span>
    </p>
   </div>
   <div class='ocr_carea' id='block_1_78' title="bbox 2049 994 3636 1068">
    <p class='ocr_par' dir='ltr' id='par_1_78' title="bbox 2049 994 3636 1068">
     <span class='ocr_line' id='line_1_79' title="bbox 2049 994 3636 1068; baseline -0.001 -16"><span class='ocrx_word' id='word_1_549' title='bbox 2049 998 2153 1053; x_wconf 89' lang='lat' dir='ltr'><strong>bus</strong></span> <span class='ocrx_word' id='word_1_550' title='bbox 2202 998 2401 1063; x_wconf 89' lang='lat' dir='ltr'><strong>orbati,</strong></span> <span class='ocrx_word' id='word_1_551' title='bbox 2460 998 2515 1050; x_wconf 92' lang='lat' dir='ltr'><strong>in</strong></span> <span class='ocrx_word' id='word_1_552' title='bbox 2546 997 2764 1051; x_wconf 82' lang='lat' dir='ltr'><strong>deserto</strong></span> <span class='ocrx_word' id='word_1_553' title='bbox 2806 1004 2861 1051; x_wconf 89' lang='lat' dir='ltr'><strong>et</strong></span> <span class='ocrx_word' id='word_1_554' title='bbox 2905 995 3154 1066; x_wconf 88' lang='lat' dir='ltr'><strong>squalido</strong></span> <span class='ocrx_word' id='word_1_555' title='bbox 3186 994 3420 1065; x_wconf 85' lang='lat' dir='ltr'><strong>quodam</strong></span> <span class='ocrx_word' id='word_1_556' title='bbox 3454 994 3636 1068; x_wconf 70' lang='lat' dir='ltr'><strong>Libya:</strong></span> 
     </span>
    </p>
   </div>
   <div class='ocr_carea' id='block_1_79' title="bbox 2049 1087 3635 1156">
    <p class='ocr_par' dir='ltr' id='par_1_79' title="bbox 2049 1087 3635 1156">
     <span class='ocr_line' id='line_1_80' title="bbox 2049 1087 3635 1156; baseline 0.001 -13"><span class='ocrx_word' id='word_1_557' title='bbox 2049 1091 2171 1145; x_wconf 91' lang='lat' dir='ltr'><strong>loco</strong></span> <span class='ocrx_word' id='word_1_558' title='bbox 2204 1089 2452 1144; x_wconf 90' lang='lat' dir='ltr'><strong>conclusi</strong></span> <span class='ocrx_word' id='word_1_559' title='bbox 2478 1104 2706 1156; x_wconf 88' lang='lat' dir='ltr'><strong>sumus,</strong></span> <span class='ocrx_word' id='word_1_560' title='bbox 2751 1087 2917 1143; x_wconf 91' lang='lat' dir='ltr'><strong>tridui</strong></span> <span class='ocrx_word' id='word_1_561' title='bbox 2949 1087 3143 1144; x_wconf 88' lang='lat' dir='ltr'><strong>itinere</strong></span> <span class='ocrx_word' id='word_1_562' title='bbox 3172 1089 3438 1144; x_wconf 89' lang='lat' dir='ltr'><strong>distantes</strong></span> <span class='ocrx_word' id='word_1_563' title='bbox 3470 1105 3500 1143; x_wconf 91' lang='lat' dir='ltr'><strong>a</strong></span> <span class='ocrx_word' id='word_1_564' title='bbox 3528 1089 3635 1145; x_wconf 90' lang='lat' dir='ltr'><strong>Pa-</strong></span> 
     </span>
    </p>
   </div>
   <div class='ocr_carea' id='block_1_80' title="bbox 2048 1180 2295 1235">
    <p class='ocr_par' dir='ltr' id='par_1_80' title="bbox 2048 1180 2295 1235">
     <span class='ocr_line' id='line_1_81' title="bbox 2048 1180 2295 1235; baseline -0.012 0"><span class='ocrx_word' id='word_1_565' title='bbox 2048 1180 2295 1235; x_wconf 70' lang='lat' dir='ltr'><strong>raztonio.</strong></span> 
     </span>
    </p>
   </div>
   <div class='ocr_carea' id='block_1_81' title="bbox 2128 1268 3631 1341">
    <p class='ocr_par' dir='ltr' id='par_1_81' title="bbox 2128 1268 3631 1341">
     <span class='ocr_line' id='line_1_82' title="bbox 2128 1268 3631 1341; baseline 0 -18"><span class='ocrx_word' id='word_1_566' title='bbox 2128 1270 2215 1326; x_wconf 81' lang='grc'><strong>111.</strong></span> <span class='ocrx_word' id='word_1_567' title='bbox 2260 1270 2329 1324; x_wconf 90' lang='lat' dir='ltr'><strong>Et</strong></span> <span class='ocrx_word' id='word_1_568' title='bbox 2363 1271 2639 1341; x_wconf 87' lang='lat' dir='ltr'><strong>aliquanto</strong></span> <span class='ocrx_word' id='word_1_569' title='bbox 2666 1280 2786 1340; x_wconf 82' lang='lat' dir='ltr'><strong>post</strong></span> <span class='ocrx_word' id='word_1_570' title='bbox 2812 1288 2831 1325; x_wconf 88' lang='lat'><strong><em>:</em></strong></span> <span class='ocrx_word' id='word_1_571' title='bbox 2858 1268 2914 1324; x_wconf 88' lang='lat' dir='ltr'><strong>In</strong></span> <span class='ocrx_word' id='word_1_572' title='bbox 2941 1270 3132 1325; x_wconf 80' lang='lat' dir='ltr'><strong>urbem</strong></span> <span class='ocrx_word' id='word_1_573' title='bbox 3154 1312 3168 1336; x_wconf 92' lang='lat'><strong>,</strong></span> <span class='ocrx_word' id='word_1_574' title='bbox 3212 1271 3412 1340; x_wconf 86' lang='lat' dir='ltr'><strong>inquit,</strong></span> <span class='ocrx_word' id='word_1_575' title='bbox 3444 1270 3631 1325; x_wconf 82' lang='lat' dir='ltr'><strong>occul-</strong></span> 
     </span>
    </p>
   </div>
   <div class='ocr_carea' id='block_1_82' title="bbox 2043 1361 3632 1434">
    <p class='ocr_par' dir='ltr' id='par_1_82' title="bbox 2043 1361 3632 1434">
     <span class='ocr_line' id='line_1_83' title="bbox 2043 1361 3632 1434; baseline -0.001 -17"><span class='ocrx_word' id='word_1_576' title='bbox 2043 1371 2232 1418; x_wconf 89' lang='lat' dir='ltr'><strong>tarunt</strong></span> <span class='ocrx_word' id='word_1_577' title='bbox 2262 1378 2321 1419; x_wconf 88' lang='lat' dir='ltr'><strong>se</strong></span> <span class='ocrx_word' id='word_1_578' title='bbox 2344 1405 2361 1430; x_wconf 93' lang='lat'><strong>,</strong></span> <span class='ocrx_word' id='word_1_579' title='bbox 2411 1372 2472 1419; x_wconf 86' lang='lat' dir='ltr'><strong>ut</strong></span> <span class='ocrx_word' id='word_1_580' title='bbox 2506 1361 2704 1419; x_wconf 82' lang='lat' dir='ltr'><strong>fratres</strong></span> <span class='ocrx_word' id='word_1_581' title='bbox 2729 1363 2978 1419; x_wconf 88' lang='lat' dir='ltr'><strong>clanculo</strong></span> <span class='ocrx_word' id='word_1_582' title='bbox 3010 1364 3252 1418; x_wconf 87' lang='lat' dir='ltr'><strong>invisant</strong></span> <span class='ocrx_word' id='word_1_583' title='bbox 3281 1382 3294 1420; x_wconf 87' lang='lat'><strong>:</strong></span> <span class='ocrx_word' id='word_1_584' title='bbox 3329 1362 3632 1434; x_wconf 85' lang='lat' dir='ltr'><strong>presbyteri</strong></span> 
     </span>
    </p>
   </div>
   <div class='ocr_carea' id='block_1_83' title="bbox 2044 1454 3629 1526">
    <p class='ocr_par' dir='ltr' id='par_1_83' title="bbox 2044 1454 3629 1526">
     <span class='ocr_line' id='line_1_84' title="bbox 2044 1454 3629 1526; baseline 0.001 -17"><span class='ocrx_word' id='word_1_585' title='bbox 2044 1455 2287 1526; x_wconf 85' lang='lat' dir='ltr'><strong>quidem,</strong></span> <span class='ocrx_word' id='word_1_586' title='bbox 2313 1455 2605 1521; x_wconf 81' lang='lat' dir='ltr'><strong>Maximus,</strong></span> <span class='ocrx_word' id='word_1_587' title='bbox 2632 1455 2949 1521; x_wconf 81' lang='lat' dir='ltr'><strong>Dioscorus,</strong></span> <span class='ocrx_word' id='word_1_588' title='bbox 2980 1454 3286 1511; x_wconf 85' lang='lat' dir='ltr'><strong>Demetrius</strong></span> <span class='ocrx_word' id='word_1_589' title='bbox 3308 1465 3362 1510; x_wconf 92' lang='lat' dir='ltr'><strong>et</strong></span> <span class='ocrx_word' id='word_1_590' title='bbox 3390 1455 3629 1521; x_wconf 88' lang='lat' dir='ltr'><strong>Lucius;</strong></span> 
     </span>
    </p>
   </div>
   <div class='ocr_carea' id='block_1_84' title="bbox 2043 1544 3631 1617">
    <p class='ocr_par' dir='ltr' id='par_1_84' title="bbox 2043 1544 3631 1617">
     <span class='ocr_line' id='line_1_85' title="bbox 2043 1544 3631 1617; baseline 0.001 -18"><span class='ocrx_word' id='word_1_591' title='bbox 2043 1545 2341 1602; x_wconf 83' lang='lat' dir='ltr'><strong>Faustinus</strong></span> <span class='ocrx_word' id='word_1_592' title='bbox 2373 1548 2517 1601; x_wconf 91' lang='lat' dir='ltr'><strong>enim</strong></span> <span class='ocrx_word' id='word_1_593' title='bbox 2550 1554 2605 1601; x_wconf 92' lang='lat' dir='ltr'><strong>et</strong></span> <span class='ocrx_word' id='word_1_594' title='bbox 2629 1544 2824 1616; x_wconf 86' lang='lat' dir='ltr'><strong>Aquila</strong></span> <span class='ocrx_word' id='word_1_595' title='bbox 2845 1586 2858 1610; x_wconf 91' lang='lat'><strong>,</strong></span> <span class='ocrx_word' id='word_1_596' title='bbox 2890 1554 3075 1616; x_wconf 88' lang='lat' dir='ltr'><strong>utpote</strong></span> <span class='ocrx_word' id='word_1_597' title='bbox 3118 1547 3171 1601; x_wconf 92' lang='lat' dir='ltr'><strong>in</strong></span> <span class='ocrx_word' id='word_1_598' title='bbox 3212 1548 3420 1617; x_wconf 87' lang='lat' dir='ltr'><strong>majore</strong></span> <span class='ocrx_word' id='word_1_599' title='bbox 3449 1548 3631 1602; x_wconf 84' lang='lat' dir='ltr'><strong>homi—</strong></span> 
     </span>
    </p>
   </div>
   <div class='ocr_carea' id='block_1_85' title="bbox 2042 1636 3626 1710">
    <p class='ocr_par' dir='ltr' id='par_1_85' title="bbox 2042 1636 3626 1710">
     <span class='ocr_line' id='line_1_86' title="bbox 2042 1636 3626 1710; baseline 0.001 -16"><span class='ocrx_word' id='word_1_600' title='bbox 2042 1656 2173 1694; x_wconf 86' lang='lat' dir='ltr'><strong>num</strong></span> <span class='ocrx_word' id='word_1_601' title='bbox 2203 1640 2325 1695; x_wconf 89' lang='lat' dir='ltr'><strong>luce</strong></span> <span class='ocrx_word' id='word_1_602' title='bbox 2358 1639 2542 1709; x_wconf 89' lang='lat' dir='ltr'><strong>positi,</strong></span> <span class='ocrx_word' id='word_1_603' title='bbox 2597 1654 2692 1708; x_wconf 91' lang='lat' dir='ltr'><strong>per</strong></span> <span class='ocrx_word' id='word_1_604' title='bbox 2721 1636 3017 1709; x_wconf 64' lang='lat' dir='ltr'><strong>IEgyptum</strong></span> <span class='ocrx_word' id='word_1_605' title='bbox 3058 1649 3355 1710; x_wconf 84' lang='lat' dir='ltr'><strong>vagantur;</strong></span> <span class='ocrx_word' id='word_1_606' title='bbox 3408 1640 3626 1695; x_wconf 89' lang='lat' dir='ltr'><strong>diaconi</strong></span> 
     </span>
    </p>
   </div>
   <div class='ocr_carea' id='block_1_86' title="bbox 2041 1731 3630 1803">
    <p class='ocr_par' dir='ltr' id='par_1_86' title="bbox 2041 1731 3630 1803">
     <span class='ocr_line' id='line_1_87' title="bbox 2041 1731 3630 1803; baseline 0.001 -17"><span class='ocrx_word' id='word_1_607' title='bbox 2041 1746 2174 1787; x_wconf 88' lang='lat' dir='ltr'><strong>vero</strong></span> <span class='ocrx_word' id='word_1_608' title='bbox 2201 1740 2324 1802; x_wconf 87' lang='lat' dir='ltr'><strong>post</strong></span> <span class='ocrx_word' id='word_1_609' title='bbox 2347 1732 2471 1787; x_wconf 91' lang='lat' dir='ltr'><strong>illos</strong></span> <span class='ocrx_word' id='word_1_610' title='bbox 2493 1731 2588 1802; x_wconf 93' lang='lat' dir='ltr'><strong>qui</strong></span> <span class='ocrx_word' id='word_1_611' title='bbox 2619 1732 2811 1787; x_wconf 88' lang='lat' dir='ltr'><strong>morbo</strong></span> <span class='ocrx_word' id='word_1_612' title='bbox 2835 1731 3150 1803; x_wconf 75' lang='lat' dir='ltr'><strong>censumpti</strong></span> <span class='ocrx_word' id='word_1_613' title='bbox 3187 1740 3334 1796; x_wconf 90' lang='lat' dir='ltr'><strong>sunt,</strong></span> <span class='ocrx_word' id='word_1_614' title='bbox 3364 1735 3630 1803; x_wconf 82' lang='lat' dir='ltr'><strong>supersti-</strong></span> 
     </span>
    </p>
   </div>
   <div class='ocr_carea' id='block_1_87' title="bbox 2042 1829 3628 1901">
    <p class='ocr_par' dir='ltr' id='par_1_87' title="bbox 2042 1829 3628 1901">
     <span class='ocr_line' id='line_1_88' title="bbox 2042 1829 3628 1901; baseline 0.003 -15"><span class='ocrx_word' id='word_1_615' title='bbox 2042 1841 2146 1899; x_wconf 88' lang='lat' dir='ltr'><strong>tes,</strong></span> <span class='ocrx_word' id='word_1_616' title='bbox 2174 1831 2436 1895; x_wconf 82' lang='lat' dir='ltr'><strong>Faustus,</strong></span> <span class='ocrx_word' id='word_1_617' title='bbox 2469 1829 2759 1897; x_wconf 87' lang='lat' dir='ltr'><strong>Eusebius,</strong></span> <span class='ocrx_word' id='word_1_618' title='bbox 2787 1831 3147 1900; x_wconf 76' lang='lat' dir='ltr'><strong>Clueremon;</strong></span> <span class='ocrx_word' id='word_1_619' title='bbox 3204 1832 3469 1889; x_wconf 69' lang='lat' dir='ltr'><strong>Eutebius</strong></span> <span class='ocrx_word' id='word_1_620' title='bbox 3490 1877 3504 1901; x_wconf 90' lang='lat'><strong>,</strong></span> <span class='ocrx_word' id='word_1_621' title='bbox 3540 1834 3628 1890; x_wconf 84' lang='lat' dir='ltr'><strong>in-</strong></span> 
     </span>
    </p>
   </div>
   <div class='ocr_carea' id='block_1_88' title="bbox 2038 1921 3628 1994">
    <p class='ocr_par' dir='ltr' id='par_1_88' title="bbox 2038 1921 3628 1994">
     <span class='ocr_line' id='line_1_89' title="bbox 2038 1921 3628 1994; baseline 0.002 -19"><span class='ocrx_word' id='word_1_622' title='bbox 2038 1939 2225 1994; x_wconf 88' lang='lat' dir='ltr'><strong>quam,</strong></span> <span class='ocrx_word' id='word_1_623' title='bbox 2255 1937 2417 1992; x_wconf 89' lang='lat' dir='ltr'><strong>quem</strong></span> <span class='ocrx_word' id='word_1_624' title='bbox 2443 1921 2588 1980; x_wconf 84' lang='lat' dir='ltr'><strong>Deus</strong></span> <span class='ocrx_word' id='word_1_625' title='bbox 2607 1922 2723 1992; x_wconf 87' lang='lat' dir='ltr'><strong>jam</strong></span> <span class='ocrx_word' id='word_1_626' title='bbox 2759 1922 2888 1977; x_wconf 89' lang='lat' dir='ltr'><strong>inde</strong></span> <span class='ocrx_word' id='word_1_627' title='bbox 2911 1923 2981 1977; x_wconf 88' lang='lat' dir='ltr'><strong>ab</strong></span> <span class='ocrx_word' id='word_1_628' title='bbox 3009 1922 3166 1977; x_wconf 90' lang='lat' dir='ltr'><strong>initio</strong></span> <span class='ocrx_word' id='word_1_629' title='bbox 3194 1924 3491 1990; x_wconf 80' lang='lat' dir='ltr'><strong>roboravit,</strong></span> <span class='ocrx_word' id='word_1_630' title='bbox 3522 1924 3628 1978; x_wconf 85' lang='lat' dir='ltr'><strong>im-</strong></span> 
     </span>
    </p>
   </div>
   <div class='ocr_carea' id='block_1_89' title="bbox 2039 2012 3626 2085">
    <p class='ocr_par' dir='ltr' id='par_1_89' title="bbox 2039 2012 3626 2085">
     <span class='ocr_line' id='line_1_90' title="bbox 2039 2012 3626 2085; baseline 0 -16"><span class='ocrx_word' id='word_1_631' title='bbox 2039 2014 2287 2085; x_wconf 87' lang='lat' dir='ltr'><strong>pulitque</strong></span> <span class='ocrx_word' id='word_1_632' title='bbox 2326 2022 2387 2068; x_wconf 93' lang='lat' dir='ltr'><strong>ut</strong></span> <span class='ocrx_word' id='word_1_633' title='bbox 2414 2012 2827 2069; x_wconf 89' lang='lat' dir='ltr'><strong>confessoribus</strong></span> <span class='ocrx_word' id='word_1_634' title='bbox 2859 2013 2914 2066; x_wconf 92' lang='lat' dir='ltr'><strong>in</strong></span> <span class='ocrx_word' id='word_1_635' title='bbox 2939 2013 3187 2068; x_wconf 90' lang='lat' dir='ltr'><strong>custodia</strong></span> <span class='ocrx_word' id='word_1_636' title='bbox 3223 2014 3417 2083; x_wconf 89' lang='lat' dir='ltr'><strong>positis</strong></span> <span class='ocrx_word' id='word_1_637' title='bbox 3457 2014 3626 2069; x_wconf 80' lang='lat' dir='ltr'><strong>mini-</strong></span> 
     </span>
    </p>
   </div>
   <div class='ocr_carea' id='block_1_90' title="bbox 2038 2106 3626 2174">
    <p class='ocr_par' dir='ltr' id='par_1_90' title="bbox 2038 2106 3626 2174">
     <span class='ocr_line' id='line_1_91' title="bbox 2038 2106 3626 2174; baseline -0.001 -11"><span class='ocrx_word' id='word_1_638' title='bbox 2038 2107 2206 2163; x_wconf 89' lang='lat' dir='ltr'><strong>steria</strong></span> <span class='ocrx_word' id='word_1_639' title='bbox 2231 2116 2452 2163; x_wconf 88' lang='lat' dir='ltr'><strong>strenue</strong></span> <span class='ocrx_word' id='word_1_640' title='bbox 2471 2106 2783 2170; x_wconf 80' lang='lat' dir='ltr'><strong>exhiberet;</strong></span> <span class='ocrx_word' id='word_1_641' title='bbox 2821 2112 2990 2174; x_wconf 91' lang='lat' dir='ltr'><strong>utque</strong></span> <span class='ocrx_word' id='word_1_642' title='bbox 3026 2114 3536 2160; x_wconf 86' lang='lat' dir='ltr'><strong>consummatorum</strong></span> <span class='ocrx_word' id='word_1_643' title='bbox 3558 2122 3626 2161; x_wconf 87' lang='lat' dir='ltr'><strong>ac</strong></span> 
     </span>
    </p>
   </div>
   <div class='ocr_carea' id='block_1_91' title="bbox 2034 2195 3623 2268">
    <p class='ocr_par' dir='ltr' id='par_1_91' title="bbox 2034 2195 3623 2268">
     <span class='ocr_line' id='line_1_92' title="bbox 2034 2195 3623 2268; baseline -0.001 -15"><span class='ocrx_word' id='word_1_644' title='bbox 2034 2198 2322 2253; x_wconf 87' lang='lat' dir='ltr'><strong>beatorum</strong></span> <span class='ocrx_word' id='word_1_645' title='bbox 2359 2206 2659 2268; x_wconf 81' lang='lat' dir='ltr'><strong>martyrum</strong></span> <span class='ocrx_word' id='word_1_646' title='bbox 2710 2195 2976 2251; x_wconf 81' lang='lat' dir='ltr'><strong>cadavera</strong></span> <span class='ocrx_word' id='word_1_647' title='bbox 3024 2210 3134 2250; x_wconf 91' lang='lat' dir='ltr'><strong>non</strong></span> <span class='ocrx_word' id='word_1_648' title='bbox 3166 2196 3285 2251; x_wconf 89' lang='lat' dir='ltr'><strong>sine</strong></span> <span class='ocrx_word' id='word_1_649' title='bbox 3314 2197 3508 2267; x_wconf 88' lang='lat' dir='ltr'><strong>capitis</strong></span> <span class='ocrx_word' id='word_1_650' title='bbox 3535 2197 3623 2252; x_wconf 85' lang='lat' dir='ltr'><strong>sui</strong></span> 
     </span>
    </p>
   </div>
   <div class='ocr_carea' id='block_1_92' title="bbox 2033 2287 3620 2363">
    <p class='ocr_par' dir='ltr' id='par_1_92' title="bbox 2033 2287 3620 2363">
     <span class='ocr_line' id='line_1_93' title="bbox 2033 2287 3620 2363; baseline 0 -17"><span class='ocrx_word' id='word_1_651' title='bbox 2033 2292 2278 2363; x_wconf 89' lang='lat' dir='ltr'><strong>periculo</strong></span> <span class='ocrx_word' id='word_1_652' title='bbox 2333 2292 2607 2361; x_wconf 87' lang='lat' dir='ltr'><strong>sepeliret.</strong></span> <span class='ocrx_word' id='word_1_653' title='bbox 2666 2287 2803 2343; x_wconf 88' lang='lat' dir='ltr'><strong>Nam</strong></span> <span class='ocrx_word' id='word_1_654' title='bbox 2850 2288 2906 2342; x_wconf 89' lang='lat' dir='ltr'><strong>in</strong></span> <span class='ocrx_word' id='word_1_655' title='bbox 2954 2287 3104 2343; x_wconf 86' lang='lat' dir='ltr'><strong>hunc</strong></span> <span class='ocrx_word' id='word_1_656' title='bbox 3133 2304 3307 2359; x_wconf 89' lang='lat' dir='ltr'><strong>usque</strong></span> <span class='ocrx_word' id='word_1_657' title='bbox 3335 2290 3477 2345; x_wconf 91' lang='lat' dir='ltr'><strong>diem</strong></span> <span class='ocrx_word' id='word_1_658' title='bbox 3508 2308 3620 2346; x_wconf 90' lang='lat' dir='ltr'><strong>non</strong></span> 
     </span>
    </p>
   </div>
   <div class='ocr_carea' id='block_1_93' title="bbox 2033 2378 3622 2452">
    <p class='ocr_par' dir='ltr' id='par_1_93' title="bbox 2033 2378 3622 2452">
     <span class='ocr_line' id='line_1_94' title="bbox 2033 2378 3622 2452; baseline -0.001 -14"><span class='ocrx_word' id='word_1_659' title='bbox 2033 2391 2210 2439; x_wconf 89' lang='lat' dir='ltr'><strong>cessat</strong></span> <span class='ocrx_word' id='word_1_660' title='bbox 2240 2381 2530 2452; x_wconf 74' lang='lat' dir='ltr'><strong>praefectus</strong></span> <span class='ocrx_word' id='word_1_661' title='bbox 2562 2389 2780 2435; x_wconf 85' lang='lat' dir='ltr'><strong>nostros</strong></span> <span class='ocrx_word' id='word_1_662' title='bbox 2809 2378 2902 2448; x_wconf 90' lang='lat' dir='ltr'><strong>qui</strong></span> <span class='ocrx_word' id='word_1_663' title='bbox 2928 2380 3230 2448; x_wconf 70' lang='lat' dir='ltr'><strong>praesentia:</strong></span> <span class='ocrx_word' id='word_1_664' title='bbox 3262 2380 3433 2449; x_wconf 90' lang='lat' dir='ltr'><strong>ipsius</strong></span> <span class='ocrx_word' id='word_1_665' title='bbox 3462 2383 3622 2437; x_wconf 81' lang='lat' dir='ltr'><strong>exhi-</strong></span> 
     </span>
    </p>
   </div>
   <div class='ocr_carea' id='block_1_94' title="bbox 2031 2468 3620 2542">
    <p class='ocr_par' dir='ltr' id='par_1_94' title="bbox 2031 2468 3620 2542">
     <span class='ocr_line' id='line_1_95' title="bbox 2031 2468 3620 2542; baseline -0.001 -14"><span class='ocrx_word' id='word_1_666' title='bbox 2031 2471 2250 2537; x_wconf 87' lang='lat' dir='ltr'><strong>bentur,</strong></span> <span class='ocrx_word' id='word_1_667' title='bbox 2281 2473 2480 2542; x_wconf 85' lang='lat' dir='ltr'><strong>partim</strong></span> <span class='ocrx_word' id='word_1_668' title='bbox 2504 2471 2812 2525; x_wconf 80' lang='lat' dir='ltr'><strong>intcrﬁcere</strong></span> <span class='ocrx_word' id='word_1_669' title='bbox 2840 2468 3246 2533; x_wconf 85' lang='lat' dir='ltr'><strong>crudelissime,</strong></span> <span class='ocrx_word' id='word_1_670' title='bbox 3276 2470 3473 2539; x_wconf 89' lang='lat' dir='ltr'><strong>partim</strong></span> <span class='ocrx_word' id='word_1_671' title='bbox 3507 2481 3620 2527; x_wconf 89' lang='lat' dir='ltr'><strong>tor-</strong></span> 
     </span>
    </p>
   </div>
   <div class='ocr_carea' id='block_1_95' title="bbox 2031 2563 3621 2633">
    <p class='ocr_par' dir='ltr' id='par_1_95' title="bbox 2031 2563 3621 2633">
     <span class='ocr_line' id='line_1_96' title="bbox 2031 2563 3621 2633; baseline 0 -13"><span class='ocrx_word' id='word_1_672' title='bbox 2031 2565 2233 2620; x_wconf 89' lang='lat' dir='ltr'><strong>mentis</strong></span> <span class='ocrx_word' id='word_1_673' title='bbox 2277 2564 2579 2629; x_wconf 87' lang='lat' dir='ltr'><strong>dilaniare,</strong></span> <span class='ocrx_word' id='word_1_674' title='bbox 2621 2564 2820 2632; x_wconf 90' lang='lat' dir='ltr'><strong>partim</strong></span> <span class='ocrx_word' id='word_1_675' title='bbox 2865 2563 3124 2633; x_wconf 86' lang='lat' dir='ltr'><strong>squalore</strong></span> <span class='ocrx_word' id='word_1_676' title='bbox 3155 2563 3396 2618; x_wconf 88' lang='lat' dir='ltr'><strong>carceris</strong></span> <span class='ocrx_word' id='word_1_677' title='bbox 3425 2574 3480 2619; x_wconf 90' lang='lat' dir='ltr'><strong>et</strong></span> <span class='ocrx_word' id='word_1_678' title='bbox 3506 2565 3621 2620; x_wconf 83' lang='lat' dir='ltr'><strong>vin-</strong></span> 
     </span>
    </p>
   </div>
   <div class='ocr_carea' id='block_1_96' title="bbox 2028 2653 3614 2725">
    <p class='ocr_par' dir='ltr' id='par_1_96' title="bbox 2028 2653 3614 2725">
     <span class='ocr_line' id='line_1_97' title="bbox 2028 2653 3614 2725; baseline 0.001 -13"><span class='ocrx_word' id='word_1_679' title='bbox 2028 2657 2169 2713; x_wconf 86' lang='lat' dir='ltr'><strong>culis</strong></span> <span class='ocrx_word' id='word_1_680' title='bbox 2197 2671 2508 2725; x_wconf 85' lang='lat' dir='ltr'><strong>macerare;</strong></span> <span class='ocrx_word' id='word_1_681' title='bbox 2539 2655 2874 2711; x_wconf 85' lang='lat' dir='ltr'><strong>interdicens</strong></span> <span class='ocrx_word' id='word_1_682' title='bbox 2902 2653 3114 2725; x_wconf 82' lang='lat' dir='ltr'><strong>nequis</strong></span> <span class='ocrx_word' id='word_1_683' title='bbox 3141 2654 3211 2710; x_wconf 90' lang='lat' dir='ltr'><strong>ad</strong></span> <span class='ocrx_word' id='word_1_684' title='bbox 3243 2670 3339 2711; x_wconf 93' lang='lat' dir='ltr'><strong>eos</strong></span> <span class='ocrx_word' id='word_1_685' title='bbox 3364 2658 3614 2722; x_wconf 88' lang='lat' dir='ltr'><strong>accedat,</strong></span> 
     </span>
    </p>
   </div>
   <div class='ocr_carea' id='block_1_97' title="bbox 2028 2747 3612 2823">
    <p class='ocr_par' dir='ltr' id='par_1_97' title="bbox 2028 2747 3612 2823">
     <span class='ocr_line' id='line_1_98' title="bbox 2028 2747 3612 2823; baseline 0 -15"><span class='ocrx_word' id='word_1_686' title='bbox 2028 2762 2084 2809; x_wconf 92' lang='lat' dir='ltr'><strong>et</strong></span> <span class='ocrx_word' id='word_1_687' title='bbox 2127 2760 2479 2823; x_wconf 87' lang='lat' dir='ltr'><strong>perscrutans</strong></span> <span class='ocrx_word' id='word_1_688' title='bbox 2520 2766 2651 2805; x_wconf 91' lang='lat' dir='ltr'><strong>num</strong></span> <span class='ocrx_word' id='word_1_689' title='bbox 2694 2747 2820 2820; x_wconf 88' lang='lat' dir='ltr'><strong>quis</strong></span> <span class='ocrx_word' id='word_1_690' title='bbox 2869 2747 3011 2803; x_wconf 86' lang='lat' dir='ltr'><strong>forte</strong></span> <span class='ocrx_word' id='word_1_691' title='bbox 3051 2748 3301 2804; x_wconf 86' lang='lat' dir='ltr'><strong>videatur</strong></span> <span class='ocrx_word' id='word_1_692' title='bbox 3330 2750 3612 2808; x_wconf 86' lang='lat' dir='ltr'><strong>accedere.</strong></span> 
     </span>
    </p>
   </div>
   <div class='ocr_carea' id='block_1_98' title="bbox 2028 2838 3613 2911">
    <p class='ocr_par' dir='ltr' id='par_1_98' title="bbox 2028 2838 3613 2911">
     <span class='ocr_line' id='line_1_99' title="bbox 2028 2838 3613 2911; baseline 0.001 -15"><span class='ocrx_word' id='word_1_693' title='bbox 2028 2841 2417 2898; x_wconf 74' lang='lat' dir='ltr'><strong>Verumtamen</strong></span> <span class='ocrx_word' id='word_1_694' title='bbox 2452 2839 2594 2895; x_wconf 86' lang='lat' dir='ltr'><strong>Deus</strong></span> <span class='ocrx_word' id='word_1_695' title='bbox 2617 2856 2681 2896; x_wconf 82' lang='lat' dir='ltr'><strong>ex</strong></span> <span class='ocrx_word' id='word_1_696' title='bbox 2711 2838 2995 2894; x_wconf 86' lang='lat' dir='ltr'><strong>alacritate</strong></span> <span class='ocrx_word' id='word_1_697' title='bbox 3035 2854 3100 2893; x_wconf 93' lang='lat' dir='ltr'><strong>ac</strong></span> <span class='ocrx_word' id='word_1_698' title='bbox 3134 2838 3470 2911; x_wconf 81' lang='lat' dir='ltr'><strong>benignitate</strong></span> <span class='ocrx_word' id='word_1_699' title='bbox 3495 2838 3613 2898; x_wconf 81' lang='lat' dir='ltr'><strong>fra-</strong></span> 
     </span>
    </p>
   </div>
   <div class='ocr_carea' id='block_1_99' title="bbox 2027 2928 3246 3001">
    <p class='ocr_par' dir='ltr' id='par_1_99' title="bbox 2027 2928 3246 3001">
     <span class='ocr_line' id='line_1_100' title="bbox 2027 2928 3246 3001; baseline -0.003 -13"><span class='ocrx_word' id='word_1_700' title='bbox 2027 2944 2197 3000; x_wconf 89' lang='lat' dir='ltr'><strong>trum,</strong></span> <span class='ocrx_word' id='word_1_701' title='bbox 2229 2932 2485 2988; x_wconf 86' lang='lat' dir='ltr'><strong>solatium</strong></span> <span class='ocrx_word' id='word_1_702' title='bbox 2519 2929 2740 2986; x_wconf 83' lang='lat' dir='ltr'><strong>assidue</strong></span> <span class='ocrx_word' id='word_1_703' title='bbox 2766 2938 2989 3001; x_wconf 65' lang='lat' dir='ltr'><strong>praestat</strong></span> <span class='ocrx_word' id='word_1_704' title='bbox 3013 2928 3246 2985; x_wconf 81' lang='lat' dir='ltr'><strong>alilictis.</strong></span> 
     </span>
    </p>
   </div>
   <div class='ocr_carea' id='block_1_100' title="bbox 2025 3058 3610 3128">
    <p class='ocr_par' dir='ltr' id='par_1_100' title="bbox 2025 3058 3610 3128">
     <span class='ocr_line' id='line_1_101' title="bbox 2025 3058 3610 3128; baseline 0 -8"><span class='ocrx_word' id='word_1_705' title='bbox 2025 3058 2360 3120; x_wconf 79' lang='lat' dir='ltr'><strong>abstractum</strong></span> <span class='ocrx_word' id='word_1_706' title='bbox 2393 3063 2447 3116; x_wconf 92' lang='lat' dir='ltr'><strong>in</strong></span> <span class='ocrx_word' id='word_1_707' title='bbox 2477 3062 2785 3117; x_wconf 87' lang='lat' dir='ltr'><strong>libertatem</strong></span> <span class='ocrx_word' id='word_1_708' title='bbox 2827 3061 3223 3128; x_wconf 87' lang='lat' dir='ltr'><strong>restituerunt;</strong></span> <span class='ocrx_word' id='word_1_709' title='bbox 3277 3078 3377 3119; x_wconf 90' lang='lat' dir='ltr'><strong>nec</strong></span> <span class='ocrx_word' id='word_1_710' title='bbox 3413 3063 3610 3120; x_wconf 85' lang='lat' dir='ltr'><strong>Gaium</strong></span> 
     </span>
    </p>
   </div>
   <div class='ocr_carea' id='block_1_101' title="bbox 2023 3131 3612 3205">
    <p class='ocr_par' dir='ltr' id='par_1_101' title="bbox 2023 3131 3612 3205">
     <span class='ocr_line' id='line_1_102' title="bbox 2023 3131 3612 3205; baseline -0.002 -14"><span class='ocrx_word' id='word_1_711' title='bbox 2023 3145 2079 3191; x_wconf 89' lang='lat' dir='ltr'><strong>et</strong></span> <span class='ocrx_word' id='word_1_712' title='bbox 2124 3134 2385 3205; x_wconf 79' lang='lat' dir='ltr'><strong>Faustum</strong></span> <span class='ocrx_word' id='word_1_713' title='bbox 2406 3142 2477 3205; x_wconf 82' lang='lat' dir='ltr'><strong>et</strong></span> <span class='ocrx_word' id='word_1_714' title='bbox 2519 3132 2741 3205; x_wconf 85' lang='lat' dir='ltr'><strong>Petrum</strong></span> <span class='ocrx_word' id='word_1_715' title='bbox 2769 3148 2839 3205; x_wconf 89' lang='lat' dir='ltr'><strong>_ac</strong></span> <span class='ocrx_word' id='word_1_716' title='bbox 2867 3131 3097 3205; x_wconf 80' lang='lat' dir='ltr'><strong>Paulum</strong></span> <span class='ocrx_word' id='word_1_717' title='bbox 3131 3134 3480 3205; x_wconf 80' lang='lat' dir='ltr'><strong>presbyteros</strong></span> <span class='ocrx_word' id='word_1_718' title='bbox 3522 3152 3612 3193; x_wconf 85' lang='lat' dir='ltr'><strong>se-</strong></span> 
     </span>
    </p>
   </div>
   <div class='ocr_carea' id='block_1_102' title="bbox 2022 3202 3610 3275">
    <p class='ocr_par' dir='ltr' id='par_1_102' title="bbox 2022 3202 3610 3275">
     <span class='ocr_line' id='line_1_103' title="bbox 2022 3202 3610 3275; baseline -0.002 -13"><span class='ocrx_word' id='word_1_719' title='bbox 2022 3221 2148 3262; x_wconf 91' lang='lat' dir='ltr'><strong>cum</strong></span> <span class='ocrx_word' id='word_1_720' title='bbox 2198 3214 2328 3259; x_wconf 90' lang='lat' dir='ltr'><strong>tunc</strong></span> <span class='ocrx_word' id='word_1_721' title='bbox 2356 3203 2666 3275; x_wconf 15' lang='lat' dir='ltr'><strong>Dionysius,</strong></span> <span class='ocrx_word' id='word_1_722' title='bbox 2698 3202 2907 3258; x_wconf 87' lang='lat' dir='ltr'><strong>habuit.</strong></span> <span class='ocrx_word' id='word_1_723' title='bbox 2930 3202 3076 3275; x_wconf 63' lang='lat' dir='ltr'><strong>Quae</strong></span> <span class='ocrx_word' id='word_1_724' title='bbox 3103 3202 3311 3275; x_wconf 77' lang='lat' dir='ltr'><strong>omnia</strong></span> <span class='ocrx_word' id='word_1_725' title='bbox 3333 3204 3389 3259; x_wconf 92' lang='lat' dir='ltr'><strong>in</strong></span> <span class='ocrx_word' id='word_1_726' title='bbox 3418 3222 3610 3275; x_wconf 83' lang='lat' dir='ltr'><strong>perse-</strong></span> 
     </span>
    </p>
   </div>
   <div class='ocr_carea' id='block_1_103' title="bbox 2020 3272 3608 3347">
    <p class='ocr_par' dir='ltr' id='par_1_103' title="bbox 2020 3272 3608 3347">
     <span class='ocr_line' id='line_1_104' title="bbox 2020 3272 3608 3347; baseline 0.001 -15"><span class='ocrx_word' id='word_1_727' title='bbox 2020 3276 2242 3347; x_wconf 77' lang='lat' dir='ltr'><strong>cutione</strong></span> <span class='ocrx_word' id='word_1_728' title='bbox 2278 3275 2367 3328; x_wconf 90' lang='lat' dir='ltr'><strong>illa</strong></span> <span class='ocrx_word' id='word_1_729' title='bbox 2395 3272 2517 3344; x_wconf 67' lang='grc' dir='ltr'>(μιιὲ</span> <span class='ocrx_word' id='word_1_730' title='bbox 2544 3274 2709 3347; x_wconf 82' lang='lat' dir='ltr'><strong>paulo</strong></span> <span class='ocrx_word' id='word_1_731' title='bbox 2759 3282 2885 3329; x_wconf 88' lang='lat' dir='ltr'><strong>ante</strong></span> <span class='ocrx_word' id='word_1_732' title='bbox 2925 3272 3075 3347; x_wconf 83' lang='lat' dir='ltr'><strong>Decii</strong></span> <span class='ocrx_word' id='word_1_733' title='bbox 3107 3272 3608 3347; x_wconf 71' lang='lat' dir='ltr'><strong>imperiumctnpta</strong></span> 
     </span>
    </p>
   </div>
   <div class='ocr_carea' id='block_1_104' title="bbox 2019 3345 3609 3417">
    <p class='ocr_par' dir='ltr' id='par_1_104' title="bbox 2019 3345 3609 3417">
     <span class='ocr_line' id='line_1_105' title="bbox 2019 3345 3609 3417; baseline -0.001 -14"><span class='ocrx_word' id='word_1_734' title='bbox 2019 3356 2134 3411; x_wconf 89' lang='lat' dir='ltr'><strong>est,</strong></span> <span class='ocrx_word' id='word_1_735' title='bbox 2168 3345 2428 3417; x_wconf 85' lang='lat' dir='ltr'><strong>Dionysio</strong></span> <span class='ocrx_word' id='word_1_736' title='bbox 2459 3345 2842 3417; x_wconf 81' lang='lat' dir='ltr'><strong>contigerunt,</strong></span> <span class='ocrx_word' id='word_1_737' title='bbox 2877 3355 2937 3417; x_wconf 83' lang='lat' dir='ltr'><strong>ut</strong></span> <span class='ocrx_word' id='word_1_738' title='bbox 2983 3345 3097 3417; x_wconf 88' lang='lat' dir='ltr'><strong>ipse</strong></span> <span class='ocrx_word' id='word_1_739' title='bbox 3130 3353 3364 3399; x_wconf 90' lang='lat' dir='ltr'><strong>testatur</strong></span> <span class='ocrx_word' id='word_1_740' title='bbox 3409 3346 3464 3401; x_wconf 93' lang='lat' dir='ltr'><strong>in</strong></span> <span class='ocrx_word' id='word_1_741' title='bbox 3497 3345 3609 3417; x_wconf 81' lang='lat' dir='ltr'><strong>epi-</strong></span> 
     </span>
    </p>
   </div>
   <div class='ocr_carea' id='block_1_105' title="bbox 2018 3414 3609 3483">
    <p class='ocr_par' dir='ltr' id='par_1_105' title="bbox 2018 3414 3609 3483">
     <span class='ocr_line' id='line_1_106' title="bbox 2018 3414 3609 3483; baseline 0.001 -11"><span class='ocrx_word' id='word_1_742' title='bbox 2018 3418 2155 3472; x_wconf 83' lang='lat' dir='ltr'><strong>stola</strong></span> <span class='ocrx_word' id='word_1_743' title='bbox 2186 3414 2448 3471; x_wconf 75' lang='lat' dir='ltr'><strong>adversus</strong></span> <span class='ocrx_word' id='word_1_744' title='bbox 2478 3414 2835 3470; x_wconf 87' lang='lat' dir='ltr'><strong>Germanum.</strong></span> <span class='ocrx_word' id='word_1_745' title='bbox 2885 3416 2956 3468; x_wconf 87' lang='lat' dir='ltr'><strong>At</strong></span> <span class='ocrx_word' id='word_1_746' title='bbox 2988 3416 3041 3469; x_wconf 92' lang='lat' dir='ltr'><strong>in</strong></span> <span class='ocrx_word' id='word_1_747' title='bbox 3085 3417 3465 3483; x_wconf 87' lang='lat' dir='ltr'><strong>persecutione</strong></span> <span class='ocrx_word' id='word_1_748' title='bbox 3502 3414 3609 3473; x_wconf 81' lang='lat' dir='ltr'><strong>sub</strong></span> 
     </span>
    </p>
   </div>
   <div class='ocr_carea' id='block_1_106' title="bbox 2018 3485 3608 3556">
    <p class='ocr_par' dir='ltr' id='par_1_106' title="bbox 2018 3485 3608 3556">
     <span class='ocr_line' id='line_1_107' title="bbox 2018 3485 3608 3556; baseline -0.001 -13"><span class='ocrx_word' id='word_1_749' title='bbox 2018 3488 2331 3550; x_wconf 71' lang='lat' dir='ltr'><strong>Valeriano,</strong></span> <span class='ocrx_word' id='word_1_750' title='bbox 2362 3485 2679 3556; x_wconf 86' lang='lat' dir='ltr'><strong>Dionysium</strong></span> <span class='ocrx_word' id='word_1_751' title='bbox 2704 3485 2955 3556; x_wconf 79' lang='lat' dir='ltr'><strong>comitati</strong></span> <span class='ocrx_word' id='word_1_752' title='bbox 2983 3495 3114 3540; x_wconf 90' lang='lat' dir='ltr'><strong>sunt</strong></span> <span class='ocrx_word' id='word_1_753' title='bbox 3140 3485 3190 3539; x_wconf 89' lang='lat' dir='ltr'><strong>in</strong></span> <span class='ocrx_word' id='word_1_754' title='bbox 3212 3486 3408 3556; x_wconf 59' lang='lat' dir='ltr'><strong>exsilio</strong></span> <span class='ocrx_word' id='word_1_755' title='bbox 3430 3486 3608 3542; x_wconf 78' lang='lat' dir='ltr'><strong>Maxi-</strong></span> 
     </span>
    </p>
   </div>
   <div class='ocr_carea' id='block_1_107' title="bbox 2015 3555 3609 3628">
    <p class='ocr_par' dir='ltr' id='par_1_107' title="bbox 2015 3555 3609 3628">
     <span class='ocr_line' id='line_1_108' title="bbox 2015 3555 3609 3628; baseline 0.001 -15"><span class='ocrx_word' id='word_1_756' title='bbox 2015 3574 2141 3614; x_wconf 91' lang='lat' dir='ltr'><strong>mus</strong></span> <span class='ocrx_word' id='word_1_757' title='bbox 2191 3555 2513 3628; x_wconf 80' lang='lat' dir='ltr'><strong>presbyter,</strong></span> <span class='ocrx_word' id='word_1_758' title='bbox 2545 3565 2614 3628; x_wconf 11' lang='lat' dir='ltr'><strong>ett</strong></span> <span class='ocrx_word' id='word_1_759' title='bbox 2650 3556 2868 3628; x_wconf 80' lang='lat' dir='ltr'><strong>diaconi</strong></span> <span class='ocrx_word' id='word_1_760' title='bbox 2918 3555 3185 3628; x_wconf 75' lang='lat' dir='ltr'><strong>Faustus,</strong></span> <span class='ocrx_word' id='word_1_761' title='bbox 3228 3555 3500 3612; x_wconf 88' lang='lat' dir='ltr'><strong>Eusebius</strong></span> <span class='ocrx_word' id='word_1_762' title='bbox 3550 3568 3609 3616; x_wconf 90' lang='lat' dir='ltr'><strong>et</strong></span> 
     </span>
    </p>
   </div>
   <div class='ocr_carea' id='block_1_108' title="bbox 2013 3625 3607 3698">
    <p class='ocr_par' dir='ltr' id='par_1_108' title="bbox 2013 3625 3607 3698">
     <span class='ocr_line' id='line_1_109' title="bbox 2013 3625 3607 3698; baseline 0 -14"><span class='ocrx_word' id='word_1_763' title='bbox 2013 3625 2374 3692; x_wconf 65' lang='lat' dir='ltr'><strong>Chaeremon,</strong></span> <span class='ocrx_word' id='word_1_764' title='bbox 2400 3636 2454 3681; x_wconf 92' lang='lat' dir='ltr'><strong>et</strong></span> <span class='ocrx_word' id='word_1_765' title='bbox 2488 3626 2710 3698; x_wconf 87' lang='lat' dir='ltr'><strong>quidam</strong></span> <span class='ocrx_word' id='word_1_766' title='bbox 2737 3625 2970 3681; x_wconf 89' lang='lat' dir='ltr'><strong>clericus</strong></span> <span class='ocrx_word' id='word_1_767' title='bbox 3002 3626 3313 3698; x_wconf 78' lang='lat' dir='ltr'><strong>Romanus,</strong></span> <span class='ocrx_word' id='word_1_768' title='bbox 3340 3631 3607 3698; x_wconf 87' lang='lat' dir='ltr'><strong>quemad-</strong></span> 
     </span>
    </p>
   </div>
   <div class='ocr_carea' id='block_1_109' title="bbox 2012 3696 3604 3768">
    <p class='ocr_par' dir='ltr' id='par_1_109' title="bbox 2012 3696 3604 3768">
     <span class='ocr_line' id='line_1_110' title="bbox 2012 3696 3604 3768; baseline 0.001 -14"><span class='ocrx_word' id='word_1_769' title='bbox 2012 3699 2238 3754; x_wconf 88' lang='lat' dir='ltr'><strong>modum</strong></span> <span class='ocrx_word' id='word_1_770' title='bbox 2266 3697 2459 3768; x_wconf 84' lang='lat' dir='ltr'><strong>scribit</strong></span> <span class='ocrx_word' id='word_1_771' title='bbox 2486 3698 2631 3752; x_wconf 88' lang='lat' dir='ltr'><strong>idem</strong></span> <span class='ocrx_word' id='word_1_772' title='bbox 2668 3696 2965 3768; x_wconf 87' lang='lat' dir='ltr'><strong>Dionysius</strong></span> <span class='ocrx_word' id='word_1_773' title='bbox 2997 3697 3052 3751; x_wconf 88' lang='lat' dir='ltr'><strong>in</strong></span> <span class='ocrx_word' id='word_1_774' title='bbox 3080 3696 3311 3768; x_wconf 87' lang='lat' dir='ltr'><strong>epistola</strong></span> <span class='ocrx_word' id='word_1_775' title='bbox 3337 3696 3604 3756; x_wconf 75' lang='lat' dir='ltr'><strong>adversus</strong></span> 
     </span>
    </p>
   </div>
   <div class='ocr_carea' id='block_1_110' title="bbox 2013 3767 2471 3825">
    <p class='ocr_par' dir='ltr' id='par_1_110' title="bbox 2013 3767 2471 3825">
     <span class='ocr_line' id='line_1_111' title="bbox 2013 3767 2471 3825; baseline -0.007 0"><span class='ocrx_word' id='word_1_776' title='bbox 2013 3768 2367 3825; x_wconf 86' lang='lat' dir='ltr'><strong>Germanum.</strong></span> <span class='ocrx_word' id='word_1_777' title='bbox 2394 3767 2471 3823; x_wconf 86' lang='lat' dir='ltr'><strong>In.</strong></span> 
     </span>
    </p>
   </div>
   <div class='ocr_carea' id='block_1_111' title="bbox 2087 3835 3600 3922">
    <p class='ocr_par' dir='ltr' id='par_1_111' title="bbox 2087 3835 3600 3922">
     <span class='ocr_line' id='line_1_112' title="bbox 2087 3835 3600 3922; baseline 0.002 -29"><span class='ocrx_word' id='word_1_778' title='bbox 2087 3839 2196 3922; x_wconf 74' lang='grc'><strong>(68)</strong></span> <span class='ocrx_word' id='word_1_779' title='bbox 2220 3841 2332 3922; x_wconf 47' lang='grc' dir='ltr'><strong>θέᾳ</strong></span> <span class='ocrx_word' id='word_1_780' title='bbox 2358 3854 2422 3892; x_wconf 83' lang='grc' dir='ltr'><strong>τε</strong></span> <span class='ocrx_word' id='word_1_781' title='bbox 2439 3839 2537 3922; x_wconf 69' lang='grc' dir='ltr'>καὶ</span> <span class='ocrx_word' id='word_1_782' title='bbox 2568 3837 2880 3922; x_wconf 76' lang='grc' dir='ltr'>σύροντες.</span> <span class='ocrx_word' id='word_1_783' title='bbox 2904 3835 2961 3890; x_wconf 86' lang='grc' dir='ltr'>1η</span> <span class='ocrx_word' id='word_1_784' title='bbox 2991 3836 3348 3922; x_wconf 62' lang='lat' dir='ltr'><strong>codice_llied.</strong></span> <span class='ocrx_word' id='word_1_785' title='bbox 3377 3848 3438 3921; x_wconf 40' lang='lat' dir='ltr'><strong>et.</strong></span> <span class='ocrx_word' id='word_1_786' title='bbox 3459 3839 3600 3897; x_wconf 64' lang='grc' dir='ltr'><strong>Μαι.</strong></span> 
     </span>
    </p>
   </div>
   <div class='ocr_carea' id='block_1_112' title="bbox 2010 3908 3600 3981">
    <p class='ocr_par' dir='ltr' id='par_1_112' title="bbox 2010 3908 3600 3981">
     <span class='ocr_line' id='line_1_113' title="bbox 2010 3908 3600 3981; baseline 0.001 -17"><span class='ocrx_word' id='word_1_787' title='bbox 2010 3908 2207 3981; x_wconf 79' lang='lat' dir='ltr'><strong>legitur</strong></span> <span class='ocrx_word' id='word_1_788' title='bbox 2238 3910 2331 3980; x_wconf 75' lang='grc' dir='ltr'><strong>βίᾳ</strong></span> <span class='ocrx_word' id='word_1_789' title='bbox 2356 3909 2701 3981; x_wconf 36' lang='grc' dir='ltr'>τεᾼσύροντες</span> <span class='ocrx_word' id='word_1_790' title='bbox 2744 3911 2949 3981; x_wconf 76' lang='lat' dir='ltr'><strong>rectius</strong></span> <span class='ocrx_word' id='word_1_791' title='bbox 2977 3923 2992 3959; x_wconf 89' lang='lat'><strong>:</strong></span> <span class='ocrx_word' id='word_1_792' title='bbox 3025 3923 3127 3964; x_wconf 89' lang='lat' dir='ltr'><strong>nec</strong></span> <span class='ocrx_word' id='word_1_793' title='bbox 3151 3908 3308 3963; x_wconf 89' lang='lat' dir='ltr'><strong>aliter</strong></span> <span class='ocrx_word' id='word_1_794' title='bbox 3332 3910 3600 3980; x_wconf 90' lang='lat' dir='ltr'><strong>scriptum</strong></span> 
     </span>
    </p>
   </div>
   <div class='ocr_carea' id='block_1_113' title="bbox 2010 3977 2872 4036">
    <p class='ocr_par' dir='ltr' id='par_1_113' title="bbox 2010 3977 2872 4036">
     <span class='ocr_line' id='line_1_114' title="bbox 2010 3977 2872 4036; baseline -0.002 -1"><span class='ocrx_word' id='word_1_795' title='bbox 2010 3977 2172 4036; x_wconf 83' lang='lat' dir='ltr'><strong>habet</strong></span> <span class='ocrx_word' id='word_1_796' title='bbox 2200 3977 2370 4034; x_wconf 82' lang='lat' dir='ltr'><strong>codex</strong></span> <span class='ocrx_word' id='word_1_797' title='bbox 2407 3977 2758 4034; x_wconf 80' lang='lat' dir='ltr'><strong>Fuketianus.</strong></span> <span class='ocrx_word' id='word_1_798' title='bbox 2794 3977 2872 4033; x_wconf 83' lang='lat' dir='ltr'><strong>In.</strong></span> 
     </span>
    </p>
   </div>
   <div class='ocr_carea' id='block_1_114' title="bbox 2081 4047 3596 4122">
    <p class='ocr_par' dir='ltr' id='par_1_114' title="bbox 2081 4047 3596 4122">
     <span class='ocr_line' id='line_1_115' title="bbox 2081 4047 3596 4122; baseline 0.001 -17"><span class='ocrx_word' id='word_1_799' title='bbox 2081 4050 2192 4122; x_wconf 89' lang='lat'><strong>(69)</strong></span> <span class='ocrx_word' id='word_1_800' title='bbox 2237 4048 2440 4122; x_wconf 69' lang='lat' dir='ltr'><strong>’E_r_tij</strong></span> <span class='ocrx_word' id='word_1_801' title='bbox 2467 4051 2650 4122; x_wconf 71' lang='grc' dir='ltr'>νόσῳ.</span> <span class='ocrx_word' id='word_1_802' title='bbox 2687 4047 2925 4122; x_wconf 69' lang='lat' dir='ltr'><strong>Rufinus</strong></span> <span class='ocrx_word' id='word_1_803' title='bbox 2956 4048 3085 4122; x_wconf 79' lang='lat' dir='ltr'><strong>legit</strong></span> <span class='ocrx_word' id='word_1_804' title='bbox 3110 4049 3276 4122; x_wconf 76' lang='grc' dir='ltr'>νήσῳ.</span> <span class='ocrx_word' id='word_1_805' title='bbox 3326 4048 3418 4103; x_wconf 87' lang='lat' dir='ltr'><strong>Sic</strong></span> <span class='ocrx_word' id='word_1_806' title='bbox 3446 4050 3596 4107; x_wconf 87' lang='lat' dir='ltr'><strong>enim</strong></span> 
     </span>
    </p>
   </div>
   <div class='ocr_carea' id='block_1_115' title="bbox 2005 4118 3594 4189">
    <p class='ocr_par' dir='ltr' id='par_1_115' title="bbox 2005 4118 3594 4189">
     <span class='ocr_line' id='line_1_116' title="bbox 2005 4118 3594 4189; baseline -0.001 -17"><span class='ocrx_word' id='word_1_807' title='bbox 2005 4118 2215 4175; x_wconf 79' lang='lat' dir='ltr'><strong>vertit:</strong></span> <span class='ocrx_word' id='word_1_808' title='bbox 2254 4118 2359 4174; x_wconf 81' lang='lat' dir='ltr'><strong>Sed</strong></span> <span class='ocrx_word' id='word_1_809' title='bbox 2389 4136 2456 4174; x_wconf 78' lang='lat' dir='ltr'><strong>ea:</strong></span> <span class='ocrx_word' id='word_1_810' title='bbox 2485 4120 2724 4172; x_wconf 85' lang='lat' dir='ltr'><strong>diaconis</strong></span> <span class='ocrx_word' id='word_1_811' title='bbox 2751 4118 3011 4188; x_wconf 80' lang='lat' dir='ltr'><strong>quosdam</strong></span> <span class='ocrx_word' id='word_1_812' title='bbox 3044 4120 3099 4189; x_wconf 72' lang='lat' dir='ltr'><strong>in</strong></span> <span class='ocrx_word' id='word_1_813' title='bbox 3129 4118 3323 4189; x_wconf 11' lang='lat' dir='ltr'><strong>insula;</strong></span> <span class='ocrx_word' id='word_1_814' title='bbox 3337 4128 3453 4187; x_wconf 85' lang='lat' dir='ltr'><strong>post</strong></span> <span class='ocrx_word' id='word_1_815' title='bbox 3483 4137 3594 4189; x_wconf 72' lang='lat' dir='ltr'><strong>pc-</strong></span> 
     </span>
    </p>
   </div>
   <div class='ocr_carea' id='block_1_116' title="bbox 2007 4187 3595 4261">
    <p class='ocr_par' dir='ltr' id='par_1_116' title="bbox 2007 4187 3595 4261">
     <span class='ocr_line' id='line_1_117' title="bbox 2007 4187 3595 4261; baseline 0.003 -19"><span class='ocrx_word' id='word_1_816' title='bbox 2007 4206 2103 4244; x_wconf 85' lang='lat' dir='ltr'><strong>nas</strong></span> <span class='ocrx_word' id='word_1_817' title='bbox 2145 4190 2487 4260; x_wconf 79' lang='lat' dir='ltr'><strong>confessionis</strong></span> <span class='ocrx_word' id='word_1_818' title='bbox 2542 4204 2654 4243; x_wconf 85' lang='lat' dir='ltr'><strong>esse</strong></span> <span class='ocrx_word' id='word_1_819' title='bbox 2696 4188 3030 4261; x_wconf 70' lang='lat' dir='ltr'><strong>_de[unctqs._</strong></span> <span class='ocrx_word' id='word_1_820' title='bbox 3056 4187 3256 4261; x_wconf 77' lang='lat' dir='ltr'><strong>verum</strong></span> <span class='ocrx_word' id='word_1_821' title='bbox 3302 4187 3595 4261; x_wconf 84' lang='lat' dir='ltr'><strong>Dionysius</strong></span> 
     </span>
    </p>
   </div>
   <div class='ocr_carea' id='block_1_117' title="bbox 2006 4256 3591 4331">
    <p class='ocr_par' dir='ltr' id='par_1_117' title="bbox 2006 4256 3591 4331">
     <span class='ocr_line' id='line_1_118' title="bbox 2006 4256 3591 4331; baseline 0.003 -18"><span class='ocrx_word' id='word_1_822' title='bbox 2006 4263 2150 4315; x_wconf 90' lang='lat' dir='ltr'><strong>luem</strong></span> <span class='ocrx_word' id='word_1_823' title='bbox 2188 4256 2442 4331; x_wconf 80' lang='lat' dir='ltr'><strong>intelligit</strong></span> <span class='ocrx_word' id='word_1_824' title='bbox 2463 4300 2478 4325; x_wconf 92' lang='lat'><strong>,</strong></span> <span class='ocrx_word' id='word_1_825' title='bbox 2513 4274 2636 4328; x_wconf 78' lang='lat' dir='ltr'><strong>quae</strong></span> <span class='ocrx_word' id='word_1_826' title='bbox 2668 4259 2813 4331; x_wconf 88' lang='lat' dir='ltr'><strong>Galli</strong></span> <span class='ocrx_word' id='word_1_827' title='bbox 2853 4268 2906 4313; x_wconf 90' lang='lat' dir='ltr'><strong>et</strong></span> <span class='ocrx_word' id='word_1_828' title='bbox 2935 4256 3219 4331; x_wconf 64' lang='lat' dir='ltr'><strong>Yolusiani</strong></span> <span class='ocrx_word' id='word_1_829' title='bbox 3253 4256 3591 4331; x_wconf 65' lang='lat' dir='ltr'><strong>tempojibus</strong></span> 
     </span>
    </p>
   </div>
   <div class='ocr_carea' id='block_1_118' title="bbox 2004 4329 3590 4400">
    <p class='ocr_par' dir='ltr' id='par_1_118' title="bbox 2004 4329 3590 4400">
     <span class='ocr_line' id='line_1_119' title="bbox 2004 4329 3590 4400; baseline 0.002 -16"><span class='ocrx_word' id='word_1_830' title='bbox 2004 4339 2251 4400; x_wconf 85' lang='lat' dir='ltr'><strong>grassata</strong></span> <span class='ocrx_word' id='word_1_831' title='bbox 2279 4329 2487 4400; x_wconf 35' lang='lat' dir='ltr'><strong>est—per</strong></span> <span class='ocrx_word' id='word_1_832' title='bbox 2518 4339 2691 4400; x_wconf 85' lang='lat' dir='ltr'><strong>totum</strong></span> <span class='ocrx_word' id='word_1_833' title='bbox 2736 4330 2925 4383; x_wconf 88' lang='lat' dir='ltr'><strong>orbem</strong></span> <span class='ocrx_word' id='word_1_834' title='bbox 2962 4329 3293 4400; x_wconf 65' lang='lat' dir='ltr'><strong>Romanum,</strong></span> <span class='ocrx_word' id='word_1_835' title='bbox 3328 4340 3387 4384; x_wconf 91' lang='lat' dir='ltr'><strong>ut</strong></span> <span class='ocrx_word' id='word_1_836' title='bbox 3418 4330 3590 4386; x_wconf 86' lang='lat' dir='ltr'><strong>Ense-</strong></span> 
     </span>
    </p>
   </div>
   <div class='ocr_carea' id='block_1_119' title="bbox 2003 4398 3588 4470">
    <p class='ocr_par' dir='ltr' id='par_1_119' title="bbox 2003 4398 3588 4470">
     <span class='ocr_line' id='line_1_120' title="bbox 2003 4398 3588 4470; baseline 0.001 -15"><span class='ocrx_word' id='word_1_837' title='bbox 2003 4398 2129 4457; x_wconf 78' lang='lat' dir='ltr'><strong>bius</strong></span> <span class='ocrx_word' id='word_1_838' title='bbox 2176 4403 2231 4456; x_wconf 91' lang='lat' dir='ltr'><strong>in</strong></span> <span class='ocrx_word' id='word_1_839' title='bbox 2266 4398 2527 4456; x_wconf 76' lang='lat' dir='ltr'><strong>Chronico</strong></span> <span class='ocrx_word' id='word_1_840' title='bbox 2565 4399 2767 4470; x_wconf 87' lang='lat' dir='ltr'><strong>aliique</strong></span> <span class='ocrx_word' id='word_1_841' title='bbox 2794 4408 3091 4470; x_wconf 83' lang='lat' dir='ltr'><strong>testantur.</strong></span> <span class='ocrx_word' id='word_1_842' title='bbox 3128 4398 3262 4454; x_wconf 88' lang='lat' dir='ltr'><strong>Vide</strong></span> <span class='ocrx_word' id='word_1_843' title='bbox 3303 4402 3588 4458; x_wconf 82' lang='lat' dir='ltr'><strong>Aurelium</strong></span> 
     </span>
    </p>
   </div>
   <div class='ocr_carea' id='block_1_120' title="bbox 2010 4469 3589 4541">
    <p class='ocr_par' dir='ltr' id='par_1_120' title="bbox 2010 4469 3589 4541">
     <span class='ocr_line' id='line_1_121' title="bbox 2010 4469 3589 4541; baseline 0.001 -15"><span class='ocrx_word' id='word_1_844' title='bbox 2010 4470 2301 4528; x_wconf 85' lang='lat' dir='ltr'><strong>Victorem.</strong></span> <span class='ocrx_word' id='word_1_845' title='bbox 2362 4470 2618 4541; x_wconf 85' lang='lat' dir='ltr'><strong>Ejusdem</strong></span> <span class='ocrx_word' id='word_1_846' title='bbox 2671 4469 2844 4525; x_wconf 85' lang='lat' dir='ltr'><strong>morbi</strong></span> <span class='ocrx_word' id='word_1_847' title='bbox 2896 4470 3147 4525; x_wconf 89' lang='lat' dir='ltr'><strong>meminit</strong></span> <span class='ocrx_word' id='word_1_848' title='bbox 3193 4471 3484 4541; x_wconf 85' lang='lat' dir='ltr'><strong>Dionysius</strong></span> <span class='ocrx_word' id='word_1_849' title='bbox 3531 4476 3589 4528; x_wconf 88' lang='lat' dir='ltr'><strong>in</strong></span> 
     </span>
    </p>
   </div>
   <div class='ocr_carea' id='block_1_121' title="bbox 2001 4541 3588 4613">
    <p class='ocr_par' dir='ltr' id='par_1_121' title="bbox 2001 4541 3588 4613">
     <span class='ocr_line' id='line_1_122' title="bbox 2001 4541 3588 4613; baseline 0 -15"><span class='ocrx_word' id='word_1_850' title='bbox 2001 4543 2231 4613; x_wconf 87' lang='lat' dir='ltr'><strong>epistola</strong></span> <span class='ocrx_word' id='word_1_851' title='bbox 2277 4542 2519 4613; x_wconf 87' lang='lat' dir='ltr'><strong>paschali</strong></span> <span class='ocrx_word' id='word_1_852' title='bbox 2561 4541 2629 4595; x_wconf 89' lang='lat' dir='ltr'><strong>ad</strong></span> <span class='ocrx_word' id='word_1_853' title='bbox 2676 4542 3114 4613; x_wconf 82' lang='lat' dir='ltr'><strong>Alexandrinos,</strong></span> <span class='ocrx_word' id='word_1_854' title='bbox 3167 4543 3256 4595; x_wconf 89' lang='lat' dir='ltr'><strong>ubi</strong></span> <span class='ocrx_word' id='word_1_855' title='bbox 3300 4545 3463 4596; x_wconf 86' lang='lat' dir='ltr'><strong>etiam</strong></span> <span class='ocrx_word' id='word_1_856' title='bbox 3518 4546 3588 4598; x_wconf 87' lang='lat' dir='ltr'><strong>de</strong></span> 
     </span>
    </p>
   </div>
   <div class='ocr_carea' id='block_1_122' title="bbox 2003 4612 3521 4682">
    <p class='ocr_par' dir='ltr' id='par_1_122' title="bbox 2003 4612 3521 4682">
     <span class='ocr_line' id='line_1_123' title="bbox 2003 4612 3521 4682; baseline -0.001 -14"><span class='ocrx_word' id='word_1_857' title='bbox 2003 4612 2251 4669; x_wconf 90' lang='lat' dir='ltr'><strong>diaconis</strong></span> <span class='ocrx_word' id='word_1_858' title='bbox 2278 4612 2693 4682; x_wconf 12' lang='lat' dir='ltr'><strong>loquiturtquos</strong></span> <span class='ocrx_word' id='word_1_859' title='bbox 2725 4612 2895 4681; x_wconf 87' lang='lat' dir='ltr'><strong>pestis</strong></span> <span class='ocrx_word' id='word_1_860' title='bbox 2925 4612 3015 4665; x_wconf 88' lang='lat' dir='ltr'><strong>illa</strong></span> <span class='ocrx_word' id='word_1_861' title='bbox 3051 4614 3417 4682; x_wconf 85' lang='lat' dir='ltr'><strong>consumpsit.</strong></span> <span class='ocrx_word' id='word_1_862' title='bbox 3448 4614 3521 4667; x_wconf 85' lang='lat' dir='ltr'><strong>In.</strong></span> 
     </span>
    </p>
   </div>
   <div class='ocr_carea' id='block_1_123' title="bbox 2074 4680 3589 4756">
    <p class='ocr_par' dir='ltr' id='par_1_123' title="bbox 2074 4680 3589 4756">
     <span class='ocr_line' id='line_1_124' title="bbox 2074 4680 3589 4756; baseline 0.001 -18"><span class='ocrx_word' id='word_1_863' title='bbox 2074 4684 2188 4756; x_wconf 83' lang='lat'><strong>(70)</strong></span> <span class='ocrx_word' id='word_1_864' title='bbox 2219 4680 2607 4756; x_wconf 75' lang='grc' dir='ltr'>Περίστολάς.</span> <span class='ocrx_word' id='word_1_865' title='bbox 2644 4680 2812 4756; x_wconf 67' lang='lat' dir='ltr'><strong>lianc</strong></span> <span class='ocrx_word' id='word_1_866' title='bbox 2831 4696 3020 4736; x_wconf 87' lang='lat' dir='ltr'><strong>vocem</strong></span> <span class='ocrx_word' id='word_1_867' title='bbox 3042 4680 3589 4756; x_wconf 84' lang='lat' dir='ltr'><strong>_Cbristophorsonns</strong></span> 
     </span>
    </p>
   </div>
   <div class='ocr_carea' id='block_1_124' title="bbox 2002 4751 3665 4826">
    <p class='ocr_par' dir='ltr' id='par_1_124' title="bbox 2002 4751 3665 4826">
     <span class='ocr_line' id='line_1_125' title="bbox 2002 4751 3665 4826; baseline -0.002 -17"><span class='ocrx_word' id='word_1_868' title='bbox 2002 4751 2178 4826; x_wconf 53' lang='lat' dir='ltr'><strong>longo&#39;</strong></span> <span class='ocrx_word' id='word_1_869' title='bbox 2197 4757 2489 4826; x_wconf 87' lang='lat' dir='ltr'><strong>verborum</strong></span> <span class='ocrx_word' id='word_1_870' title='bbox 2518 4752 2750 4826; x_wconf 78' lang='lat' dir='ltr'><strong>circuitu</strong></span> <span class='ocrx_word' id='word_1_871' title='bbox 2799 4751 2875 4807; x_wconf 86' lang='lat' dir='ltr'><strong>ita</strong></span> <span class='ocrx_word' id='word_1_872' title='bbox 2913 4762 2997 4806; x_wconf 87' lang='lat' dir='ltr'><strong>est</strong></span> <span class='ocrx_word' id='word_1_873' title='bbox 3040 4753 3469 4822; x_wconf 87' lang='lat' dir='ltr'><strong>interpretatus:</strong></span> <span class='ocrx_word' id='word_1_874' title='bbox 3499 4758 3585 4809; x_wconf 79' lang='lat' dir='ltr'><strong>Ad</strong></span> <span class='ocrx_word' id='word_1_875' title='bbox 3660 4818 3665 4825; x_wconf 28' lang='lat'><em>.</em></span> 
     </span>
    </p>
   </div>
   <div class='ocr_carea' id='block_1_125' title="bbox 2000 4823 3583 4896">
    <p class='ocr_par' dir='ltr' id='par_1_125' title="bbox 2000 4823 3583 4896">
     <span class='ocr_line' id='line_1_126' title="bbox 2000 4823 3583 4896; baseline -0.001 -16"><span class='ocrx_word' id='word_1_876' title='bbox 2000 4823 2189 4891; x_wconf 73' lang='lat' dir='ltr'><strong>lintea,</strong></span> <span class='ocrx_word' id='word_1_877' title='bbox 2217 4825 2404 4896; x_wconf 83' lang='lat' dir='ltr'><strong>quibus</strong></span> <span class='ocrx_word' id='word_1_878' title='bbox 2438 4839 2661 4896; x_wconf 83' lang='lat' dir='ltr'><strong>corpora</strong></span> <span class='ocrx_word' id='word_1_879' title='bbox 2691 4823 2963 4896; x_wconf 77' lang='lat' dir='ltr'><strong>beatorum</strong></span> <span class='ocrx_word' id='word_1_880' title='bbox 2993 4836 3299 4896; x_wconf 76' lang='lat' dir='ltr'><strong>martyrum</strong></span> <span class='ocrx_word' id='word_1_881' title='bbox 3319 4826 3436 4893; x_wconf 86' lang='lat' dir='ltr'><strong>jam</strong></span> <span class='ocrx_word' id='word_1_882' title='bbox 3476 4826 3583 4879; x_wconf 79' lang='lat' dir='ltr'><strong>vita</strong></span> 
     </span>
    </p>
   </div>
   <div class='ocr_carea' id='block_1_126' title="bbox 1999 4892 3586 4962">
    <p class='ocr_par' dir='ltr' id='par_1_126' title="bbox 1999 4892 3586 4962">
     <span class='ocr_line' id='line_1_127' title="bbox 1999 4892 3586 4962; baseline 0.001 -13"><span class='ocrx_word' id='word_1_883' title='bbox 1999 4892 2368 4961; x_wconf 80' lang='lat' dir='ltr'><strong>defunctorum</strong></span> <span class='ocrx_word' id='word_1_884' title='bbox 2398 4893 2804 4957; x_wconf 79' lang='lat' dir='ltr'><strong>involverentur,</strong></span> <span class='ocrx_word' id='word_1_885' title='bbox 2824 4893 3169 4962; x_wconf 84' lang='lat' dir='ltr'><strong>conﬁcienda.</strong></span> <span class='ocrx_word' id='word_1_886' title='bbox 3205 4892 3450 4948; x_wconf 83' lang='lat' dir='ltr'><strong>Habebat</strong></span> <span class='ocrx_word' id='word_1_887' title='bbox 3475 4896 3586 4951; x_wconf 76' lang='lat' dir='ltr'><strong>sci-</strong></span> 
     </span>
    </p>
   </div>
   <div class='ocr_carea' id='block_1_127' title="bbox 2000 4964 3585 5037">
    <p class='ocr_par' dir='ltr' id='par_1_127' title="bbox 2000 4964 3585 5037">
     <span class='ocr_line' id='line_1_128' title="bbox 2000 4964 3585 5037; baseline -0.002 -17"><span class='ocrx_word' id='word_1_888' title='bbox 2000 4967 2124 5022; x_wconf 83' lang='lat' dir='ltr'><strong>licet</strong></span> <span class='ocrx_word' id='word_1_889' title='bbox 2151 4982 2262 5037; x_wconf 71' lang='lat' dir='ltr'><strong>pra:</strong></span> <span class='ocrx_word' id='word_1_890' title='bbox 2292 4966 2468 5020; x_wconf 89' lang='lat' dir='ltr'><strong>oculis</strong></span> <span class='ocrx_word' id='word_1_891' title='bbox 2499 4964 3038 5037; x_wconf 77' lang='lat' dir='ltr'><strong>Christophorsonus</strong></span> <span class='ocrx_word' id='word_1_892' title='bbox 3090 4965 3440 5037; x_wconf 71' lang='lat' dir='ltr'><strong>moremaevi</strong></span> <span class='ocrx_word' id='word_1_893' title='bbox 3482 4981 3585 5017; x_wconf 81' lang='lat' dir='ltr'><strong>no-</strong></span> 
     </span>
    </p>
   </div>
   <div class='ocr_carea' id='block_1_128' title="bbox 2000 5034 3584 5108">
    <p class='ocr_par' dir='ltr' id='par_1_128' title="bbox 2000 5034 3584 5108">
     <span class='ocr_line' id='line_1_129' title="bbox 2000 5034 3584 5108; baseline -0.002 -16"><span class='ocrx_word' id='word_1_894' title='bbox 2000 5040 2098 5093; x_wconf 84' lang='lat' dir='ltr'><strong>stri</strong></span> <span class='ocrx_word' id='word_1_895' title='bbox 2119 5034 2294 5108; x_wconf 45' lang='lat' dir='ltr'><strong>{quo</strong></span> <span class='ocrx_word' id='word_1_896' title='bbox 2330 5044 2584 5108; x_wconf 81' lang='lat' dir='ltr'><strong>mortuos</strong></span> <span class='ocrx_word' id='word_1_897' title='bbox 2609 5034 2776 5108; x_wconf 75' lang='lat' dir='ltr'><strong>linteo</strong></span> <span class='ocrx_word' id='word_1_898' title='bbox 2805 5034 3019 5104; x_wconf 90' lang='lat' dir='ltr'><strong>operire</strong></span> <span class='ocrx_word' id='word_1_899' title='bbox 3043 5073 3059 5097; x_wconf 93' lang='lat'><strong>,</strong></span> <span class='ocrx_word' id='word_1_900' title='bbox 3104 5044 3266 5108; x_wconf 86' lang='lat' dir='ltr'><strong>atque</strong></span> <span class='ocrx_word' id='word_1_901' title='bbox 3310 5035 3384 5108; x_wconf 82' lang='lat' dir='ltr'><strong>ita</strong></span> <span class='ocrx_word' id='word_1_902' title='bbox 3416 5037 3584 5108; x_wconf 82' lang='lat' dir='ltr'><strong>humo</strong></span> 
     </span>
    </p>
   </div>
   <div class='ocr_carea' id='block_1_129' title="bbox 1997 5102 3584 5174">
    <p class='ocr_par' dir='ltr' id='par_1_129' title="bbox 1997 5102 3584 5174">
     <span class='ocr_line' id='line_1_130' title="bbox 1997 5102 3584 5174; baseline -0.004 -11"><span class='ocrx_word' id='word_1_903' title='bbox 1997 5102 2232 5164; x_wconf 78' lang='lat' dir='ltr'><strong>condere</strong></span> <span class='ocrx_word' id='word_1_904' title='bbox 2260 5107 2522 5174; x_wconf 86' lang='lat' dir='ltr'><strong>solemus.</strong></span> <span class='ocrx_word' id='word_1_905' title='bbox 2559 5104 2713 5173; x_wconf 85' lang='lat' dir='ltr'><strong>Apud</strong></span> <span class='ocrx_word' id='word_1_906' title='bbox 2742 5102 3001 5174; x_wconf 80' lang='lat' dir='ltr'><strong>antiquos</strong></span> <span class='ocrx_word' id='word_1_907' title='bbox 3033 5118 3170 5174; x_wconf 69' lang='lat' dir='ltr'><strong>vero</strong></span> <span class='ocrx_word' id='word_1_908' title='bbox 3184 5102 3284 5174; x_wconf 32' lang='lat' dir='ltr'><strong>’(de</strong></span> <span class='ocrx_word' id='word_1_909' title='bbox 3311 5102 3584 5159; x_wconf 82' lang='lat' dir='ltr'><strong>Christia-</strong></span> 
     </span>
    </p>
   </div>
   <div class='ocr_carea' id='block_1_130' title="bbox 1997 5172 3580 5246">
    <p class='ocr_par' dir='ltr' id='par_1_130' title="bbox 1997 5172 3580 5246">
     <span class='ocr_line' id='line_1_131' title="bbox 1997 5172 3580 5246; baseline -0.003 -14"><span class='ocrx_word' id='word_1_910' title='bbox 1997 5181 2084 5235; x_wconf 87' lang='lat' dir='ltr'><strong>n&#39;rs</strong></span> <span class='ocrx_word' id='word_1_911' title='bbox 2114 5180 2279 5232; x_wconf 89' lang='lat' dir='ltr'><strong>etiam</strong></span> <span class='ocrx_word' id='word_1_912' title='bbox 2323 5173 2555 5246; x_wconf 83' lang='lat' dir='ltr'><strong>loquor)</strong></span> <span class='ocrx_word' id='word_1_913' title='bbox 2608 5172 2748 5228; x_wconf 83' lang='lat' dir='ltr'><strong>alius</strong></span> <span class='ocrx_word' id='word_1_914' title='bbox 2793 5172 2913 5229; x_wconf 78' lang='lat' dir='ltr'><strong>mos</strong></span> <span class='ocrx_word' id='word_1_915' title='bbox 2942 5183 3079 5229; x_wconf 88' lang='lat' dir='ltr'><strong>erat.</strong></span> <span class='ocrx_word' id='word_1_916' title='bbox 3128 5172 3394 5246; x_wconf 65' lang='lat' dir='ltr'><strong>Vestibus</strong></span> <span class='ocrx_word' id='word_1_917' title='bbox 3431 5178 3580 5228; x_wconf 86' lang='lat' dir='ltr'><strong>enim</strong></span> 
     </span>
    </p>
   </div>
   <div class='ocr_carea' id='block_1_131' title="bbox 1995 5243 3581 5315">
    <p class='ocr_par' dir='ltr' id='par_1_131' title="bbox 1995 5243 3581 5315">
     <span class='ocr_line' id='line_1_132' title="bbox 1995 5243 3581 5315; baseline -0.003 -12"><span class='ocrx_word' id='word_1_918' title='bbox 1995 5250 2256 5311; x_wconf 82' lang='lat' dir='ltr'><strong>cadavera</strong></span> <span class='ocrx_word' id='word_1_919' title='bbox 2289 5243 2619 5302; x_wconf 80' lang='lat' dir='ltr'><strong>amiciebant</strong></span> <span class='ocrx_word' id='word_1_920' title='bbox 2641 5286 2658 5311; x_wconf 94' lang='lat'><strong>,</strong></span> <span class='ocrx_word' id='word_1_921' title='bbox 2683 5255 2737 5299; x_wconf 90' lang='lat' dir='ltr'><strong>et</strong></span> <span class='ocrx_word' id='word_1_922' title='bbox 2767 5246 2984 5315; x_wconf 86' lang='lat' dir='ltr'><strong>quidem</strong></span> <span class='ocrx_word' id='word_1_923' title='bbox 3019 5243 3432 5315; x_wconf 76' lang='lat' dir='ltr'><strong>pretiosissimis</strong></span> <span class='ocrx_word' id='word_1_924' title='bbox 3454 5283 3469 5305; x_wconf 84' lang='lat'><strong>.</strong></span> <span class='ocrx_word' id='word_1_925' title='bbox 3521 5256 3581 5299; x_wconf 87' lang='lat' dir='ltr'><strong>ut</strong></span> 
     </span>
    </p>
   </div>
   <div class='ocr_carea' id='block_1_132' title="bbox 1994 5312 3579 5386">
    <p class='ocr_par' dir='ltr' id='par_1_132' title="bbox 1994 5312 3579 5386">
     <span class='ocr_line' id='line_1_133' title="bbox 1994 5312 3579 5386; baseline -0.003 -12"><span class='ocrx_word' id='word_1_926' title='bbox 1994 5318 2157 5374; x_wconf 89' lang='lat' dir='ltr'><strong>docet</strong></span> <span class='ocrx_word' id='word_1_927' title='bbox 2182 5318 2450 5373; x_wconf 88' lang='lat' dir='ltr'><strong>Eusebius</strong></span> <span class='ocrx_word' id='word_1_928' title='bbox 2483 5316 2577 5370; x_wconf 89' lang='lat' dir='ltr'><strong>lib.</strong></span> <span class='ocrx_word' id='word_1_929' title='bbox 2597 5331 2697 5378; x_wconf 83' lang='lat' dir='ltr'><strong>vn,</strong></span> <span class='ocrx_word' id='word_1_930' title='bbox 2731 5312 2852 5386; x_wconf 78' lang='lat' dir='ltr'><strong>cap.</strong></span> <span class='ocrx_word' id='word_1_931' title='bbox 2883 5316 2969 5379; x_wconf 77' lang='lat' dir='ltr'><strong>lli,</strong></span> <span class='ocrx_word' id='word_1_932' title='bbox 2999 5312 3066 5369; x_wconf 68' lang='lat' dir='ltr'><strong>de</strong></span> <span class='ocrx_word' id='word_1_933' title='bbox 3097 5312 3423 5386; x_wconf 19' lang='lat' dir='ltr'><strong>Asturio.ASi</strong></span> <span class='ocrx_word' id='word_1_934' title='bbox 3450 5319 3579 5384; x_wconf 86' lang='lat' dir='ltr'><strong>quis</strong></span> 
     </span>
    </p>
   </div>
   <div class='ocr_carea' id='block_1_133' title="bbox 1994 5384 3576 5457">
    <p class='ocr_par' dir='ltr' id='par_1_133' title="bbox 1994 5384 3576 5457">
     <span class='ocr_line' id='line_1_134' title="bbox 1994 5384 3576 5457; baseline -0.004 -12"><span class='ocrx_word' id='word_1_935' title='bbox 1994 5402 2176 5445; x_wconf 89' lang='lat' dir='ltr'><strong>tamen</strong></span> <span class='ocrx_word' id='word_1_936' title='bbox 2223 5386 2708 5457; x_wconf 83' lang='lat' dir='ltr'><strong>Christophorsoni</strong></span> <span class='ocrx_word' id='word_1_937' title='bbox 2749 5384 3056 5442; x_wconf 81' lang='lat' dir='ltr'><strong>versiOnem</strong></span> <span class='ocrx_word' id='word_1_938' title='bbox 3104 5386 3230 5439; x_wconf 87' lang='lat' dir='ltr'><strong>velit</strong></span> <span class='ocrx_word' id='word_1_939' title='bbox 3265 5384 3576 5457; x_wconf 78' lang='lat' dir='ltr'><strong>defendere,</strong></span> 
     </span>
    </p>
   </div>
   <div class='ocr_carea' id='block_1_134' title="bbox 1992 5455 3579 5530">
    <p class='ocr_par' dir='ltr' id='par_1_134' title="bbox 1992 5455 3579 5530">
     <span class='ocr_line' id='line_1_135' title="bbox 1992 5455 3579 5530; baseline -0.005 -14"><span class='ocrx_word' id='word_1_940' title='bbox 1992 5462 2297 5530; x_wconf 77' lang='lat' dir='ltr'><strong>habet,quo_</strong></span> <span class='ocrx_word' id='word_1_941' title='bbox 2320 5455 2469 5530; x_wconf 78' lang='lat' dir='ltr'><strong>illam</strong></span> <span class='ocrx_word' id='word_1_942' title='bbox 2506 5465 2743 5530; x_wconf 83' lang='lat' dir='ltr'><strong>tueatur,</strong></span> <span class='ocrx_word' id='word_1_943' title='bbox 2782 5458 3157 5530; x_wconf 74' lang='lat' dir='ltr'><strong>testimonium</strong></span> <span class='ocrx_word' id='word_1_944' title='bbox 3189 5457 3497 5530; x_wconf 65' lang='lat' dir='ltr'><strong>Athanasii.</strong></span> <span class='ocrx_word' id='word_1_945' title='bbox 3525 5455 3579 5530; x_wconf 12' lang='lat' dir='ltr'><strong>lis</strong></span> 
     </span>
    </p>
   </div>
   <div class='ocr_carea' id='block_1_135' title="bbox 1989 5525 3579 5597">
    <p class='ocr_par' dir='ltr' id='par_1_135' title="bbox 1989 5525 3579 5597">
     <span class='ocr_line' id='line_1_136' title="bbox 1989 5525 3579 5597; baseline -0.003 -11"><span class='ocrx_word' id='word_1_946' title='bbox 1989 5533 2135 5586; x_wconf 90' lang='lat' dir='ltr'><strong>enim</strong></span> <span class='ocrx_word' id='word_1_947' title='bbox 2161 5525 2220 5585; x_wconf 78' lang='lat' dir='ltr'><strong>in</strong></span> <span class='ocrx_word' id='word_1_948' title='bbox 2258 5528 2379 5583; x_wconf 87' lang='lat' dir='ltr'><strong>Vita</strong></span> <span class='ocrx_word' id='word_1_949' title='bbox 2406 5528 2470 5581; x_wconf 87' lang='lat' dir='ltr'><strong>B.</strong></span> <span class='ocrx_word' id='word_1_950' title='bbox 2507 5529 2727 5581; x_wconf 82' lang='lat' dir='ltr'><strong>Antonii</strong></span> <span class='ocrx_word' id='word_1_951' title='bbox 2757 5529 2830 5582; x_wconf 90' lang='lat' dir='ltr'><strong>ita</strong></span> <span class='ocrx_word' id='word_1_952' title='bbox 2860 5528 3050 5582; x_wconf 89' lang='lat' dir='ltr'><strong>scribit</strong></span> <span class='ocrx_word' id='word_1_953' title='bbox 3076 5545 3089 5582; x_wconf 91' lang='lat'><strong>:</strong></span> <span class='ocrx_word' id='word_1_954' title='bbox 3120 5525 3298 5581; x_wconf 83' lang='lat' dir='ltr'><strong>Solent</strong></span> <span class='ocrx_word' id='word_1_955' title='bbox 3331 5525 3579 5597; x_wconf 64' lang='lat' dir='ltr'><strong>diguptii</strong></span> 
     </span>
    </p>
   </div>
   <div class='ocr_carea' id='block_1_136' title="bbox 1988 5601 3577 5672">
    <p class='ocr_par' dir='ltr' id='par_1_136' title="bbox 1988 5601 3577 5672">
     <span class='ocr_line' id='line_1_137' title="bbox 1988 5601 3577 5672; baseline -0.003 -18"><span class='ocrx_word' id='word_1_956' title='bbox 1988 5602 2071 5671; x_wconf 85' lang='lat' dir='ltr'><strong>pie</strong></span> <span class='ocrx_word' id='word_1_957' title='bbox 2098 5601 2468 5672; x_wconf 80' lang='lat' dir='ltr'><strong>defunctorum</strong></span> <span class='ocrx_word' id='word_1_958' title='bbox 2496 5638 2511 5662; x_wconf 95' lang='lat'><strong>,</strong></span> <span class='ocrx_word' id='word_1_959' title='bbox 2551 5606 2707 5666; x_wconf 87' lang='lat' dir='ltr'><strong>atque</strong></span> <span class='ocrx_word' id='word_1_960' title='bbox 2735 5601 3004 5672; x_wconf 62' lang='lat' dir='ltr'><strong>inprimis</strong></span> <span class='ocrx_word' id='word_1_961' title='bbox 3035 5607 3339 5672; x_wconf 80' lang='lat' dir='ltr'><strong>sanctorum</strong></span> <span class='ocrx_word' id='word_1_962' title='bbox 3373 5609 3577 5672; x_wconf 83' lang='lat' dir='ltr'><strong>marty-</strong></span> 
     </span>
    </p>
   </div>
   <div class='ocr_carea' id='block_1_137' title="bbox 1989 5669 3573 5740">
    <p class='ocr_par' dir='ltr' id='par_1_137' title="bbox 1989 5669 3573 5740">
     <span class='ocr_line' id='line_1_138' title="bbox 1989 5669 3573 5740; baseline -0.003 -14"><span class='ocrx_word' id='word_1_963' title='bbox 1989 5669 2109 5726; x_wconf 76' lang='lat' dir='ltr'><strong>rum</strong></span> <span class='ocrx_word' id='word_1_964' title='bbox 2147 5669 2367 5740; x_wconf 76' lang='lat' dir='ltr'><strong>corpora</strong></span> <span class='ocrx_word' id='word_1_965' title='bbox 2390 5671 2657 5738; x_wconf 74' lang='lat' dir='ltr'><strong>-[&#39;unerare</strong></span> <span class='ocrx_word' id='word_1_966' title='bbox 2681 5670 2892 5738; x_wconf 83' lang='lat' dir='ltr'><strong>quidem</strong></span> <span class='ocrx_word' id='word_1_967' title='bbox 2915 5709 2929 5731; x_wconf 96' lang='lat'><strong>,</strong></span> <span class='ocrx_word' id='word_1_968' title='bbox 2971 5682 3021 5724; x_wconf 92' lang='lat' dir='ltr'><strong>et</strong></span> <span class='ocrx_word' id='word_1_969' title='bbox 3053 5670 3231 5723; x_wconf 74' lang='lat' dir='ltr'><strong>linteis</strong></span> <span class='ocrx_word' id='word_1_970' title='bbox 3273 5669 3573 5733; x_wconf 79' lang='lat' dir='ltr'><strong>involvere;</strong></span> 
     </span>
    </p>
   </div>
   <div class='ocr_carea' id='block_1_138' title="bbox 1988 5740 3575 5811">
    <p class='ocr_par' dir='ltr' id='par_1_138' title="bbox 1988 5740 3575 5811">
     <span class='ocr_line' id='line_1_139' title="bbox 1988 5740 3575 5811; baseline -0.003 -15"><span class='ocrx_word' id='word_1_971' title='bbox 1988 5760 2091 5797; x_wconf 85' lang='lat' dir='ltr'><strong>non</strong></span> <span class='ocrx_word' id='word_1_972' title='bbox 2119 5752 2294 5796; x_wconf 78' lang='lat' dir='ltr'><strong>autem</strong></span> <span class='ocrx_word' id='word_1_973' title='bbox 2331 5746 2584 5793; x_wconf 77' lang='lat' dir='ltr'><strong>mandare</strong></span> <span class='ocrx_word' id='word_1_974' title='bbox 2609 5749 2797 5805; x_wconf 69' lang='lat' dir='ltr'><strong>terrae;</strong></span> <span class='ocrx_word' id='word_1_975' title='bbox 2827 5742 2915 5793; x_wconf 83' lang='lat' dir='ltr'><strong>sed</strong></span> <span class='ocrx_word' id='word_1_976' title='bbox 2943 5741 3192 5811; x_wconf 84' lang='lat' dir='ltr'><strong>imposita</strong></span> <span class='ocrx_word' id='word_1_977' title='bbox 3233 5740 3463 5807; x_wconf 82' lang='lat' dir='ltr'><strong>lectulis,</strong></span> <span class='ocrx_word' id='word_1_978' title='bbox 3489 5745 3575 5793; x_wconf 74' lang='lat' dir='ltr'><strong>in-</strong></span> 
     </span>
    </p>
   </div>
   <div class='ocr_carea' id='block_1_139' title="bbox 1989 5812 3649 5885">
    <p class='ocr_par' dir='ltr' id='par_1_139' title="bbox 1989 5812 3649 5885">
     <span class='ocr_line' id='line_1_140' title="bbox 1989 5812 3649 5885; baseline -0.004 -16"><span class='ocrx_word' id='word_1_979' title='bbox 1989 5826 2071 5869; x_wconf 92' lang='lat' dir='ltr'><strong>tra</strong></span> <span class='ocrx_word' id='word_1_980' title='bbox 2098 5815 2331 5885; x_wconf 79' lang='lat' dir='ltr'><strong>privatos</strong></span> <span class='ocrx_word' id='word_1_981' title='bbox 2360 5812 2588 5881; x_wconf 84' lang='lat' dir='ltr'><strong>parietes</strong></span> <span class='ocrx_word' id='word_1_982' title='bbox 2626 5812 2866 5865; x_wconf 85' lang='lat' dir='ltr'><strong>retinere.</strong></span> <span class='ocrx_word' id='word_1_983' title='bbox 2900 5812 2975 5865; x_wconf 85' lang='lat' dir='ltr'><strong>In.</strong></span> <span class='ocrx_word' id='word_1_984' title='bbox 3642 5828 3649 5835; x_wconf 41' lang='grc' dir='ltr'><em>κ</em></span> 
     </span>
    </p>
   </div>
  </div>
