4058 6390
433 466 560 519 ΠΜ

1548 432 1769 513 EPIST.
1809 457 1901 511 AD
1940 454 2198 512 FABIUM
2237 451 2558 510 ANTIOCH.

3541 459 3564 512 1
3576 455 3684 513 50?.

426 586 722 656 θρασύτητι
758 582 820 637 τὸ
875 582 1007 656 μηδὲ
1048 579 1313 653 πρότερον
1340 579 1658 651 Χριστιανοὶ
1687 577 1964 647 γεγονέναι

2104 573 2303 645 pusillo
2335 573 2521 628 animo
2546 588 2683 629 esse.
2712 574 2815 628 Alii
2847 585 2975 628 vero
2998 572 3303 644 promptius
3328 574 3551 628 ad‘aras
3585 578 3681 629 ad-

425 672 555 746 περὶ
593 665 669 727 ὧν
712 674 746 744 ή
784 671 878 726 τοῦ
923 672 1128 743 Κυρίου
1176 671 1479 743 πρόρρησις
1521 668 1881 741 ἀληθεστάτη,
1916 670 1996 721 ὅτι

421 763 692 827 δυσκόλως
717 762 1068 834 σωθήσονται.
1097 760 1219 815 Τῶν
1249 762 1307 815 δὲ
1333 758 1553 824 λοιπῶν,
1582 761 1629 812 oi
1666 760 1763 830 μὲν
1784 759 1998 813 εἵποντο

420 853 630 918 τούτοις
674 853 986 926 ἑκατέροις·
1032 854 1081 906 οἱ
1120 852 1177 905 δὲ
1215 851 1475 919 ἔφευγον
1516 851 1566 903 οί
1603 848 1658 902 δὲ
1693 849 1994 921 ἡλίσκοντο.

352 990 355 993 ,
419 945 529 1000 Καὶ
552 946 756 999 τούτων
777 948 824 999 οί
872 944 971 1017 μὲν
1003 945 1129 1016 ἄχρι
1153 942 1369 1014 δεσμῶν
1406 942 1498 997 καί¹
1527 940 1771 1012 φυλακῆς
1812 942 1995 1013 χωρή-

418 1055 610 1102 σαντες
639 1055 654 1069 '
708 1038 802 1092 καί
849 1054 1022 1103 τινες,
1073 1035 1168 1091 καὶ
1213 1034 1461 1098 πλείονας
1513 1033 1725 1105 ἡμέρας
1771 1032 1993 1105 καθειρ-

416 1127 653 1199 χθέντες,
687 1125 806 1183 εἶτα
828 1129 923 1183 καὶ
944 1128 1073 1201 πρὶν
1097 1128 1176 1191 είς
1199 1126 1542 1197 δικαστήριον
1565 1122 1843 1188 εἰσελθεῖν,
1870 1121 1995 1188 ἐξω-

420 1222 679 1291 μόσαντο·
716 1224 765 1275 οί
796 1222 853 1275 δὲ
886 1222 980 1275 καὶ
1014 1220 1266 1291 βασάνοις
1313 1219 1410 1272 ἐπὶ
1442 1218 1606 1272 ποσὸν
1656 1219 1992 1289 ἐγκαρτερή-

417 1328 630 1377 σαντες,
655 1312 792 1385 πρὸς
819 1312 879 1365 τὸ
907 1311 1032 1383 ἑξῆς
1065 1312 1315 1366 ἀπεῖπον.

2100 666 2422 730 currebant,
2475 665 2733 721 audacter
2771 665 3098 721 atﬁrmantes
3126 680 3407 736 nunquam
3438 680 3497 720 se
3518 674 3677 720 antea
3703 721 3715 736 ,

2097 756 2439 812 Christianos
2493 755 2664 819 fuisse
2705 759 2812 814 :de
2861 759 3061 829 quibus
3111 759 3394 813 verissime
3431 756 3678 827 praedixit

2096 849 2226 903 olim
2251 848 2539 914 Dominus,
2566 850 2835 922 ejusmodi
2862 850 3109 906 homines
3131 865 3272 921 aegre
3298 850 3527 904 salutem
3552 863 3681 903 con-

2097 949 2406 998 secuturos.
2459 942 2649 998 Caeteri
2697 951 2878 997 autem
2918 942 3115 1012 partim
3157 942 3448 996 alterutros
3484 954 3676 995 eorum

2099 1049 2238 1104 quos
2266 1033 2504 1090 diximus
2532 1076 2547 1099 ,
2605 1034 3004 1104 sequebantur;
3054 1033 3250 1103 partim
3298 1048 3355 1088 se
3403 1033 3457 1085 in
3490 1030 3676 1101 fugam

2097 1125 2337 1193 dabant;
2391 1127 2590 1197 partim
2647 1126 3264 1197 comprehendebantur.
3329 1123 3410 1179 Ex
3473 1123 3675 1195 quibus

2097 1218 2374 1285 nonnulli,
2409 1234 2533 1274 cum
2566 1234 2739 1287 usque
2773 1219 2840 1273 ad
2872 1218 3094 1275 vincula
3124 1228 3180 1272 et
3208 1217 3510 1272 custodiam
3546 1228 3677 1285 pro-

2095 1312 2269 1381 gressi
2309 1308 2525 1377 essent,
2554 1313 2774 1383 quidam
2809 1312 2971 1367 etiam
2997 1312 3272 1381 plusculos
3307 1311 3423 1365 dies
3463 1310 3517 1364 in
3551 1323 3676 1377 car-

411 1418 537 1459 cere
562 1404 960 1474 perstitissent,
1008 1403 1161 1473 prius
1197 1410 1377 1456 tamen
1427 1414 1590 1472 quam
1631 1399 1687 1454 in
1722 1399 1989 1470 judicium
2030 1399 2448 1470 inducerentur,
2508 1405 2672 1459 tidem
2726 1405 3031 1474 ejurarunt.
3086 1401 3338 1457 Nonnulli
3367 1415 3495 1455 vero
3545 1413 3671 1455 cum

414 1496 731 1567 aliquandiu
765 1503 1032 1550 tormenta
1068 1494 1280 1549 fortiter
1306 1494 1715 1559 sustinuissent,
1744 1492 1814 1547 ad
1850 1482 2058 1562 reliqua
2092 1495 2677 1564 qumjintentabantur,
2707 1494 2968 1566 supplicia
3004 1493 3216 1549 animos
3241 1492 3669 1562 desponderuut.

483 1592 559 1644 E'.
591 1591 656 1644 Οἱ
681 1589 737 1642 δὲ
763 1590 981 1661 στερροὶ
1008 1589 1105 1643 καὶ
1140 1589 1397 1661 μακάριοι
1423 1587 1605 1642 στῦλοι
1631 1586 1726 1641 τοῦ
1760 1586 1986 1659 Κυρίου,

411 1680 846 1754 κραταιωθέντες
881 1681 973 1733 ὑπ’
1021 1679 1210 1745 αὑτοῦ,
1246 1680 1341 1734 καὶ
1386 1680 1485 1751 τῆς
1517 1680 1833 1753 ίσχυρᾶςὲν
1866 1681 1991 1734 ἐαυ-

410 1777 523 1839 τοῖς
547 1774 782 1837 πίστεως
809 1772 966 1840 ἀξίαν
992 1773 1086 1827 καί¹
1108 1773 1368 1843 ἀνάλογον
1399 1773 1628 1845 δύναμιν
1666 1772 1762 1827 καὶ
1790 1790 1983 1844 καρτε-

413 1866 534 1939 ρίαν
560 1866 836 1931 λαϐόντες,
865 1865 1172 1936 θαυμαστοὶ
1225 1864 1510 1935 γεγόνασιν
1555 1864 1718 1920 αὐτοῦ
1750 1865 1852 1934 τῆς
1888 1865 1982 1935 βα-

2163 1588 2229 1644 ν.
2273 1588 2473 1646 Verum
2506 1591 2650 1646 beati
2686 1591 2761 1646 illi
2785 1606 2850 1645 ac
2895 1590 3116 1645 stabiles
3145 1589 3410 1644 columna
3434 1586 3671 1659 Domini,

2089 1679 2158 1736 ab
2184 1683 2304 1751 ipso
2329 1683 2660 1750 conﬁrmati,
2685 1692 2741 1739 et
2765 1682 2888 1738 ﬁdei
2922 1697 3035 1738 suae
3067 1682 3251 1737 robori
3280 1688 3668 1752 congruentem

2088 1782 2142 1828 et
2185 1791 2252 1829 ex
2291 1789 2448 1846 aequo
2497 1776 2914 1846 respondentem
2963 1774 3071 1828 vim
3101 1780 3264 1845 atque
3305 1772 3668 1829 constantiam

2087 1865 2265 1933 nacti,
2318 1864 2669 1923 admirabiles
2707 1867 2857 1937 regni
2900 1864 3047 1919 illius
3094 1861 3261 1919 testes
3297 1862 3473 1918 eﬂ‘ecti
3516 1870 3668 1919 sunt.

411 1956 611 2021 σιλείας
639 1958 931 2029 μάρτυρες.
967 1951 1066 2010 Ὧν
1097 1956 1313 2027 πρῶτος
1372 1957 1673 2021 Ἰουλιανὸς,
1705 1956 1983 2029 ἄνθρωπος

2089 1956 2331 2024 Quorum
2368 1959 2580 2028 primus
2624 1956 2876 2014 Julianus
2902 2000 2918 2025 ,
2965 1957 3050 2011 vir
3090 1955 3342 2026 podagra;
3385 1953 3668 2009 doloribus

412 2051 705 2123 ποδαγρὸς,
741 2051 814 2123 μὴ
850 2054 1062 2124 στῆναι,
1121 2051 1195 2123 μὴ
1251 2050 1462 2122 βαδίσαι
1520 2049 1835 2120 δυνάμενος,
1889 2051 1984 2103 σὺν

409 2141 619 2212 ἑτέροις
651 2141 745 2195 δύο
776 2145 889 2206 τοῖς
942 2143 1197 2215 φέρουσιν
1246 2140 1429 2206 αὐτὸν,
1491 2138 1773 2211 προσήχθη
1795 2156 1809 2169 ’
1850 2132 1924 2193 ὧν
1956 2142 1985 2193 6

411 2232 509 2303 μὲν
537 2231 744 2305 ἔτερος,
793 2233 954 2297 εὐθὺς
1010 2234 1304 2304 ἠρνήσατο·
1348 2233 1376 2285 6
1424 2231 1469 2284 δ’
1521 2231 1707 2301 ἕτερος
1738 2230 1984 2301 Κρονίων

404 2323 654 2395 ὀνόματι,
686 2324 912 2396 ἐπίκλην
944 2324 1002 2377 δὲ
1031 2322 1255 2389 Εὔνους,
1290 2324 1385 2377 καὶ
1417 2322 1578 2386 αὐτὸς
1619 2324 1647 2375 ὁ
1673 2321 1984 2393 πρεσϐύτης

417 2416 721 2481 Ἰουλιανὸς,
768 2418 1200 2489 ὁμολογήσαντες
1244 2418 1336 2473 τὸν
1390 2416 1623 2488 Κύριον,
1671 2416 1757 2470 διά
1803 2416 1984 2488 πάσης

402 2505 504 2577 τῆς
536 2506 743 2571 πόλεως
773 2508 1036 2579 μεγίστης
1058 2506 1248 2579 οὔσης,
1277 2507 1353 2571 ὡς
1394 2506 1529 2572 ίστε,
1561 2504 1830 2577 καμήλοις
1858 2508 1983 2559 ἐπο-

402 2597 654 2670 χούμενοι
683 2599 776 2652 καὶ
801 2599 1065 2672 μετέωροι
1099 2597 1982 2671 μαστιγούμενοιηέλοςὰσϐέστῳ

296 2677 310 2688 ’
405 2691 537 2763 πυρὶ
589 2690 702 2763 (89)
760 2693 1188 2764 περικεχυμένου
1246 2692 1337 2746 τοῦ
1387 2691 1555 2764 δήμου
1588 2690 1790 2755 παντὸς
1816 2707 1980 2744 κατε-

402 2786 636 2857 κάησαν.
664 2784 1013 2857 Στρατιώτης
1058 2802 1119 2837 τε
1174 2784 1356 2848 αὐτοῖς
1395 2783 1763 2854 ἀπαγομένοις
1802 2799 1980 2852 παρα-

401 2875 557 2941 στὰς,
591 2877 684 2931 καὶ
714 2878 828 2941 τοῖς
859 2876 1242 2948 ὲφυϐρίζουσιν
1287 2875 1646 2940 ἐναντιωθεὶς,
1680 2873 1979 2946 ἐκϐοησάν-

328 3010 331 3011 ν
398 2983 509 3020 των
538 2967 763 3021 ἐκείνων
794 2966 1123 3040 προσαχθεὶς
1172 2968 1202 3020 6
1250 2966 1629 3038 ἀνδρειότατος
1671 2965 1978 3037 ὁπλομάχος

398 3057 493 3110 τοῦ
524 3058 659 3112 Θεοῦ
684 3059 886 3129 Βησᾶς,
912 3060 1015 3112 κάν
1048 3057 1126 3129 τῷ
1176 3050 1396 3131 μεγάλῳ
1449 3057 1676 3130 πολέμῳ
1725 3058 1807 3130 τῷ
1851 3045 2009 3130 περῗν

398 3150 501 3220 τῆς
524 3151 804 3216 εὐσεϐείας
860 3151 1210 3224 ἀριστεύσας,
1270 3151 1561 3223 ἀπετμήθη
1588 3152 1687 3222 τὴν
1710 3150 1974 3223 κεφαλήν.

403 3243 514 3296 Καί
557 3261 640 3306 τις
664 3243 852 3316 ἕτερος
878 3245 940 3297 τὸ
988 3245 1084 3315 μὲν
1124 3244 1278 3313 γένος
1304 3242 1492 3308 Λίϐυς,
1542 3242 1638 3315 τὴν
1680 3244 1738 3297 δὲ
1770 3261 1976 3315 προση-

395 3336 587 3407 γορίαν
622 3302 771 3405 νᾶμα.
802 3302 896 3390 καὶ
947 3302 1045 3407 τήν
1073 3302 1322 3404 εὐλογίαν
1375 3302 1970 3408 ἀληθὴξΜάκαρίθοῇ,
2003 3302 2047 3363 C

396 3426 715 3499 προτροπῆς
749 3426 898 3498 αὐτῷ
925 3426 1125 3498 πολλῆς
1157 3426 1264 3480 ὑπὸ
1312 3424 1406 3480 τοῦ
1431 3424 1684 3480 δικαστοῦ
1709 3428 1845 3499 πρὸς
1871 3429 1971 3500 ἄρ-

396 3536 552 3591 νησιν
580 3519 900 3591 γενομένης,
932 3520 1030 3591 οὐχ
1059 3518 1342 3589 ὑπαχθεὶς,
1369 3516 1477 3581 ζῶν
1509 3518 1981 3588 καταπέφλεκταιε

409 3611 709 3682 Ἐπίμαχός
748 3628 808 3664 τε
868 3612 983 3681 μετ’
1018 3610 1215 3674 αὐτοὺς
1271 3611 1363 3663 καὶ
1409 3608 1774 3681 ’Δλέξανδρος,
1836 3610 1974 3682 μετά

396 3702 566 3756 πολὺν
605 3702 716 3774 (91)
762 3703 821 3756 ὃν
866 3701 1090 3774 ἔμειναν
1123 3701 1398 3774 δεσμῶται
1431 3701 1643 3774 χρόνον,
1675 3702 1870 3774 μυρίας
1895 3704 1974 3757 δι-

397 3795 711 3863 ενεγκόντες
767 3793 1101 3866 ἀλγηδόνας,
1162 3793 1456 3866 ξυστῆρας,
1518 3794 1803 3865 μάστιγας,
1840 3796 1973 3867 πυρὶ

396 3886 647 3959 ἀσϐέστῳ
675 3887 771 3942 καὶ
799 3882 945 3943 οὗτοι
974 3886 1314 3959 διεχύθησαν.

424 4188 431 4199 ι
467 4163 558 4230 ς’.
598 4161 711 4217 Καὶ
745 4162 842 4217 σὺν
868 4162 1051 4227 αὐτοῖς
1086 4164 1341 4233 γυναῖκες
1367 4163 1649 4235 τέσσαρεςο
1692 4163 1970 4233 Ἄμμωνά-

292 4289 305 4297 ~
397 4270 512 4310 Διον
543 4271 605 4308 τε
632 4255 766 4325 ἀγία
804 4255 1092 4327 παρθένος,
1119 4256 1259 4310 πάνυ
1309 4254 1626 4324 φιλονείκως
1650 4253 1819 4325 αὐτὴν
1846 4256 1969 4307 ὲπι-

346 4346 347 4349 “
396 4347 643 4403 πλεῖστον
700 4347 796 4402 τοῦ
829 4348 1082 4403 δικαστοῦ
1139 4335 1547 4420 βασανίσαντος,
1598 4347 1695 4401 ἆτε
1727 4364 1969 4419 προαπο-

395 4440 712 4512 φηναμένην
744 4439 820 4505 ὡς
852 4440 1016 4513 μηδὲν
1045 4433 1120 4495 ὧν
1150 4443 1354 4505 ἐκεῖνος
1405 4438 1617 4494 κελεύοι
1659 4438 1967 4510 φθέγξαιτο,

393 4530 738 4600 ἀληθεύσασα
767 4530 865 4603 τὴν
919 4532 1271 4601 ἐπαγγελίαν,
1325 4532 1565 4604 ἀπήχθη·
1594 4534 1649 4585 αἱ
1679 4531 1736 4585 δὲ
1760 4532 1968 4596 λοιπαὶ,

394 4624 430 4693 ἡ
466 4624 983 4697 σεμνοπρεπεστάτη
1045 4624 1342 4697 πρεσϐῦτις
1401 4624 1747 4697 Μερκουρία,
1806 4626 1968 4703 καὶή
2008 4659 2048 4713 D

352 4708 367 4773 ξ
398 4714 667 4781 πολύπαις
705 4717 824 4788 μὲν,
856 4716 955 4787 οὐχ
983 4717 1125 4788 ὑπὲρ
1156 4717 1247 4769 τὸν
1282 4716 1487 4788 Κύριον
1530 4716 1587 4769 δὲ
1638 4717 1973 4788 ἀγαπήσασα

396 4807 599 4879 ἑαυτῆς
640 4808 710 4863 τὰ
764 4808 934 4864 τέκνα
964 4807 1216 4863 Διονυσία
1249 4808 1383 4880 (92),
1419 4808 1861 4873 καταιδεσθέντος
1890 4809 1972 4873 είς

402 5052 416 5078 ,Α
469 5005 910 5078 (89)Ἇσ6ἐστῳ
932 5008 1098 5078 πιιρί.
1123 5007 1306 5062 Potest
1325 5009 1468 5061 enim
1496 5008 1632 5062 verti
1666 5008 1791 5062 viva?
1813 5009 1972 5064 calcis

398 5076 660 5130 incendio.
689 5076 779 5131 Sic
804 5078 947 5132 infra
975 5076 1040 5132 de
1066 5077 1359 5146 Epimacho
1391 5088 1445 5133 et
1478 5079 1786 5146 Alexandro
1815 5078 1970 5142 dixit,

400 5148 533 5220 πυρὶ
561 5146 811 5220 ἀσϐέστῳ
844 5144 1320 5220 διεχύθησανκρνρ
1353 5144 1844 5220 quo__Nicephorus
1873 5149 1972 5220 lia-7

402 5216 490 5270 Inst
521 5217 742 5287 τιτάνῳ.
794 5218 849 5271 In
896 5216 1098 5273 Mentéo
1148 5218 1215 5272 ad
1268 5216 1417 5287 diem,
1458 5218 1527 5271 50
1575 5216 1972 5285 Οειοὴιτίε,ἶυὺί

399 5288 605 5342 mentio
651 5286 711 5341 ﬂt
764 5287 957 5341 borum
1037 5297 1336 5355 martyrum
1389 5286 1609 5355 Juliani,
1680 5288 1974 5343 (lronionis

282 5402 285 5403 ν
397 5364 453 5428 ει
504 5356 726 5428 Macarii
749 5358 1011 5428 ,__legitur
1056 5356 1319 5411 ἀσϐέστου
1366 5358 1578 5423 ζέοντος
1626 5359 1747 5411 κατ’
1797 5358 1974 5412 αὐτῶν

397 5427 737 5501 ἐκχυθέντος.
774 5425 980 5501 ῩΑΙῙΕε.
1124 5499 1133 5501 _
1269 5497 1280 5501 _
1392 5497 1429 5501 ί,
1553 5476 1556 5479 λ
1592 5497 1603 5501 _
1789 5486 1817 5501 ,κ

471 5496 582 5567 (90)
616 5497 728 5551 Kal
767 5497 882 5566 τὴν
926 5499 1211 5566 εὐλογίαν
1249 5497 1482 5566 ἀληθὴς
1510 5497 1736 5566 Μάκαρ.
1772 5496 1975 5553 ΑἸιιιιίίι

401 5564 693 5638 Dionysius
726 5569 794 5622 ad
823 5564 987 5622 Verba
1010 5564 1099 5621 illa
1133 5568 1338 5624 Christi
1357 5564 1783 5638 ‘in'Evangelio:
1819 5568 1973 5622 Beati
2014 5606 2019 5611 ~

400 5636 548 5699 estis,
581 5652 699 5689 cum
728 5639 986 5707 persecuti
1018 5654 1105 5691 vos
1145 5638 1340 5706 fuerint
1370 5636 1631 5702 homines,
1657 5647 1787 5703 etc.,
1828 5638 1974 5707 quod

402 5715 583 5760 tamen
621 5721 729 5760 non
766 5708 899 5761 vidit
921 5706 1469 5776 Christophorsonus.
1494 5708 1599 5774 Qui
1628 5710 1787 5762 etiam
1824 5706 1877 5761 in
1908 5723 1976 5762 eo

402 5776 902 5847 hallucinatusest,
935 5778 1081 5847 quod
1118 5777 1411 5847 Macarium
1450 5779 1593 5847 h_unc
1624 5778 1758 5833 facit
1781 5778 1977 5831 Afrum

364 5896 373 5901 .
402 5859 503 5918 pro
528 5844 749 5917 Libyco.
784 5835 1069 5918 Eleganter
1096 5856 1279 5900 autem
1307 5835 1547 5918 Ruﬂnhs.
1567 5849 1711 5902 hunc
1735 5847 1973 5918 Dionysii

403 5915 582 5971 locum
632 5915 705 5971 ita
759 5915 961 5973 vertit:
1003 5916 1156 5971 Alius
1200 5917 1414 5986 quidam
1468 5920 1544 5972 vir
1604 5919 1828 5973 nominis
1875 5915 1972 5973 sui

2086 2053 2435 2118 constrictus,
2471 2052 2566 2122 qui
2593 2065 2695 2106 nec
2719 2060 2863 2106 stare
2888 2056 3101 2120 poterat
3126 2063 3228 2103 nec
3252 2046 3524 2113 incedere,
3544 2058 3666 2103 .una

2084 2159 2209 2199 cum
2238 2144 2454 2199 duobus
2480 2144 2601 2199 aliis
2623 2143 2720 2213 qui
2746 2143 2928 2213 ipsum
2957 2140 3247 2212 portabant
3273 2137 3537 2193 adductus
3561 2145 3667 2192 est.

2085 2236 2290 2293 Horum
2329 2238 2465 2294 alter
2493 2238 2674 2294 statim
2702 2236 2955 2307 negavit:
2973 2234 3123 2290 Alter
3148 2233 3372 2289 nomine
3401 2231 3666 2293 Cronion,

2083 2331 2176 2401 qui
2218 2328 2408 2385 Ennus
2444 2329 2953 2399 cognominabatur,
2988 2340 3202 2381 necnon
3247 2332 3302 2378 et
3350 2338 3517 2379 senex
3548 2323 3668 2392 ipse

2081 2425 2352 2493 Julianus,
2398 2442 2524 2482 cum
2565 2424 2845 2480 Christum
2888 2420 3128 2479 confessi
3165 2427 3368 2484 essent,
3401 2433 3501 2487 per
3538 2414 3665 2471 uni-

2081 2532 2295 2573 versam
2327 2518 2539 2581 urbem,
2569 2531 2691 2586 quae
2715 2515 2957 2585 quidem,
2986 2520 3045 2567 ut
3071 2511 3269 2579 nostis,
3294 2510 3532 2563 maxima
3555 2516 3661 2573 est,

2081 2610 2305 2667 camelis
2345 2609 2663 2673 insidentes,
2693 2606 2875 2677 ﬂagris
2918 2604 3178 2660 sublimes
3203 2600 3504 2665 verberati,
3541 2609 3662 2655 tan-

2081 2703 2204 2759 dem
2275 2701 2658 2757 ardentissimo
2697 2701 2820 2770 igne
2871 2695 3203 2753 circumfusa
3263 2695 3432 2750 totius
3474 2694 3659 2764 populi

2080 2791 2426 2847 multitudine
2468 2789 2781 2860 consumpti
2819 2796 2966 2844 sunt.
3018 2785 3172 2842 Miles
3212 2800 3343 2843 vero
3383 2786 3475 2855 qui
3525 2783 3660 2855 ipsis

2080 2886 2209 2939 dum
2247 2884 2315 2939 ad
2353 2883 2682 2954 supplicium
2722 2882 3051 2937 ducerentur
3080 2880 3328 2944 astabat,
3370 2888 3425 2933 ct
3464 2886 3658 2933 contu-

2079 2976 2300 3030 meliam
2336 2974 2632 3030 inferentes
2660 2972 2994 3044 propulerat,
3029 2970 3225 3026 Bersas
3254 2972 3496 3035 nomine,
3516 2982 3658 3024 con-

2080 3066 2350 3121 clamante
2381 3064 2643 3120 adversus
2670 3078 2793 3120 eum
2834 3062 3035 3132 populo
3061 3062 3115 3117 in
3139 3062 3229 3132 jus
3252 3060 3523 3116 adductus
3548 3068 3652 3114 est.

2079 3155 2182 3213 Ubi
2227 3156 2563 3214 fortissimus
2602 3156 2697 3211 Dei
2733 3164 3001 3225 pugnator
3024 3194 3039 3220 ,
3078 3169 3202 3209 cum
3236 3154 3292 3208 in
3339 3166 3539 3223 magno
3564 3151 3656 3207 illo

2077 3266 2177 3321 pro
2208 3251 2407 3321 pietate
2454 3251 2750 3306 certamine
2775 3260 2995 3304 strenue
3039 3263 3098 3302 se
3145 3247 3440 3317 gessisset,
3476 3241 3656 3301 securi

2079 3356 2372 3411 percussus
2404 3351 2509 3395 est.
2544 3341 2699 3396 Alius
2729 3341 2857 3394 item
2890 3337 3156 3413 oriundus
3175 3344 3245 3391 ex
3270 3335 3458 3408 Libya,
3486 3345 3540 3391 et
3559 3349 3658 3389 vo—

2079 3432 2275 3487 cabulo
2307 3440 2361 3487 et
2382 3432 2565 3486 divina
2588 3431 2966 3487 benedictione
2994 3445 3120 3484 vere
3142 3428 3342 3494 Macar,
3372 3443 3497 3483 cum
3525 3442 3555 3481 a
3573 3426 3667 3496 ju-t

2079 3522 2199 3578 dice
2227 3522 2484 3579 omnibus
2519 3522 2696 3579 modis
2723 3524 3068 3587 sollicitatus,
3104 3531 3162 3575 ut
3190 3520 3467 3576 Christum
3495 3534 3679 3588 nega»,

2079 3622 2197 3679 ret,
2241 3613 2384 3668 ﬂecti
2431 3629 2708 3684 nunquam
2754 3615 3058 3684 potuisset,
3105 3612 3263 3666 vivus
3293 3610 3653 3669 comburitur.

2079 3705 2208 3762 Post
2228 3704 2329 3760 hos
2355 3702 2773 3774 Epimachuset
2791 3706 3118 3770 Alexander,
3149 3718 3273 3759 cum
3304 3710 3428 3772 post
3451 3701 3656 3756 diutur-

2079 3816 2210 3855 num
2234 3800 2469 3855 carceris
2491 3801 2772 3856 horrorem
2805 3800 2859 3854 in
2887 3798 3189 3870 quo-vincti
3221 3800 3655 3866 permanserant,

2082 3890 2288 3947 ferreos
2315 3905 2543 3961 ungues,
2567 3890 2732 3962 ﬂagra
2756 3907 2821 3946 ac
2854 3889 3012 3946 mille.
3030 3890 3283 3945 dolorum
3316 3903 3513 3959 genera
3538 3901 3655 3957 per-

2080 3983 2352 4050 tulissent,
2374 3983 2514 4037 vivae
2535 3982 2702 4037 calcis
2742 3982 2995 4038 incendio
3020 3982 3184 4037 etiam
3211 3980 3313 4051 ipsi
3336 3978 3655 4049 colliquefa-

2078 4074 2150 4128 cti
2175 4073 2474 4143 perierunt.
3364 4112 3373 4127 .

2148 4164 2236 4231 Ἦ.
2276 4164 2540 4221 Eumdem
2562 4179 2686 4220 cum
2715 4163 2849 4235 ipsis
2873 4163 3098 4221 exitium
3128 4162 3333 4219 sortita:
3364 4169 3493 4218 sunt
3515 4176 3655 4233 qua—

2077 4267 2204 4313 tuor
2230 4258 2506 4313 muliercs.
2531 4255 2941 4314 Ammonarium
2968 4255 3184 4325 quidem
3228 4255 3380 4324 virgo
3418 4254 3650 4310 sanctis—

2078 4348 2252 4415 sima,
2281 4362 2404 4402 cum
2437 4361 2468 4402 a
2500 4347 2682 4417 judice
2710 4346 3018 4406 diutissime
3042 4352 3183 4401 torta
3218 4343 3410 4399 luisset
3445 4344 3648 4414 ingenti

2077 4457 2202 4497 cum
2226 4441 2524 4512 pertinacia
2544 4480 2559 4505 ,
2595 4448 2881 4511 propterea
2913 4437 3058 4513 quod
3086 4438 3266 4507 palam
3327 4430 3648 4507 praedixerat

2078 4534 2215 4589 nihil
2261 4549 2449 4589 eorum
2513 4548 2634 4603 qua:
2679 4531 2847 4602 judcx
2906 4532 3147 4602 jusserat
3192 4526 3525 4599 prolaturam
3592 4539 3664 4585 se.

2076 4643 2230 4695 esse;
2261 4626 2706 4697 pollicitationem
2728 4641 2881 4680 suam
2908 4624 3244 4680 exsccutioni
3266 4619 3550 4685 mandans,
3580 4618 3649 4672 ad

2079 4717 2405 4788 supplicium
2448 4716 2699 4772 abducta,
2727 4728 2829 4772 est.
2880 4715 3133 4771 Residua:
3175 4728 3340 4780 vero,
3383 4710 3649 4766 Mercuria

2077 4808 2282 4864 scilicet
2329 4822 2468 4863 anus
2522 4808 2579 4863 in
2622 4806 2817 4878 primis
2859 4804 3166 4863 veneranda
3193 4845 3208 4870 ,
3257 4816 3310 4859 et
3350 4801 3648 4874 Dionysia,

2084 5011 2381 5084 Macarius,
2397 5020 2554 5084 gente
2577 5009 2826 5084 Libycus.
2855 5010 2945 5084 Sic
2965 5009 3108 5084 enim
3133 5004 3310 5084 Latini
3334 5003 3645 5084 loquuntur,
3740 5006 3751 5015 ’

2082 5093 2141 5136 ut
2177 5074 2480 5136 Trebellius
2513 5074 2700 5136 Pollio,
2724 5082 2779 5135 in
2832 5080 3079 5146 Aureolo,
3126 5087 3181 5132 et
3216 5074 3561 5143 Lampridius
3589 5074 3646 5126 in

2082 5151 2393 5207 Commodo.
2430 5151 2504 5205 In.

2154 5221 2531 5347 ans‘t‘oz’)
2583 5222 2798 5275 πολύν.
2845 5220 2905 5274 In
2953 5218 3137 5300 codice
3184 5216 3323 5271 Med.
3370 5229 3436 5270 ac
3482 5212 3647 5296 Μιητ,

2154 5310 2218 5346 ι’.
2252 5302 2306 5346 ει
2339 5292 2532 5347 διινιΙ..
2565 5303 2621 5346 et
2663 5292 2803 5347 apud
2854 5289 3149 5347 Georgium
3180 5286 3488 5347 Syncellum
3518 5286 3647 5347 legi-

2078 5286 2218 5347 Fuk.
2246 5286 2532 5363 etSavilq
2565 5303 2621 5346 et
2663 5292 2803 5363 apud
2838 5286 3652 5363 _GeorgiumASyncellunrlegi-f

2079 5372 2166 5417 tur
2201 5361 2338 5433 μετὰ
2362 5354 2547 5427 πολύν,
2574 5354 2901 5433 ψιεεἿεειίο-
2935 5354 3108 5433 magis
3152 5354 3361 5433 ῥιπὶ-εει,
3379 5365 3434 5411 et
3453 5354 3648 5433 _liu_lini

2080 5424 2403 5487 auctoritate
2454 5424 2829 5488 conﬁrmatur.
2883 5428 2940 5484 In
2992 5424 3179 5484 codice
3234 5427 3402 5498 Regio
3453 5424 3651 5496 legitur

2078 5504 2241 5558 etiam
2283 5502 2343 5555 ὃν
2380 5503 2693 5571 ἐνέμειναν,
2734 5511 2838 5555 etc.
2891 5501 3023 5566 Quae
3061 5499 3316 5571 lectiousi
3358 5510 3484 5551 vera
3530 5504 3647 5571 est,

2076 5574 2306 5698 ιζωυίῗο
2359 5565 2550 5628 abesse
2589 5580 2802 5642 oportet
2848 5565 3155 5640 negativam
3209 5569 3354 5623 illam
3404 5565 3648 5636 particu-

2133 5658 2206 5698 m.
2261 5660 2316 5698 ι).

2133 5658 2206 5698 m.
2239 5658 2316 5698 ID.

2151 5712 2262 5785 (92)
2294 5711 2595 5785 Διονυσία.
2627 5710 2755 5785 Post
2788 5712 2901 5785 haec
2947 5713 3106 5767 verba
3147 5710 3325 5785 addidi
3351 5722 3418 5785 ex
3452 5703 3651 5785 Rulli-no

2082 5775 2177 5855 καὶ
2214 5775 2592 5855 ’Ᾰμμωνάριον
2614 5782 2793 5855 ἑτέρα.
2823 5784 3065 5855 Quatuor
3084 5783 3227 5838 cnim
3253 5780 3508 5838 mulieres
3529 5775 3657 5837 illas

2042 5847 2047 5852 ’
2085 5854 2255 5911 fuisse
2280 5847 2448 5925 supra
2479 5847 2614 5909 dixit
2646 5847 2950 5925 Dionysius.
2985 5853 3055 5909 In.
