4058 6384
552 357 690 413 1519

1565 352 1623 408 S.
1659 350 1951 407 DlONYSll
1990 350 2302 408 EPISCOPI
2339 350 2811 408 ALEXANDRINI

3664 356 3810 413 1520

547 471 618 527 de
663 469 822 528 nobis
870 475 1008 525 bene
1057 465 1254 523 mereri
1296 466 1522 531 vellent,
1565 464 1789 520 orabam
1821 474 1879 520 ut
1908 480 2004 523 eos
2036 466 2118 532 qui

2234 483 2303 537 με
2335 465 2557 536 φθάσαι,
2589 466 2685 520 καὶ
2711 466 2810 539 τὴν
2851 466 3093 539 κεφαλὴν
3121 465 3319 531 αὐτοὺς
3344 465 3445 539 τήν
3489 465 3631 540 ἐμὴν
3670 468 3833 523 am;

551 580 639 618 me
671 562 1012 619 abducebant
1038 560 1298 615 satellites
1325 556 1703 629 praevenirent,
1731 557 1944 627 ipsique
1967 566 2131 627 caput

554 655 690 707 mihi
728 655 1025 709 demerent.
1059 649 1186 705 Haec
1229 664 1317 704 me
1347 647 1735 703 vociferantem
1758 688 1774 714 ,
1820 656 1880 702 ut
1925 655 2131 702 norunt

551 747 593 802 ii
620 748 713 816 qui
746 746 879 801 mihi
914 753 1196 801 consortes
1221 750 1276 797 et
1303 740 1576 812 principes
1606 755 1975 795 aerumnarum
2009 754 2129 795 om-

452 818 461 823 l
551 836 702 892 nium
733 835 904 900 fuere,
939 835 1168 889 invitum
1201 845 1424 901 surgere
1457 839 1771 901 coegerunt.
1793 829 1872 884 Ac
1903 844 1987 883 me
2013 829 2131 898 qui—

552 927 675 981 dem
716 928 834 996 ipse
865 925 1016 980 humi
1061 923 1315 994 supinum
1362 920 1556 991 abjeci.
1595 920 1677 974 llli
1724 936 1851 975 vero
1898 921 2128 990 pedibus

552 1018 914 1087 manibusque
943 1013 1461 1085 comprehendentes
1494 1027 1580 1066 me
1612 1012 1825 1066 trahere
1865 1022 2028 1081 atque
2070 1028 2129 1067 e-

550 1108 749 1162 ducere
772 1113 1070 1176 cueperunt.
1102 1103 1479 1173 Sequebantur
1505 1116 1591 1154 me
1615 1100 1780 1156 Caius
1797 1111 1850 1157 et
1869 1100 2125 1164 Faustus,

552 1197 744 1255 Petrus
766 1215 836 1254 ac
860 1198 1095 1261 Paulus;
1130 1197 1223 1266 qui
1259 1197 1453 1250 horum
1479 1195 1720 1249 omnium
1754 1202 1919 1251 testes
1946 1194 2124 1261 fuere;

551 1292 643 1361 qui
690 1306 777 1346 me
808 1290 1187 1359 suscipientes,
1232 1303 1301 1341 ex
1345 1286 1601 1357 oppidulo
1643 1295 2031 1357 exportarunt,
2062 1303 2128 1344 ac

551 1382 746 1438 deinde
776 1382 922 1436 nudo
953 1380 1267 1450 impositum
1302 1380 1456 1434 asino
1480 1378 1844 1433 abduxerunt.

621 1484 711 1539 ιν.
752 1484 1015 1555 Equidem
1048 1497 1240 1537 vereor
1275 1495 1344 1536 ne
1368 1479 1437 1535 ‘in
1475 1480 1804 1535 dementiam
1839 1496 1904 1537 ac
1935 1489 2125 1550 stupo-

552 1595 666 1633 rem
696 1581 880 1648 ‘apsus
906 1593 1026 1632 esse
1056 1577 1262 1640 videar,
1303 1576 1431 1631 dum
1461 1573 1665 1630 referre
1691 1589 1857 1645 cogor
1883 1575 2123 1629 admira-

553 1673 712 1727 bilem
736 1687 863 1742 erga
889 1686 988 1726 nos
1016 1669 1108 1723 Dei
1136 1668 1528 1739 providentiam
1557 1683 1621 1722 ac
1640 1667 2119 1739 dispensationem.

553 1760 657 1816 Sed
694 1762 952 1831 quoniam
991 1775 1253 1815 arcanum
1296 1759 1516 1830 quidem
1555 1759 1699 1830 regis
1736 1760 2030 1824 occultare,
2063 1770 2123 1815 ut

2229 561 2414 629 τεμεῖν
2444 557 2648 628 ἠξίουν.
2682 558 2794 613 Kal.
2818 559 3042 613 τοιαῦτα
3077 558 3328 629 βοῶντος,
3373 559 3450 622 ὼς
3480 559 3659 613 τσασιν
3692 576 3813 615 κοι-

2232 648 2389 702 νωνοί
2418 665 2519 720 μου
2554 648 2648 703 καὶ
2673 649 2892 721 μέτοχοι
2931 650 3149 705 πάντων
3176 649 3481 721 γενόμενοι,
3508 650 3809 707 ἀνίστασαν

2228 740 2363 812 πρὸς
2393 740 2534 811 βίαν.
2579 740 2750 810 Κάγὼ
2801 742 2898 813 μὲν
2939 743 3163 816 παρῆκα
3210 742 3446 814 ἐμαυτὸν
3488 741 3681 798 ὕπτιον
3725 747 3808 809 εις

2225 830 2508 902 τούδαφος.
2556 833 2619 887 Ol
2682 833 2741 887 δὲ
2785 833 3129 899 διαλαϐόντες
3181 834 3381 907 χειρῶν
3424 834 3520 889 καὶ
3585 834 3766 890 ποδῶν
3788 875 3806 900 ,

2228 922 2481 995 σύροντες
2520 922 2809 996 ἐξήγαγον.
2849 926 3274 997 Ἐπηκολούθουν
3298 928 3354 983 δέ
3399 945 3489 999 μοι
3512 930 3562 982 οἱ
3597 928 3808 983 τούτων

2227 1015 2444 1069 πάντων
2483 1016 2765 1088 γενόμενοι
2817 1016 3118 1089 μάρτυρες·
3158 1019 3337 1083 Γάϊος,
3379 1017 3658 1085 Φαῦστος,
3697 1019 3807 1073 Πέ-

2225 1127 2373 1181 τρος,
2405 1110 2648 1174 Παῦλος·
2694 1111 2744 1163 οἱ
2782 1112 2876 1165 καὶ
2919 1110 3412 1182 ὑπλαόόντεςβὲ)
3445 1128 3513 1182 με
3561 1111 3805 1184 φοράδην

2225 1200 2493 1273 ἐξήγαγον
2524 1201 2619 1256 τοῦ
2664 1202 2935 1274 πολιχνίου
2956 1219 2970 1234 ·
3015 1202 3109 1257 καὶ
3159 1202 3265 1274 ὄνῳ
3308 1203 3502 1275 γυμνῷ
3553 1203 3806 1258 ὲπισιὸἀ-
3872 1238 3875 1241 -

2206 1358 2209 1361 Ἴ
2226 1312 2419 1359 σαντες
2447 1297 2753 1367 ἀπήγαγον.

2292 1477 2367 1530 Δ’.
2403 1477 2497 1538 Είς
2540 1475 2850 1546 ἀφροσύνην
2904 1474 2961 1528 δὲ
3012 1445 3306 1530 κινδυνεύω
3326 1474 3437 1548 (55)
3472 1474 3670 1547 πολλὴν
3703 1474 3805 1531 καὶ

2223 1568 2574 1640 ἀναισθησίαν
2604 1567 2774 1630 ὅντως
2814 1566 3105 1639 ἐμπεσεῖν,
3133 1567 3214 1629 είς
3240 1566 3484 1636 ἀνάγκην
3526 1565 3805 1638 συμϐιϐα-

2224 1661 2446 1734 ζόμενος
2489 1659 2582 1714 τοῦ
2630 1656 2932 1729 διηγεῖσθαι
2975 1658 3076 1729 τὴν
3122 1656 3437 1729 θαυμαστὴν
3476 1654 3605 1730 περὶ
3650 1658 3805 1729 ἡμᾶς

2223 1753 2530 1824 οἰκονομίαν
2564 1749 2659 1804 τοῦ
2691 1749 2844 1804 Θεοῦ.
2894 1749 3030 1803 Ἀλλ’
3060 1749 3245 1820 ἐπειδὴ
3290 1750 3608 1823 μυστήριον,
3638 1749 3804 1821 φησὶ,

550 1850 628 1905 ait
673 1822 953 1921 scriptura
985 1851 1052 1916 ⁸⁸,
1085 1822 1414 1905 laudand-um
1445 1857 1563 1913 est,
1602 1822 1696 1904 Dei
1747 1860 1930 1905 autem
1958 1822 2118 1920 opera

2229 1822 2489 1915 βασιλέως
2519 1842 2721 1915 κρύψαι
2769 1840 2954 1905 καλὸν,
2973 1839 3043 1894 τὰ
3074 1840 3133 1894 δὲ
3173 1840 3311 1912 ἔργα
3335 1840 3431 1895 τοῦ
3477 1839 3613 1895 Θεοῦ
3658 1842 3797 1896 ἀναέ

548 1941 843 2011 praedicare
887 1940 1217 2010 gloriosum;
1269 1939 1530 1995 adversus
1566 1938 1822 1994 Germani
1861 1940 2122 2012 impetum

546 2031 800 2086 cominus
840 2026 1149 2086 decertabo.
1206 2025 1339 2083 Veni
1362 2028 1430 2085 ad
1472 2027 1826 2084 Emilianum
1878 2045 1988 2085 non
2027 2046 2122 2088 so-

547 2123 672 2185 ius,
699 2121 794 2176 sed
821 2120 1207 2176 comitantibus
1245 2134 1334 2174 me
1375 2118 1611 2175 Maximo
1647 2120 2120 2193 compresbytero,

549 2222 605 2268 et
634 2211 853 2276 Fausto,
905 2211 1138 2267 Eusebio
1191 2225 1255 2266 ac
1300 2210 1653 2266 Chasremone
1690 2213 1960 2269 diaconis.
1990 2212 2124 2280 Qui-

548 2306 675 2360 dam
707 2305 869 2359 etiam
903 2319 969 2358 ex
1020 2303 1279 2359 fratribus
1324 2302 1585 2359 Romanis
1613 2304 1707 2374 qui
1750 2312 1862 2358 tum
1898 2304 2126 2360 aderant

550 2396 836 2450 nobiscum
864 2395 1140 2464 ingressus
1171 2403 1273 2448 est.
1307 2392 1478 2448 Porro
1501 2393 1831 2450 Emilianus
1857 2411 1963 2449 non
1986 2395 2123 2451 dixit

548 2485 682 2538 mihi
722 2487 897 2560 prima
943 2483 1122 2539 fronte
1175 2502 1189 2537 :
1236 2481 1315 2537 Ne
1347 2492 1647 2538 conventus
1683 2499 1833 2555 agas.
1874 2483 1931 2538 Id
1974 2485 2120 2539 enim

548 2572 626 2628 illi
662 2589 1059 2643 supervacuum
1109 2582 1228 2629 erat
1271 2589 1336 2629 ac
1373 2562 1746 2645 postremum,
1797 2575 1863 2629 ad
1892 2575 1945 2630 id
1975 2576 2122 2646 quod

548 2667 783 2736 primum
806 2682 871 2721 ac
895 2667 1224 2737 praecipuum
1251 2675 1335 2723 est
1364 2669 1685 2726 recurrenti.
1718 2667 1928 2739 Quippe
1948 2669 2123 2725 haud-

546 2774 823 2829 quaquam
861 2761 1107 2822 curabat,
1155 2776 1223 2815 nc
1266 2760 1406 2815 alios
1455 2775 1878 2831 congregarem;
1933 2744 2025 2818 sed
2066 2763 2120 2819 id

547 2851 776 2922 agebat,
820 2865 889 2906 ne
931 2850 1035 2920 ipsi
1065 2848 1362 2906 Christiani
1388 2866 1652 2907 essemus.
1688 2851 1754 2907 Et
1779 2853 1847 2907 ah
1873 2868 1940 2909 eo
1970 2854 2118 2909 cultu

544 2944 810 2998 desistere
854 2958 941 2997 me
967 2942 1224 3014 iubebat,
1272 2953 1426 3000 ratus
1465 2945 1691 3009 scilicet,
1732 2946 1776 3000 si
1806 2961 1907 3017 ego
1942 2949 2011 3002 ab
2051 2962 2118 3003 eo

546 3038 696 3093 cultu
723 3037 1093 3101 descivissem,
1115 3047 1338 3092 caeteros
1364 3038 1669 3107 exemplum
1694 3053 1874 3093 meum
1901 3050 2119 3096 secutu-

547 3143 661 3184 ros.
710 3127 982 3197 Respondi
1028 3142 1137 3181 non
1180 3127 1637 3197 improbabiliter,
1685 3145 1785 3185 nec
1827 3131 1985 3201 longe
2033 3147 2120 3185 ar-

2225 1936 2518 1991 καλύπτειν
2573 1934 2817 2002 ἔνδοξον,
2883 1932 3050 2005 ὁμόσε
3114 1934 3349 2004 χωρήσω
3396 1935 3464 2004 τῇ
3512 1920 3801 2004 Γερμανοῦ

2226 2026 2336 2098 βία.
2365 2018 2539 2079 τΗκον
2579 2023 2718 2096 πρὸς
2755 2021 3070 2095 Αίμιλιανὸν
3097 2023 3156 2075 ού
3195 2022 3356 2093 μόνος
3376 2062 3391 2087 ,
3422 2019 3803 2101 ἠκολούθησαν
3836 2040 3847 2047 -

2222 2119 2281 2174 δέ
2310 2137 2397 2191 μοι
2432 2115 2914 2189 συμπρεσϐύτερός
2953 2115 3013 2169 τέ
3068 2132 3169 2186 μου
3220 2114 3501 2187 Μάξιμος,
3543 2117 3638 2171 καὶ
3683 2116 3805 2172 διὰ-

2224 2226 2392 2274 κονοι,
2413 2208 2657 2273 Φαῦστος
2684 2209 2777 2262 καὶ
2809 2207 3067 2271 Εὐσέϐιος
3091 2208 3185 2261 καὶ
3224 2208 3545 2280 Χαιρήμων.
3570 2208 3682 2261 Καί
3712 2225 3804 2272 τις

2222 2301 2329 2356 τῶν
2374 2302 2481 2355 ἀπὸ
2528 2300 2744 2372 Ῥώμης
2783 2298 3345 2371 παρόντωνάδελφῶν
3410 2301 3540 2371 ἡμῖν
3589 2317 3807 2363 συνεισ-

2223 2394 2407 2466 ῆλθεν.
2449 2394 2763 2466 Αἰμιλιανὸς
2805 2394 2861 2447 δὲ
2914 2394 3014 2447 οὐκ
3047 2389 3168 2446 εἶπέ
3205 2411 3294 2464 μοι
3337 2396 3800 2466 προηγουμένως·

2223 2486 2317 2558 Μὴ
2362 2485 2581 2555 σύναγε,
2634 2484 2896 2557 Περιττὸν
2928 2483 3036 2556 γὰρ
3083 2483 3240 2538 τοῦτο
3277 2481 3346 2557 ἦν
3384 2484 3557 2556 αύτῷ,
3609 2487 3702 2540 καὶ
3737 2488 3803 2541 τὸ

2222 2579 2527 2632 τελευταῖον
2549 2580 2642 2633 ἐπὶ
2669 2579 2730 2633 τὺ
2772 2577 2986 2648 πρῶτον
3014 2577 3384 2649 ἀνατρέχοντι.
3414 2577 3487 2633 Οὐ
3519 2577 3641 2650 γὰρ.
3669 2581 3802 2652 περὶ

2221 2670 2317 2724 τοῦ
2343 2671 2418 2744 μὴ
2439 2671 2691 2740 συνάγειν
2714 2670 2931 2743 ἑτέρους
2959 2674 2988 2726 ὁ
3010 2672 3168 2740 λόγος
3186 2667 3254 2742 ἦν
3285 2670 3452 2742 αὐτῷ,
3504 2670 3639 2726 ἀλλά
3667 2673 3802 2742 περὶ

2221 2763 2317 2818 τοῦ
2345 2764 2420 2836 μὴ
2447 2764 2493 2818 δ’
2519 2765 2712 2829 αὐτοὺς
2731 2766 2879 2835 ἡμᾶς
2899 2760 3038 2819 εἶναι
3069 2763 3454 2836 Χριστιανούς·
3486 2765 3582 2818 καὶ
3607 2762 3798 2818 τούτου

2222 2854 2554 2929 προσέταττε
2586 2854 2926 2909 πεπαῦσθαν
2962 2856 3011 2909 εί
3039 2853 3439 2926 μεταϐαλοίμην
3467 2852 3664 2923 ἔγωγε,
3700 2854 3802 2908 καὶ

2220 2948 2346 3011 τοὺς
2365 2946 2555 3011 ἄλλους
2570 2945 2791 3017 ἕψεσθαι
2810 2963 2900 3017 μοι
2935 2944 3189 3017 νομίζων.
3208 2943 3611 3017 ’Δπεκρινάμην
3625 2943 3684 2998 δὲ
3696 2943 3803 3000 οὐκ

2221 3039 2555 3103 ἀπεοικότως
2576 3038 2707 3110 (54),
2741 3038 2862 3093 οὐδὲ
2894 3037 3138 3109 μακράν*
3172 3035 3519 3107 Πειθαρχεῖν
3549 3035 3646 3091 δεῖ
3673 3035 3800 3103 θεῷ

2215 3129 2458 3202 μᾶλλον
2500 3132 2539 3200 ἢ
2585 3129 2946 3198 ἀνθρὼποις’
2981 3128 3094 3183 ἀλλ’
3137 3129 3397 3200 ἄντικρυς
3433 3127 3803 3200 διεμαρτυρά-

547 3221 746 3275 cessita
799 3219 1154 3288 responsione
1201 3237 1216 3273 :
1253 3218 1476 3274 Obedire
1532 3229 1734 3289 oportet
1782 3220 1892 3276 Deo
1920 3188 2118 3292 vmagis

2219 3188 2354 3296 μην,
2383 3223 2465 3277 ὃτι
2496 3188 2588 3276 τον
2620 3188 2752 3277 Θεδν
2783 3221 2876 3275 τὸν
2889 3188 3038 3275 ’ὅντα
3066 3220 3245 3292 μόνον,
3268 3188 3582 3274 καὶτούδένα
3599 3188 3799 3293 ’ἕτερον

500 3350 517 3365 .
541 3322 707 3384 quam
724 3312 1018 3365 hominibus
1050 3309 1119 3364 ⁸⁷.
1150 3308 1254 3365 Sed
1291 3312 1467 3381 palam
1493 3319 1546 3366 et
1573 3322 1756 3382 aperte
1783 3323 2118 3371 contestatus

2225 3313 2419 3379 σέϐων,
2446 3313 2554 3367 οὐδ’
2580 3313 2648 3368 ἂν
2688 3313 3101 3385 μετατεθείμην,
3138 3313 3257 3368 οὐδὲ
3303 3314 3621 3387 παυσαίμην
3665 3315 3799 3370 ποτὲ

548 3419 705 3471 sum,
751 3418 838 3457 me
882 3404 1032 3457 illum
1067 3402 1158 3472 qui
1204 3403 1356 3458 solus
1396 3412 1481 3459 est
1524 3403 1697 3473 Deus,
1745 3421 1920 3477 neque
1952 3407 2118 3461 alium

2221 3402 2547 3476 Χριστιανὸς
2576 3402 2671 3457 ὦν.
2708 3404 2833 3456 Ἐπὶ
2865 3402 3073 3467 τούτοις
3113 3402 3395 3457 ἐκέλευσεν
3432 3406 3583 3477 ήμᾶς
3632 3404 3803 3460 ἀπελ-

548 3498 719 3550 uilum
750 3504 943 3565 praeter
969 3496 1115 3549 hunc
1140 3495 1386 3563 adorare;
1422 3510 1524 3551 nec
1555 3511 1585 3550 a
1614 3501 1893 3566 proposito
1923 3498 2118 3554 disces-

2223 3493 2337 3550 θεῖν
2396 3497 2479 3560 είς
2525 3494 2718 3569 κώμην
2763 3495 2989 3567 πλησίον
3040 3496 3138 3567 τῆς
3195 3497 3402 3569 ἐρήμου
3452 3495 3797 3571 καλουμένην

547 3600 739 3640 surum
772 3600 858 3638 me
876 3600 1019 3647 esse,
1052 3599 1151 3638 nec
1171 3584 1591 3639 commissurum
1621 3600 1858 3655 unquam
1883 3595 1942 3641 ut
1962 3586 2122 3641 Chri-
2223 3587 2447 3661 Κεφρὼ.
3790 3605 3797 3612 '

546 3681 758 3736 stianus
790 3695 912 3737 esse
939 3680 1264 3737 desinerem.
1303 3678 1550 3736 Posthac
1572 3682 1724 3737 abire
1777 3696 1879 3737 nos
1908 3681 2073 3753 jussit
2098 3684 2363 3753 invicum
2416 3683 2708 3756 quemdam
2758 3683 3039 3741 solitudini
3065 3684 3411 3756 proximum,
3453 3683 3547 3741 cui
3592 3698 3794 3741 nomen

546 3783 633 3831 est
658 3772 893 3843 Cephro.

620 3868 686 3926 ν.
728 3868 833 3930 Sed
864 3868 1028 3924 verba
1057 3867 1173 3938 ipsa
1199 3882 1320 3938 quae
1345 3866 1417 3923 ab
1437 3875 1668 3939 utroque
1695 3877 1942 3925 nostrum
1969 3870 2115 3928 dicta

547 3972 696 4029 sunt,
727 3963 869 4017 sicut
897 3961 1049 4017 Actis
1085 3960 1318 4031 publicis
1341 3959 1547 4017 inserta
1571 3961 1842 4032 leguntur,
1867 3965 2112 4035 accipite.

620 4099 666 4132 “
697 4098 834 4153 Tob.
860 4114 957 4160 xu,
986 4097 1038 4154 7.
1114 4096 1160 4129 ⁸⁷
1190 4098 1311 4154 Act.
1346 4113 1398 4165 v,
1423 4097 1517 4154 29.

617 4236 728 4308 (52)
770 4233 965 4308 Olaml
994 4234 1422 4308 ὑποζαϐόντες.
1466 4232 1593 4308 Haec
1625 4233 1791 4289 verba
1832 4233 2115 4308 referenda

542 4303 668 4363 csse
710 4303 963 4360 existimo
1013 4306 1079 4376 ad
1129 4304 1351 4376 (ΣιιὶιιιηΔ
1379 4313 1435 4358 et
1478 4303 1839 4376 Faustumiet
1864 4306 2113 4376 reliquos

546 4376 929 4447 presbyteros,
984 4374 1077 4444 qui
1134 4373 1451 4447 Dionysium
1502 4389 1568 4447 ei;
1613 4374 1810 4447 oppido
1862 4373 2112 4444 Taposiri

545 4444 935 4539 crportarunt;
969 4459 1078 4499 non
1107 4444 1662 4539 autenmad‘kt'ustico's
1693 4445 1815 4500 illos
1853 4454 1909 4499 et
1934 4456 2113 4539 temti-
2139 4480 2190 4539 υ

549 4513 726 4587 lentos
760 4513 1039 4587 convivas,
1067 4522 1130 4587 u_t
1159 4514 1342 4587 retulit
1361 4513 1922 4587 Citristophorsonus:
1949 4516 2090 4587 φορά

545 4586 643 4653 δην
671 4599 818 4649 vero,
868 4583 923 4637 id
960 4591 1045 4637 est
1086 4584 1146 4636 in
1192 4584 1342 4638 sella.
1391 4582 1564 4639 Porro
1584 4582 1744 4653 iquid
1789 4582 1991 4639 factum
2021 4582 2112 4641 ‘sit

548 4651 828 4725 Dionysio,
884 4663 1173 4725 postquam
1224 4653 1415 4708 rustici
1460 4654 1537 4708 illi
1590 4651 1791 4725 fugatis
1840 4654 2109 4711 militibus

543 4740 671 4794 eum
692 4722 964 4794 'Taposiri
992 4723 1273 4794 excedere,
1299 4722 1698 4794 compulerunt,
1730 4724 1845 4793 ipse
1888 4725 2108 4794 quidem

550 4793 642 4848 hic
669 4796 775 4846 non
797 4791 958 4845 dicit.
986 4791 1091 4866 Sed
1115 4794 1168 4845 in
1197 4791 1510 4866 epistola—ad
1540 4791 1836 4866 Domitium
1859 4791 1921 4849 et'
1944 4794 2111 4866 Didy-

552 4878 701 4917 mum
721 4905 734 4928 ,
766 4877 910 4934 quze
935 4862 1167 4917 refertur
1195 4863 1249 4917 in
1292 4863 1431 4934 libro
1452 4880 1549 4930 vn,
1585 4879 1704 4933 cap.
1730 4864 1790 4917 11
1819 4862 2109 4934 (superius

553 4934 834 5001 recitata),
864 4932 962 4995 ait,
986 4948 1045 4988 se
1086 4947 1195 5001 una
1222 4947 1345 4986 cum
1387 4932 1519 4989 Caio
1540 4943 1595 4986 et
1625 4932 1784 4989 Petro
1821 4932 1955 4989 Solis
1974 4974 1990 4999 ,
2021 4949 2108 4990 se-

544 5000 799 5073 junctum
828 5016 856 5055 a
887 5000 1415 5075 reliquisfratribus,
1442 5004 1496 5056 in
1521 5004 1757 5075 quodam
1781 5002 1963 5075 Iiibyaa
1987 5005 2108 5075 loco

548 5072 765 5129 deserto
808 5079 972 5141 atque
1013 5072 1169 5126 arido
1209 5072 1525 5127 conclusum
1571 5072 1757 5128 fuiSSc.
1803 5072 2111 5141 Permansit

548 5153 731 5198 autem
760 5143 815 5197 in
854 5138 960 5198 b'oc
1006 5142 1201 5197 exsilio
1243 5143 1532 5213 Dionysius
1576 5158 1748 5212 usque
1793 5142 1860 5198 ad
1900 5138 2107 5198 obitum

554 5215 695 5268 Decii
726 5214 859 5283 imp.
893 5222 947 5267 et
972 5229 1039 5268 ex
1067 5212 1301 5283 eo_loco
1339 5212 1545 5267 litteras
1571 5213 1789 5283 scripsit
1824 5213 1893 5268 ad
1920 5212 2108 5269 Domi-

549 5285 685 5354 tium
711 5297 777 5354 ac
804 5280 1111 5354 Didymum.
1143 5280 1340 5354 Vanus.

620 5353 734 5425 (53)
772 5355 876 5418 Εὶς
901 5350 1260 5425 ἆφροοξύνην
1280 5352 1348 5406 δὲ
1388 5351 1741 5425 κινδυνεύω.
1772 5350 1986 5425 Eadcm_
2012 5368 2108 5409 ex-

551 5422 835 5478 cusatione
869 5425 1039 5478 utitur
1075 5422 1278 5479 Paulus
1315 5424 1592 5493 apostolus
1620 5424 1672 5477 in
1701 5422 1941 5492 Epistola
1969 5422 2013 5476 II
2039 5426 2107 5479 ad

551 5493 886 5563 Corinthios,
923 5510 1043 5563 cap.
1070 5511 1148 5559 xu,
1176 5510 1299 5549 cum
1345 5509 1405 5548 se
1447 5495 1561 5563 ipse
1587 5493 1909 5548 laudaturus
1939 5503 2105 5561 esset,

552 5562 644 5635 ubi
670 5564 790 5635 vide
812 5578 935 5635 qua:
950 5562 1110 5635 notat
1132 5563 1370 5619 Joannes
1408 5562 1852 5635 Qbrysoswmus.
1875 5564 2106 5635 Ad_eum

551 5632 716 5705 igitur
754 5630 918 5705 Pauli
948 5633 1126 5705 locum
1178 5635 1371 5689 alludit
1416 5630 1726 5705 Dionysius.
1755 5636 1834 5689 In.
1855 5662 1924 5673 —-
1950 5633 2106 5699 Quod

551 5701 796 5773 sequitur
820 5701 1028 5772 insigne
1053 5702 1416 5773 fragmentum
1440 5719 1504 5757 ex
1529 5701 1777 5772 epistola,
1802 5720 1894 5760 seu
1919 5705 2104 5770 potius

551 5770 690 5825 libro
714 5770 951 5840 Dionysii
990 5770 1251 5830 adversus
1283 5770 1611 5829 Germanum
1656 5776 1991 5847 episc0punt,
2020 5789 2106 5829 re.

2290 3870 2367 3925 E'.
2396 3868 2582 3923 Αὐτῶν
2616 3869 2675 3923 δὲ
2712 3866 3051 3923 ὲπακούσατε
3084 3867 3192 3923 τῶν
3224 3868 3317 3923 ὑπ’
3343 3867 3671 3942 ἀμφοτέρων
3697 3869 3816 3924 Mm

2220 3962 2457 4035 χθέντων
2485 3961 2561 4027 ὡς
2593 3960 3047 4034 ὑπεμνηματίσθη
3082 3960 3215 4033 (35).
3261 3961 3638 4034 Εἰσαχθέντων
3668 3966 3792 4018 Διο-
3832 3998 3835 4001 -

2218 4231 2352 4287 citat
2379 4229 2647 4303 Eusebius
2672 4231 2767 4287 lib.
2795 4248 2896 4303 vn,
2919 4247 3061 4303 cap.
3090 4232 3175 4297 ll,
3209 4231 3661 4303 jungendumque
3702 4245 3792 4289 est
3879 4273 3883 4277 .

2218 4316 2342 4374 cum
2382 4303 2554 4358 altero
2595 4301 2838 4374 ejusdem
2876 4301 3017 4357 libri
3044 4301 3378 4374 fragmento,
3425 4301 3583 4372 quod
3611 4312 3793 4358 exstat

2218 4372 2313 4445 lib.
2341 4389 2417 4439 v1,
2441 4386 2561 4445 cap.
2589 4370 2679 4426 40.
2705 4370 2905 4445 Virtus.
2930 4403 3003 4414 —
3026 4370 3158 4440 Quae
3182 4372 3402 4442 quidem
3442 4370 3676 4445 utraque
3699 4374 3794 4429 hic

2219 4442 2388 4497 babes
2416 4444 2723 4512 conjuncta.
2752 4442 2920 4498 GALL.

2288 4513 2402 4583 (54)
2434 4511 2566 4583 *Οὐκ
2601 4513 2981 4579 ἀπεοικότως.
3014 4511 3205 4583 Malim
3234 4513 3475 4583 scribere
3507 4512 3609 4567 οὐκ
3631 4513 3795 4567 ἀπει-

2210 4581 2408 4665 κότως.
2432 4581 2557 4638 Mox
2582 4584 2883 4665 verbailla,
2910 4582 3224 4665 πειθαρχεῖν
3236 4582 3325 4665 ,δεῖ
3348 4581 3468 4665 θεῷ
3512 4583 3715 4665 μᾶλλον
3752 4584 3788 4655 ἢ

2208 4652 2540 4724 ἀνθρώποις,
2580 4653 2809 4708 delenda
2860 4669 2982 4708 esse
3027 4652 3158 4708 mibi
3198 4652 3792 4724 videnturaleguntur

2209 4724 2428 4793 quidem
2454 4724 2569 4779 haec
2600 4724 2762 4777 verba
2802 4724 2856 4777 in
2885 4739 3006 4793 cap.
3036 4740 3067 4777 v
3120 4724 3356 4778 Actuum
3384 4725 3787 4792 apostolorum,

2210 4792 2303 4847 sed
2339 4794 2476 4848 nihil
2504 4792 2713 4862 facient,
2737 4793 2806 4848 ad
2836 4792 2983 4849 hunc
3016 4793 3235 4858 locum;
3268 4794 3372 4847 nisi
3399 4794 3559 4848 malis
3583 4793 3786 4862 legere,

2209 4871 2270 4916 ut
2289 4872 2372 4918 est
2392 4863 2455 4936 in
2475 4865 2663 4936 codice
2690 4861 2881 4936 Regio,
2911 4862 3296 4936 ἀπεκρινάμην
3327 4863 3383 4936 δε
3404 4864 3506 4936 οὐκ
3535 4861 3791 4918 ἀπεοικό-

2208 4949 2337 4997 τως,
2353 4933 2475 5006 οὐδὲ
2494 4932 2710 5006 μακρὰν
2736 4932 2851 5006 τοῦ,
2871 4932 3206 5006 πειθαρχεῖν,
3221 4932 3337 5006 etc.
3364 4932 3418 4986 ω
3446 4940 3552 5006 est,
3569 4950 3788 5006 respon-

2209 5018 2327 5075 sant
2346 5002 2647 5075 dedi,'quo'd
2672 5020 2776 5059 non
2801 5004 2951 5074 longe
2970 5002 3114 5075 abest
3125 5003 3194 5075 ab
3213 5002 3308 5075 illo
3329 5002 3783 5074 apostolicoNaL.

2282 5073 2394 5144 (55)
2436 5072 2531 5140 Ὡς(
2548 5072 3067 5145 ὐπεμντυιατῖσθη.
3092 5072 3230 5128 Male
3249 5072 3788 5145 Gbrismpborsonus

2209 5142 2692 5216 hunc'locumrita
2718 5142 2898 5212 vertit,
2922 5146 3060 5216 sicut
3102 5162 3151 5216 αν
3176 5143 3592 5216 quibusyantin
3638 5160 3786 5197 cam-

2209 5217 2492 5286 mentarios
2521 5215 2689 5270 relata
2734 5224 2876 5269 sunt.
2917 5213 3323 5286 Ὑπομνήματα
3347 5213 3521 5269 Graeci
3565 5223 3797 5286 vocant,

2207 5299 2330 5352 quae
2350 5283 2528 5340 Latini
2555 5286 2711 5352 Acta,
2741 5294 2802 5339 ut
2824 5283 3238 5340 observavimus
3260 5285 3328 5339 ad
3347 5286 3550 5339 librum
3580 5299 3599 5339 ι
3626 5284 3777 5339 Hist.

2207 5353 2334 5407 εδει.
2386 5354 2638 5422 Eusebii,
2688 5356 2782 5410 ubi
2827 5358 2895 5409 de
2935 5354 3088 5410 Actis
3115 5355 3300 5410 Pilati.
3348 5354 3453 5420 Qui
3495 5355 3613 5410 haec
3646 5356 3787 5409 Acta

2210 5426 2615 5496 conficiebant,
2669 5425 2989 5496 dicebantur
3048 5441 3081 5480 a
3128 5424 3332 5481 Graecis
3371 5423 3781 5496 ιύπομνηματο-

2208 5493 2427 5615 γράφοι.
2457 5496 2758 5578 Lati-nieus
2783 5495 2846 5549 ab
2887 5496 3034 5578 {lctis
3060 5496 3349 5562 vocabant,
3381 5503 3444 5551 ut
3487 5493 3684 5615 leﬁit'ur
3724 5495 3780 5577 in

2269 5574 2421 5615 otma
2451 5581 2660 5615 rmneru
2690 5566 2935 5615 Romam.
2969 5565 3536 5615 vamnematonran
3579 5582 3593 5615 Ι
3628 5564 3780 5615 urbis

2269 5568 2421 5620 otitia
2451 5567 2660 5635 imperii
2690 5566 2935 5620 Romani.
2969 5564 3783 5636 Hypomnematograpbi_urbis

2212 5582 2421 5620 Ποιιιια
2451 5582 2660 5635 impert:
2690 5582 2935 5620 nomam.
2969 5582 3013 5619 rt
3054 5582 3593 5636 pomnematograput
3628 5582 3782 5619 urms

2207 5634 2589 5691 Alexandrinae
2621 5638 2823 5692 mentio
2850 5636 2911 5690 tit
2933 5637 2985 5691 in
3018 5582 3131 5692 lege
3153 5636 3343 5691 ultima
3366 5636 3570 5691 codicis
3601 5633 3782 5691 Theo-

2208 5704 2444 5775 dosiani,
2480 5705 2556 5775 de
2600 5706 3005 5762 decurionibus.
3073 5704 3204 5775 Ejus
3241 5706 3476 5761 officium
3519 5704 3782 5761 describit

2209 5771 2364 5829 Philo
2387 5776 2441 5829 in
2463 5773 2740 5843 Flaccum,
2766 5778 2857 5833 ubi
2881 5778 2946 5833 de
2965 5771 3241 5846 Lampoue
3264 5775 3500 5846 quodam
3524 5777 3779 5846 loquens,

3099 5706 3134 5721 πο
