4058 6372
433 409 573 465 1523

1426 406 1484 462 S.
1527 404 1821 462 DlONYSll
1857 406 2167 463 EPISCOPI
2206 407 2677 466 ALEXANDRINI

3552 411 3700 468 1524

429 542 464 582 a
493 526 762 597 corporali
812 532 1104 589 conventu,
1155 523 1383 578 Domino
1417 524 1660 593 juvante,
1714 524 2009 581 abfuimus.

2113 527 2212 597 τῆς
2245 528 2403 598 ἡμεῖς
2454 527 2593 599 μετὰ
2622 527 2715 582 τοῦ
2752 529 2960 601 Κυρίου
2991 527 3314 600 συναγωγῆς
3340 527 3659 600 ἀπέστημεν
3681 541 3698 557 ·

430 618 635 674 Verum
663 635 757 675 eos
783 620 874 689 qui
901 618 957 672 in
984 618 1117 672 urbe
1159 626 1348 682 erant,
1394 617 1615 687 perinde
1646 633 1711 672 ac
1757 618 1804 673 si
1852 618 2010 672 ades-

428 728 572 776 sem,
606 713 814 783 majore
859 712 1040 766 studio
1074 711 1395 781 congregari
1432 710 1484 764 in
1535 710 1854 777 ecclesiam;
1913 710 2009 764 ab-

429 820 559 859 sens
606 804 825 875 quidem
873 817 1119 873 corpore,
1173 811 1233 857 ut
1256 802 1369 871 jam
1415 801 1564 867 diri,
1598 801 1782 856 animo
1825 808 2007 855 autem

426 912 688 967 praesens.
739 895 895 966 Apud
921 894 1135 964 Cephro
1157 909 1288 949 vero
1322 893 1607 949 nobiscum
1635 908 1830 963 magna
1876 892 2009 947 ﬁde-

425 993 559 1048 lium
590 992 765 1047 adfuit
795 991 1122 1057 multitudo;
1173 991 1368 1061 partim
1416 1005 1604 1044 eorum
1637 989 1730 1059 qui
1770 990 1840 1043 ab
1871 988 2008 1043 urbe

426 1100 529 1141 nos
554 1084 724 1140 secuti
756 1084 992 1151 fuerant,
1033 1084 1230 1154 partim
1272 1083 1506 1138 aliorum
1544 1082 1638 1152 qui
1686 1098 1753 1138 ex
1797 1082 2005 1151 reliqua

423 1180 659 1251 Egypto
707 1177 1174 1245 conﬂuebant.lbi
1202 1192 1420 1247 quoque
1457 1175 1681 1246 januam
1733 1174 1893 1229 nobis
1920 1190 2037 1243 pa--

423 1270 611 1325 tefceit
650 1269 796 1325 Deus
834 1269 900 1323 ad
936 1268 1375 1338 praedicationem
1416 1267 1564 1320 verbi
1600 1266 1706 1321 sui.
1753 1264 1818 1319 Et
1850 1265 2007 1319 initio

423 1359 642 1432 quidem
680 1358 1113 1428 persecutionem
1156 1356 1324 1426 passi,
1375 1365 1429 1410 et
1460 1356 1731 1425 lapidibus
1776 1354 2003 1424 impetiti

422 1466 637 1507 sumus.
675 1448 1032 1505 Postmodum
1063 1462 1192 1501 vero
1233 1461 1341 1500 non
1391 1448 1550 1516 pauci
1580 1463 1644 1502 ex
1679 1445 2003 1515 gentilibus,

421 1544 630 1599 relictis
678 1541 1009 1606 simulacris,
1054 1541 1121 1596 ad
1168 1541 1337 1595 Deum
1388 1539 1634 1595 conversi
1668 1548 1815 1595 sunt.
1852 1538 2006 1594 Tunc

420 1635 567 1689 enim
609 1634 848 1704 primum
875 1631 1017 1702 apud
1041 1631 1163 1685 illos
1190 1630 1339 1685 verbi
1369 1628 1538 1684 divini
1568 1644 1663 1699 per
1685 1643 1787 1683 nos
1814 1643 2004 1696 sparsa

420 1736 553 1782 sunt
598 1725 843 1789 semina,
896 1739 1020 1779 eum
1067 1722 1197 1778 illud
1250 1734 1406 1777 antea
1466 1736 1574 1776 non
1615 1721 2002 1790 suscepissent.

418 1821 502 1874 Ac
528 1833 758 1889 prorsus
789 1817 947 1888 quasi
977 1815 1121 1872 Deus
1150 1816 1271 1885 ejus
1322 1815 1399 1869 rei
1442 1828 1608 1869 causa
1645 1829 1745 1869 nos
1783 1812 1849 1867 ad
1884 1811 2004 1868 illos

2116 614 2251 670 ἀλλὰ
2297 618 2421 681 τοὺς
2466 619 2563 688 μὲν
2595 620 2654 671 ὲν
2690 622 2755 690 τῇ
2801 620 2972 697 πόλει,
2989 620 3403 690 σπουδαιότερον
3437 619 3702 692 συνηκρό-

2113 720 2240 761 τουν
2273 708 2349 771 ώς
2386 709 2588 762 συνών·
2621 708 2776 765 ἀπὼν
2807 711 2904 781 μὲν
2935 712 3013 783 τῷ
3042 711 3252 783 σώματι
3276 712 3353 776 ώς
3386 707 3539 765 εἷπον
3564 710 3700 783 (41),

2116 801 2305 872 παρὼν
2337 801 2393 855 δὲ
2422 801 2502 873 τῷ
2540 802 2833 872 πνεύματι.
2876 805 2965 857 Ἐν
2984 804 3041 857 δὲ
3072 808 3138 876 τῇ
3170 806 3400 877 Κεφροῖ,
3445 803 3539 857 καὶ
3571 802 3702 857 πολ-

2114 890 2180 962 λὴ
2224 893 2485 965 συνεπεδή
2496 912 2666 965 μησεν
2708 898 2837 965 ἡμῖν
2862 895 3158 967 ὲκκλησία’
3191 897 3298 950 τῶν
3339 897 3438 969 μὲν
3469 896 3578 951 ἀπὸ
3602 897 3703 968 τῆς

2114 983 2322 1049 πόλεως
2370 986 2613 1055 ἀδελφῶν
2655 989 2965 1058 ἑπομένων,
3009 990 3117 1041 τῶν
3165 990 3222 1042 δὲ
3268 988 3555 1049 συνιόντων
3606 990 3702 1042 ἀπ’

2112 1072 2414 1141 Αἰγύπτου.
2451 1076 2629 1128 Κάκεῖ
2678 1075 2845 1148 θύραν
2887 1078 3017 1148 ἡμῖν
3070 1078 3099 1129 ὁ
3157 1078 3288 1142 Θεὸς
3348 1077 3552 1149 ἀνέῳξε
3607 1071 3702 1132 τοῦ

2112 1164 2293 1233 λόγου.
2342 1166 2453 1219 Καὶ
2483 1167 2545 1219 τὸ
2584 1167 2683 1237 μὲν
2728 1168 2943 1238 πρῶτον
2985 1168 3351 1241 ἐδιώχθημεν,
3394 1169 3705 1241 ὲλιθοϐολή-

2114 1256 2288 1329 θημεν
2307 1274 2321 1288 ο
2363 1256 2587 1331 ὓστερον
2620 1259 2679 1312 δέ
2717 1277 2864 1323 τινες
2895 1260 3064 1330 ὀλίγοι
3082 1262 3192 1315 τῶν
3218 1262 3386 1317 ἐθνῶν
3408 1262 3477 1316 τά
3508 1261 3703 1316 εἴδωλα

2112 1349 2523 1415 καταλιπόντες,
2567 1352 2908 1423 ἐπέστρεψαν
2948 1354 3042 1407 ἐπὶ
3069 1355 3162 1408 τὸν
3193 1354 3346 1408 Θεόν.
3395 1355 3469 1408 Οὐ
3498 1355 3700 1426 πρότε-

2115 1458 2206 1514 ρον
2253 1442 2363 1514 γὰρ
2426 1444 2892 1515 παραδεξαμένοις
2936 1448 3155 1513 αὐτοῖς,
3195 1449 3317 1503 τότε
3364 1448 3581 1520 πρῶτον
3633 1448 3703 1502 δι’

2109 1534 2269 1609 ἡμῶν
2301 1536 2330 1588 ὁ
2362 1533 2520 1603 λόγος
2550 1538 2861 1609 ἐπεσπάρη.
2910 1541 3020 1620 Καὶ
3063 1540 3252 1610 ὥσπερ
3286 1540 3478 1593 τούτου
3514 1539 3703 1592 ἕνεκεν

2110 1628 2416 1698 ἀπαγαγὼν
2458 1633 2605 1702 ἡμᾶς
2637 1633 2775 1705 πρὸς
2808 1634 3006 1698 αὐτοὺς
3045 1638 3073 1689 ό
3096 1632 3227 1698 Θεὸς
3247 1674 3261 1700 ,
3297 1634 3419 1688 ἐπεὶ
3456 1633 3552 1705 τὴν
3585 1634 3704 1688 δια-

2111 1723 2296 1776 κονίαν
2345 1723 2551 1795 ταύτην
2598 1726 2993 1799 ὲπληρώσαμεν
3017 1768 3032 1792 ,
3068 1729 3228 1783 πάλιν
3267 1730 3602 1800 άπαγήοχεν.
3644 1728 3705 1780 ⁸0
3749 1778 3755 1783 .

2110 1812 2218 1884 γάρ
2258 1814 2573 1885 Αἰμιλιανὸς
2603 1818 2684 1880 εἰς
2714 1820 3087 1888 τραχυτέρους
3112 1820 3234 1891 μὲν,
3264 1818 3341 1882 ὡς
3378 1818 3575 1882 ἐδόκει,
3607 1819 3704 1874 καὶ

420 1910 788 1981 perduxisset,
838 1921 1131 1979 postquam
1169 1906 1303 1961 illud
1354 1906 1718 1961 ministerium
1766 1904 2008 1976 implevi-

2113 1905 2521 1979 Λιϐυκωτὲρους
2558 1910 2707 1979 ἡμᾶς
2757 1912 3097 1982 μεταστῆσαι
3145 1912 3345 1976 τόπους
3391 1911 3658 1983 ἐϐουλήθη
3684 1929 3702 1942 ο

419 2016 549 2056 mus
575 2041 590 2066 ,
640 2000 835 2055 iterum
870 2013 971 2061 nos
1002 1999 1113 2053 alio
1158 1997 1451 2052 transtulit.
1501 1996 1715 2052 Etenim
1759 1996 2003 2052 [Emilia-

2113 1997 2211 2051 καὶ
2241 1998 2368 2061 τοὺς
2394 2001 2700 2071 πανταχόσε
2733 2004 2813 2067 εἰς
2845 2004 2936 2057 τὸν
2966 2002 3274 2075 Μαρεώτην
3295 2004 3552 2058 ἐκέλευσε
3580 2006 3707 2075 συ“ῥ-

420 2106 528 2146 nus
555 2093 611 2146 in
640 2092 918 2162 asperiora
949 2092 1196 2162 quaedam
1228 2091 1368 2153 loca,
1412 2099 1467 2145 et
1515 2099 1575 2145 ut
1615 2089 1871 2146 credebat
1896 2105 2008 2143 ma-

2116 2090 2250 2159 ρεἰν,
2297 2089 2491 2160 κώμας
2537 2092 2787 2157 ἑκάστοις
2825 2096 2933 2148 τῶν
2983 2095 3124 2149 κατά
3164 2095 3349 2168 χώραν
3388 2096 3659 2168 ἀφορίσας
3686 2113 3703 2126 ⁵

420 2185 507 2254 gis
538 2182 761 2254 Libyca,
790 2198 891 2238 nos
918 2192 1290 2253 transportare
1322 2182 1626 2239 constituit.
1681 2180 1750 2237 Et
1795 2183 2009 2239 cunctis

2114 2183 2263 2252 ἡμᾶς
2303 2182 2360 2235 δὲ
2388 2182 2587 2254 μᾶλλον
2616 2186 2674 2239 ἐν
2705 2185 2830 2257 ὀδῷ,
2871 2188 2966 2241 καὶ
3012 2186 3262 2258 πρώτους
3285 2188 3706 2260 καταληφθησοέ

419 2275 788 2343 undecunque
827 2272 894 2327 ad
924 2272 1273 2328 Mareoticam
1308 2271 1686 2344 prtefecturam
1733 2271 2009 2327 confluere

2118 2271 2313 2342 μένους
2356 2272 2566 2340 ἔταξενο
2615 2275 2883 2347 ᾠκονόμει
2935 2277 3046 2350 γὰρ
3089 2278 3352 2350 δηλονότι,
3403 2280 3498 2333 καὶ
3527 2297 3706 2352 παρε-

417 2359 612 2430 jussis,
646 2362 797 2416 vicos
826 2376 921 2429 per
946 2361 1225 2432 regionem
1260 2362 1405 2416 illam
1457 2362 1735 2432 dispersos
1779 2362 2008 2431 singulis

2118 2363 2401 2432 σκεύαζεν,
2439 2368 2525 2421 ἵνα
2569 2368 2770 2423 ὁπόταν
2805 2368 3093 2443 βουληθείη
3137 2371 3446 2437 συλλαϐεῖν,
3493 2373 3708 2437 πάντας

418 2453 724 2524 assignavit
756 2471 770 2508 :
799 2468 901 2509 nos
933 2468 1065 2507 vero
1104 2454 1279 2523 magis
1323 2455 1391 2508 ad
1429 2454 1571 2508 viam
1607 2454 1903 2524 publicam,
1950 2463 2010 2508 ut

2115 2456 2419 2523 εὐαλώτους
2449 2459 2583 2530 ἔχοι.

417 2546 582 2617 primi
623 2547 1231 2617 comprehenderemur,
1259 2549 1565 2603 collocavit.
1598 2547 1654 2603 ld
1689 2548 1833 2604 enim
1863 2550 2134 2620 prrecipue
2172 2556 2367 2625 agebat
2410 2528 2876 2635 aciﬁmolieb‘atur,
2923 2570 2981 2614 ut
3013 2561 3451 2630 quandocunque
3490 2561 3705 2615 volutis-

416 2646 523 2701 set,
554 2653 745 2694 omnes
774 2638 924 2693 nullo
953 2643 1172 2710 negotio
1200 2641 1320 2712 capi
1348 2656 1656 2711 possemus.

491 2732 605 2789 VII.
646 2733 759 2805 Ego
791 2751 921 2790 vero
958 2752 1083 2791 eum
1110 2735 1326 2806 Cephro
1359 2738 1597 2807 primum
1627 2737 1779 2792 abire
1812 2738 2006 2807 jussus

420 2841 567 2891 sum,
596 2825 810 2887 tametsi
845 2826 1066 2881 ubinam
1098 2828 1253 2883 locus
1287 2825 1379 2881 ille
1423 2828 1561 2884 situs
1589 2837 1753 2893 esset,
1790 2827 2009 2899 ignora-
2044 2866 2069 2875 κ

419 2920 570 2984 bam,
619 2916 822 2987 quippe
867 2918 961 2988 qui
1002 2918 1092 2973 vix
1136 2935 1334 2975 nomen
1380 2920 1529 2974 illius
1576 2928 1731 2975 antea
1773 2920 2011 2976 audivis—

421 3025 570 3077 sem;
608 3005 965 3066 nihilominus
1016 3011 1184 3067 alacri
1227 3012 1616 3083 constantique
1665 3013 1850 3068 animo
1884 3029 2009 3084 per-

417 3103 558 3158 rexi.
598 3103 960 3173 Posteaquam
1002 3119 1133 3159 vero
1165 3104 1299 3158 mihi
1340 3105 1710 3161 renuntiatum
1737 3116 1822 3162 est
1854 3114 1915 3163 ut
1937 3109 2008 3163 ad

418 3192 785 3250 Colluthionis
811 3196 1093 3267 regionem
1125 3197 1438 3268 migrarent,
1467 3206 1671 3252 norunt
1698 3198 1735 3251 ii
1762 3198 1856 3268 qui
1890 3209 2005 3254 tum

417 3295 715 3355 praesentes
744 3285 991 3353 aderant,
1017 3286 1292 3357 quomodo
1315 3286 1542 3342 allectus
1569 3289 1754 3342 animo
1782 3288 2001 3343 fuerim.

415 3379 521 3432 llic
555 3376 703 3431 enim
743 3377 1059 3446 metnetipse
1098 3379 1370 3432 accusabo
1417 3396 1430 3432 :
1468 3378 1735 3447 principio
1783 3378 2006 3448 quidem

418 3485 562 3540 aegre
609 3470 905 3525 admodum
954 3485 1020 3525 ac
1070 3470 1299 3525 moleste
1339 3470 1460 3526 tuli.
1508 3470 1626 3526 Etsi
1666 3471 1811 3525 enim
1854 3472 2007 3542 regio

418 3561 513 3615 illa
541 3559 723 3615 notior
749 3560 909 3614 nobis
939 3561 1220 3631 magisque
1245 3560 1533 3617 familiaris
1568 3570 1686 3616 erat
1715 3577 1878 3631 quam
1912 3563 2009 3617 Ce-

418 3652 591 3722 phro,
614 3660 805 3706 tamen
839 3650 1103 3708 fratribus
1135 3668 1199 3708 ac
1244 3652 1428 3723 probis
1459 3651 1593 3707 viris
1633 3668 1841 3707 vacuus
1882 3668 2008 3709 esse

418 3746 577 3802 locus
600 3745 902 3808 dicebatur,
937 3758 991 3799 et
1018 3746 1286 3800 viatorum
1316 3746 1489 3801 turbis
1519 3747 1901 3818 latronumque
1930 3747 2008 3801 in-

418 3837 771 3893 cursionibus
795 3837 1088 3893 obnoxius.
1123 3838 1226 3891 Sed
1254 3838 1484 3893 multum
1514 3838 1647 3892 mihi
1677 3839 2008 3894 consolatio-

419 3937 504 3991 nis
547 3936 749 4002 attulit,
797 3936 942 4005 quod
999 3934 1192 3993 fratres
1238 3953 1328 3992 me
1369 3937 1773 3993 admonuerunt
1823 3938 2004 3993 locum

416 4029 570 4083 illum
615 4044 644 4084 a
687 4028 907 4083 civitate
953 4030 1180 4099 propius
1235 4029 1446 4085 abesse.
1511 4028 1699 4100 Itaque
1754 4031 2005 4101 quamvis

416 4122 632 4193 Cephro
674 4123 970 4178 maximam
1025 4124 1186 4179 nobis
1229 4110 1635 4178 multitudinem
1671 4122 1902 4178 fratrum
1938 4139 2006 4179 ex

418 4214 656 4286 Egypto
711 4213 1103 4271 confluentium
1145 4214 1491 4280 adduxisset,
1529 4216 1666 4271 adeo
1721 4224 1781 4271 ut
1827 4216 2006 4271 laxius

411 4308 527 4380 jam
562 4317 864 4363 conventus
902 4323 1061 4380 agere
1089 4321 1377 4377 possemus
1404 4326 1419 4362 :
1449 4307 1559 4363 illic
1582 4319 1786 4375 tamen,
1817 4308 1889 4362 ob
1919 4308 2004 4361 vi-

416 4402 695 4477 cinitatem
723 4401 876 4457 urbis
894 4443 911 4468 ,
957 4401 1408 4458 charissimorum
1438 4409 1496 4457 et
1521 4400 2006 4471 conjunctissimo-

416 4510 542 4553 tum
592 4493 876 4548 hominum
921 4503 1145 4564 aspectu
1192 4494 1440 4549 crebrius
1487 4508 1589 4552 nos
1628 4492 1845 4547 aiebant
1885 4507 2007 4548 esse

2185 2741 2252 2798 Z'.
2271 2739 2413 2810 Ἐγὼ
2433 2741 2491 2795 δὲ
2510 2743 2598 2796 ὅτε
2619 2744 2718 2815 μὲν
2743 2746 2823 2809 εἰς
2846 2745 3081 2818 Κεφρὼν
3107 2746 3510 2818 ὲκεκελεύσμην
3533 2748 3707 2802 ἀπελ-

2114 2829 2228 2885 θεῖν
2251 2871 2267 2898 ,
2306 2834 2402 2887 καὶ
2447 2836 2540 2888 τὸν
2581 2836 2745 2890 τόπον
2784 2839 3010 2908 ἠγνόουν
3046 2840 3169 2893 ὅποι
3197 2841 3326 2894 ποτὲ
3353 2837 3506 2905 οὗτός
3533 2844 3705 2906 ἐστιν,

2114 2923 2234 2977 οὒδὲ
2269 2924 2330 2978 τὸ
2368 2925 2540 2997 ὄνομα
2578 2928 2765 2998 σχεδὸν
2792 2929 3060 3002 πρότερον
3088 2930 3374 3001 ἀκηγθώς·
3425 2933 3519 2986 καὶ
3553 2933 3706 3002 ὅμως
3820 2938 3831 2987 ,⁷

2114 3011 2388 3083 εὐθύμως,
2431 3017 2524 3069 καὶ
2566 3017 2856 3088 ἀταράχως
2897 3020 3114 3090 ἀπῄειν.
3158 3023 3309 3074 Ἐπεὶ
3342 3022 3399 3076 δὲ
3424 3040 3704 3095 μετασκη-

2116 3100 2309 3157 νώσειν
2345 3107 2425 3170 είς
2457 3107 2523 3161 τά
2546 3107 2946 3175 Κολλουθίωνος
2971 3111 3083 3183 (42)
3109 3112 3396 3185 ἀπηγγέλη
3428 3131 3539 3185 μοι,
3579 3114 3702 3170 ῖσα-
3739 3134 3751 3161 ι

2116 3215 2201 3252 σιν
2225 3201 2274 3254 οἱ
2300 3202 2564 3273 παρόντες
2591 3203 2738 3268 ὅπως
2761 3204 3005 3278 διετέθην
3025 3223 3038 3238 ·
3070 3207 3305 3262 ἐνταῦθα
3327 3207 3437 3279 γάρ
3459 3209 3705 3280 ἐμαυτοῦ

2109 3294 2492 3365 κατηγορήσω.
2525 3296 2598 3349 Τὸ
2637 3298 2734 3367 μὲν
2762 3298 2977 3370 πρῶτον
3001 3299 3273 3371 ἠχθέσθην
3298 3301 3393 3355 καὶ
3425 3300 3545 3356 λίαν
3570 3302 3704 3373 ἐχα-

2108 3383 2346 3458 λέπηνα·
2389 3389 2481 3441 καὶ
2528 3388 2639 3461 γὰρ
2662 3392 2711 3444 εἰ
2753 3393 3166 3466 γνωριμώτεροι
3201 3394 3297 3448 καὶ
3322 3395 3705 3466 συνηθέστεροι

2108 3477 2408 3549 ἐτύγχανον
2451 3483 2583 3551 ἡμῖν
2620 3483 2668 3534 oi
2706 3482 2882 3547 τόποι,
2918 3483 3035 3537 ἀλλ’
3075 3484 3281 3556 ἔρημον
3310 3487 3408 3557 μὲν
3433 3486 3702 3556 ἀδελφῶν,

2109 3571 2203 3623 καὶ
2252 3572 2557 3626 σπουδαίων
2603 3573 2909 3645 ἀνθρώπων
2944 3574 3184 3644 ἔφασκον
3209 3572 3348 3631 εἶναι
3379 3578 3440 3631 τὸ
3462 3579 3659 3650 χωρίον
3680 3592 3704 3609 ⁶

2108 3664 2227 3725 ταῖς
2252 3661 2309 3714 δὲ
2347 3662 2455 3716 τῶν
2492 3663 2915 3735 ὁδοιπορούντων
2956 3667 3302 3738 ὲνοχλήσεσι,
3349 3670 3444 3723 καὶ
3490 3668 3705 3740 λῃστῶν

2107 3756 2476 3826 καταδρομαῖς
2533 3757 2849 3828 ἐγκείμενον
2876 3759 3030 3830 ’(45).
3064 3761 3295 3831 Ἔτυχον
3341 3761 3399 3814 δὲ
3452 3761 3701 3833 παραθυ-

2111 3847 2260 3917 μίας,
2319 3848 2749 3919 ὑπομνησάντων
2796 3867 2864 3920 με
2908 3850 3019 3903 τῶν
3065 3851 3329 3921 ἀδελφῶν,
3373 3852 3455 3905 ὅτι
3490 3854 3704 3924 γειτνιᾷ

2111 3937 2311 4008 μᾶλλον
2351 3941 2418 4010 τῇ
2459 3938 2632 3992 πόλει.
2687 3938 2796 3992 Καὶ
2843 3942 2877 4010 ἡ
2922 3940 3022 4011 μὲν
3058 3940 3292 4013 Κεφρὼν
3332 3941 3532 4013 πολλὴν
3566 3943 3703 4013 ἡμῖν

2106 4027 2240 4101 ἦγεν
2277 4030 2522 4100 ἀδελφῶν
2566 4031 2674 4086 τῶν
2710 4031 2805 4086 ἀπ’
2844 4033 3120 4101 Αἰγύπτου
3159 4034 3257 4104 τὴν
3285 4034 3590 4105 ἐπιμιξίαν,
3623 4034 3703 4097 ὡς

2108 4122 2442 4196 πλατύτερον
2468 4123 2851 4195 ἐκκλησιάζειν
2877 4126 3144 4181 δύνασθαι
3162 4144 3176 4158 ο
3217 4128 3335 4181 ἐκεῖ
3358 4127 3417 4181 δὲ
3442 4126 3699 4200 πλησιαι-

2106 4234 2260 4289 τερον
2305 4216 2472 4287 οὔσης
2523 4217 2621 4289 τῆς
2680 4218 2887 4283 πόλεως
2917 4259 2931 4283 ,
2997 4219 3381 4291 συνεχέστερον
3426 4219 3529 4291 τῆς
3590 4219 3701 4273 τῶν

2106 4307 2275 4371 ὅντως
2327 4308 2627 4378 ἀγαπητῶν
2698 4309 2795 4363 καὶ
2843 4310 3195 4364 οἰκειοτάτων
3263 4311 3359 4365 καὶ
3425 4311 3701 4381 φιλτάτων

2107 4397 2282 4467 ὅψεως
2326 4398 2723 4471 ἀπολαύσομεν.
2786 4400 3095 4470 Ἀφίξονται
3139 4401 3249 4475 γὰρ
3308 4404 3403 4458 καὶ
3443 4404 3697 4458 ἀναπαύ-

2111 4508 2292 4546 σονται
2312 4508 2325 4525 θ
2353 4493 2447 4546 καὶ
2473 4491 2549 4557 ώς
2571 4495 2630 4546 ὲν
2653 4493 2999 4566 προαστείοις
3033 4492 3369 4569 πορρωτέρω
3404 4496 3698 4568 κειμένοις,
3755 4492 3765 4505 ’

417 4587 707 4642 fruituros.
764 4584 872 4640 Eos
906 4587 1107 4656 quippe
1139 4600 1464 4641 accessuros
1492 4584 1675 4655 ibique
1703 4600 2005 4639 commorao

2113 4582 2251 4637 κατὰ
2312 4585 2477 4657 μέρος
2526 4584 2740 4640 ἔσονται
2788 4586 3104 4657 συναγωγαὶ
3156 4587 3290 4660 (44).
3357 4588 3469 4643 Καὶ
3528 4587 3701 4653 οὕτως

418 4689 576 4733 turos
622 4685 727 4731 :et
773 4684 1032 4745 tanquam
1086 4676 1140 4730 in
1198 4675 1529 4731 suburbanis
1584 4675 2007 4742 remotioribus,

419 4769 780 4841 particulares
813 4766 923 4821 illic
955 4778 1255 4824 conventus
1284 4768 1519 4824 futuros.
1567 4767 1736 4837 quue
1780 4767 1853 4822 ita
1882 4783 2011 4823 eon-

420 4862 564 4933 tigit.

498 5016 626 5089 (41),
656 5017 841 5089 Ἆίτῲν
865 5013 1374 5089 μὲνλτῷπώμᾳξιν
1426 5014 1506 5089 ὡς
1548 5006 1742 5089 εἷπρν-
1784 5012 2012 5089 beati!”

422 5090 480 5143 in
505 5082 696 5142 codice
727 5082 880 5142 Μιιῑξ
899 5095 954 5141 et
982 5083 1121 5140 Med.
1156 5082 1419 5141 scribitur
1442 5084 1518 5147 ώς
1548 5086 1742 5137 εἰπεῖν.
1784 5083 1838 5136 In
1868 5082 2005 5138 Fuk.

422 5168 480 5212 et
511 5157 682 5212 Savil.
726 5158 994 5218 scriptum
1023 5157 1228 5218 inveni,
1273 5155 1351 5218 ώς
1382 5151 1534 5208 εἶπεν
1588 5157 1616 5208 ὁ
1667 5154 2006 5218 Ἀπόστολος.

423 5228 587 5283 Certe
619 5220 814 5283 allitdit
840 5220 1232 5298 Dionysiusad
1260 5227 1440 5280 locum
1466 5224 1710 5293 Apostoli
1742 5226 1796 5278 in
1831 5225 2011 5293 priore

388 5334 395 5339 -
424 5298 491 5352 ad
526 5299 866 5363 Corinthios,
895 5295 1019 5366 cap.
1051 5312 1100 5350 v.
1142 5295 1339 5351 VALES.

495 5367 745 5439 (42)]’ὰ
804 5363 1277 5439 Κολλρυθίωνος.
1354 5364 1735 5439 Supplendum
1798 5363 2013 5439 videtur

427 5432 717 5509 gemism
762 5453 928 5507 supra
965 5438 1106 5509 dixit
1143 5432 1458 5509 Dionysius,
1482 5432 1569 5509 ’τά
1595 5432 1738 5505 μέρη
1766 5436 1865 5509 τῆς
1908 5437 2007 5487 Λι-

424 5504 581 5578 ῥύὴς.
602 5506 730 5563 Erat
758 5504 941 5578 autem
964 5507 1054 5578 hic
1081 5508 1235 5563 locus
1262 5504 1315 5560 in
1347 5504 2009 5578 Mareotiea_pra:fectura.

423 5574 709 5632 Sic'etiam
731 5576 800 5630 τὰ
832 5577 1097 5631 Βουκόλου
1121 5586 1328 5632 tractus
1356 5576 1577 5646 quidam
1605 5574 1823 5646 Egypti
1856 5576 2009 5646 dice—

414 5645 607 5709 batur,
650 5662 679 5699 a
728 5647 949 5702 nomine
990 5648 1198 5703 scilicet
1232 5645 1617 5715 dominorum,
1651 5647 1857 5715 quirea
1890 5645 2010 5701 loca

421 5717 553 5787 olim
587 5715 962 5787 possederant.
1010 5717 1167 5787 Apud
1199 5714 1567 5785 Nicephorum
1603 5714 1897 5771 Κόλούθιον
1922 5717 2012 5771 hic

422 5784 602 5841 locus'
644 5784 844 5856 dicitur
891 5801 1017 5841 cum
1060 5784 1300 5856 simplici
1335 5784 1570 5856 ’lambda
1611 5800 1627 5840 :
1670 5802 1835 5856 quam
1869 5788 2009 5844 scri-

424 5867 638 5925 pturam
670 5855 953 5910 rectiorcm
986 5867 1137 5926 puto.
1163 5854 1294 5912 Nam
1329 5854 1668 5911 Κολλουθίων
1690 5854 1898 5915 ἰιοιῐιθῐι
1926 5866 2011 5914 est

2111 4676 2343 4745 ἐγένετος

2111 5008 2379 5086 deﬂexum
2405 5025 2434 5064 a
2453 5009 2720 5086 golutho,
2743 5013 2887 5086 quod
2915 5028 3112 5068 nomen
3146 5013 3250 5068 fuit
3273 5012 3531 5086 frequens
3554 5014 3701 5084 apud

2114 5079 2418 5154 Egyptios.
2444 5079 2604 5154 Certe
2635 5083 2708 5136 ita
2732 5079 2912 5140 dictus
2935 5093 3019 5138 est
3041 5096 3197 5153 poeta
3227 5079 3445 5154 quidem
3473 5079 3703 5140 celebris

2111 5150 2470 5221 temporibus
2499 5151 2809 5218 Anastasii,
2864 5150 3133 5210 oriundus
3185 5150 3258 5209 ex'
3304 5154 3604 5216 Thebaide,
3643 5167 3704 5208 ut

2112 5220 2347 5292 testatur
2378 5220 2596 5277 Suidas.
2628 5223 2753 5277 Fuit
2778 5232 2832 5292 et
2857 5224 2994 5278 alter
3016 5224 3286 5281 Coluthus
3314 5227 3701 5282 schismaticns

2112 5291 2168 5344 in
2209 5290 2457 5365 AzEgypto
2519 5290 2859 5365 temporibus,
2915 5296 3098 5363 magni
3149 5296 3469 5361 Athanasii,
3541 5296 3701 5365 cujus

2112 5363 2303 5435 crebra
2326 5364 2390 5435 ιιι
2420 5365 2624 5435 mentio
2650 5366 2701 5417 in
2727 5364 3005 5435 Apologia.
3026 5366 3161 5420 Eum
3183 5367 3511 5421 Acoluthnm
3540 5363 3701 5421 vocat.

2113 5430 2411 5502 Gregorius
2436 5431 2712 5504 Nyssenus
2740 5430 2791 5488 in
2816 5430 2917 5488 lib:
2937 5452 2997 5500 tt,
3028 5437 3228 5490 Contra
3249 5437 3589 5491 Eunomium.
3620 5437 3695 5490 lu.

2185 5504 2297 5573 (45)
2333 5503 2742 5573 Καταδρομαῐς
2774 5505 3144 5576 ἐγκείμενον.
3171 5507 3532 5563 Scribcndum
3567 5516 3699 5577 puto

2114 5572 2453 5627 ἐκκείμενον.
2485 5576 2563 5627 ln.

2146 5589 2453 5629 κκειμενον.
2485 5589 2563 5629 ID.

2185 5592 2716 5717 ιὶλιιὲέως
2757 5648 3123 5717 συναγωγαί.
3159 5646 3388 5714 Quoties
3432 5646 3698 5701 suburhia

2114 5715 2279 5787 paulo
2302 5718 2596 5787 remotiora
2628 5725 2785 5769 erant
2810 5717 2881 5771 ab
2902 5715 3057 5779 urbe,
3101 5719 3137 5772 ii
3179 5718 3275 5787 qui
3320 5719 3373 5771 in
3413 5716 3696 5772 suburbiis

2114 5785 2221 5839 illis
2249 5784 2562 5848 manebant,
2596 5799 2705 5839 non
2732 5789 3066 5857 cogebantur
3090 5789 3159 5842 ad
3198 5784 3429 5856 majoris
3453 5788 3701 5841 ecclesne

2114 5863 2415 5913 conventus
2438 5858 2729 5914 accedere:
2762 5858 2855 5913 scd
2879 5858 2934 5913 in
2961 5875 3027 5915 eo
3054 5858 3699 5925 suburbio’particulares
