4058 6386
399 415 529 471 1541

1688 403 1915 479 Ept's'r.
1958 422 2289 487 FESTALIS
2326 420 2417 478 1v.

3498 409 3638 468 1342

397 535 756 608 ὲπλήμμυρεν
797 536 928 611 (92),
963 540 1039 604 ὡς
1072 541 1253 596 πᾶσαν
1292 541 1393 613 τὴν
1434 542 1759 616 περίχωρον,
1787 544 1885 609 τάς
1916 562 1976 601 τε

2085 544 2214 619 ipsis
2246 544 2310 597 ad
2340 550 2526 612 potum
2560 537 2874 593 eﬂluxisset.
2914 534 3187 590 interdum
3212 547 3341 588 vero
3361 540 3641 602 tantOpere

386 626 545 691 ὀδοὺς
591 628 684 681 καὶ
722 631 846 693 τοὺς
888 631 1091 703 ἀγροὺς
1132 633 1523 698 ὲπικλύσαντα,
1564 635 1665 705 τῆς
1705 636 1798 689 ὲπ).
1843 636 1965 689 Νῶε

387 716 690 789 γενομένης
718 718 810 772 τοῦ
852 719 1039 785 ὓδατος
1070 723 1242 793 φορᾶς
1271 724 1566 792 ἐπαγαγεῖν
1599 724 1847 796 ἀπειλήν.

465 900 542 953 B’.
584 900 694 953 Ἀεὶ
731 900 787 953 δὲ
815 901 1005 971 αἵματι
1037 903 1131 958 καὶ
1172 903 1350 972 φόνοις
1377 906 1471 959 καὶ
1512 907 1969 976 καταποντισμοῖς

386 991 607 1057 κάτεισι
655 994 1043 1064 μεμιασμένος,
1088 988 1198 1059 οἶος
1244 996 1349 1049 ὑπὸ
1393 997 1619 1050 Μωῦσεῖ
1660 988 1853 1066 γέγονε
1893 995 1970 1067 τῷ

394 1081 613 1155 Φαραὼ,
641 1083 954 1153 μεταϐαλὼν
985 1087 1064 1149 είς
1089 1079 1227 1157 αἷμα
1250 1087 1342 1140 καὶ
1370 1086 1658 1151 ὲποζέσας.
1685 1088 1795 1142 Καὶ
1821 1091 1971 1142 ποῖον

399 1173 590 1244 γένοιτ’
618 1173 683 1228 ἂν
713 1173 807 1227 τοῦ
839 1174 1014 1230 πάντα
1042 1176 1394 1249 καθαίροντος
1430 1177 1621 1243 ὕδατος
1660 1177 1805 1251 ὕδωρ
1845 1178 1971 1233 ἄλλο

399 1262 723 1335 καθάρσιον;
759 1264 884 1329 Πῶς
924 1266 990 1321 ἂν
1023 1268 1052 1320 ὁ
1091 1268 1257 1331 πολὺς
1296 1268 1393 1320 καὶ
1425 1268 1731 1340 ἀπέραντος
1762 1269 1974 1342 ἀνθρώ-

400 1372 521 1419 ποις
543 1355 782 1420 ὠκεανὸς
815 1356 1112 1427 ἐπιχυθεὶς,
1137 1357 1235 1425 τὴν
1266 1359 1468 1429 πικρὰν
1500 1358 1701 1429 ταύτην
1723 1360 1969 1430 ἀποσμή-

401 1444 487 1511 ξαι
515 1445 819 1513 θάλασσαν;
861 1449 931 1501 Ἢ
957 1447 1074 1512 πῶς
1102 1448 1167 1503 ἂν
1192 1451 1220 1502 ὁ
1259 1449 1433 1520 μέγας
1460 1450 1701 1521 ποταμὸς
1738 1451 1766 1502 ό
1808 1453 1973 1504 ἐκπο-

394 1537 688 1609 ρευόμενος
711 1537 773 1604 ἐξ
792 1539 974 1613 ᾝδὲμ,
1000 1540 1099 1603 τὰς
1125 1540 1397 1611 τέσσαρας
1430 1541 1601 1611 ἀρχὰς
1632 1542 1712 1603 είς
1742 1539 1808 1602 ἃς
1839 1541 1972 1609 ἀφο-

403 1628 606 1700 ρίζεται
643 1629 1033 1700 μετοχετεύσας
1064 1632 1144 1694 είς
1187 1632 1316 1702 μίαν
1354 1631 1447 1685 τοῦ
1487 1630 1641 1704 Γηὼν
1669 1632 1799 1703 (95),
1834 1632 1972 1686 ἀπο-

394 1710 595 1821 πλρναι
628 1722 688 1775 τὸ
716 1721 945 1793 λύθρον;
976 1724 1048 1776 Ἦ
1082 1722 1211 1775 πότε
1254 1725 1283 1776 ὁ
1322 1723 1685 1794 τεθολωμένος
1726 1724 1829 1777 ὑπὸ
1863 1724 1972 1777 τῶν

400 1813 652 1884 πονηρῶν
692 1814 1025 1885 πανταχόθεν
1058 1815 1471 1886 ἀναθυμιάσεων
1508 1815 1635 1886 ἀὴρ,
1676 1814 1971 1886 εἰλικρινὴς

2074 635 2411 701 exundavit,
2463 641 2526 687 ut
2557 630 2882 686 circumsita
2925 627 3131 698 regioni
3166 627 3376 697 viisque
3413 634 3467 680 et
3490 625 3640 694 agris

2070 728 2328 783 omnibus
2355 725 2700 795 superfusus,
2734 735 3000 792 aquarum
3036 719 3297 774 diluvium
3334 717 3639 788 cuiusmodi

2069 819 2411 888 temporibus
2445 815 2560 871 Noe
2587 815 2805 877 accidit,
2833 813 3025 867 minari
3050 812 3342 865 videretur.

2147 909 2211 964 ll.
2254 910 2517 965 Caeterum
2543 908 2778 962 caedibus
2801 914 2854 961 et
2883 918 3076 977 crpore
3098 912 3151 957 et
3172 899 3641 956 submersionibus

2072 1001 2362 1056 hominum
2422 1000 2701 1055 continuis
2748 997 3064 1067 inquinatus
3112 994 3410 1059 evolvitur;
3462 991 3642 1061 qualis

2070 1093 2206 1148 olim
2242 1108 2274 1147 a
2299 1091 2482 1162 Moyse
2514 1091 2789 1161 praestitus
2811 1097 2894 1144 est
2919 1086 3211 1151 Pharaoni,
3241 1084 3295 1139 in
3323 1084 3640 1154 sanguinem

2073 1197 2370 1238 conversus
2396 1196 2460 1236 ac
2488 1180 2730 1236 fmtidus.
2780 1179 3037 1246 Quaenam
3066 1177 3229 1246 igitur
3266 1175 3412 1228 unda
3440 1174 3644 1228 lustra-

2072 1290 2135 1330 re
2163 1274 2363 1344 poterit
2406 1289 2601 1344 aquam
2627 1289 2731 1343 qua
2760 1271 2943 1326 omnia
2985 1268 3323 1339 purgantur?
3356 1266 3643 1332 Quomodo

2073 1374 2261 1421 vastus
2294 1366 2384 1420 ille
2407 1380 2507 1419 nec
2529 1364 2843 1419 hominibus
2876 1360 3227 1431 permeabilis
3248 1375 3509 1423 oceanus,
3537 1358 3643 1412 hoc

2077 1471 2320 1512 amarum
2343 1457 2566 1526 pelagus
2594 1469 2832 1524 unquam
2860 1451 3212 1507 absterserit?
3238 1451 3346 1505 Aut
3370 1449 3644 1521 quomodo

2076 1550 2263 1620 ingens
2315 1549 2406 1602 ille
2452 1547 2649 1602 ﬂuvius
2691 1546 2783 1616 qui
2831 1560 2896 1599 ex
2945 1544 3112 1600 Edem
3154 1543 3392 1614 proﬂuit,
3428 1540 3645 1597 etiamsi

2081 1647 2317 1708 quatuor
2341 1639 2462 1693 illos
2486 1638 2539 1691 in
2566 1652 2703 1706 quos
2728 1635 2987 1690 dividitur
3015 1636 3199 1689 alveos
3228 1635 3283 1688 in
3308 1648 3475 1688 unum
3506 1630 3647 1686 Geo-

2077 1728 2167 1783 nis
2203 1729 2415 1783 alveum
2464 1728 2848 1792 transfundat,
2904 1736 3108 1781 tantam
3159 1726 3299 1779 hanc
3337 1724 3520 1778 abluet
3552 1736 3646 1777 sa-

2076 1822 2220 1877 niem
2244 1820 2266 1873 i
2299 1819 2596 1888 Ecquando
2624 1818 3026 1874 scelestissimis
3049 1801 3409 1886 undecunque
3439 1814 3650 1886 vapori-

270 1898 273 1901 ’
308 1958 313 1962 .
396 1879 636 1972 γένοιτος
679 1879 917 1958 Τοιοῦτο-ι
957 1906 1065 1979 γὰρ
1106 1906 1211 1960 ἀπὸ
1236 1879 1348 2004 ’τῆς
1376 1909 1479 1977 γῆς
1515 1879 1701 1978 ἀτμοὶ,
1737 1879 1830 1961 καί
1866 1879 1974 1962 ἀπὸ

2085 1913 2180 1967 bus
2208 1912 2556 1966 obnubilatus
2581 1926 2695 1976 aer,
2729 1926 2899 1980 purus
2926 1910 3138 1965 tandem
3170 1923 3501 1979 serenusque
3528 1907 3651 1961 red-

400 1996 675 2068 θαλάσσης
710 1998 938 2068 ἄνεμοι,
987 2000 1245 2071 ποταμῶν
1287 1996 1347 2053 τε
1396 1996 1559 2070 αὖραι
1604 2001 1700 2054 καὶ
1743 1999 1975 2071 λιμένων

400 2090 689 2159 ἀνιμήσεις
718 2090 1099 2156 ἁποπνέουσιν,
1142 2091 1216 2155 ὡς
1253 2093 1572 2164 σηπομένων
1605 2094 1662 2146 ὲν
1703 2094 1835 2146 πᾶσι
1864 2095 1976 2156 τοῖς

402 2180 784 2253 ὑποκειμένοις
839 2184 1123 2253 στοιχείοις
1179 2184 1387 2255 νεκρῶν
1447 2184 1650 2255 ἰχῶρας
1693 2180 1829 2238 εἶναι
1878 2186 1977 2248 τὰς

401 2272 644 2345 δρόσους.
684 2273 816 2329 Εἶτα
855 2273 1192 2346 θαυμάζουσι
1224 2275 1317 2329 καὶ
1350 2274 1687 2348 διαποροῦσι,
1728 2274 1890 2329 πόθεν
1927 2276 1976 2328 οἱ

402 2368 651 2435 συνεχεῖς
690 2365 865 2435 λοιμοί
912 2366 1054 2436 (94)’
1089 2366 1252 2420 πόθεν
1293 2368 1347 2419 αἱ
1387 2366 1619 2437 χαλεπαὶ
1655 2365 1836 2419 νόσον
1881 2363 1978 2417 πό-

397 2456 496 2511 θεν
521 2460 576 2510 αί
604 2457 940 2511 παντοδαπαὶ
977 2455 1173 2527 φθοραί
1192 2475 1204 2487 ·
1237 2456 1400 2510 πόθεν
1427 2459 1455 2509 ὁ
1490 2456 1731 2519 ποικίλος
1754 2456 1847 2509 καὶ
1876 2472 1979 2509 ποτ

400 2547 498 2611 λὺς
528 2547 636 2600 τῶν
677 2547 981 2619 ἀνθρώπων
1015 2548 1265 2620 ὅλιθροςο
1303 2548 1390 2604 διὰ
1422 2547 1473 2601 τί
1503 2546 1700 2619 μηκέτι
1727 2545 1979 2601 τοσοῦτον

404 2639 609 2710 πλῆθος
644 2640 1010 2712 οἰκητόρωνή
1056 2641 1284 2712 μεγίστη
1330 2639 1485 2704 πόλις
1527 2641 1585 2693 ὲν
1620 2640 1756 2711 αὑτῇ
1799 2640 1977 2711 φέρει,

403 2729 513 2781 ἀπὸ
551 2729 760 2800 νηπίων
798 2728 1077 2801 ἀρξαμένη
1118 2716 1320 2782 παίδων
1360 2729 1522 2807 μέχρι
1560 2729 1667 2784 τῶν
1696 2731 1776 2792 είς
1813 2730 1979 2800 ἄκρον

405 2818 818 2890 γεγηρακότων,
856 2821 1021 2884 ὅσους
1065 2819 1450 2891 ὼμογέροντας
1498 2821 1607 2891 (95)
1655 2819 1750 2884 οὓς
1793 2821 1979 2875 ἐκάλει

406 2911 668 2982 πρότερον
702 2910 862 2975 ὄντας
896 2910 1148 2983 έτρεφενς
1197 2912 1332 2965 Ἀλλ’
1375 2913 1424 2964 οἱ
1458 2911 1981 2982 τεσσαρακοντοῦται

407 3003 500 3056 καὶ
543 3003 703 3074 μέχρι
739 3003 848 3058 τῶν
888 3004 1258 3076 ἐϐδομήκοντα
1305 3004 1464 3068 ἐτῶν,
1510 3004 1762 3058 τοσοῦτον
1801 3005 1982 3057 πλείο-

406 3107 497 3155 νες
526 3090 670 3156 τότε,
709 3091 850 3147 ὥστε
889 3092 964 3163 μὴ
1007 3092 1472 3175 συμπληροῦσθαι.
1498 3094 1591 3147 νῦν
1629 3095 1719 3147 τὸν
1746 3094 1980 3166 ἀριθμὸν

404 3255 410 3263 ι

2079 2003 2274 2058 detur?
2334 2001 2659 2072 Hujusmodi
2689 2003 2833 2056 enim
2865 2002 3067 2057 halitus
3101 2015 3165 2056 ex
3195 2008 3337 2055 terra
3360 2040 3375 2066 ,
3408 2015 3475 2054 ex
3510 1996 3649 2051 mari

2075 2094 2258 2159 venti,
2305 2108 2372 2148 ex
2420 2093 2757 2153 ﬂuminibus,
2782 2109 2961 2159 auraz,
2996 2109 3062 2148 ex
3104 2092 3368 2162 portubus
3397 2089 3650 2159 fuliginea

2079 2187 2323 2256 spirant,
2361 2193 2419 2239 ut
2446 2184 2841 2241 tabescentium
2889 2185 2943 2239 in
2970 2186 3222 2239 omnibus
3247 2181 3651 2253 subjaeentibus

2078 2278 2363 2334 elementis
2398 2278 2721 2333 cadaverum
2782 2276 2964 2331 sanies
2997 2291 3095 2346 pro
3127 2291 3252 2330 rore
3277 2275 3366 2329 sit.
3426 2272 3494 2327 Et
3530 2282 3654 2343 post

2079 2368 2196 2423 haec
2218 2368 2487 2422 mirantur
2516 2376 2571 2423 et
2597 2366 2879 2435 ambigunt
2899 2366 3170 2432 homines,
3200 2366 3473 2420 undenam
3506 2378 3646 2419 con-

2081 2461 2248 2514 tinua:
2272 2465 2479 2527 pestes,
2512 2458 2780 2511 undenam
2809 2471 3000 2527 graves
3023 2456 3217 2519 morbi,
3244 2455 3532 2524 omnisque
3559 2469 3654 2524 ge-

2082 2551 2230 2606 neris
2255 2551 2422 2616 labes,
2468 2559 2523 2605 et
2566 2549 2896 2620 multiplices
2923 2549 3172 2617 variique
3202 2548 3483 2601 hominum
3514 2546 3655 2600 inteo

2079 2641 2218 2696 ritus
2243 2658 2257 2694 :
2289 2639 2419 2710 quid
2442 2654 2622 2710 causa:
2648 2640 2739 2705 sit,
2772 2654 2871 2693 cur
2906 2639 3037 2693 urbs
3064 2637 3300 2691 maxima
3334 2645 3541 2690 tantum
3569 2638 3653 2690 ci-

2080 2734 2229 2790 vium
2261 2746 2547 2787 numerum
2582 2731 2818 2801 amplius
2844 2746 2952 2785 non
2986 2729 3144 2795 ferat,
3180 2728 3392 2783 etiamsi
3422 2728 3490 2783 ab
3517 2729 3654 2797 ipsis

2080 2822 2381 2878 infantibus
2427 2822 2493 2879 ad
2538 2822 2842 2892 decrepitos
2887 2835 3064 2890 usque
3085 2835 3243 2875 senes
3271 2829 3650 2885 numerentur,

2080 2923 2214 2986 quot
2249 2922 2407 2969 antea
2448 2914 2646 2968 crudos
2689 2928 2847 2968 senes
2895 2911 2974 2967 sic
3002 2919 3222 2966 vocatos
3248 2910 3419 2964 aluit?
3450 2907 3653 2964 Verum

2082 3015 2216 3061 tunc
2240 3006 2500 3076 temporis
2525 3005 2658 3059 adeo
2691 3003 2874 3073 plures
2908 3010 3065 3056 erant
3089 3000 3507 3071 quadragenarii
3530 3041 3547 3067 ,
3601 3009 3658 3054 ct

2084 3113 2248 3168 supra
2298 3097 2397 3152 hos
2440 3112 2614 3166 usque
2641 3096 2706 3149 ad
2731 3093 3188 3164 septuagesimum
3236 3092 3410 3147 aetatis
3449 3107 3654 3146 annum

405 3180 604 3263 αὐτῶν,
644 3183 1170 3255 προσεγγραφέντων
1204 3184 1300 3237 καὶ
1337 3184 1852 3253 συγκαταλεγέντων
1893 3186 1976 3250 είς

2085 3189 2388 3260 progressi,
2449 3199 2509 3243 ut
2553 3203 2814 3243 numerus
2864 3202 3052 3241 eorum
3098 3200 3244 3245 nunc
3296 3186 3500 3256 expleri
3544 3200 3655 3241 non

405 3277 467 3330 τὸ
505 3277 758 3348 δημόσιον
799 3277 1124 3349 σιτηρέσιον,
1172 3278 1280 3331 τῶν
1321 3278 1428 3332 ἀπὸ
1476 3274 1980 3350 τεσσαρεσκαίδεκα

2086 3280 2279 3352 possit,
2317 3280 2608 3350 adscriptis
2642 3279 2767 3333 licet
2797 3287 2851 3333 et
2886 3280 2940 3332 in
2970 3279 3154 3333 album
3187 3275 3371 3331 relatis
3396 3275 3464 3331 ad
3489 3291 3658 3330 annos

296 3432 304 3437 .
352 3438 357 3441 _
408 3369 543 3422 ἐτῶν
578 3368 736 3441 μέχρι
764 3369 870 3422 τῶν
903 3370 1228 3441 ὀγδοήκοντα
1247 3387 1260 3400 ⁸
1289 3371 1383 3424 καὶ
1411 3371 1695 3439 γεγόνασιν
1726 3364 1837 3424 οἷον
1867 3370 1984 3442 ἡλι-

407 3460 600 3514 κιῶται
648 3461 755 3515 τῶν
811 3461 978 3516 πάλαι
1030 3463 1388 3534 γεραιτάτων,
1435 3465 1482 3517 οἱ
1532 3462 1652 3532 ὄψει
1704 3463 1980 3517 νεώτατοι.

409 3553 519 3606 Καὶ
557 3551 699 3605 οὕτω
744 3551 1061 3623 μειούμενον
1102 3555 1188 3607 ἀεὶ
1237 3555 1330 3608 καὶ
1379 3534 1764 3625 δαπανώμενον
1812 3554 1984 3625 όρῶνε-

340 3675 349 3682 -
409 3657 503 3705 τες
534 3642 593 3694 τὸ
634 3641 725 3695 ἐπὶ
752 3641 854 3713 γῆς
892 3642 1191 3717 ἀνθρώπων
1227 3645 1401 3713 γένος,
1433 3646 1494 3699 οὐ
1527 3647 1848 3717 τρέμουσιν·
1880 3646 1981 3699 αὐ-

412 3731 636 3803 ξομένου
666 3734 759 3790 καὶ
786 3736 1183 3807 προκόπτοντος
1203 3736 1296 3791 τοῦ
1328 3737 1624 3803 παντελοῦς
1649 3739 1824 3792 αὐτῶν
1852 3734 1987 3808 ἀφα-

296 3868 303 3879 .
412 3825 627 3897 νισμοῦ.

2090 3388 2215 3427 nam
2259 3388 2325 3426 ex
2373 3372 2588 3441 publico
2643 3370 3012 3439 accipiendam
3066 3370 3152 3424 his
3201 3369 3293 3438 qui
3326 3367 3658 3438 quatuorde-

2089 3462 2196 3517 cim
2230 3476 2405 3516 annos
2452 3460 2562 3515 nati
2593 3468 2760 3523 sunt,
2798 3473 2969 3528 usque
3017 3458 3084 3513 ad
3126 3455 3521 3526 octogenarios.
3589 3453 3661 3509 Et

2089 3553 2182 3622 qui
2230 3552 2410 3622 specie
2451 3551 2567 3620 ipsa
2619 3549 3006 3605 adolescentuli
3053 3557 3214 3615 sunt,
3250 3547 3483 3617 aequales
3521 3561 3660 3616 quo-

2089 3644 2378 3701 dammodo
2430 3658 2576 3698 nunc
2628 3642 2757 3699 facti
2810 3649 2939 3697 sunt
2985 3656 3171 3695 eorum
3205 3640 3297 3710 qui
3328 3639 3456 3692 olim
3503 3652 3660 3692 senes

2086 3746 2261 3793 erant.
2302 3736 2547 3805 Cumque
2574 3738 2628 3790 in
2659 3734 2821 3790 terris
2855 3734 3154 3787 humanum
3183 3746 3353 3801 genus
3381 3737 3662 3799 tantopere

2085 3830 2432 3885 imminutum
2491 3837 2545 3883 et
2596 3837 2982 3895 consumptum
3031 3825 3276 3887 videant,
3336 3829 3663 3892 augescente

2085 3923 2140 3977 in
2175 3920 2292 3974 dies
2333 3928 2387 3974 et
2430 3926 2709 3974 crescente
2759 3917 3002 3986 ipsorum
3036 3914 3285 3979 excidio,
3339 3927 3449 3966 non
3485 3911 3660 3967 intre-

1985 4032 1991 4037 ·
2086 4012 2343 4066 miscunt.

1702 4288 1707 4293 _
1779 4241 2119 4296 EPISTULA
2167 4241 2303 4296 XIV.

594 4334 670 4407 (E
698 4334 867 4391 sacris
892 4332 1185 4389 Paralleiis
1221 4332 1538 4389 Damascem'
1597 4241 1979 4407 Rupeftﬁzgr':

2085 4241 2375 4412 Yom.
2408 4355 2470 4397 It.
2504 4351 2626 4407 pag.
2665 4334 2791 4398 755,
2822 4332 2885 4398 ο,
2909 4332 3036 4387 edit.
3058 4330 3239 4385 Paris.
3266 4329 3450 4402 1712.)

489 4430 763 4486 Διονυσίου
813 4428 1251 4503 Ἀλεξανδρείας,
1300 4426 1364 4484 ἐκ
1411 4429 1510 4502 τῆς
1554 4431 1597 4484 δ’
1631 4431 1995 4509 έορταστικῆς

419 4519 710 4593 ἐπιστολῆς
741 4520 873 4593 (96).
1742 4564 1747 4569 ,

2146 4452 2151 4457 ·
2222 4432 2468 4507 Dionysii
2501 4430 2871 4497 Alexandrini,
2907 4446 2974 4484 ex
3001 4429 3226 4500 epistola
3256 4445 3310 4484 ιν
3338 4410 3552 4484 l‘estali.

503 4614 569 4668 Ἦ
598 4584 789 4686 ἀγάπη
823 4584 1077 4686 προπηδᾷ
1101 4613 1338 4681 πάντως,
1377 4613 1430 4668 τὶ
1459 4611 1650 4685 ὀνῆσαι
1676 4614 1770 4668 καὶ
1794 4614 1983 4672 ἄκοντα

2108 4584 2113 4593 ἱ
2166 4617 2418 4675 Charitas
2443 4624 2694 4687 prompta
2719 4621 2804 4669 est
2829 4621 2886 4667 ut
2914 4612 3168 4668 omnibus
3198 4613 3403 4681 prosit,
3430 4625 3664 4679 eumque
3691 4640 3699 4650 -

493 4747 607 4820 (93)
652 4747 952 4820 Τοσοῦτος
976 4746 1515 4820 ἐπλήμμυρενῌαεο
1548 4756 1633 4820 est
1654 4748 1817 4820 lectio
1844 4751 1996 4805 codi-

423 4817 711 4888 cisR’egii,
761 4833 870 4873 non
914 4817 1146 4874 omnino
1178 4817 1496 4888 rejicienda.
1546 4817 1762 4888 Reliqui
1808 4828 1991 4874 tamen

425 4887 640 4960 codices
670 4888 808 4960 Μτη1
839 4904 903 4945 ac
935 4888 1075 4960 Med.
1113 4887 1396 4944 eum'Fuk.
1440 4897 1499 4942 et'
1536 4887 1702 4945 Savil.
1729 4890 1991 4960 scriptum
2026 4910 2039 4923 ο

425 4959 626 5019 habent
652 4957 926 5013 τοσοῦτον.
956 4958 1158 5013 VALEs.

499 5028 613 5097 (93)
652 5028 845 5097 Γηών.
884 5028 960 5083 lta
996 5028 1167 5097 codex
1200 5025 1355 5083 Alex.
1382 5026 1459 5097 At
1488 5024 1635 5092 Vat.,
1672 5026 1845 5097 I‘sdw;
1867 5026 1992 5083 Haec

423 5095 552 5171 vos,
567 5095 835 5171 alterutra
869 5095 1093 5171 ratiope‘
1110 5097 1335 5171 scripta,
1358 5096 1701 5152 desideratur
1725 5098 1780 5151 in
1804 5095 1999 5153 Trom-

425 5169 521 5223 mii
551 5168 955 5222 Canwrdantt’is
990 5167 1207 5223 Grecis.
1234 5167 1402 5222 GALL.

498 5238 611 5307 (94)
653 5241 716 5308 οι
743 5236 1024 5308 συνεχεῖς
1053 5237 1270 5307 λοιμοίη.
1294 5236 1413 5291 Jam
1442 5235 1567 5290 inde
1599 5234 2001 5308 a_tempp’ribus

429 5304 569 5363 Galli
591 5304 647 5362 et
678 5304 986 5373 Volusiani,
1017 5304 1338 5363 lues'totum
1386 5321 1525 5375 pene
1573 5306 1759 5360 orbem
1777 5304 1999 5360 ’Roma-

429 5393 561 5433 num
592 5378 849 5434 vastavit.
892 5376 1063 5432 Certe
1109 5376 1403 5445 Eutropius
1447 5375 1812 5445 principatum
1860 5375 1999 5431 Galli

338 5497 347 5505 .
428 5455 485 5503 et
531 5445 834 5512 Volusiani,
880 5449 996 5516 sola
1035 5448 1367 5516 pestilentia_
1391 5454 1580 5516 notum
1625 5445 1798 5516 fuisse
1844 5446 1996 5500 dicit.

429 5516 593 5570 Addit
619 5517 877 5571 Aurelius
909 5514 1115 5584 Victor,
1149 5516 1302 5571 Gallo
1325 5514 1731 5584 Volusianoque
1760 5514 1999 5568 favorem

429 5602 499 5642 ex
521 5601 589 5641 eo
620 5587 911 5656 quaesitum
949 5573 1152 5651 fuisse,
1185 5585 1332 5657 quod
1384 5573 1689 5657 tenuissimi
1736 5586 2002 5657 cujusque

432 5653 723 5726 exsequias
753 5657 984 5711 sollicite
1022 5653 1399 5726 curavi'sseut.
1423 5654 1498 5709 De
1537 5654 1641 5709 hac
1674 5663 1827 5726 peste
1870 5653 2004 5726 llic-

434 5724 699 5795 ronymus
731 5726 786 5780 in
829 5725 1083 5795 Chronico
1118 5726 1192 5780 ita
1241 5725 1431 5780 scribit
1471 5739 1615 5779 anno
1658 5724 1832 5792 primo
1869 5725 1998 5793 imp.

434 5793 574 5850 Galli
604 5812 618 5848 :
660 5795 912 5852 Pestilens
942 5794 1152 5848 morbus
1182 5794 1378 5848 multas
1414 5796 1573 5848 totius
1616 5794 1757 5848 orbis
1788 5795 1999 5863 provin-

414 5865 550 5920 cias
593 5871 883 5935 occupavit,
934 5866 1260 5936 maximeque
1306 5863 1685 5920 Alexandriam
1722 5872 1774 5919 et
1825 5863 2001 5936 Αἰθυ-

2094 4761 2274 4822 ptum;
2298 4756 2354 4803 ut
2375 4748 2555 4822 scribit
2578 4739 3221 4822 DionysiusLétopt-iani
3243 4744 3318 4797 De
3336 4743 3667 4822 mortalitate

2098 4813 2369 4875 testis’est
2429 4818 2580 4870 liber.
2621 4813 2816 4870 Postea
2870 4813 3097 4869 Gallieni
3154 4814 3491 4882 temporibus
3547 4813 3665 4868 lues

2097 4892 2294 4945 iterum
2344 4895 2594 4958 grassata
2638 4894 2730 4958 est_
2774 4882 2961 4958 Romae
3024 4893 3078 4938 et
3121 4884 3174 4958 in
3214 4883 3552 4958 provinciis,
3604 4891 3666 4937 ut

2098 4960 2291 5083 svcribit
2345 4949 2532 5012 ‘Pollio
2584 4956 2639 5011 in
2693 4955 2982 5019 Gallieno,
3039 4962 3094 5008 et
3139 4949 3393 5007 Aurelius
3456 4949 3662 5009 Victor.

2148 5044 2298 5083 ALES.

2148 5044 2298 5083 ALES.

2169 5099 2284 5167 (95)
2326 5094 2759 5166 Ὠμογέροντας.
2787 5091 3137 5167 Alexandria:
3171 5090 3543 5167 ὠμογέροντες
3579 5088 3665 5144 di-

2099 5161 2444 5224 cebautur'a
2468 5161 2894 5234 quadragesimo
2934 5177 3084 5234 anno
3119 5176 3291 5234 usque
3324 5161 3398 5234 ad
3444 5169 3666 5229 septua-

2101 5238 2391 5309 gesimum.
2424 5231 2623 5289 Eorum
2673 5231 2892 5309 nomina
2938 5232 2991 5285 in
3019 5231 3142 5309 albo
3180 5231 3447 5298 descripta
3486 5238 3665 5295 erant,

2100 5301 2166 5362 Eo
2201 5307 2346 5376 quod
2370 5319 2640 5376 annonam
2675 5303 2942 5371 publicam
2975 5301 3301 5376 accipereut,
3334 5310 3397 5376 ut
3435 5309 3666 5376 testatur

2101 5370 2416 5447 Dionysius.
2455 5373 2573 5447 llis
2598 5370 2865 5447 praeerant
2908 5372 3332 5447 archigeroumtes,
3367 5371 3434 5447 de
3464 5370 3668 5447 quibus

2103 5449 2163 5501 lit
2208 5439 2413 5500 mentio
2461 5443 2514 5496 in
2561 5439 2676 5511 lege
2733 5439 3162 5511 primarcodicis
3205 5439 3569 5494 Theodosiani
3601 5444 3669 5495 de

2102 5515 2482 5570 Alexandrinae
2517 5509 2691 5582 plebis
2723 5509 3226 5582 primatibuszlluc
3272 5512 3435 5564 etiam
3471 5512 3666 5582 rel'erri

2100 5594 2298 5656 potest,
2333 5583 2475 5656 quod
2512 5578 3042 5656 iscrihit‘Gregot-ius
3066 5578 3198 5656 δεῖ.
3229 5582 3281 5634 in
3309 5583 3555 5636 oratione
3574 5581 3667 5645 2|,

2102 5650 2169 5709 {te
2213 5650 2402 5709 saneto
2441 5652 2768 5716 Athanasio,
2804 5650 3200 5706 Alexandrinos
3265 5667 3358 5720 per
3404 5667 3568 5707 sexus
3611 5657 3670 5704 et

2103 5732 2289 5779 anates
2319 5732 2375 5777 et
2425 5732 2570 5776 artes
2614 5722 2821 5792 solitos,
2856 5735 2976 5775 esse
3011 5720 3285 5792 distribui,
3320 5723 3534 5792 quoties
3560 5720 3666 5775 ali:

2105 5794 2194 5850 cui
2218 5793 2430 5848 obviam
2462 5792 2604 5845 irent
2632 5789 2858 5845 honoris
2882 5805 3069 5844 causa.
3098 5789 3177 5847 In.

2174 5863 2287 5937 (96)
2329 5863 2423 5921 Ἐκ
2458 5860 2566 5933 τῆς
2601 5860 2649 5914 δ’
2686 5858 3072 5931 ἐορταστικῆς
3111 5859 3456 5930 ἐπιστολῆς.
3495 5860 3669 5920 Ense.
