4058 6360
334 373 471 428 1545

1508 369 1789 427 ΝΟΤΙΊΊΑ
1827 367 1916 424 ET
1956 368 2404 427 FRAGMENTA.

3450 380 3590 438 1548

326 492 461 548 mihi
488 507 601 563 pre
624 495 834 550 caeteris
853 494 1265 564 suppeditarunt
1284 494 1722 563 locupletissima:
1747 493 1898 548 orbis
1927 497 1973 553 Α
2009 489 2271 544 Turriano
2302 488 2699 560 vapulantibus,
2739 499 2795 546 et
2826 490 3046 561 quidem
3089 492 3145 547 in
3180 489 3587 565 Prolegomeuis

323 583 523 637 eruditi
546 584 886 639 bibliothecae
913 583 1074 654 Regia
1100 582 1447 649 Parisiensis,
1472 583 1810 651 Colbertina,
1840 592 1896 638 et

322 678 660 735 Coisliniana
704 680 1217 751 Sangermanensis)
1246 722 1262 747 ,
1304 670 1520 736 summo
1574 680 1754 735 studio
1801 681 1897 735 de-

321 780 596 842 prompta,
629 771 759 826 etin
790 787 960 826 unum
998 772 1223 827 collecta
1272 787 1654 842 proponerem.
1686 771 1894 826 Claris-

322 864 448 920 εἰηιί
474 872 785 939 νθιοοςιιίιιιθ
821 864 888 919 de
921 864 1242 934 antiquitate
1263 863 1529 917 litteraria
1555 873 1609 917 et
1640 864 1895 924 ecclesia—

320 954 460 1010 stica
485 953 819 1008 meritissimi
849 951 1074 1008 Joannis
1104 953 1356 1019 Boivinii,
1378 954 1472 1024 qui
1503 953 1685 1024 Regia:
1711 971 1895 1009 marm-

319 1049 647 1118 scriptorum
672 1048 918 1102 codicum
942 1047 1279 1104 bibliotheca:
1308 1063 1429 1117 qua:
1452 1045 1678 1102 Lutetiae
1710 1063 1892 1102 asser—

224 1200 231 1207 ,
320 1146 502 1204 vatur,
535 1152 723 1193 curam
751 1151 947 1206 magna
976 1152 1099 1190 cum
1127 1137 1285 1191 laude
1314 1137 1444 1190 olim
1473 1137 1658 1207 gessit,
1689 1137 1903 1206 dignis:

319 1230 489 1286 simas
533 1231 622 1285 hic
679 1245 784 1285 non
833 1244 1055 1299 possum
1113 1245 1223 1284 non
1275 1230 1640 1300 depraadicare
1664 1231 1889 1296 laudes;

272 1339 279 1345 ·
318 1336 445 1375 cum
484 1320 603 1390 ejus
628 1321 887 1391 singulari
929 1321 1194 1375 beneﬁcio
1248 1322 1471 1389 adjutus
1512 1338 1621 1377 non
1677 1323 1891 1378 facilem

319 1423 528 1469 tantum
558 1415 623 1469 ad
650 1416 1090 1486 incomparabilis
1115 1432 1344 1485 vereque
1368 1418 1529 1489 regia:
1573 1419 1721 1475 illius
1747 1436 1893 1490 gaza:

316 1506 477 1577 adyta
509 1516 703 1561 nactus
737 1507 838 1561 sim
880 1507 1108 1573 aditum,
1161 1523 1351 1562 verum
1399 1519 1455 1564 et
1507 1510 1622 1580 ipse
1669 1526 1768 1581 pro
1802 1527 1886 1575 ea,

316 1610 424 1671 qua
470 1598 778 1665 praestabat,
812 1598 1147 1652 humanitate
1183 1599 1462 1655 rarissima
1486 1642 1502 1666 ,
1533 1618 1655 1671 qua:
1690 1602 1887 1659 ibidem

314 1684 725 1754 delitescebant,
759 1689 1071 1761 frequenter
1097 1689 1233 1745 mihi
1267 1695 1727 1750 commendaverit
1753 1697 1890 1751 scri-

312 1788 680 1852 pta,suasque
696 1783 972 1852 speciatim
990 1786 1417 1852 observationes,
1438 1787 1493 1841 in
1522 1786 1742 1842 Macarii
1776 1787 1889 1842 Ma-

312 1874 487 1944 gnetis
510 1874 808 1945 fragmenta
820 1874 943 1929 data
957 1890 1122 1944 opera
1139 1877 1385 1942 collatas,
1401 1877 1657 1933 benevole
1675 1893 1886 1934 mecum

312 1968 716 2022 communicare
736 1967 879 2022 haud
908 1970 1317 2024 detrectaverit:
1341 1986 1407 2024 ex
1435 1971 1633 2040 quibus
1661 1973 1888 2041 proinde

312 2077 398 2116 me
424 2060 564 2114 haud
609 2076 799 2130 parum
829 2060 1126 2131 profecisse
1150 2103 1165 2127 ,
1198 2061 1550 2132 fontibusque
1577 2064 1648 2117 ab
1694 2066 1884 2121 eodem

310 2151 813 2207 indicatisulterius
858 2152 1183 2218 inhaesisse,
1236 2154 1467 2224 ingenue
1502 2156 1775 2224 profiteor.
1825 2158 1884 2213 In

307 2245 467 2300 binas
505 2254 684 2301 autem
713 2254 895 2315 partes
938 2255 1105 2302 totam
1155 2247 1533 2305 tractationem
1576 2250 1885 2320 dispescere

303 2338 459 2409 jubet
487 2346 599 2393 tum
633 2339 758 2393 novi
793 2340 1093 2410 argumenti
1127 2340 1363 2411 dignitas
1387 2381 1401 2405 ,
1443 2354 1558 2396 tum
1602 2346 1884 2412 praesentis

308 2431 570 2500 temporis
600 2440 763 2501 atque
797 2431 1026 2487 instituti
1057 2435 1233 2488 ratio:
1282 2450 1512 2504 quarum
1552 2436 1703 2504 prior
1740 2437 1885 2492 noti-

307 2523 440 2577 tiam
473 2523 1010 2579 historico-criticam
1058 2523 1125 2580 de
1166 2525 1403 2580 Macario
1434 2525 1698 2598 Magnete,
1731 2530 1882 2598 ejus-

310 2629 418 2684 que
441 2622 601 2669 aatate
621 2624 674 2670 et
694 2615 939 2685 scriptis,
965 2629 1030 2669 ex
1053 2615 1218 2670 variis
1238 2615 1479 2671 historia:
1502 2617 1883 2673 ecclesiastica:

307 2706 679 2762 monumentis
727 2707 886 2762 editis
924 2716 1087 2777 atque
1123 2708 1341 2763 ineditis
1383 2719 1570 2775 eruet;
1614 2712 1883 2779 posterior

311 2813 436 2853 vero
465 2798 867 2870 Θεολογούμενα
895 2800 1132 2855 auctoris
1161 2800 1363 2870 pariter
1385 2809 1546 2871 atque
1577 2816 1790 2857 errores
1812 2818 1880 2857 ex

308 2890 480 2960 ipsius
508 2891 727 2961 scriptis
759 2892 1235 2950 commonstrabit.

345 3022 374 3095 δ
402 3022 466 3077 ll.
497 3021 1281 3097 Expenduntur_recentiorum
1301 3025 1483 3097 iniqua
1505 3027 1567 3081 de
1602 3026 1841 3081 Macario

851 3092 1091 3163 Magnete
1109 3094 1337 3163 judicia.

374 3207 510 3276 Quis
537 3224 667 3263 vero
704 3225 768 3264 ac
810 3208 990 3279 qualis
1033 3206 1199 3262 fuerit
1238 3218 1426 3265 noster
1466 3209 1734 3267 Macarius
1760 3213 1875 3268 Ma-

304 3317 460 3372 gues,
481 3308 537 3355 et
561 3316 673 3371 quo
726 3310 966 3370 tempore
1011 3299 1295 3367 ﬂoruerit,
1327 3317 1537 3372 suaque
1582 3302 1783 3375 ingenii
1822 3316 1877 3360 et

304 3394 566 3448 doctrina:
587 3393 1036 3462 praestantissima
1071 3393 1460 3461 conscripserit
1498 3406 1872 3461 monumenta,

210 3556 225 3568 χ
304 3499 368 3539 ex
389 3485 628 3553 probatae
649 3484 985 3554 antiquitatis
1008 3484 1224 3540 indiciis
1245 3501 1391 3539 nunc
1412 3484 1646 3555 primum
1668 3488 1876 3555 disqui-

303 3576 530 3632 rendum
546 3578 650 3631 erit
667 3593 682 3642 ;
705 3586 764 3632 ut
780 3579 1015 3647 genuino
1034 3579 1240 3633 auctori
1265 3594 1363 3634 sua
1384 3580 1701 3634 restituatur
1718 3581 1871 3646 ﬁdes,

302 3684 468 3738 quam
494 3668 739 3723 nonnulli
764 3684 832 3724 ex
857 3670 1253 3725 recentioribus
1282 3670 1513 3737 criticis,
1533 3686 1658 3726 cum
1685 3672 1751 3727 de
1772 3674 1875 3727 isto

304 3762 346 3814 Α
358 3746 733 3830 pocriticorum
758 3770 982 3816 auctore
1014 3761 1147 3815 nihil
1168 3761 1237 3815 ab
1257 3760 1498 3831 antiquis
1519 3764 1874 3833 scriptoribus

303 3853 582 3911 memoriae
611 3853 884 3924 proditum
908 3855 1167 3925 legerent,
1192 3856 1366 3911 eidem
1390 3867 1590 3911 temere
1614 3858 1873 3928 derogare

300 3948 421 4004 ausi
451 3955 597 4003 sunt.
633 3946 851 4003 Scilicet
880 3963 1005 4002 cum
1031 3946 1359 4003 Franciscus
1386 3947 1691 4004 Turrianus
1709 3988 1724 4013 ,
1750 3965 1865 4004 ma-

198 4091 203 4094 .
301 4054 443 4108 gnns
483 4039 574 4093 ille
626 4039 875 4094 codicum
917 4055 1049 4092 mss.
1086 4040 1268 4093 helluo
1306 4038 1382 4110 (4)
1431 4048 1487 4094 et
1534 4041 1872 4110 antiquitatis

300 4130 680 4186 ecclesiasticae
729 4146 839 4185 non
894 4130 1183 4198 indiligens
1240 4132 1522 4201 indagator
1573 4133 1688 4204 (5),
1744 4133 1871 4189 hinc

301 4219 425 4275 inde
457 4220 512 4273 in
541 4220 704 4274 variis
729 4219 846 4275 suis
896 4218 1111 4288 scriptis
1153 4218 1317 4288 hujus
1349 4219 1587 4275 auctoris
1616 4220 1871 4275 vetustis-

299 4310 424 4365 simi
450 4311 778 4366 mentionem
811 4309 1049 4374 l'ecisset,
1078 4319 1241 4379 atque
1276 4312 1413 4365 inter
1440 4311 1546 4367 alia
1576 4311 1740 4367 etiam
1778 4312 1867 4366 lu-

299 4403 576 4458 culentum
620 4402 936 4458 adduxisset
972 4403 1219 4471 ejusdem
1258 4403 1628 4458 testimonium
1664 4405 1732 4459 de
1777 4420 1868 4460 sa-

1996 596 2053 651 p.
2088 580 2137 646 7,
2170 581 2236 635 de
2260 581 2365 637 hoc
2391 580 2663 637 Turriano
2686 584 3006 654 pronuntiat
3030 601 3043 638 :

2054 716 2197 783 Quid
2218 716 2433 784 dignum
2459 727 2606 770 tanto
2637 716 2759 770 tulit
2791 716 2878 770 hic
2914 717 3204 785 promissor
3227 717 3378 770 hiatu
3412 717 3531 789 (6)?

2006 829 2258 884 Ventosas
2295 829 2515 899 projecit
2553 830 2843 900 ampullas,
2887 831 3050 884 libros
3093 840 3430 903 auctoresque
3472 833 3586 890 inc-

1994 920 2158 983 ditos,
2184 923 2274 991 qui
2302 938 2393 976 nec
2414 924 2482 976 ad
2508 939 2697 975 manus
2726 932 2871 989 sunt,
2900 940 2992 977 nec
3015 940 3125 977 esse
3151 935 3392 993 possunt,
3417 924 3585 981 Euse-

1996 1013 2068 1065 bii
2105 1014 2187 1082 (si
2225 1012 2329 1067 Deo
2353 1014 2557 1085 placet)
2578 1016 3215 1070 Alexandrinisermones
3240 1059 3254 1082 ,
3288 1015 3581 1071 Eusebium

1996 1102 2374 1158 Ctesariensem
2400 1105 2650 1159 adversus
2679 1104 3032 1171 Marcellum,
3080 1104 3398 1176 Hippolytus
3431 1124 3583 1161 mar—

1994 1206 2160 1264 tyrem
2196 1206 2246 1249 et
2289 1195 2612 1264 Thebanum,
2650 1197 2947 1268 Magnetem
2993 1199 3247 1253 adversus
3296 1198 3582 1253 Theosthe-

1994 1308 2129 1355 nem,
2167 1292 2487 1347 Theodotum
2505 1295 2871 1364 Ancyranum,
2901 1304 3007 1349 clc.
3034 1333 3049 1357 ,
3084 1295 3289 1362 citavit,
3335 1296 3583 1364 plurimae

1992 1400 2119 1439 sane
2150 1380 2417 1451 lectionis,I
2444 1388 2535 1440 sed
2569 1386 2765 1454 frontis
2804 1387 3255 1456 perfrictissimw,
3279 1388 3579 1460 judiciique

1994 1477 2308 1532 tenuissimi.
2356 1476 2530 1543 Quam
2585 1494 2827 1548 praeceps
2877 1487 3059 1533 autem
3111 1480 3215 1534 hoc
3276 1479 3439 1536 fuerit
3470 1483 3575 1536 viri

1991 1568 2126 1622 alias
2158 1568 2461 1624 doctissimi
2486 1569 2781 1638 judicium,
2814 1570 2900 1624 vel
2931 1569 3130 1624 exinde
3148 1581 3392 1639 apparet,
3428 1575 3576 1643 quod

1990 1659 2233 1728 plerique
2266 1659 2381 1713 fere
2400 1669 2651 1715 aut-tores
2681 1661 2791 1725 isti,
2825 1676 2965 1731 quos
3010 1664 3278 1717 conlictos
3326 1666 3575 1719 credide-

1993 1760 2078 1804 rat
2114 1750 2448 1817 Blondellus,
2484 1768 2631 1806 nunc
2685 1752 2737 1805 in
2787 1753 3032 1806 omnium
3074 1763 3364 1809 versentur
3401 1757 3578 1809 mani-

1920 1840 1961 1895 B
1989 1840 2113 1907 bus,
2143 1849 2308 1910 atque
2333 1842 2790 1911 peritissimorum
2818 1853 3019 1897 nostrae
3052 1843 3226 1898 aetatis
3258 1844 3573 1899 criticorum

1988 1935 2413 2004 comprobentur
2436 1934 2668 1988 calculo.
2688 1934 2968 1990 Blondello
2988 1936 3314 2005 astipulatur
3331 1935 3575 1990 Edmun-

1988 2026 2093 2079 dus
2113 2024 2429 2099 Alhertinns
2454 2023 2596 2077 libro
2625 2037 2664 2076 ιι
2708 2021 2786 2076 De
2820 2033 3154 2076 sacramento
3188 2021 3569 2085 Eucharistiaz,

1985 2131 2041 2184 p.
2075 2130 2150 2169 m.
2190 2114 2296 2168 420
2336 2113 2435 2184 (7),
2486 2114 2579 2183 qui
2609 2127 2841 2167 censura
2870 2114 3046 2183 magis
3079 2128 3243 2182 quam
3278 2112 3571 2167 dictatoria

1985 2205 2357 2260 testimonium
2403 2202 2666 2274 Magnetis
2714 2219 2743 2257 a
2786 2202 3058 2259 Turriano
3092 2204 3326 2274 aliisque
3367 2203 3573 2274 produ-

1985 2306 2155 2361 ctum,
2197 2297 2411 2351 veritati
2435 2312 2616 2351 causa:
2636 2295 2906 2363 ditiidens,
2930 2312 3055 2351 cum
3089 2313 3195 2350 non
3230 2306 3416 2366 posset
3445 2313 3575 2367 pro-

1985 2389 2150 2444 babili
2193 2390 2376 2460 aliqua
2427 2392 2638 2444 ratione
2681 2388 2944 2453 refutare,
2994 2387 3221 2442 irridere
3266 2387 3480 2451 maluit,
3508 2401 3573 2442 ac

1983 2482 2290 2551 petulanter
2318 2483 2464 2537 hunc
2490 2482 2545 2535 in
2577 2481 2800 2535 modum
2826 2479 3116 2549 explodere
3138 2481 3402 2534 tentavit:
3432 2478 3572 2533 Tur-

1984 2574 2164 2628 rianus
2198 2574 2399 2643 primus
2418 2574 2653 2633 omnium
2679 2573 2851 2644 (quod
2875 2571 3117 2642 equidem
3149 2568 3353 2641 sciam)
3384 2580 3572 2639 pratu-

1983 2663 2045 2717 lit
2070 2664 2125 2716 in
2155 2665 2367 2733 scriptis
2399 2665 2511 2718 suis
2537 2662 2693 2717 verba
2726 2664 2836 2716 haec
2866 2662 3043 2715 nescio
3086 2661 3224 2715 unde
3245 2671 3458 2731 sumpta
3502 2676 3569 2715 ea:

1984 2754 2226 2825 Magnete
2260 2757 2513 2809 adversus
2556 2753 2930 2810 Thcosthenem
2966 2792 2983 2809 .
3018 2793 3033 2808 .
3067 2791 3083 2807 .
3143 2751 3334 2806 Verum
3365 2753 3436 2806 ad
3467 2768 3567 2822 po-

1980 2846 2165 2914 pulant
2202 2844 2467 2915 phaleras.
2491 2844 2621 2910 Quis
2646 2845 2782 2898 enim
2807 2852 3055 2911 vetentur,
3079 2845 3185 2897 imo
3204 2844 3361 2897 etiam
3393 2859 3568 2897 recen-

1982 2937 2172 2989 tiorum
2201 2952 2294 3005 per
2326 2952 2505 2990 norem
2544 2949 2635 2991 aut
2664 2937 2839 2990 decem
2884 2935 3081 2991 scecnla
3110 2935 3370 3006 Magnetis
3408 2936 3564 3007 hujus

1978 3026 2058 3079 uel
2080 3027 2254 3097 quoad
2288 3044 2475 3081 nomen
2507 3037 2712 3080 tantum
2740 3028 3076 3081 meminerit?
3109 3025 3365 3080 Fictitius
3408 3043 3566 3096 pror-

1978 3134 2068 3172 sus
2094 3130 2282 3172 auctor
2325 3129 2425 3185 est,
2471 3128 2562 3172 aut
2589 3118 2775 3172 saltem
2811 3135 2971 3171 novus
3005 3118 3203 3184 aliquis
3251 3134 3313 3171 ac
3337 3133 3564 3187 nuperra

1979 3211 2259 3280 grccculus,
2311 3211 2462 3279 cujus
2493 3210 2812 3278 scriptorum
2845 3211 3108 3263 certitudo
3139 3219 3253 3263 tota
3281 3219 3358 3264 est
3401 3227 3560 3281 penes

1983 3301 2305 3356 Turrianum
2345 3304 2523 3385 exigui
2568 3303 2768 3372 judicii
2797 3304 2990 3367 virum,
3036 3304 3260 3373 ﬁdeique
3289 3303 3437 3356 valde
3467 3322 3562 3358 su-

1977 3404 2185 3465 δρεεεω.
2222 3393 2291 3449 Et
2317 3395 2511 3449 audent
2545 3396 2836 3449 adversarii
2867 3395 3061 3465 absque
3098 3395 3209 3449 ulla
3246 3398 3559 3450 uerecundia
3650 3436 3656 3443 .

1976 3486 2234 3554 ejusmodi
2265 3487 2576 3558 quisquilias
2600 3503 2694 3556 pro
2728 3497 2958 3541 veterum
2988 3489 3337 3541 monumentis
3367 3489 3422 3539 in
3447 3504 3561 3541 me-

1978 3579 2123 3631 dium
2154 3580 2456 3633 adducere?
2489 3578 2630 3632 Proh
2665 3578 2762 3633 Dei
2797 3593 2844 3632 et
2873 3579 3142 3632 hominum
3184 3580 3339 3647 ﬁdem
3360 3579 3381 3631 .'
3431 3580 3563 3646 Quae

1978 3687 2292 3742 quanquam
2329 3682 2531 3727 temere
2550 3673 2776 3726 omnino
2808 3682 2860 3725 et
2882 3681 3202 3741 arroganter
3228 3671 3296 3725 ab
3325 3686 3390 3727 eo
3413 3673 3556 3726 dicta

1976 3764 2106 3826 sint,
2145 3778 2175 3817 a
2212 3763 2429 3817 nemine
2462 3771 2643 3816 tamen
2672 3750 2937 3816 hactentis
2963 3760 3196 3816 relutata
3222 3760 3395 3824 video,
3419 3778 3560 3831 quo-

1986 3856 2132 3909 niam
2160 3855 2227 3909 de
2247 3853 2491 3925 Magnete
2516 3855 2940 3924 Apocriticorum
2970 3862 3194 3907 auctore
3212 3853 3343 3906 nihil
3372 3852 3440 3906 ab
3461 3870 3563 3911 an-,

1984 3946 2317 4016 tiquioribus
2351 3946 2629 4000 memoria:
2656 3946 2928 4015 proditum
2962 3943 3244 4013 hucusque
3271 3944 3512 3998 constitit
3539 3961 3555 3999 :

1973 4045 2303 4105 quapropter
2333 4036 2523 4090 inanes
2551 4035 2824 4089 Alhertini
2857 4033 3233 4088 cavillationes
3275 4043 3437 4102 atque
3467 4051 3557 4087 ar-

1973 4138 2357 4198 gumentorum
2392 4128 2565 4197 ipsius
2593 4125 2904 4181 lutilitatem
2937 4124 3226 4193 deinceps,
3265 4141 3388 4178 cum
3438 4126 3555 4196 ipsa

1972 4218 2236 4290 Magnetis
2264 4218 2572 4291 fragmenta
2607 4218 3096 4287 percensebuntur,
3117 4217 3442 4288 explodendi
3474 4220 3555 4272 lo-

1972 4326 2072 4366 cus
2124 4311 2247 4365 erit.
2305 4310 2523 4365 Interim
2585 4311 2887 4365 rectissime
2924 4311 3149 4366 omnino
3216 4310 3303 4363 hic
3340 4309 3554 4378 judicat

1973 4400 2035 4455 Β.
2066 4399 2151 4454 Jo.
2177 4400 2301 4456 Alb.
2334 4400 2622 4457 Fabricius
2653 4400 2761 4473 (8):
2796 4398 3064 4470 Injuriam
3109 4402 3191 4455 his
3218 4402 3383 4455 verbis
3412 4396 3554 4455 Ter-

298 4502 578 4549 cramento
599 4491 954 4549 Eucharistiee
974 4494 1216 4564 realique
1236 4494 1481 4564 corporis
1506 4504 1560 4549 et
1586 4494 1867 4566 sanguinis
1895 4511 1946 4570 ο
1973 4494 2124 4548 riano
2152 4494 2267 4560 ﬁeri
2293 4510 2395 4547 non
2413 4503 2490 4547 est
2513 4494 2752 4559 dubium,
2777 4487 3028 4564 longeque
3052 4495 3215 4564 magis
3240 4497 3553 4564 optaverim,

297 4584 500 4642 Christi
557 4584 842 4655 prasentia
889 4585 1070 4655 (quod
1128 4586 1182 4639 in
1240 4587 1408 4639 altera
1457 4584 1865 4642 Dissertationis

298 4686 450 4745 parte
475 4677 896 4731 examinandum
947 4676 1444 4747 vindicandumque
1488 4676 1665 4747 erit);
1701 4676 1870 4732 David

298 4766 607 4823 Blondellus
646 4768 882 4839 primum
928 4767 998 4822 ob
1037 4777 1345 4838 suspectam
1397 4766 1652 4822 Turriani
1708 4768 1868 4823 ﬁdem

295 4857 461 4912 simul
483 4873 700 4928 quoque
725 4856 1024 4929 Magnetem
1053 4856 1302 4911 adversus
1335 4859 1454 4929 (vel
1489 4859 1691 4913 rectius
1711 4900 1728 4925 ,
1759 4859 1866 4930 ad)

299 4951 690 5016 Theosthenem,
708 4959 965 5022 tanquam
982 4953 1301 5023 scriptorem
1318 4954 1578 5008 hactenus
1596 4954 1864 5021 ignotum,

294 5044 436 5098 inter
461 5043 627 5099 libros
650 5050 1006 5114 auctoresque
1035 5043 1287 5111 ineditos,
1326 5045 1419 5116 qui
1443 5060 1544 5101 nec
1573 5045 1641 5101 ad
1670 5062 1867 5102 manus

292 5145 443 5200 sunt,
474 5151 576 5191 nec
620 5149 742 5190 esse
770 5145 1031 5206 possunt,
1063 5134 1321 5191 audacter
1355 5135 1555 5192 referre
1582 5137 1867 5208 haudqua-

292 5241 459 5298 quam
489 5235 574 5282 est
620 5226 846 5283 veritus.
917 5226 996 5282 Ita
1034 5228 1181 5283 enim
1233 5227 1288 5281 in
1318 5225 1768 5298 pseudo-Isidoro
1815 5237 1866 5282 et

355 5471 442 5543 (ι)
477 5469 568 5555 Uti
593 5485 719 5555 clm}
740 5481 937 5555 vpcant
964 5469 1288 5555 Espepcaeus
1317 5469 1389 5526 De
1413 5471 1738 5555 continentia
1763 5471 1859 5553 lib.

292 5540 977 5678 ἔιιξῗνᾰεῗὶ,“ἐέ⁹³ἱι¹ξ3ῗιὶέ“
988 5542 1339 5668 ἂὲιξιῗέέῖιῖἕ
1358 5552 1862 5681 ἷτῗᾟῗέῧΐοῗνῗὲἑῖὶ

291 5682 355 5735 de
381 5682 728 5737 scriptoribus
751 5682 877 5737 eccl.

365 5753 440 5822 (5)
468 5751 624 5819 Quod
649 5752 882 5826 elogium
912 5751 1014 5822 ipsi
1052 5753 1241 5807 tribuit
1269 5751 1457 5826 Steph.
1495 5752 1545 5826 le
1577 5752 1770 5826 Moyne
1803 5755 1856 5809 in

294 5819 594 5894 Pmlegotu.
624 5823 690 5878 ad
735 5819 894 5877 Varia
925 5819 1097 5888 sacra,
1132 5834 1263 5877 tom.
1295 5824 1333 5889 l,
1368 5819 1461 5878 lol.
1501 5825 1584 5879 15.

1974 4594 2033 4637 ut
2072 4583 2332 4655 Magnetis
2374 4584 2535 4638 libros
2580 4584 2773 4654 aliquis
2825 4584 2957 4637 bona
2982 4582 3236 4639 Ecclesia:
3274 4586 3330 4639 in
3384 4593 3552 4640 lucem

1970 4678 2243 4747 proferat;
2297 4677 2402 4731 sive
2458 4674 2755 4746 Magnetem
2806 4675 2961 4729 illum
3011 4675 3551 4747 Hierosolymitanun.

1973 4769 2330 4837 presbyterum
2356 4808 2371 4834 ,
2410 4768 2515 4821 sive
2570 4765 2868 4820 Macarium
2931 4767 3229 4837 Magnetem
3282 4784 3549 4823 auctarem

1971 4859 2216 4913 habeant.
2254 4857 2365 4913 Nec
2398 4858 2580 4911 minus
2617 4856 2932 4927 Christoph.
2987 4856 3222 4914 Sandius
3264 4858 3319 4913 in
3366 4860 3547 4916 'l‘ract.

1968 4952 2048 5008 De
2094 4952 2351 5008 ueteribus
2400 4951 2744 5020 scriptoribus
2775 4951 3176 5017 ecclesiasticis,
3211 4968 3263 5017 p.
3315 4951 3400 5017 19,
3429 4953 3548 5008 sine

1969 5046 2081 5100 ullo
2110 5045 2193 5099 vel
2222 5042 2483 5098 levissimi
2517 5041 2819 5111 argumenti
2849 5041 3053 5096 indicio
3098 5040 3400 5110 Magnetem
3432 5043 3546 5095 hae-

1969 5137 2199 5193 reticum
2246 5134 2595 5205 pronuntiat:
2641 5131 2956 5199 Turrianus,
2990 5133 3186 5203 inquit,
3222 5134 3277 5186 in
3308 5133 3538 5189 Canstit.

1969 5230 2136 5286 Clem.
2190 5230 2342 5285 Rom.
2387 5227 2584 5298 allegat
2628 5226 2889 5299 Magnetis
2922 5226 3016 5283 lib.
3052 5243 3114 5282 ιιι
3163 5228 3544 5299 Apologiarum

2041 5475 2119 5547 (6)
2152 5475 2366 5541 Horat,
2408 5474 2485 5527 De
2516 5482 2630 5528 arte
2654 5483 2816 5542 poet.,
2850 5491 2903 5528 ν.
2942 5474 3067 5529 158.

2041 5579 2120 5651 (‘7)
2156 5577 2299 5634 Edit.
2336 5577 2592 5634 Daventr.
2626 5576 2782 5641 1654,
2824 5574 2921 5631 fol.

2040 5684 2117 5754 (8)
2151 5682 2289 5738 Tum
2324 5684 2379 5737 in
2415 5682 2627 5736 Delectu
2649 5691 3077 5754 argumentorum
3102 5692 3150 5735 et
3184 5682 3390 5752 syllaba
3406 5687 3530 5738 scri-

1967 5752 2190 5834 plagam.
2208 5760 2273 5834 de
2302 5754 2521 5834 veritate
2543 5754 2807 5834 religionis
2829 5752 3261 5834 Christianaqp.
3305 5754 3394 5819 66,
3424 5756 3539 5810 tum

1968 5820 2024 5880 in
2048 5820 2372 5880 Bibliotheca
2409 5822 2612 5889 erra,
2642 5820 2732 5878 lib.
2760 5839 2815 5890 v,
2837 5838 2957 5892 cap.
2992 5823 3041 5885 l,
3068 5838 3120 5891 p.
3152 5820 3277 5876 276.
