4058 6370
466 354 606 413 1547

1742 353 2102 411 MACARIUS
2136 351 2437 408 MAGNES.

3583 355 3731 412 1548

462 491 562 545 pro
595 472 884 547 Evangelia
916 483 1103 530 contra
1126 473 1500 531 Theosthenem
1522 476 1797 545 gentilem;
1828 476 1920 546 qui
1945 492 2044 529 au-

2160 471 2315 544 τοφοῦ
2341 474 2405 546 δὴ
2438 474 2751 549 τούτουῌκαὶ
2769 475 2949 530 δεινοῦ
2970 477 3305 549 κατανοῆσαι
3351 476 3740 549 ὕπογραφέως.

466 579 582 622 ctor
628 585 932 639 quanquam
985 567 1027 622 Τ
1031 570 1251 623 urriano
1279 577 1359 623 est
1400 571 1628 639 scriptor
1657 568 2045 624 ecclesiasticus

468 663 788 731 temporibus
813 661 1177 731 apostolorum
1198 663 1422 728 vicinus,
1450 663 1578 716 mihi
1613 671 1787 716 tamen
1826 672 1901 716 est
1936 678 2049 715 cer-

454 761 553 806 tus
582 751 885 806 haereticus.
924 749 1078 806 Haud
1112 752 1282 806 dubie
1315 751 1590 807 infaustus
1619 752 1719 806 iste
1753 750 1936 806 Soeini
1964 765 2050 805 se-

466 850 644 898 ctator
671 858 737 898 ex
766 855 830 897 ea
861 843 1075 898 ratione
1110 852 1321 899 certam
1363 844 1632 899 haereseos
1671 854 1854 897 notam
1883 842 2051 897 inurit

466 934 676 989 auctori
707 943 898 989 nostro
928 974 943 1000 ,
986 935 1133 1005 quod
1163 934 1364 989 Filium
1402 935 1499 990 Dei
1525 935 1867 1005 unigenitum
1899 932 2048 988 Patri

272 1016 279 1022 ’
354 1068 379 1095 ι,
467 1043 572 1084 suo
597 1024 915 1099 ἱσοδύναμον
942 1037 996 1083 et
1029 1029 1200 1097 Λόγον
1238 1027 1598 1083 ὑποστατικὺν
1625 1028 1844 1082 disertis
1870 1027 2051 1082 verbis

466 1122 721 1183 asseruit.
761 1117 932 1177 With.
978 1120 1110 1175 Ern.
1140 1120 1451 1177 Tentzelius
1504 1123 1556 1175 in
1596 1120 2049 1175 Exercitationum

348 1269 361 1284 ,
463 1212 775 1271 selectarum
798 1224 949 1286 parte
974 1218 1299 1286 posteriore,
1327 1231 1380 1285 p.
1405 1216 1513 1270 255
1548 1231 1689 1285 seq.,
1727 1214 2053 1269 auctoritate

462 1306 731 1362 Albertini
760 1308 1019 1377 abreptus
1054 1322 1114 1363 se
1150 1308 1315 1363 nimis
1346 1307 1505 1361 facile
1526 1305 1703 1377 decipi
1727 1320 1921 1376 passus
1944 1314 2049 1372 est,

464 1398 594 1455 dum
624 1399 939 1466 arbitratur,
971 1398 1217 1455 Natalem
1265 1399 1638 1454 Alexandrum
1687 1399 1743 1453 in
1784 1398 2053 1454 disserta-

466 1490 612 1548 tione
641 1491 923 1548 Albertino
949 1494 1199 1563 opposita
1237 1508 1304 1547 ne
1348 1493 1560 1548 hiscere
1595 1492 1817 1562 quidem
1855 1507 2051 1547 ausum

464 1600 586 1640 esse
606 1585 868 1641 adversus
916 1601 1001 1652 ea,
1034 1600 1157 1656 qua:
1207 1585 1462 1655 superius
1493 1601 1560 1640 ex
1604 1585 1886 1639 Albertino
1928 1599 2055 1654 pro-

466 1674 745 1730 duximus.
800 1674 992 1745 Majori
1043 1676 1235 1745 utique
1292 1675 1559 1729 modestia
1605 1674 1885 1744 animique
1922 1690 2055 1730 can-

467 1767 602 1821 dore
630 1766 796 1822 sentit
829 1765 975 1822 Guil.
1009 1767 1153 1822 Cave
1185 1768 1238 1820 in
1265 1766 1513 1821 Historia
1539 1766 1807 1821 litterario
1830 1768 2054 1836 scripto-

467 1875 588 1912 rum
613 1857 928 1925 ecclesiast.,
960 1860 1028 1915 ad
1060 1860 1126 1914 A.
1155 1859 1217 1915 C.
1252 1861 1391 1915 350:
1419 1860 1588 1927 Certe,
1631 1861 1830 1932 inquit,
1863 1862 1927 1917 de
1951 1864 2054 1917 hu-
2085 1836 2127 1891 Β

460 1949 759 2020 juscemodi
773 1951 983 2021 scriptis
1001 1963 1219 2021 praestat
1240 1952 1478 2024 ἐπέχειν,
1497 1954 1659 2009 donec
1684 1955 1786 2024 ipsi
1814 1965 2052 2009 auctores

459 2041 527 2110 .in
550 2040 819 2111 publicum
851 2043 1133 2113 prodeant,
1161 2055 1215 2099 ut
1233 2043 1501 2114 judicium
1526 2046 1589 2100 de
1622 2048 1689 2100 iis
1710 2048 1847 2117 ferre
1872 2046 2049 2101 liceat.

471 2130 737 2199 Quamvis
767 2135 909 2190 idem
944 2134 998 2190 ln
1030 2142 1186 2206 parte
1224 2136 1394 2192 altera
1444 2137 1611 2207 hujus
1657 2138 1838 2208 operis
1870 2139 1939 2193 ad
1981 2139 2047 2192 A.

470 2222 535 2279 C.
583 2223 689 2279 265
710 2219 1013 2297 Magnetem
1046 2235 1294 2281 nostrum
1313 2242 1439 2282 cum
1471 2225 1715 2298 Magnete
1740 2227 2054 2299 presbytero

471 2311 977 2386 Hierosolymitano
1011 2315 1345 2383 confundat,
1377 2332 1539 2387 quem
1565 2332 1631 2372 ex
1667 2316 1922 2372 Germani
1957 2335 2054 2387 pa-

471 2403 726 2458 triarcha:
750 2402 856 2458 (ΣΡ.
894 2403 1209 2475 Dogmatico
1247 2422 1351 2461 ms.
1393 2406 1461 2461 ad
1494 2406 1812 2461 Authimum
1846 2410 2054 2480 colligit

472 2494 787 2551 interfuisse
833 2496 1069 2552 concilio
1123 2497 1467 2553 Antiocheno
1516 2499 1781 2555 adversus
1821 2498 2052 2555 Paulum

474 2582 892 2642 Sumosatcnum
914 2588 980 2643 A.
1009 2588 1070 2642 C.
1102 2588 1211 2644 265
1246 2590 1457 2645 habito.
1500 2616 1505 2623 ’

476 2697 622 2771 §lll.
655 2698 862 2755 Nomen
880 2699 1108 2755 Macarii
1130 2703 1431 2775 an.auctori
1460 2714 1641 2758 nostra
1668 2707 1737 2758 sit
1757 2706 2051 2775 proprium,

629 2802 633 2807 -
1009 2788 1078 2825 an
1126 2772 1523 2842 appellativum.

549 2859 837 2931 Proprium
885 2862 933 2918 si
981 2864 1280 2933 quaerimus
1333 2881 1534 2921 nomen
1580 2866 1818 2922 auctoris
1860 2868 2053 2933 nostri,

474 2948 874 3021 dispiciendum
907 2952 997 3008 hic
1021 2954 1258 3023 primum
1289 2954 1416 3021 erit,
1437 2968 1508 3009 an
1530 2967 1635 3009 vox
1667 2955 1952 3026 Μακάριος
1985 2955 2057 3010 sit

474 3045 669 3109 titulus
700 3046 959 3114 honoris,
1005 3048 1101 3120 qui
1151 3050 1427 3121 plerisque
1472 3059 1718 3106 veterum
1768 3062 2055 3106 auctorum

475 3141 847 3196 monumentis
870 3139 1073 3213 prteligi
1103 3142 1262 3209 solet,
1292 3158 1362 3197 an
1396 3158 1525 3199 vero
1551 3144 1825 3214 peculiare
1851 3144 1920 3198 sit
1950 3157 2055 3197 no-

475 3242 600 3286 men
632 3232 924 3302 personaei
956 3229 1022 3287 Et
1066 3231 1417 3304 reperiuntur
1457 3237 1678 3305 quidem
1730 3234 2057 3306 fragmenta,

410 3341 415 3346 '
475 3339 597 3394 qua:
632 3324 851 3379 titulum
877 3324 971 3378 τοῦ
1002 3324 1288 3398 Μακαρίου
1310 3328 1604 3398 Μαγνήτου
1626 3343 1737 3399 pra:
1765 3343 1823 3383 se
1857 3327 2058 3393 ferunt,

475 3425 537 3470 ut
566 3416 761 3471 exinde
784 3417 1170 3486 appellativum
1200 3433 1400 3473 nomen
1431 3402 1573 3472 beati
1626 3418 1889 3488 Magnetis
1922 3433 2059 3474 con-

406 3512 411 3519 '
477 3519 629 3585 stare
661 3509 910 3564 videatur
941 3510 1041 3581 (9).
1091 3507 1150 3565 In
1182 3511 1303 3565 aliis
1333 3510 1530 3581 legitur
1579 3510 1858 3580 inscriptio
1891 3511 2062 3581 aequi-

475 3612 613 3655 voca
648 3601 936 3672 Μακαρίου
976 3598 1291 3671 Μάγνητος,
1316 3618 1439 3672 quas
1465 3617 1571 3656 non
1604 3601 1826 3671 propria
1859 3601 2051 3657 minus

478 3707 645 3761 quam
670 3693 999 3762 appellativa
1033 3694 1431 3763 signiﬁcatione
1462 3696 1687 3766 intelligi
1720 3705 1898 3765 potest
1921 3697 2057 3768 (l0).

479 3776 681 3838 Verum
732 3800 799 3839 ex
827 3784 1251 3855 antiquissimis,
1281 3786 1483 3856 quibus
1534 3787 1619 3841 usi
1654 3803 1869 3854 sumus,
1906 3787 2063 3842 codi-

478 3874 634 3929 cibus
684 3890 817 3930 mss.
863 3876 1070 3931 rectius
1117 3876 1505 3945 comprobatur
1548 3878 1739 3933 titulus
1774 3878 1867 3932 τοῦ
1905 3878 2059 3947 ἁγίου

477 3961 797 4038 Μακαρίου,
836 3969 929 4037 qui
957 3976 1199 4022 sanctum
1224 3967 1542 4035 Macarium,
1574 3971 1791 4040 proprio
1838 3972 2062 4027 nomine

477 4058 747 4126 designat.
790 4054 868 4113 Ita
921 4075 1155 4129 namque
1206 4060 1437 4131 legimus
1468 4062 1521 4115 in
1556 4060 1845 4133 Nicephori
1871 4064 2060 4118 Antir-

477 4150 714 4229 qheticis,
750 4151 843 4220 qui
890 4149 1171 4221 deperdita
1214 4154 1501 4223 scriptoris
1542 4156 1716 4210 nostri
1753 4154 2060 4227 fragmenta

476 4243 945 4312 complectuntur:
1007 4244 1161 4314 Ἔχει
1211 4244 1388 4299 τοίνυν
1429 4248 1462 4316 ἡ
1506 4245 1605 4317 τῆς
1644 4248 1891 4319 χρήσεως
1937 4251 2059 4304 ὲπι-

477 4331 662 4404 γραφὴ
687 4326 789 4386 ὧδε
806 4349 820 4362 ·
854 4331 966 4386 Τοῦ
992 4332 1165 4403 ἁγίου
1190 4336 1497 4404 Maxaplov
1528 4337 1606 4399 ,ἐκ
1638 4338 1748 4405 τῆς
1774 4337 2060 4408 τετάρτης

473 4418 699 4483 ,βίϐλου
734 4418 856 4473 τῶν
894 4420 1323 4489 Ἀποκριτικῶν.
1370 4425 1557 4478 Ἔστιν
1591 4425 1687 4496 μὲν
1712 4422 1805 4481 οὖν
1829 4429 1941 4481 κάκ
1963 4427 2057 4482 τοῦ

2150 542 2405 637 Τοῢνομα
2448 565 2557 637 γὰρ
2602 542 2761 637 ὦνον
2808 567 3050 639 προθεὶς,
3091 569 3176 633 τίς
3196 542 3277 623 ’ἂν
3296 542 3741 641 οῧτκνῦπῆρξέν

2148 674 2281 710 ποτε
2324 659 2353 711 ὁ
2398 658 2711 730 Μακάριος,
2760 658 2950 731 ὥσπερ
2989 659 3084 713 καὶ
3120 660 3274 731 αὑτῷ
3315 660 3626 732 βασκαίνων
3657 660 3744 733 τῷ

2151 752 2459 821 συγγραφεῖ
2489 751 2588 822 τῆς
2615 750 2793 816 ἀξίας,
2818 750 2879 803 οὐ
2914 751 3329 818 ωνεκδέὸωκεν,
3363 749 3471 825 ἆρα
3498 756 3610 818 τοῖς
3639 753 3744 827 τῆς

2097 898 2101 903 ,
2153 841 2456 914 ἱερωσύνης
2476 843 2779 914 ἐμπρέπων
2812 845 3093 915 αὐχήμασι
3115 844 3444 915 διεφαίνετο,
3473 847 3569 901 καί
3594 864 3744 913 τινος
3788 882 3795 891 -

2150 933 2359 996 πόλεως
2404 934 2530 996 τοὺς
2558 932 2751 997 οἴακας
2791 934 3164 1006 ἐγκεχείριστο
3188 975 3204 999 ,
3252 936 3289 1005 ἢ
3335 935 3480 1007 ἄλλῳ
3537 936 3600 1007 δή
3634 955 3743 992 τινι

2151 1023 2339 1094 κλήρῳ
2374 1023 2653 1092 τυγχάνων
2682 1023 3137 1095 ἀποτεταγμένος,
3160 1024 3482 1096 Χριστιανὸς
3511 1025 3570 1079 δὲ
3588 1027 3742 1097 ὅμως

2151 1118 2246 1171 καὶ
2288 1116 2380 1170 τοῦ
2425 1118 2524 1188 τῆς
2570 1115 2853 1180 εὐσεϐείας
2902 1116 3262 1188 ἀντεχόμενος
3289 1117 3489 1187 λόγου;
3528 1137 3584 1173 κ.
3609 1138 3661 1173 τ.
3686 1119 3741 1175 λ.

2111 1252 2123 1267 .
2150 1210 2228 1263 Ac
2263 1207 2780 1278 testimoniiquidem
2798 1208 3074 1276 inscriptio
3098 1210 3334 1264 Itwcest:
3357 1229 3376 1261 ι
3416 1208 3602 1265 Sancti
3625 1211 3740 1281 (ll)

2154 1299 2386 1355 Macarii
2424 1316 2490 1354 ex
2513 1312 2704 1370 quarto
2741 1300 2878 1354 libro
2899 1300 3346 1370 Apocriticorum.
3378 1321 3403 1355 ι
3452 1300 3638 1356 Facile
3660 1311 3741 1357 est

2151 1408 2218 1446 ea:
2245 1393 2363 1462 ipsa
2389 1394 2733 1462 inscriptione
2754 1392 2994 1462 fraudem
3023 1404 3071 1448 et
3100 1392 3368 1447 malitiam
3402 1395 3540 1460 vafri
3575 1394 3741 1463 hujus

2153 1500 2216 1539 ac
2256 1485 2453 1539 recocti
2497 1485 2686 1539 scriba:
2718 1486 3096 1555 deprehendere
3136 1486 3271 1558 (12).
3295 1484 3423 1541 Salo
3461 1487 3604 1541 enim
3644 1504 3745 1541 no-

2153 1576 2293 1630 mine
2340 1578 2575 1646 prolato,
2622 1586 2874 1649 tanquam
2913 1586 2963 1631 et
3010 1578 3260 1647 scriptori
3296 1578 3399 1648 ipsi
3428 1579 3743 1649 dignitatem

2154 1669 2428 1736 invideret,
2459 1671 2563 1722 non
2593 1668 2886 1724 declaravit
2947 1671 3193 1741 quisnam
3218 1670 3380 1739 fuerit
3422 1662 3519 1724 iste
3552 1669 3746 1724 Maca-

2157 1764 2305 1827 rius;
2337 1779 2406 1816 an
2458 1762 2752 1817 sacerdotii
2796 1763 3086 1833 insignibus
3135 1763 3488 1835 conspicuus?
3531 1778 3601 1816 an
3635 1762 3746 1815 ali-

2162 1855 2312 1923 cujus
2341 1844 2501 1908 urbis'
2529 1854 2895 1925 gubernaculis
2939 1854 3228 1911 admotus?
3278 1872 3350 1908 an
3383 1855 3480 1909 alii
3527 1855 3744 1925 quidem

2160 1946 2367 2000 muneri
2397 1946 2750 2001 ecclesiastico
2787 1946 3067 2009 addictus,
3102 1945 3440 2001 Christianus
3485 1955 3657 2000 tamen
3691 1955 3748 1999 et

2160 2036 2464 2092 orthodoxa:
2484 2036 2609 2105 fidei
2639 2037 2939 2091 doctrinam
2985 2037 3299 2107 professus?
3324 2050 3430 2093 etc.
3465 2037 3745 2093 Caeterum

2159 2127 2321 2201 longa
2366 2129 2548 2184 adhuc
2588 2129 2736 2185 facili
2796 2131 3014 2201 negotio
3048 2130 3140 2185 hic
3188 2129 3502 2200 percenseri
3552 2138 3748 2201 posset

2159 2224 2330 2279 series
2387 2211 2671 2279 auctorum
2751 2223 3244 2279 ecclesiasticarum
3279 2260 3295 2288 ,
3362 2222 3563 2294 quibus
3637 2222 3747 2277 hoc

2160 2332 2357 2371 nomen
2429 2311 2729 2388 proprium
2784 2317 3012 2372 Macarii
3066 2332 3192 2375 cum
3272 2324 3494 2373 auctore
3553 2324 3749 2370 nostro

2160 2424 2450 2465 commune
2477 2408 2611 2475 fuit;
2645 2409 2750 2464 nisi
2779 2425 2892 2464 rev.
2931 2408 2997 2465 ll.
3037 2410 3105 2465 G.
3130 2407 3382 2465 Siberum
3406 2448 3424 2476 ,
3458 2408 3746 2482 professo-

2159 2518 2274 2558 rem
2304 2501 2638 2572 Lipsieusetn
2661 2502 3523 2574 celebratissimum,peculiarem
3557 2502 3749 2557 Histo-

2159 2596 2298 2650 riam
2329 2593 2497 2648 XLII
2536 2593 2902 2650 Macariorum
2926 2594 3137 2651 dudum
3165 2597 3562 2667 1composuisse
3604 2596 3746 2669 (1⁵5),

2163 2701 2378 2743 necnon
2431 2686 2493 2742 Β.
2543 2686 2593 2742 J.
2638 2689 2703 2742 A.
2734 2687 3043 2744 Fabricium
3081 2690 3137 2744 in
3175 2689 3508 2745 Bibliotheca
3556 2689 3747 2747 Greca

2160 2776 2269 2832 vol.
2295 2775 2412 2844 VII,
2457 2792 2513 2848 p.
2550 2777 2679 2841 495,
2717 2777 2817 2831 SS.
2848 2777 2962 2847 jam
2994 2786 3108 2832 tum
3139 2779 3281 2832 ultra
3308 2794 3339 2833 ι.
3388 2777 3658 2835 Macarius
3691 2778 3748 2834 in

2166 2869 2383 2940 scriptis
2415 2877 2660 2924 veterum
2687 2868 3008 2925 observasse
3037 2878 3333 2925 constaret.
3362 2896 3365 2899 -

2341 2958 2370 3030 §
2393 2957 2483 3011 IV.
2522 2957 2731 3013 Nomen
2758 2958 3043 3029 Magnetis,
3075 2960 3353 3029 propriunt
3375 2957 3565 3030 gentis.

2233 3050 2389 3118 Quod
2414 3065 2541 3106 vero
2572 3051 2638 3105 ad
2666 3046 2927 3121 Magnetis
2956 3067 3153 3107 nomen
3188 3052 3384 3106 attinet
3409 3092 3425 3116 ,
3459 3052 3600 3107 istud
3629 3059 3748 3107 tam

2166 3146 2387 3217 integrat
2403 3144 2617 3199 cuidam
2650 3143 2796 3211 genti
2826 3143 2990 3198 tribui
3020 3158 3181 3213 posse
3201 3182 3218 3208 ,
3249 3150 3365 3197 tum
3397 3144 3565 3198 etiam
3619 3160 3753 3214 pro-

2163 3236 2339 3306 prium
2378 3233 2476 3287 viri
2527 3248 2726 3288 nomen
2770 3247 2915 3297 esse,
2954 3233 3106 3287 varia
3144 3233 3501 3288 historiarum
3550 3250 3753 3289 monu-

2164 3335 2347 3382 menta
2375 3335 2665 3382 testantur.
2705 3323 2837 3378 Duae
2865 3324 3011 3378 enim
3051 3324 3296 3401 celebres
3326 3323 3477 3380 fuere
3519 3327 3573 3380 in
3617 3327 3752 3384 Asia

2165 3417 2370 3472 “inore
2417 3417 2685 3480 civitates,
2737 3415 3027 3485 Magnesiae
3073 3416 3267 3481 dictae;
3306 3431 3414 3470 una
3469 3416 3645 3471 Cariae
3676 3418 3746 3473 ad

2163 3507 2386 3563 ﬂuvium
2417 3507 2773 3572 Maeandrum,
2795 3507 2963 3561 altera
2991 3505 3240 3577 Phrygias
3279 3507 3346 3561 ad
3384 3516 3627 3562 montem
3654 3506 3746 3562 Si-

2162 3601 2369 3672 pylum.
2413 3597 2564 3654 illam
2607 3597 2801 3654 Conon
2858 3599 2999 3667 apud
3031 3590 3285 3653 Photium
3341 3600 3462 3654 cod.
3491 3614 3752 3665 ccxxxvt,

2164 3701 2375 3746 narrat.
2407 3692 2497 3755 19,
2528 3690 2658 3745 dicit
2690 3690 2770 3745 sic
2803 3690 3126 3759 appellatam
3170 3705 3202 3744 a
3244 3688 3610 3762 Magnetibus,
3651 3696 3752 3765 qui

2164 3783 2231 3838 ad
2256 3783 2490 3838 Peneum
2519 3781 2743 3836 [luvium
2770 3790 3121 3850 montemque
3156 3780 3368 3837 Peliam
3408 3784 3751 3849 habitarunt.

2163 3873 2441 3943 ductuque
2471 3880 2526 3926 et
2553 3871 2814 3942 auspiciis
2838 3870 3065 3926 Prothoi
3098 3882 3292 3928 contra
3328 3872 3598 3943 Troianos
3640 3878 3749 3930 mi-

2161 3964 2479 4019 litaverunt.
2526 3962 2677 4018 Hanc
2701 3978 2833 4017 vero
2860 3961 3196 4033 Magnesiam
3236 3963 3536 4021 Thessalia:
3570 3983 3603 4021 a
3635 3967 3755 4024 Ma-

2164 4063 2323 4128 gnete
2346 4056 2475 4126 Argi
2506 4056 2619 4110 ﬁlio
2669 4071 2868 4110 nomen
2898 4058 3148 4113 sortitam
3173 4069 3367 4113 auctor
3387 4068 3475 4115 est
3515 4060 3753 4117 Antoni-

2162 4163 2268 4203 nus
2300 4147 2563 4203 Liberalis
2589 4146 2809 4203 Metam.
2849 4164 2971 4218 cap.
3010 4148 3083 4203 25
3115 4142 3233 4221 (Η)
3262 4149 3527 4207 Claudius
3569 4151 3756 4207 Ptole-

2161 4259 2332 4299 maeus
2348 4243 2510 4299 etiam
2543 4243 2595 4297 in
2621 4242 2948 4313 Geographie
2978 4242 3073 4297 lib.
3101 4255 3135 4295 ν
3166 4241 3302 4313 (15),
3330 4241 3666 4313 Magnesiam
3695 4247 3753 4301 in

2161 4334 2324 4390 Caria
2361 4334 2430 4389 ad
2482 4333 2818 4392 Maeandrum
2849 4333 3052 4388 diserte
3083 4333 3367 4402 distinguit
3405 4349 3436 4389 a
3468 4334 3750 4406 Magnesia

2161 4425 2379 4481 civitate
2443 4424 2499 4479 in
2542 4423 2711 4496 Lydia
2741 4433 2794 4479 et
2826 4422 3052 4478 Maeonia
3095 4439 3259 4494 penes
3321 4423 3565 4497 Sipylum
3609 4426 3750 4498 (l6).

478 4508 899 4581 ἐπιγράμματος
923 4511 1086 4565 αὐτοῦ
1116 4513 1178 4565 τὸ
1212 4511 1416 4583 ὕφαλόν
1447 4528 1506 4568 τε
1538 4517 1633 4569 καὶ
1660 4515 1929 4586 βάσκανον
1960 4518 2056 4572 τοῦ

2164 4515 2245 4570 Ex
2284 4516 2405 4571 istis
2453 4516 2617 4586 igitur
2663 4514 2973 4571 civitatibus
3036 4514 3362 4587 Magnetes;
3412 4516 3751 4590 Thucydidi,

553 4666 631 4738 (9)
660 4665 737 4752 lta
769 4668 1109 4752 enimIGraaci
1130 4670 1241 4741 jam
1261 4682 1374 4728 tum
1401 4675 1542 4729 hanc
1575 4692 1763 4752 vocgm
1791 4679 2064 4752 μακάριος

479 4737 549 4822 de
588 4737 1441 4822 mortuis‘solebant'usurpare:
1472 4749 1632 4822 sicuti
1893 4754 1922 4804 6
1947 4737 2063 4822 ’μαξ

480 4808 692 4890 κᾴριος,
739 4819 792 4891 et
821 4811 1230 4891 iipollinar_is_o
1276 4808 1690 4891 μακαριώτατος
1714 4808 2065 4891 ,μμόείιιάιιηι

479 4879 665 5003 lvigere
721 4879 1032 5003 desii‘sgent,
1061 4883 1128 4937 ab
1154 4879 1390 4939 Eusebio
1418 4879 1682 4941 vocantur
1716 4879 1874 4944 'H'ist.
1908 4879 2062 4958 eccl.,

504 4967 516 5002 t
563 4988 576 5002 .
602 4965 657 5003 ν.
690 4965 811 5003 can.
882 4988 894 5002 .
920 4988 934 5002 .

504 4965 576 5003 tu.
602 4965 657 5012 ν,
690 4965 811 5018 cap.
846 4965 934 5003 ιθ.

554 5019 820 5099 (l0)
866 5019 1195 5099 Ttllemontii
1252 5022 1491 5080 Histoire
1535 5027 1625 5080 des
1673 5044 1990 5099 empereurs,
2018 5039 2059 5085 t.

479 5086 571 5155 IV,
595 5105 656 5162 p.»
813 5108 921 5161 sq.,
955 5092 1005 5144 in
1046 5093 1331 5162 subiuncta
1364 5105 1510 5150 uota.

554 5159 835 5243 (ll)_llinc
861 5159 1106 5233 apparet,
1139 5159 1440 5218 Macarium
1464 5182 1662 5221 nomen
1693 5167 1866 5225 fuisse
1898 5169 2064 5241 hujus

479 5241 744 5285 auctoris.
1527 5268 1535 5279 .

536 5300 667 5381 .(l‘i)
690 5300 1044 5381 _lconomachi
1073 5303 1241 5370 enim,
1268 5305 1360 5375 qui
1399 5305 1467 5359 ad
1493 5307 1682 5381 hujus
1715 5310 1957 5381 auctoris
1989 5319 2067 5366 te-

482 5377 1282 5451 stimoniumprovocaverant,
1313 5377 1566 5451 consulto
1598 5394 1795 5451 nomen
1841 5379 2064 5451 Magne-

484 5442 554 5520 tis
591 5441 678 5520 hic
719 5442 976 5497 omisisse
1027 5444 1305 5520 videntur,
1357 5454 1416 5500 ut
1460 5448 1533 5502 ita
1560 5450 1728 5503 alium
1771 5441 2064 5520 quemdam

482 5510 777 5581 Macarium
799 5526 918 5565 esse
951 5510 1358 5581 persuaderent.
1789 5510 1807 5520 ⁸
1840 5528 1857 5553 '

555 5579 753 5650 (t5)_ln
784 5579 1012 5649 epistola
1043 5585 1109 5637 ad
1142 5583 1207 5638 ι).
1239 5585 1615 5643 Gleichenium
1642 5589 1706 5648 A.
1734 5588 1872 5644 1710
1898 5591 2063 5648 edita.

483 5646 1001 5727 Vigi_._thgcnateige
1030 5651 1386 5727 Nachrichten
1418 5658 1576 5725 mo,
1610 5675 1663 5727 p.
1692 5646 1817 5718 316.

553 5719 668 5786 (ιιι)
707 5716 952 5774 Nutante'
980 5721 1127 5777 Luca
1156 5723 1436 5780 Holsteuio
1482 5729 1535 5782 in
1564 5716 1713 5785 notis
1738 5716 2069 5787 ctvcastiaa-

553 5749 668 5786 ιιιι)
707 5749 937 5774 nuta-tu:
980 5749 1127 5777 unca
1158 5749 1436 5780 umssettm
1482 5749 1535 5782 In
1571 5749 1713 5785 nous
1738 5749 1792 5785 et
1834 5749 1970 5787 casu
2010 5749 2064 5787 a-

483 5790 724 5847 tlonibus
766 5791 820 5843 iu
853 5789 1184 5861 Stephanum
1213 5794 1432 5867 Byzaut.
1465 5798 1537 5854 De
1578 5802 1816 5870 urbibus,
1848 5819 1903 5873 p.
1942 5749 2064 5860 ιξιι.

2261 4666 2348 4733 lii)
2389 4666 2450 4722 P.
2486 4666 2609 4729 157,
2638 4668 2769 4723 edit.
2812 4671 2865 4721 in
2901 4667 2995 4723 fol.

2262 4738 2350 4814 lii)
2391 4737 2779 4814 Specialioretn
2821 4740 3263 4814 descriptionem
3284 4740 3377 4796 hic
3414 4740 3752 4814 subjungere

2165 4806 2367 4880 licebit
2398 4806 2467 4880 ett
2494 4811 2781 4880 auctoris_
2804 4806 3075 4880 rarissimi
3094 4810 3406 4880 paucisque
3450 4806 3752 4869 admodum

2166 4877 2394 4945 cogniti,
2443 4877 2709 4952 Alph_ons_i
2759 4877 2932 4952 Lasor
2982 4897 3013 4934 a
3066 4877 3239 4952 Varea
3295 4877 3411 4952 (qui
3468 4897 3563 4952 per
3616 4899 3756 4939 ana-

2165 4962 2412 5016 grannna
2441 4958 2526 5001 est
2562 4947 2807 5020 rRaphael
2847 4949 3202 5020 Savonarola)
3234 4947 3385 5006 torno
3417 4947 3481 5004 ll'
3506 4950 3754 5008 Universi

2124 5066 2132 5078 ,
2167 5027 2430 5088 terrarum
2456 5019 2597 5070 orbis
2639 5021 2952 5088 scriptorum
2984 5019 3192 5073 calamo
3236 5021 3506 5087 delineati,
3541 5021 3755 5079 Patavii

2167 5085 2328 5162 {715,
2365 5088 2579 5162 duobus
2610 5085 3061 5162 volutninirbusiu
3104 5089 3235 5162 folio
3262 5093 3427 5157 editi;
3463 5085 3623 5162 cujus
3662 5096 3753 5147 vi-

2169 5156 2574 5230 dendi_copiam
2619 5158 2752 5214 mihi
2784 5158 2913 5214 fecit
2944 5160 3173 5215 illustris
3207 5170 3370 5230 atquc
3394 5156 3752 5218 oonsitltissi-

2160 5238 2291 5281 'mus
2336 5226 2757 5302 l_)_n_._Gruherus
2800 5230 2852 5302 in
2897 5230 3223 5285 bibliotheca
3268 5226 3415 5302 regia
3455 5231 3758 5295 Hannovc-

2168 5312 2322 5370 rana.
2350 5296 2427 5352 lbi
2459 5298 2589 5370 hch
2614 5299 2891 5366 sigillatim
2926 5309 3107 5355 notata
3146 5296 3494 5370 reperiuntur
3529 5321 3543 5356 :
3586 5321 3606 5354 ι
3634 5304 3756 5356 Ma-

2204 5369 2352 5421 nesia
2405 5370 2536 5423 urbs
2560 5368 2733 5424 Caria:
2764 5371 2818 5422 in
2845 5370 2970 5425 Asia
3006 5368 3225 5425 Mmori—
3262 5387 3391 5442 rope
3417 5371 3755 5429 Maeandrum

2165 5383 2412 5490 savium:
2445 5439 2591 5490 unde
2615 5440 2758 5490 dicta
2787 5438 3059 5490 Magnesia
3090 5442 3156 5490 ad
3191 5387 3544 5490 hfmandrnm-
3590 5454 3754 5490 animi

2209 5438 2413 5504 uvium',
2445 5439 2591 5494 unde
2615 5440 2759 5494 dicta
2786 5438 3059 5506 Magnesia
3090 5442 3156 5496 ad
3191 5438 3545 5505 Maeandrum,
3590 5454 3756 5499 antea

2168 5505 2517 5595 'i‘gltessaloce,
2541 5504 2950 5595 et_Andr_olitia,'
2960 5527 3129 5595 prope
3151 5504 3456 5595 Thoracetn
3466 5504 3755 5595 montem,

2168 5579 2495 5654 episcopalis
2525 5581 2629 5636 sub
2655 5581 2895 5654 archiep.
2930 5579 3225 5654 Ephesiae,
3263 5598 3408 5637 nunc
3437 5583 3752 5654 Mangresia

2167 5648 2371 5721 gulgo,
2410 5658 2573 5719 caput
2617 5648 2876 5721 regionis,
2942 5648 3067 5707 acim
3121 5652 3289 5706 millia
3353 5648 3615 5721 passuum
3676 5656 3757 5711 ab

2173 5716 2386 5786 Epheso
2434 5716 2493 5774 in
2528 5716 2705 5777 ortum
2748 5716 2868 5788 (sed
2908 5730 3044 5777 teste
3091 5721 3269 5779 Plinio
3317 5716 3526 5781 Hister.
3558 5725 3655 5780 lib.
3698 5744 3753 5788 ι’.

2170 5807 2288 5863 cap.
2326 5795 2426 5861 29,
2468 5794 2733 5864 Magnesia
2781 5796 3037 5851 Maeandri
3076 5801 3377 5869 cognomine
3412 5802 3665 5873 insignis,
3708 5825 3744 5862 ιι
