4058 6406
356 441 496 502 1349

1524 446 1826 523 ,ΝΟΤΙΤΙΔ
1861 445 1948 500 ΕΤ
1996 444 2441 503 FRAGMENTA.

3470 452 3611 513 1350
3683 425 3691 431 ’

335 564 618 632 Straboni,
642 575 697 623 et
726 567 905 624 Plinio
941 568 1197 625 dicuntur
1232 569 1379 625 cives
1414 568 1493 623 vel
1527 570 1714 641 populi
1759 569 1908 627 istius

2024 584 2246 632 πευσεν,
2290 565 2445 621 οὔπω
2474 565 2729 638 λέγομεν,
2757 566 2862 632 ἕως
2901 568 2967 624 ἂν
3004 570 3065 624 τὸ
3102 569 3420 642 Μάγνητος
3460 573 3613 646 ἀκρι-

337 658 463 720 loci.
504 658 572 713 de
595 659 794 728 quibus
822 659 1077 716 Lucanus
1112 662 1207 715 lib.
1249 678 1301 715 γι
1330 663 1438 715 ait:

444 748 509 803 Et
539 749 806 822 Magnetes
838 753 1006 823 equis,
1034 752 1230 823 Minya:
1255 770 1378 824 gens
1402 755 1609 825 cognita
1638 756 1840 823 remis.~

411 840 666 898 Mulieres
703 852 886 898 autem
931 845 1190 900 dicuntur
1219 845 1508 917 Magnesiae
1548 847 1631 901 vel
1674 846 1917 918 Magnes

338 948 451 1001 sat;
482 934 562 989 sic
595 936 738 989 enim
763 934 1018 991 Horatius
1040 937 1135 991 lib.
1171 953 1233 990 ιιι
1268 936 1477 1001 Carm.,
1511 938 1602 993 od.
1642 937 1712 993 7:

410 1025 749 1096 Magnessam
782 1026 1121 1096 Hippolytem
1147 1028 1273 1080 dum
1317 1028 1452 1096 fugit
1485 1027 1770 1083 abstinens.

410 1115 468 1171 in
496 1116 614 1173 Nic.
646 1116 843 1174 Franc.
881 1118 1094 1190 Huymii
1131 1112 1321 1173 Tesoro
1366 1118 1640 1173 Britanico
1682 1119 1917 1175 Londini

335 1210 478 1267 i720
501 1212 670 1276 edito,
704 1212 813 1267 vol.
844 1211 907 1279 ll,
945 1228 997 1282 p.
1036 1212 1166 1279 255,
1211 1221 1526 1267 reccnsetur
1569 1212 1916 1283 elegantissi-

333 1317 460 1358 mus
487 1318 744 1359 nummus
769 1305 872 1359 sub
894 1304 1168 1361 Gordiano
1192 1302 1290 1358 Pio
1315 1320 1503 1367 cusus,
1528 1320 1650 1358 cum
1680 1305 1781 1358 hac
1802 1303 1918 1374 epi-

334 1395 583 1464 graphe:
633 1396 941 1469 Μαγνήτων
973 1396 1172 1467 ὲϐδόμη
1209 1396 1311 1467 τῆς
1362 1395 1564 1461 Ἀσίας,
1610 1395 1916 1464 Magnetum

333 1489 560 1553 septima
601 1488 772 1552 Asiaz,
819 1489 949 1558 quia
988 1489 1198 1544 scilicet
1243 1486 1520 1557 Magnesia
1566 1496 1686 1540 erat
1717 1501 1824 1540 una
1849 1500 1917 1540 ex

2019 658 2273 730 ϐἐστερον
2317 662 2449 730 ἡμῖν
2487 660 2872 732 καταληφθείη
2924 661 3334 734 ἐξεταζόμενον,
3381 666 3611 736 πότερον

2017 753 2208 824 κύριον
2233 752 2266 823 ἦ
2294 751 2505 805 ὲθνικὺν
2529 753 2699 823 ὄνομα
2721 755 2978 824 τυγχάνει
3003 755 3063 809 ὃν
3083 771 3097 785 ’
3121 755 3338 825 λέγεται
3354 759 3462 830 γὰρ
3487 759 3611 813 καθ’

2019 843 2280 913 ἐκατέρου
2321 843 2381 896 τὸ
2423 843 2671 914 Μάγνης
2712 845 2903 917 ὄνομα.
2939 847 3128 919 Ἴσμεν
3173 849 3279 921 γὰρ
3309 848 3481 922 δήπου
3516 851 3613 906 καὶ

2016 951 2141 988 τινα
2168 935 2273 989 τῶν
2304 936 2546 1007 ἀρχαίων
2590 937 2828 1009 ποιητῶν
2862 935 3004 992 οὕτω
3036 942 3573 1014 προσαγορευόμενον
3592 960 3607 974 ο

2020 1025 2118 1097 ἤδη
2165 1025 2222 1079 δὲ
2255 1028 2349 1080 καὶ
2380 1027 2565 1097 ἕτερον
2598 1029 2843 1099 οἰκιστὴν
2872 1029 3037 1082 τόπου
3077 1030 3220 1095 τινὸς
3266 1033 3431 1086 πάλαι
3468 1036 3610 1089 ἱστο-

2023 1118 2114 1189 ρού
2124 1135 2281 1189 μενον
2307 1118 2571 1190 ἔγνωμεν,
2595 1121 2687 1190 ἀφ’
2705 1113 2820 1193 οὗὴ
2848 1124 2968 1175 κατ’
2992 1123 3152 1177 αὐτὸν
3183 1127 3448 1196 περιοικὶς
3470 1127 3611 1183 κατὰ

2017 1211 2117 1281 τὴν
2157 1211 2488 1285 θετταλικὴν
2518 1212 2702 1287 χώραν
2746 1217 2974 1289 κειμένη
3007 1219 3300 1290 Μαγνησία
3347 1221 3607 1292 παρωνύ-

2031 1319 2147 1374 μως
2175 1303 2514 1375 ὠνόμασται·
2552 1306 2646 1359 καὶ
2678 1308 2970 1382 Μάγνητες
3010 1310 3118 1365 τῶν
3150 1311 3274 1382 τῇδε
3306 1312 3610 1384 ᾠκημένων

2022 1394 2373 1462 illm/avibus?)
2405 1396 2554 1462 ἔθνος
2573 1397 2811 1468 λέγεταν
2836 1395 2911 1456 ὧν
2938 1400 3068 1465 ἴσως
3096 1403 3302 1456 ἐκεῖθεν
3329 1404 3487 1475 τυχὸν
3511 1405 3609 1476 μὲν

2020 1487 2115 1540 καὶ
2144 1487 2408 1559 ἀλλαχόσε
2438 1507 2550 1553 ποι,
2579 1492 2639 1544 οὐ
2673 1492 2776 1563 μὴν
2811 1493 2868 1546 δέ
2895 1498 2959 1562 γέ
2991 1494 3086 1548 καὶ
3116 1482 3252 1567 προς
3288 1496 3384 1566 τὴν
3428 1498 3610 1552 Ἀσιάη

332 1580 595 1634 tredecim
641 1580 931 1651 praecipuis
966 1581 1279 1635 civitatibus
1319 1580 1484 1642 Asiae,
1535 1578 1588 1631 in
1638 1593 1745 1647 qua
1787 1577 1908 1632 olim

2020 1579 2142 1633 τιδα
2179 1583 2576 1654 μετῳκηκότων
2602 1584 2853 1655 γῆν,τῶν
2883 1586 3069 1640 αὐτόθι
3102 1589 3508 1661 καθιδρυμένων
3526 1609 3609 1647 τι·

335 1667 508 1723 Diana
534 1668 809 1724 Licoirine
833 1669 1178 1738 potissimum
1211 1669 1356 1722 culta
1384 1666 1506 1720 fuit.
1546 1664 1788 1718 Pertinet
1813 1664 1908 1717 huc

2019 1671 2107 1735 νὲς
2131 1672 2337 1727 πόλεων
2367 1675 2679 1745 Μαγνησίαι
2716 1676 2809 1729 ἀπ’
2846 1675 3024 1732 αὐτῶν
3047 1679 3455 1751 ὲπικέχληνται.
3489 1680 3599 1737 Cu-

332 1762 537 1833 pariter
560 1778 820 1819 nummus
848 1763 1171 1825 rarissimus
1197 1777 1227 1814 a
1252 1759 1593 1831 Magnetibus
1625 1757 1681 1810 in
1712 1770 1918 1810 memo—
2010 1761 2231 1831 jusnam
2259 1775 2437 1818 autem
2467 1765 2612 1820 urbis
2636 1768 2876 1837 pontifex
2905 1770 3090 1838 fuerit,
3123 1781 3173 1826 et
3196 1788 3326 1838 quos
3351 1774 3485 1828 cives
3516 1790 3613 1828 τε..

333 1858 474 1911 riam
496 1856 777 1913 Ciceronis
824 1871 1016 1921 casus,
1043 1871 1167 1909 cum
1197 1853 1491 1923 proconsul
1517 1858 1660 1906 esset
1681 1848 1916 1916 Cilicire;
1956 1933 1983 1935 _
2019 1855 2179 1919 xerit,
2214 1856 2269 1910 id
2307 1857 2519 1927 quidem
2563 1860 2796 1912 nondum
2841 1860 3145 1930 deﬁnimus,
3169 1865 3344 1935 quoad
3379 1866 3443 1919 de
3486 1882 3609 1921 voce

332 1964 497 2019 quem
528 1960 921 2007 commemorat
963 1949 1143 2004 Lucas
1180 1946 1495 2003 Holstcnius
1526 1946 1562 1999 l.
1610 1961 1660 1999 c.
1693 1959 1747 2013 p.
1792 1944 1916 1999 195.
1952 1933 1995 1987 Β
2021 1944 2307 2002 ΜΑςΝετιε
2333 1949 2526 2002 certius
2556 1948 2707 2002 nobis
2749 1960 2970 2017 constet,
3018 1954 3150 2006 sitne
3181 1933 3465 2023 proprium
3503 1956 3632 2008 viri'

333 2043 477 2110 Quin
513 2052 569 2098 et
598 2044 790 2099 Cicero
821 2043 885 2097 ad
916 2042 980 2109 Q.
1016 2040 1240 2095 fratrem
1273 2038 1492 2095 scribit:
1535 2036 1611 2090 De
1639 2046 1687 2090 te
1722 2051 1756 2089 a
1793 2036 1914 2093 Ma—
2019 2051 2226 2105 nomen,
2257 2052 2325 2089 an
2348 2038 2515 2107 gentis
2538 2053 2557 2091 :
2595 2038 2659 2093 de
2700 2049 2921 2110 utroque
2951 2043 3092 2095 enim
3129 2043 3328 2098 dicitur
3351 2060 3450 2098 vos:
3491 2044 3608 2099 MA-

331 2135 574 2207 gnetibus
604 2135 667 2189 ab
708 2134 895 2204 Sipylo
930 2134 1127 2187 mentio
1154 2140 1233 2186 est
1264 2131 1562 2200 Itonoriﬁca
1590 2130 1756 2199 facta,
1793 2148 1912 2185 cum

335 2241 383 2282 te
430 2242 595 2281 unum
636 2228 868 2282 dicerent
899 2226 1249 2296 postulationi
1282 2222 1348 2278 L.
1396 2221 1588 2278 Pansae
1633 2224 1906 2278 restitisse.

334 2320 600 2390 Deinceps
634 2328 813 2375 autem
860 2318 1167 2389 Magnesios
1203 2318 1288 2373 vel
1329 2315 1705 2387 Magnesianos
1736 2316 1913 2372 dictos

332 2425 454 2467 esse
488 2410 699 2466 incolas
721 2425 885 2480 supra
923 2409 1192 2464 dictarum
1234 2408 1537 2471 civitatum,
1562 2408 1908 2478 perspicuum

330 2512 417 2557 est
445 2519 511 2557 ex
541 2503 786 2574 epistolis
823 2501 881 2556 S.
913 2501 1104 2573 lguatii
1148 2510 1260 2556 tum
1310 2501 1562 2571 genuinis
1602 2511 1718 2556 tum
1748 2502 1914 2557 intetu

330 2595 550 2666 palatis,
576 2610 716 2664 quas
740 2593 807 2649 ad
835 2595 1056 2649 eosdem
1079 2594 1312 2663 scriptas
1340 2593 1592 2663 legimus.

573 2683 602 2756 ς
634 2684 698 2739 γ.
734 2683 997 2754 Magnetis
1037 2699 1224 2737 nomen
1253 2684 1525 2752 proprium
1555 2683 1675 2737 viri.

400 2774 695 2831 Enimvero
737 2775 1019 2846 proprium
1060 2774 1225 2830 etiam
1262 2773 1590 2844 quibusdam
1629 2773 1764 2826 viris
1805 2770 1911 2827 hoc

331 2882 531 2923 nomen
567 2866 895 2933 fuisse,'quo
925 2878 1045 2921 sese
1073 2864 1143 2919 ab
1166 2864 1288 2919 aliis
1314 2863 1629 2928 distinxere,
1657 2864 1908 2933 exempla

329 2960 596 3031 Magnetis
618 2958 745 3030 Argi
804 2958 919 3024 lilii,
949 2956 1248 3012 conditoris
1270 2954 1561 3026 Magnesia:
1589 2954 1906 3023 Thessaliae,

328 3053 596 3124 Magnetis
621 3052 816 3109 comici
843 3050 1191 3106 Atheniensis
1218 3065 1283 3105 ex
1318 3050 1450 3104 urbe
1477 3047 1669 3115 Icario,
1700 3048 1912 3119 Magne-

331 3147 403 3202 tis
439 3155 612 3219 poeta:
646 3143 936 3216 Smyrnaei,
966 3126 1231 3213 Magnetis
1266 3139 1745 3212 Hierosolymitani
1785 3157 1911 3211 pre~

329 3237 555 3310 sbyteri,
587 3236 950 3304 aliorumque,
979 3233 1359 3287 demonstrant
1379 3245 1657 3300 :.quorum
1682 3232 1914 3286 nonnul-

2014 2140 2169 2184 θυῖε.
2219 2126 2431 2184 Scimus
2463 2131 2653 2201 quippe
2694 2140 2744 2186 et
2775 2143 3006 2187 ueterum
3035 2144 3310 2202 poetarum
3339 2152 3499 2189 unum
3527 2137 3607 2190 sic

2019 2230 2380 2291 nuncupatum
2434 2223 2599 2292 fuisse
2628 2239 2650 2279 :
2691 2226 2817 2279 item
2861 2226 3028 2283 alium
3076 2229 3318 2282 novimus
3369 2228 3609 2306 antiquis

2019 2314 2359 2380 celebratum,
2407 2316 2511 2370 loci
2557 2317 2836 2386 cujusdam
2882 2320 3230 2388 conditorem,
3269 2338 3303 2374 a
3345 2337 3448 2389 quo
3494 2323 3605 2376 cir—
3654 2312 3663 2318 ’

2019 2404 2315 2473 cumjacens
2368 2405 2675 2463 Thessalica
2726 2410 2866 2480 regio
2923 2409 3200 2481 Magnesia
3257 2412 3609 2469 denominata

2017 2505 2130 2559 est;
2161 2496 2421 2565 indigena:
2465 2509 2642 2552 autem
2695 2498 2968 2569 Magnetes
3006 2502 3158 2566 dicti,
3191 2502 3282 2573 qui
3317 2504 3463 2573 quod
3489 2505 3607 2573 for-

2019 2593 2157 2639 tasse
2182 2586 2303 2640 inde
2330 2603 2447 2640 cum
2475 2588 2531 2642 in
2562 2588 2700 2643 alias
2733 2607 2857 2646 oras
2886 2592 2998 2663 (l9)
3044 2603 3153 2647 tum
3198 2594 3255 2646 in
3304 2595 3603 2650 Asiaticum

2020 2685 2213 2730 terram
2247 2681 2735 2750 transntigrassent,
2771 2699 2831 2737 eo
2874 2683 3079 2753 factum
3107 2694 3206 2748 est,
3252 2694 3311 2740 ut
3359 2688 3611 2756 quwdam

2015 2768 2127 2822 illic
2160 2770 2397 2839 fundata:
2425 2773 2575 2826 urbes
2607 2773 2894 2846 Magnesia:
2934 2779 2999 2829 ab
3050 2776 3118 2830 iis
3167 2776 3447 2847 appellatae
3470 2780 3599 2835 sint.

2021 2885 2049 2956 §
2077 2883 2167 2939 Vl.
2201 2885 2447 2957 EpiscOpi
2480 2887 2784 2957 Magnesite.
2823 2888 3133 2945 Ostenditur
3159 2891 3459 2946 Macarium
3485 2892 3602 2948 Ma-

2087 2966 2297 3080 gnetum
2329 2962 2648 3027 episcopum,
2674 2977 2708 3013 a
2732 2960 2926 3014 Photio
2953 2964 3323 3028 memoratum,
3353 2980 3387 3017 a
3416 2972 3606 3019 nostro

2126 3044 2351 3080 wersum
2381 3045 2514 3080 esse.
3336 3076 3341 3079 _

2126 3044 2351 3081 tversum
2381 3045 2514 3084 8888.

2085 3134 2466 3208 Magnesianos
2491 3139 2605 3209 jam
2636 3139 2762 3196 inde
2800 3142 2868 3196 ab
2902 3142 3298 3214 illo'tempore,
3341 3161 3452 3216 quo
3479 3148 3597 3217 epi-

2018 3230 2212 3286 stolam
2238 3233 2303 3285 ad
2335 3248 2430 3287 eos
2452 3232 2672 3302 scripsit
2697 3232 2754 3287 S.
2781 3234 3024 3304 lguatins
3054 3251 3185 3291 suos
3211 3237 3467 3294 habuisse
3487 3239 3602 3309 epi-

328 3301 415 3386 los
451 3301 857 3386 commemorat
893 3326 1093 3381 Suidas
1130 3324 1185 3379 in
1235 3322 1429 3378 Lexico
1473 3339 1520 3377 s.
1573 3332 1613 3378 t.
1660 3325 1910 3395 Μάγνης,
1940 3301 1985 3362 c
2016 3338 2232 3393 scopas,
2268 3324 2355 3377 vix
2400 3301 2636 3379 dubitari
2684 3301 2880 3395 potest,
2930 3343 3053 3382 eum
3099 3328 3216 3391 ipse
3257 3301 3602 3395 lgnatius'in

330 3426 512 3496 plures
538 3438 669 3478 vero
692 3429 939 3476 recenset
964 3417 1249 3473 Fabricius
1274 3416 1478 3487 passim
1506 3416 1560 3470 in
1587 3416 1914 3471 Bibliotheca

331 3515 538 3574 Graeca.
570 3515 784 3582 Quibus
829 3512 1009 3568 adhuc
1050 3509 1176 3564 addi
1219 3518 1480 3575 meretur,
1515 3511 1659 3579 quod
1701 3510 1757 3563 in
1804 3524 1908 3566 ms.

328 3608 524 3679 Lexico
574 3606 756 3662 Grtho
801 3604 1011 3660 codicis
1049 3600 1369 3657 Coisliniani
1405 3617 1643 3666 cuxvu,
1689 3616 1758 3656 ex
1802 3616 1912 3672 quo

330 3702 563 3773 plurima
616 3700 761 3769 apud
815 3697 1041 3751 Snidam
1105 3695 1222 3752 loca
1281 3695 1517 3757 restitui,
1573 3709 1680 3749 non
1736 3709 1911 3765 pauca

329 3796 495 3851 etiam
544 3790 784 3862 suppleri
837 3805 1001 3860 posse
1059 3789 1340 3845 existimat
1397 3788 1507 3843 cel.
1568 3786 1911 3844 Montl‘auco-

327 3886 454 3942 nius
498 3881 640 3955 (17),
686 3879 785 3935 fol.
826 3879 931 3934 247
976 3880 1327 3935 observatum
1378 3879 1612 3948 legitur:
1657 3880 1908 3951 Μάγνης,

325 3980 501 4050 δνομα
531 3976 739 4049 κύριον,
768 3975 1006 4045 Magnes,
1035 3988 1219 4025 nomen
1247 3971 1518 4041 proprium
1545 3969 1680 4042 (l8).
1714 3970 1794 4024 Ex
1822 3972 1910 4027 his

324 4075 512 4146 igitur,
549 4086 669 4141 quas
704 4070 849 4125 dicta
895 4075 1044 4129 sunt,
1085 4065 1260 4119 lucem
1303 4062 1579 4138 accipiunt
1614 4064 1779 4117 verba
1815 4060 1910 4116 Ni-

323 4172 551 4245 cephori
580 4170 903 4242 patriarchae
927 4165 1032 4221 (ΖΡ.
1070 4163 1430 4249 indignantis,
1462 4176 1660 4215 nomen
1692 4160 1911 4231 Magne-

326 4268 396 4321 tis
431 4263 684 4321 consulto
735 4260 1001 4316 omissum
1042 4255 1213 4330 fuisse
1256 4255 1325 4309 ab
1352 4251 1750 4317 Iconomachis,
1780 4267 1905 4307 cum

327 4356 703 4414 testimonium
740 4354 912 4424 ipsius
941 4358 1131 4407 contra
1156 4363 1345 4404 sacras
1380 4346 1646 4416 imagines
1672 4348 1909 4403 adduce-

324 4459 468 4517 rent,
497 4457 559 4507 ut
601 4448 810 4505 scilicet
840 4448 988 4503 hunc
1029 4443 1199 4498 alium
1231 4457 1352 4498 esse
1376 4451 1654 4495 auctorem
1684 4455 1908 4510 persua~

322 4546 543 4613 derent;
571 4543 715 4601 unde
738 4543 792 4597 in
819 4540 1021 4610 judicio
1051 4538 1356 4594 antistitum
1385 4536 1813 4592 orthodoxorum
1840 4534 1907 4589 de

322 4638 505 4694 verbis
553 4635 778 4692 Macarii
820 4633 1108 4704 Magnetis,
1151 4645 1276 4701 quae
1316 4629 1660 4684 lconomachi
1711 4635 1903 4683 contra
1935 4642 1979 4696 ι)

324 4730 594 4801 imagines
622 4742 811 4784 sacras
841 4725 1008 4795 impie
1037 4730 1455 4792 usurpaverant,
1490 4736 1680 4774 verum
1709 4729 1902 4774 aucto-

322 4824 402 4879 ris
435 4837 635 4879 nomen
676 4820 934 4877 restituit.
975 4815 1149 4882 Quam
1194 4815 1252 4870 in
1294 4830 1409 4869 rem
1449 4817 1568 4884 ipsa
1612 4809 1903 4884 Nicephori

321 4917 490 4972 verba
528 4931 597 4970 ex
634 4913 821 4968 codice
860 4926 964 4966 ms.
1000 4909 1222 4974 inedito,
1255 4921 1365 4978 quo
1395 4907 1482 4962 usi
1528 4921 1742 4971 sumus,
1768 4905 1823 4959 h.
1860 4905 1899 4961 l.

321 5019 632 5077 apponam:
663 4996 771 5065 Ἦς
818 4998 874 5053 δὲ
920 4999 1129 5063 πόλεως
1178 4998 1375 5070 ἱερεὺς,
1418 4996 1513 5050 καὶ
1553 4989 1628 5051 ὧν
1674 4995 1900 5067 ἐπετρό-

324 5217 632 5273 Thessalica
664 5214 940 5284 Magnesia
968 5224 1106 5278 orta,
1130 5215 1274 5268 abest
1302 5213 1366 5266 ab
1396 5214 1601 5284 Epheso
1627 5229 1696 5284 xv
1730 5213 1901 5272 millia

319 5287 704 5360 passuum),_a_
727 5283 906 5339 Tralle
933 5301 1068 5360 xvttt
1093 5286 1158 5360 Ain
1180 5286 1415 5360 suerit!"
1446 5283 1621 5360 ωαχ-ει
1670 5283 1901 5360 Smyrna

319 5354 376 5415 in
417 5354 599 5413 ortum
632 5355 941 5411 hibernum.
976 5374 995 5406 ι
1027 5356 1190 5410 Addit
1212 5356 1445 5410 ibidem:
1486 5374 1506 5407 ί
1548 5354 1736 5409 Possis
1771 5354 1901 5408 Ma.

320 5430 561 5500 gnesius‘
589 5443 679 5500 res
716 5425 1140 5500 Magnesiorum
1167 5426 1475 5500 composuit
1522 5424 1726 5500 Graece.
1786 5423 1904 5479 Ma-

321 5493 514 5570 gnesia
552 5497 688 5554 urbs
732 5493 915 5570 Lydiae
954 5497 1012 5551 in
1051 5496 1178 5570 Asia
1217 5493 1451 5570 MinoriL
1471 5511 1617 5551 nunc
1644 5493 1901 5563 Magnesa

323 5566 577 5637 Menisso,
628 5568 949 5641 episcopalis
990 5569 1092 5623 sub
1132 5569 1373 5641 archiep‘.
1421 5566 1679 5641 διηγῇ-ιι.Σ
1698 5583 1894 5641 versus

321 5641 540 5705 Sardes,
566 5635 630 5697 et
664 5635 736 5696 ad
767 5635 1005 5710 Sipylum
1051 5635 1408 5710 montent,;in
1443 5635 1611 5710 limite
1650 5635 1893 5707 Phrygiae

322 5711 558 5779 Maioris.
594 5719 679 5766 est
704 5707 876 5778 caput
893 5708 1145 5779 regionis,
1181 5708 1282 5762 sub
1308 5707 1499 5779 Turcis
1526 5722 1648 5779 cum
1685 5724 1829 5762 arce.
1864 5725 1884 5759 ι

320 5776 458 5836 Vide
487 5776 787 5835 Baudrandi
818 5776 999 5847 Lexic.
1031 5777 1209 5847 Geag.,
1239 5778 1341 5831 sub
1368 5794 1500 5831 voce
1528 5776 1818 5846 Magnesia.

397 5849 506 5922 (l7)
537 5850 596 5904 ln
621 5849 934 5904 Bibliotheca
966 5846 1311 5913 Coisliniana,
1346 5864 1396 5917 p.
1426 5850 1529 5903 9250
1551 5860 1603 5904 et
1631 5850 1755 5904 236.

2014 3414 2240 3484 epistola
2277 3415 2511 3485 genuina
2539 3416 2607 3469 ad
2637 3414 2949 3486 Magnesios
2973 3417 3175 3486 scripta
3208 3416 3433 3471 Damam
3458 3419 3601 3489 ipso-

2013 3521 2136 3561 rum
2178 3505 2495 3575 episcOpum
2533 3507 2789 3570 celebret,
2828 3515 2884 3562 et
2915 3522 2945 3560 a
2974 3507 3304 3577 presbyteris
3344 3507 3513 3564 Basso
3543 3517 3603 3565 et

2013 3595 2300 3667 Apollonio
2326 3597 2647 3668 distinguat.
2680 3597 2835 3664 Quod
2878 3598 3057 3667 ipsum
3090 3607 3146 3653 et
3195 3597 3596 3663 Eusebius,lli-

2012 3701 2143 3745 star.
2173 3690 2357 3745 eccles.
2385 3691 2478 3745 lib.
2510 3706 2591 3759 ιιι,
2621 3706 2742 3761 cap.
2772 3689 2861 3756 36,
2893 3692 3198 3758 conﬁrmat,
3224 3692 3292 3746 de
3312 3692 3412 3746 hac
3442 3693 3600 3762 lgna-

2014 3780 2074 3835 lii
2112 3780 2346 3851 epistola
2387 3782 2460 3835 ita
2501 3782 2783 3838 scribens:
2831 3781 3056 3853 Ἑτέραν
3101 3781 3158 3834 δὲ
3205 3781 3347 3853 (scil.
3378 3783 3626 3835 ἐπιστο-Δ

2012 3872 2131 3943 λὴν)
2165 3875 2231 3944 τῇ
2266 3874 2325 3926 ὲν
2361 3873 2654 3945 Μαγνησίᾳ
2683 3876 2751 3945 τῇ
2798 3873 2933 3945 πρὸς
2966 3873 3288 3944 Μαιάνδρῳ,
3323 3872 3450 3926 ἔνθα
3488 3874 3594 3927 πά-

2011 3962 2094 4019 λιν
2147 3964 2443 4018 ἐπισκόπου
2496 3965 2658 4036 Δάμα
2719 3966 2940 4036 μνήμην
2994 3964 3309 4035 πεποίηται.
3357 3964 3643 4036 Αιιιηηωηκ

2010 4072 2210 4126 quoque
2235 4056 2379 4109 dedit
2402 4057 2678 4125 epistolam
2707 4056 2776 4109 ad
2809 4055 3104 4109 Ecclesium
3138 4054 3430 4124 Magnesia:
3466 4056 3596 4109 civi-

2012 4150 2157 4212 tatis,
2195 4163 2311 4217 qua:
2336 4148 2405 4200 ad
2435 4145 2770 4203 Mteaudrum
2796 4149 2903 4201 sita
2933 4158 3031 4211 est,
3061 4147 3115 4200 in
3152 4163 3256 4216 qua
3290 4147 3452 4200 etiam
3479 4146 3594 4200 Da-

2009 4253 2152 4291 mam
2179 4239 2479 4308 episcopum
2515 4239 2776 4292 nominat.
2807 4236 3151 4306 Quapropter
3190 4249 3244 4292 et
3271 4237 3323 4291 in
3353 4238 3593 4309 antiquis

2012 4329 2231 4385 Notitiis
2266 4329 2470 4385 Graecis
2516 4339 2748 4397 utraque
2789 4328 3066 4399 Magnesia
3108 4336 3221 4382 tum
3271 4329 3338 4382 ad
3387 4328 3590 4386 Maean-

2008 4422 2192 4488 drum,
2214 4431 2339 4479 _tum
2368 4422 2434 4475 ad
2468 4419 2735 4491 Sipylum,
2778 4418 2832 4472 in
2867 4418 3147 4489 provincia
3179 4418 3323 4473 Asize
3355 4435 3591 4490 procon-

2009 4515 2177 4570 sulari
2204 4514 2348 4568 inter
2376 4513 2534 4569 sedes
2555 4511 2896 4582 episcopales
2923 4509 3159 4566 refertur
3182 4512 3295 4583 (20)
3323 4528 3336 4563 :
3375 4513 3589 4582 specia-

2010 4605 2216 4675 timque
2242 4603 2481 4659 Eusemii
2513 4603 2753 4674 episcopi
2786 4618 2818 4657 a
2847 4602 3120 4673 Magnesia
3147 4603 3426 4674 (corrupte
3464 4606 3591 4674 legi-

2009 4703 2095 4748 tur
2139 4694 2461 4766 Magnemia)
2502 4693 2558 4748 in
2605 4693 2841 4749 concilio
2883 4693 3196 4750 Sardiceusi
3225 4695 3290 4749 Α.
3334 4694 3398 4755 C.
3445 4695 3588 4766 547;

2004 4786 2225 4842 Macarii
2256 4786 2566 4857 Magnetum
2598 4786 2839 4858 episcopi
2883 4788 2936 4843 in
2969 4780 3181 4857 synodo
3213 4788 3279 4842 ad
3312 4788 3585 4854 Quercum

2004 4889 2193 4935 contra
2223 4878 2490 4935 Joannem
2518 4880 2970 4950 Chrysostomum
3005 4882 3070 4933 A.
3105 4880 3167 4936 C.
3214 4880 3322 4936 403
3365 4882 3587 4949 habita;

2005 4972 2215 5044 Daphni
2274 4972 2569 5045 Magnesiae
2615 4971 2877 5029 Maeandri
2931 4972 3174 5043 episcopi
3235 4974 3289 5029 in
3352 4973 3586 5029 concilio

2075 5215 2188 5289 (l8)
2229 5216 2321 5272 Sic
2350 5225 2407 5273 et
2447 5215 2787 5289 Porphyrius
2816 5218 2913 5275 lib.
2952 5233 2991 5273 ll
3022 5218 3164 5287 Περὶ
3206 5216 3473 5289 άποχης,
3522 5234 3580 5289 p.

2003 5287 2206 5362 9.24,
2253 5297 2519 5362 memorat
2554 5287 2724 5361 ἄνδρα
2761 5291 3030 5362 Μάγνητα
3074 5291 3140 5343 ἐκ
3168 5287 3268 5357 τῆς
3312 5287 3580 5351 ’Δσίαςίει

2002 5356 2365 5427 ΤΙιεοροιηρος
2381 5356 2681 5413 laudatum.

2072 5427 2183 5501 (l9)
2224 5426 2534 5501 lauretum
2560 5429 2793 5501 scilicet,
2830 5430 2986 5501 juxta
3015 5428 3257 5486 Cononis
3302 5431 3575 5485 narratio-
3645 5473 3651 5480 .

2006 5496 2128 5554 nem
2169 5498 2223 5552 in
2252 5496 2429 5553 Photii
2475 5496 2977 5564 Bibliothecafcod.
3011 5516 3267 5566 CLXXXVI,
3299 5501 3457 5555 artic.
3487 5500 3578 5557 29.

2073 5569 2190 5651 (9οι
2214 5567 2395 5656 Doni“.
2413 5567 2675 5656 ιιεςάιιίιιί
2703 5571 2873 5656 [Index
2907 5573 3281 5656 geoggmhicus
3296 5566 3572 5656 'episco'pa-

2001 5647 2152 5711 tuum
2177 5639 2231 5711 in
2256 5648 2406 5711 tomo
2455 5638 2522 5694 Xl
2552 5638 2934 5704 Conciliorum',
2961 5638 3020 5711 βξ
3042 5638 3167 5706 775,
3197 5650 3253 5696 et
3287 5638 3339 5711 J.
3370 5644 3447 5711 Α.
3472 5638 3580 5694 Fa-

2000 5709 2157 5763 bricii
2201 5708 2373 5764 Index
2402 5713 2778 5781 geographicus
2804 5708 3200 5781 episcopatuum
3244 5710 3387 5764 orbis
3419 5710 3580 5781 Chri-g

1998 5781 2184 5852 stiani,
2227 5796 2286 5852 p.
2330 5781 2470 5852 _l_0ti,
2503 5779 2841 5852 'suhjnnctus
2880 5779 3125 5852 ejusdem
3174 5780 3416 5839 Salutari
3466 5779 3578 5838 luci

2000 5849 2297 5919 Evangelii,
2330 5849 2523 5908 Harii).
2567 5851 2728 5919 1751,
2762 5854 2815 5908 4.
