4058 6392
492 429 627 485 tab!

1767 429 2124 487 MACARIUS
2182 430 2481 487 MAGNES.

3615 438 3759 493 i352

489 544 768 615 Ephesius
816 546 884 600 A.
940 545 1003 600 C.
1052 545 1194 613 451;
1230 545 1448 601 Eusebii
1498 544 1735 618 episcopi
1783 548 2074 619 Magnesia:
2103 556 2146 609 Α
2177 548 2345 605 fuisse
2382 551 2636 620 legimus,
2672 558 2956 620 propterea
2994 550 3137 620 quod
3181 548 3519 605 Heraclidem
3569 550 3761 605 diaco-

491 639 731 694 civitatis
780 636 949 711 Sipyli
998 638 1052 691 in
1099 638 1330 694 concilio
1376 638 1650 707 Ephesino
1699 640 1765 693 A.
1807 640 1872 693 C.
1930 639 2065 705 45!;

490 730 704 787 Leontii
760 730 1003 800 episcopi
1067 729 1358 800 Magnesia:
1419 728 1678 784 Maeandri
1743 730 1797 784 in
1854 732 2069 802 synodo

488 819 763 892 Ephesina
806 837 867 884 ιι,
911 820 979 874 Α.
1027 818 1088 875 C.
1135 820 1260 886 449,
1308 820 1449 874 etin
1490 820 1724 875 concilio
1764 822 2068 876 Chalcedo-

488 915 644 971 nensi
677 913 741 968 A.
772 913 899 977 451,
930 922 984 968 et
1008 915 1065 968 in
1105 914 1315 985 synodo
1353 912 1598 968 Romana
1637 916 1699 967 Α.
1727 914 1871 981 50.“5;⁵
1902 912 2070 967 Patri-

483 1005 558 1060 cii
605 1005 846 1074 episcOpi
894 1002 1189 1075 Magnesia:
1244 1004 1391 1058 circa
1439 1000 1775 1058 Maeandrum
1830 1004 2066 1059 civitatis

484 1095 704 1150 Asiana:
741 1094 1001 1165 regionis,
1049 1094 1105 1147 in
1152 1093 1384 1148 concilio
1425 1093 1764 1148 meumenico
1810 1093 1900 1160 Vi,
1952 1095 2066 1149 sive

478 1184 1097 1254 Constantinopolitano
1140 1200 1226 1249 ιιι,
1272 1183 1336 1237 Α.
1367 1184 1428 1239 C.
1469 1185 1606 1249 681;
1643 1184 1904 1256 Stephani
1951 1188 2066 1257 epi-

481 1282 640 1351 scopi
677 1279 968 1349 Magnesia:
1006 1279 1352 1336 Emiliorum
1402 1281 1686 1351 (Αἰμιλίων
1734 1280 1930 1351 legitur
1965 1294 2065 1349 pro

483 1370 755 1442 Σιπύλων)
779 1372 1094 1440 provinciae,
1124 1371 1178 1424 in
1204 1382 1358 1426 sexta
1387 1372 1595 1442 synodo
1624 1369 1883 1425 Trullana
1910 1370 1974 1425 A.
1997 1371 2060 1425 C.

484 1461 642 1534 706);
672 1461 861 1518 Basilii
890 1462 1130 1532 episc0pi
1169 1460 1459 1531 Magnesiae
1490 1462 1542 1514 in
1573 1461 1807 1516 concilio
1831 1476 2065 1516 cacume-

482 1552 608 1607 nico
643 1550 755 1619 VII,
798 1552 915 1607 sive
953 1550 1174 1606 Nicaeae
1214 1567 1275 1615 ιι,
1319 1552 1385 1604 Α.
1432 1551 1495 1606 C.
1538 1552 1674 1619 787;
1721 1553 2065 1621 aliorumque

479 1644 716 1715 plurium
766 1643 1037 1712 sequioris
1074 1642 1249 1697 aetatis
1284 1641 1507 1695 nomina
1549 1642 1603 1695 in
1643 1642 2056 1712 subscriptioni-

476 1734 583 1789 bus
620 1733 981 1788 conciliorum
1020 1740 1343 1787 conservata
1394 1731 1872 1801 deprehendimus.
1918 1732 2060 1789 lusi-

475 1818 602 1896 gnis
644 1824 737 1879 hic
775 1824 1016 1880 occurrit
1065 1824 1220 1877 locus
1271 1822 1476 1889 Photii,
1518 1832 1572 1878 et
1621 1824 2062 1881 consideratione

2175 656 2306 693 num
2341 655 2500 695 suum
2536 637 2822 708 Ephesina:
2852 637 3110 693 Ecclesiae
3134 639 3514 693 constituisset
3537 639 3754 707 episco-

2174 746 2324 800 pum.
2375 728 2586 783 Exinde
2621 729 2788 799 igitur
2816 745 2924 784 non
2959 729 3079 784 sine
3118 724 3320 801 magna
3345 730 3749 800 probabilitatis

2173 821 2354 890 specie
2402 822 2656 891 colligere
2699 821 2846 886 licet,
2890 822 3028 877 duos
3063 823 3148 878 vel
3190 823 3374 892 plures
3412 823 3572 878 istius
3602 823 3757 878 urbis

2172 911 2464 983 Magnesiae
2493 914 2782 984 episcopos
2815 914 2959 969 idem
2988 929 3185 970 nomen
3214 915 3434 970 Macarii
3469 915 3752 981 habuisse,

2172 1004 2227 1057 in
2272 1006 2472 1073 quibus
2507 1021 2636 1060 vero
2671 1006 2860 1075 dispar
2897 1007 3092 1071 aetatis,
3123 1022 3231 1077 qua
3258 1006 3515 1071 ﬂoruere,
3550 1015 3602 1060 et
3635 1006 3756 1075 opi-

2170 1095 2420 1161 nionum,
2445 1112 2582 1167 quas
2609 1096 2843 1165 amplexi
2874 1107 3020 1161 sunt,
3046 1097 3384 1152 observanda
3406 1105 3491 1152 est
3515 1097 3677 1152 ratio.

2418 1186 2448 1258 §
2481 1186 2593 1241 VII.
2644 1187 2948 1241 Macarium
2980 1189 3144 1257 fuisse
3183 1190 3505 1258 episcopum.

2242 1278 2497 1335 Nostrum
2528 1295 2690 1350 porro
2710 1278 3338 1350 MacariunrMagnetem
3363 1280 3547 1335 itidem
3581 1278 3756 1335 fuisse

2169 1372 2521 1441 episcopum,
2558 1372 2700 1425 inter
2748 1371 2855 1425 alia
2893 1371 2977 1425 vel
3014 1372 3206 1428 titulus
3250 1371 3501 1443 ἱεράρχου
3548 1371 3755 1435 innuit,

2168 1461 2263 1530 qui
2298 1462 2471 1516 eidem
2517 1462 2794 1528 tribuitur,
2821 1469 2876 1515 et
2895 1462 3294 1535 antiquissimis
3316 1463 3446 1518 olim
3486 1463 3752 1517 antistiti-

2168 1553 2271 1608 bus
2294 1552 2398 1608 fuit
2424 1554 2773 1609 communis:
2810 1569 2936 1609 cum
2959 1554 3314 1610 ecclesiastici
3345 1556 3642 1624 scriptorcs
3670 1556 3749 1607 ἱεα

2172 1645 2301 1717 ρέας
2341 1654 2395 1700 et
2428 1646 2738 1700 sacerdotes
2764 1645 3033 1715 appellare
3063 1646 3273 1701 soleant
3293 1646 3461 1700 duces
3487 1654 3542 1699 et
3570 1656 3749 1699 recto-

2170 1752 2260 1792 res
2300 1739 2479 1809 gregis
2522 1738 2840 1803 Christiani,
2890 1737 3149 1809 ῐερὰρχας
3190 1753 3317 1792 vero
3360 1746 3415 1790 et
3453 1737 3748 1808 ἀρχιερέας

2167 1829 2453 1900 pontiﬁces
2488 1838 2649 1899 atque
2674 1830 2963 1900 episcopos
2988 1830 3222 1898 (22),vel
3247 1830 3377 1899 quia
3410 1839 3535 1884 aute
3558 1845 3748 1884 ειιεοιτ-

477 1924 667 1972 nostra
691 1916 932 1971 maxime
956 1915 1176 1985 dignus,
1220 1914 1314 1984 qui
1337 1914 1458 1969 cod.
1495 1930 1607 1978 th,
1648 1929 1702 1981 p.
1738 1914 1931 1980 n1455,
1965 1916 2055 1971 ubi
2096 1914 2134 1969 Β
2170 1933 2316 1992 ptam
2357 1921 2726 1976 Christianam
2764 1922 3082 1992 religionem
3118 1921 3202 1976 his
3238 1921 3518 1976 vocabulis
3547 1938 3748 1976 assue—

474 2010 590 2080 agit
625 2008 693 2062 de
732 2006 943 2077 synodo
983 2006 1051 2060 ad
1084 2003 1381 2071 Quercum,
1413 2020 1535 2074 quae
1563 2015 1753 2059 contra
1793 2006 1853 2058 B.
1890 2006 2056 2061 Joan-

476 2114 601 2153 nem
631 2098 1083 2168 Chrysostomum
1122 2095 1401 2166 illegitime
1436 2104 1624 2149 coacta
1664 2104 1766 2162 est,
1811 2112 2054 2151 comme-

478 2196 675 2251 morat,
710 2187 765 2241 in
792 2187 980 2241 eadem
1012 2186 1223 2258 synodo
1249 2195 1564 2240 accusatum
1606 2184 1775 2241 fuisse
1812 2186 2055 2242 Heracli-

475 2278 598 2333 dem
638 2276 838 2346 Ephesi
885 2276 1198 2345 episcopum
1234 2291 1264 2329 a
1305 2273 1555 2330 Macariu‘
1587 2276 1894 2347 Magnetum
1936 2282 2052 2347 epi-

474 2383 663 2438 scopo.
696 2366 875 2423 Verba
904 2367 1083 2422 Photii
1119 2367 1239 2423 haec
1274 2377 1435 2423 sunt:
1485 2369 1572 2422 Ἐν
1610 2370 1966 2440 ὑπομνήμασι
1995 2369 2050 2423 δὲ

467 2460 610 2515 αὐτὰ
640 2459 888 2531 ἐπράχθη
921 2460 1052 2514 δέκα
1082 2461 1219 2532 πρὸς
1255 2464 1367 2525 τοῖς
1414 2461 1594 2532 τρισίν
1618 2478 1630 2491 ·
1670 2461 1805 2514 ἀλλὰ
1844 2462 1912 2515 τὰ
1954 2463 2052 2532 μὲν

470 2549 562 2603 δύο
588 2551 679 2602 καὶ
705 2549 854 2612 δέκα,
883 2550 1023 2605 κατὰ
1047 2549 1141 2603 τοῦ
1170 2551 1323 2619 ἁγίου
1343 2568 1357 2581 ·
1395 2551 1455 2604 τὸ
1482 2552 1540 2604 δὲ
1563 2552 1683 2621 τρὶς
1708 2552 1801 2604 καὶ⁹
1823 2551 2049 2606 δέκατον

472 2640 716 2712 ἐτεριέχει
742 2641 810 2694 τὰ
840 2641 983 2695 κατὰ
1018 2641 1389 2713 Ἡρακλείδου,
1437 2641 1529 2694 τοῦ
1574 2644 1654 2706 εἰς
1691 2643 1920 2711 Ἔφεσον
1958 2644 2049 2696 ὑπ’

464 2733 635 2785 αὐτοῦ
681 2723 1164 2805 χειροτονηθέντοξ,
1205 2727 1375 2804 οὗπερ
1420 2732 1539 2786 οὐδὲ
1592 2734 1689 2805 τὴν
1735 2733 2052 2806 καθαίρεσιν

472 2808 695 2894 ἴσχυσαν
728 2824 1035 2888 τελειῶσαι,
1071 2824 1272 2897 ἑτέρων
1298 2823 1458 2878 τινῶν
1498 2823 1872 2878 κωλυσὰντων.
1912 2826 1968 2879 '0
1993 2824 2050 2877 δὲ

468 2902 776 2990 κατήγορος
815 2916 1185 2988 Ἡρακλείδου,
1211 2916 1312 2987 τῆς
1343 2916 1650 2986 Μαγνήτων
1693 2914 1898 2979 πόλεως
1927 2916 2048 2968 ἐπί-

470 3023 671 3070 σκοπος
706 3001 774 3077 ἦν
809 3006 1035 3083 ὀνόματι
1069 3007 1376 3079 Μακάριος.
1414 3008 1455 3060 Ι.
1489 3023 1576 3062 e.:
1632 3005 1901 3062 Tredecim
1938 3007 2049 3063 haec

465 3096 768 3168 (Synodus)
803 3100 1098 3152 actionibus
1129 3108 1364 3169 peracta,
1389 3098 1667 3153 duodecim
1690 3099 1901 3169 quidem
1924 3117 2051 3155 con-

2173 2024 2382 2079 verant,
2408 2016 2492 2069 vel
2517 2015 2663 2084 quod
2692 2012 2903 2070 Veteris
2924 2013 3258 2068 Testamcnti
3287 2014 3484 2084 stylum
3521 2014 3575 2067 in
3596 2030 3661 2068 ea
3685 2030 3746 2069 re

2168 2106 2271 2161 sibi
2306 2105 2631 2160 imitandum
2666 2113 2950 2174 putarent;
2990 2104 3074 2157 vel
3117 2103 3261 2173 quod
3307 2103 3556 2174 generale
3578 2119 3745 2158 voca-

2160 2199 2348 2254 bulum
2384 2198 2452 2253 ad
2486 2197 2755 2253 sermonis
2783 2196 3163 2266 compendium
3203 2195 3309 2249 "sibi
3343 2195 3551 2248 nullum
3587 2210 3745 2264 repe-

2160 2292 2334 2345 rirent
2365 2289 2568 2359 aptius.
2599 2288 2680 2343 Ex
2717 2288 2904 2341 multis
2935 2288 3154 2342 unicum
3195 2287 3282 2341 hic
3331 2285 3565 2341 suﬁiciat
3592 2284 3745 2339 testi-

2159 2382 2402 2436 monium
2445 2380 2745 2451 Polycratis
2782 2378 3042 2448 Ephesini
3084 2376 3323 2448 episcopi
3377 2378 3518 2447 apud
3568 2376 3743 2431 Euse-

2158 2474 2322 2539 bium,
2336 2471 2484 2526 Hist.
2504 2472 2632 2526 eccl.
2670 2472 2761 2526 lib.
2793 2488 2845 2538 v,
2871 2486 2922 2525 c.
2946 2471 3037 2535 24,
3069 2471 3125 2525 in
3151 2486 3261 2541 quo
3282 2469 3548 2525 Joannem
3572 2485 3742 2524 evan-

2156 2565 2406 2636 gelistam
2439 2564 2779 2618 hicrarcham
2810 2573 2864 2617 et
2898 2577 3177 2618 summum
3212 2562 3520 2631 pontiﬁcem
3551 2572 3735 2625 vocat,

2157 2659 2249 2728 qui
2294 2656 2604 2728 pontiﬁcale
2637 2656 2868 2711 πέταλον
2909 2656 3164 2727 gestavit.
3216 2655 3370 2710 Licet
3411 2656 3556 2712 enim
3591 2655 3741 2711 haud

2157 2750 2424 2820 ignorem,
2458 2749 2797 2820 Stephanum
2829 2751 2879 2805 le
2908 2749 3103 2820 Moyne
3139 2748 3251 2820 (‘23)
3282 2748 3444 2803 ﬁdem
3480 2746 3742 2819 Polycra-

2157 2842 2227 2896 tis
2256 2841 2362 2895 hae
2393 2842 2446 2895 in
2482 2851 2637 2911 parte.
2682 2851 2876 2910 praeter
2905 2855 3019 2894 rem
3054 2840 3323 2904 vellicare,
3356 2848 3418 2893 ut
3448 2839 3741 2910 bypothesi

2156 2948 2268 2987 suae
2297 2933 2574 2995 inserviat,
2604 2933 2781 3002 primo
2807 2940 2861 2987 et
2887 2932 3130 2987 secundo
3155 2930 3354 2985 saeculo
3385 2945 3575 2985 vocem
3599 2947 3737 3000 pon-

2157 3024 2317 3093 tiﬁcis
2359 3032 2414 3077 et
2465 3023 2755 3076 sacerdotis
2796 3024 2939 3093 apud
2970 3022 3174 3092 probos
3207 3031 3460 3079 auctores
3503 3022 3739 3077 istorum

2154 3115 2484 3172 seculorum
2518 3130 2799 3185 nunquam
2840 3129 3172 3170 occurrere:
3205 3113 3349 3168 idem
3393 3121 3572 3169 tamen
3606 3112 3743 3169 fate-

465 3200 552 3243 tra
577 3187 636 3243 S.
683 3188 1136 3260 Chrysostomum,
1169 3191 1327 3245 tertia
1353 3190 1556 3244 decima
1582 3201 1770 3244 contra
1804 3188 2054 3244 Hcracli-
2085 3270 2117 3279 Α
2153 3215 2266 3273 tur,
2301 3218 2354 3276 ρ,
2392 3206 2461 3261 30
2510 3207 2610 3279 has
2650 3222 2813 3262 voces
2868 3206 2938 3261 ab
2971 3206 3206 3261 ethnicis
3255 3206 3572 3275 (“sumptas
3620 3205 3735 3275 jam

462 3280 605 3344 dem,
637 3298 791 3351 quem
819 3280 1058 3352 Ephesiis
1096 3281 1187 3337 ille
1215 3281 1492 3337 ordinarat
1519 3283 1858 3353 episcopum;
1889 3283 2048 3350 hujus

2155 3299 2379 3352 ineunte
2406 3298 2607 3352 saeculo
2636 3314 2719 3365 ιιι,
2750 3299 2805 3351 in
2838 3296 3139 3354 Ecclesiam
3170 3295 3541 3351 Christianam
3571 3296 3740 3352 intro-

464 3381 643 3427 tamcn
669 3375 1051 3444 depositionem
1079 3374 1316 3428 validam
1343 3374 1578 3438 reddere,
1616 3373 1742 3427 aliis
1774 3375 2044 3428 nonnullis

464 3464 882 3536 prohibentibus,
910 3466 1128 3519 minime
1149 3474 1454 3533 potuerunt.
1487 3464 1793 3519 Heraclida:
1826 3482 2046 3518 accusa-

467 3567 554 3611 tor
583 3557 852 3611 Macarius
882 3556 1101 3627 quidam
1122 3557 1330 3610 nomine
1353 3557 1477 3625 fuit,
1511 3556 1817 3627 Magnetum
1846 3559 2046 3626 episco-

461 3665 583 3720 pus.
612 3646 770 3702 Hunc
811 3657 991 3702 tamen
1029 3646 1327 3702 Macarium
1379 3664 1408 3701 a
1454 3646 1652 3704 Photio
1678 3658 2043 3704 memoratum

462 3762 742 3823 diversum
782 3759 952 3815 fuisse
979 3758 1175 3830 opinor
1207 3775 1237 3814 a
1269 3769 1458 3815 nostro
1489 3758 1730 3815 Macario
1776 3759 2040 3831 Magnete,

464 3854 533 3910 de
554 3869 662 3924 quo
686 3868 830 3908 nunc
856 3861 968 3906 tota
1000 3850 1302 3907 instituitur
1319 3851 1634 3921 disputatio.
1655 3849 1852 3908 Noster
1872 3852 2041 3918 enim,

463 3955 603 4003 teste
618 3943 922 4016 Nicephoro
944 3960 1068 4000 cum
1093 3946 1317 4016 reliquis
1335 3946 1677 4001 antistitibus
1699 3944 2039 4011 orthodoxis,

463 4040 558 4110 qui
588 4040 643 4094 in
673 4037 1105 4109 pervestigandis
1144 4038 1634 4107 examinandisque
1666 4035 1887 4090 Macarii
1927 4035 2042 4090 Ma-

461 4132 642 4203 gnetis
684 4130 905 4200 scriptis
939 4129 1231 4185 admodum
1265 4128 1487 4197 solliciti
1519 4126 1690 4193 fuere,
1731 4127 1786 4180 in
1812 4126 2042 4196 quibus-

460 4225 587 4280 dam
633 4224 900 4280 doctrinis
924 4221 1215 4291 Origenem
1243 4231 1483 4284 secutus,
1508 4236 1572 4276 ac
1598 4221 1738 4275 inter
1764 4221 1869 4275 alia
1895 4220 2041 4276 istud

459 4317 656 4389 dogma
687 4318 970 4386 amplexus
998 4324 1101 4379 est,
1124 4315 1200 4378 ὡς
1226 4314 1373 4377 τέλος
1399 4313 1508 4378 ἕξει
1555 4313 1588 4384 ἡ
1617 4312 1757 4366 κατὰ
1792 4309 1882 4366 ξὺν
1914 4312 2040 4383 μέλ-

461 4407 621 4461 λοντα
665 4407 855 4477 χρόνον
894 4408 1005 4468 τοῖς
1049 4404 1302 4457 ἀσεϐέσιν
1344 4401 1651 4473 ἀνθρώποις
1694 4401 2036 4481 ὴπειλημένη

460 4499 558 4552 καὶ
585 4497 961 4569 ἡτοιμασμένη
994 4496 1147 4567 παρὰ
1173 4493 1308 4549 Θεοῦ
1343 4495 1587 4557 κόλασις,
1613 4493 1888 4546 habituras
1911 4491 2039 4545 olim

462 4593 620 4662 finem
650 4608 738 4645 eas
767 4607 963 4660 plenas,
997 4606 1127 4660 quas
1153 4589 1331 4657 impiis
1365 4586 1663 4641 hominibus
1690 4586 1830 4640 Deus
1865 4587 2039 4639 mina-

462 4693 547 4737 tus
576 4692 653 4738 est
681 4699 742 4736 ac
775 4681 1112 4752 pra'paravit.
1147 4678 1251 4734 Sed
1283 4679 1586 4735 Photianus
1631 4678 1721 4732 ille
1746 4676 2038 4740 Macarius,

461 4773 770 4845 Magnetum
814 4772 1124 4841 episcopus,
1162 4779 1372 4824 tantum
1421 4770 1578 4824 abest
1622 4776 1683 4822 ut
1733 4756 2041 4838 Origenista

460 4863 646 4927 fuerit,
679 4872 740 4918 ut
763 4861 1104 4917 Heraclidem
1129 4860 1330 4931 Ephesi
1362 4861 1678 4929 episcopum
1708 4860 1892 4928 potius
1921 4859 2044 4913 Ori-

460 4956 785 5027 genianismi
815 4953 1157 5009 accusaverit
1186 4952 1336 5022 (2|):
1371 4968 1436 5005 ex
1469 4968 1577 5021 quo
1604 4951 1784 5021 capite
1811 4966 2041 5005 accusa-

459 5050 626 5118 tionis
666 5047 770 5117 ipsi
810 5046 977 5102 etiam
1013 5045 1409 5115 Chrysostomo
1454 5044 1662 5098 crimen
1713 5043 2040 5097 intentatum

532 5185 644 5309 (21(
684 5182 806 5238 Vid.
850 5181 1030 5268 I’llOlij
1061 5172 1410 5267 Bibliotheca,
1439 5180 1477 5233 l.
1506 5196 1554 5262 ρ.
1599 5198 1651 5251 ιι.
1689 5197 1762 5235 m.
1797 5184 1890 5248 55,
1920 5199 2036 5254 seq.

534 5272 615 5309 co:
644 5296 657 5309 .
688 5270 833 5309 xcvn.
871 5270 925 5309 ιι.
961 5253 1068 5306 207
1098 5262 1152 5306 et
1183 5251 1306 5306 265.
1340 5251 1444 5305 bed
1473 5253 1593 5305 \llde
1625 5264 1884 5309 praeterea
1908 5253 2036 5309 Pal-

457 5267 513 5311 et
534 5251 657 5312 cod.
688 5270 833 5320 xcvn,
871 5270 925 5324 p.
961 5253 1068 5324 257
1098 5262 1152 5306 et
1183 5251 1306 5324 265.
1340 5251 1444 5324 _S_ed
1473 5253 1593 5324 vide
1624 5264 1884 5320 praeterea
1908 5251 2039 5309 Pal-

458 5327 681 5388 ladium,
709 5320 899 5379 testem
928 5322 1219 5393 αὐτόπτην,
1242 5323 1298 5376 in
1340 5320 1462 5393 Vita
1506 5321 1898 5392 Chrysostomi;
1938 5324 2040 5379 So-

459 5394 836 5458 cratemJIist.
864 5395 990 5448 eccl.
1020 5394 1116 5448 lib.
1146 5392 1221 5458 vl,
1250 5409 1300 5446 c.
1333 5392 1421 5457 17,
1459 5401 1513 5446 et
1539 5392 2035 5459 Sozomcnum,lib.

458 5481 579 5545 νιιι,
606 5480 656 5519 c.
699 5466 789 5530 19,
839 5479 1050 5518 necnon
1081 5463 1369 5533 epistolam
1407 5460 1789 5518 Chrvsostomi
1821 5464 1889 5518 ad
1932 5466 2041 5535 Cyd

462 5546 901 5676 l'a(92'§')n’aitfifsio
926 5617 1079 5676 more
1104 5603 1350 5676 antiquo
1381 5602 1651 5676 Eusebius
1681 5601 2038 5676 Caesariensis

458 5663 748 5745 episcopus
772 5663 1573 5745 NicephoroiiLAlitirrheticis
1610 5684 1841 5745 vocatur
1875 5675 1905 5726 ὁ
1937 5674 2038 5745 τῆς

461 5741 780 5823 Καισαρέων
823 5741 919 5814 τῆξ
970 5741 1111 5823 stata
1140 5743 1502 5813 Παλαιστίνην
1554 5743 1864 5815 ἀρχιερεὺς,
1924 5741 2030 5798 etc.

461 5810 580 5865 Non
610 5812 703 5865 diu
736 5820 858 5869 post
892 5810 1113 5865 Adriani
1146 5822 1389 5869 tempora
1434 5814 1674 5869 eniswui
1712 5808 1921 5868 similes
1948 5814 2032 5867 vi-

463 5826 580 5865 rum
610 5826 703 5865 uiu
736 5826 858 5878 poet
892 5826 1113 5865 auriam
1146 5826 1389 5882 tempora
1434 5826 1674 5883 episwpi
1712 5826 1921 5868 similes
1948 5830 2032 5867 vi-

463 5881 579 5935 deii
622 5879 871 5934 volebant
918 5881 1190 5949 pontiﬁcis
1233 5884 1457 5938 maximi
1508 5883 1855 5954 Judteorum;
1910 5898 2033 5955 pre-

2152 3395 2346 3450 ductas
2369 3394 2560 3449 fuisse.
2594 3393 2738 3459 Quin
2776 3404 2829 3448 et
2857 3393 3049 3464 primis
3077 3391 3485 3448 Christianismi
3513 3392 3735 3463 saeculis

2154 3485 2444 3553 episcopos
2492 3488 2596 3538 hoc
2643 3484 2863 3538 nomine
2917 3484 3215 3539 honoratos
3256 3483 3446 3547 fuisse,
3502 3498 3571 3537 ex
3620 3484 3739 3538 solo

2152 3574 2492 3630 Tertulliano
2516 3585 2770 3630 constare
2792 3584 2987 3644 potest,
3021 3574 3115 3643 qui
3137 3574 3191 3627 in
3216 3574 3312 3627 lib.
3347 3573 3424 3629 De
3448 3573 3737 3643 baptismo,

2150 3681 2272 3736 cap.
2304 3666 2394 3732 17,
2428 3667 2655 3721 scribit:
2694 3666 2873 3720 Dandi
2896 3667 3106 3728 quidem
3132 3664 3434 3737 (haptismi)
3470 3665 3623 3719 habet
3640 3665 3736 3733 jus

2149 3773 2386 3810 summus
2416 3757 2682 3820 sacerdos,
2726 3758 2817 3827 qui
2847 3767 2925 3809 est
2959 3757 3252 3824 episcopus,
3297 3755 3486 3809 dehinc
3520 3756 3737 3826 presby-

2150 3852 2270 3915 teri,
2299 3856 2405 3902 etc.
2458 3846 2571 3903 Nec
2616 3849 2776 3919 longo
2823 3858 3073 3914 tempore
3115 3857 3238 3916 post
3282 3848 3339 3902 in
3385 3848 3620 3902 concilio
3670 3863 3734 3900 ιιι

2148 3940 2587 4011 Carthaginiensi
2621 3940 2711 3995 hic
2738 3956 2913 3995 canon
2943 3955 3069 3993 xxv:
3096 3938 3273 3994 factus
3300 3949 3415 3993 est:
3448 3937 3519 3995 Ut
3544 3941 3737 4009 prima:

2149 4033 2295 4088 sedis
2327 4032 2620 4102 episcopus
2651 4048 2761 4087 non
2787 4031 3086 4102 appelletur
3107 4032 3347 4101 princeps
3376 4031 3730 4094 sacerdotum,

2147 4135 2243 4181 aut
2280 4142 2516 4180 summus
2560 4125 2828 4189 sacerdos,
2876 4133 2970 4179 aut
3013 4123 3218 4193 aliquid
3265 4122 3600 4191 hujusmodi,
3636 4123 3731 4177 sed

2148 4228 2358 4274 tantum
2401 4218 2588 4287 primae
2624 4213 2763 4272 sédis
2798 4218 3090 4286 episcopus.
3125 4214 3453 4270 lliera-rchas
3482 4230 3610 4269 vero
3645 4229 3735 4268 sc-

2146 4312 2324 4382 quiori
2352 4315 2571 4367 demum
2602 4319 2757 4365 relate
2789 4300 2979 4364 oinn'es
3007 4309 3303 4378 appellatos
3332 4307 3500 4362 fuisse
3526 4307 3736 4375 cpisco-

2147 4420 2266 4473 pos,
2300 4417 2733 4472 communesque
2764 4417 2889 4456 cum
2941 4401 3173 4456 summis
3216 4400 3568 4469 pontiﬁcibus
3603 4396 3733 4452 fun-

2148 4501 2357 4556 ctiones
2383 4499 2663 4563 habuisse,
2691 4512 2757 4551 ex
2782 4497 2951 4551 veteri
2978 4496 3087 4551 ritu
3108 4494 3515 4550 ordiuationum
3544 4507 3732 4547 sacra-

2150 4606 2270 4645 rum
2300 4588 2504 4660 passim
2538 4589 2679 4642 inter
2713 4588 2848 4642 alios
2882 4585 3258 4657 comprobavit
3279 4584 3499 4640 lenaeus
3520 4581 3727 4638 [laber-

2146 4692 2234 4736 tus
2270 4682 2323 4734 in
2358 4680 2668 4749 Pontiﬁcali
2691 4678 2945 4732 Ecclesia:
2971 4678 3189 4742 Cra-ccc,
3234 4692 3286 4746 p.
3320 4676 3418 4731 541
3454 4692 3596 4745 seq.,
3632 4675 3726 4745 qui

2143 4784 2197 4827 et
2228 4773 2482 4842 peculiari
2518 4772 2900 4827 observatione
2933 4786 3008 4833 ιν,
3045 4770 3112 4823 de
3156 4769 3454 4823 hierarcha:
3483 4783 3578 4823 seu
3612 4768 3731 4836 epi-

2144 4865 2294 4933 scopi
2322 4864 2621 4928 functione,
2644 4879 2767 4933 qua:
2806 4880 2835 4917 a
2877 4862 2935 4917 S.
2979 4862 3235 4932 Dionysio
3265 4861 3565 4933 αὐτουργία
3592 4862 3730 4917 dici-

2142 4965 2270 5019 tur,~
2298 4957 2407 5026 egit
2439 4956 2576 5027 (9.4).
2628 4954 2703 5010 De
2748 4965 2937 5011 nostro
2985 4955 3150 5024 igitur
3193 4952 3429 5009 Macario
3475 4953 3729 5025 Magnete

2143 5047 2430 5102 hierarcha
2463 5064 2509 5102 s.
2541 5046 2800 5117 episcopo
2837 5048 2909 5100 ita
2942 5054 3210 5100 testantur
3238 5046 3510 5100 antistites
3538 5045 3727 5099 ortho-

2141 5181 2343 5253 sbyteri
2381 5183 2591 5244 eodem.
2635 5198 2747 5253 quo
2789 5183 3123 5245 sacerdotes,
3155 5182 3278 5236 loco
3322 5182 3530 5237 versari
3578 5183 3729 5237 dice-

2141 5251 2370 5319 bantur;
2422 5251 2809 5308 diaconi‘cum
2864 5253 3041 5307 levitis
3093 5254 3574 5320 comparabantur,
3625 5270 3729 5305 nu-

2140 5331 2292 5376 tante
2318 5338 2444 5377 ven.
2476 5323 2579 5379 Dn.
2614 5322 2916 5378 Moshemio
2959 5323 3012 5377 in
3058 5322 3300 5375 ‘llistoria
3341 5322 3493 5387 eccl.,
3536 5324 3723 5376 saecul.

2141 5407 2202 5464 ιι,
2251 5405 2390 5461 part.
2448 5410 2508 5460 ιι,
2553 5409 2671 5464 cap.
2718 5394 2774 5456 2,
2827 5391 2856 5464 §
2903 5392 3394 5464 6,,recentissimm
3443 5394 3724 5464 editionis.

2140 5460 2272 5527 Quae
2293 5460 2631 5534 comparatio
2646 5463 2760 5534 jam
2780 5460 2908 5534 tum
2936 5463 3128 5516 nititur
3152 5462 3256 5517 ﬁde
3287 5461 3584 5534 Clementis
3610 5460 3725 5517 Ro-

2141 5534 2285 5586 mani
2315 5535 2368 5587 in
2398 5530 2557 5603 epist.
2596 5530 3107 5603 l_'ad_Corinthios,
3143 5548 3265 5603 cap.
3291 5531 3382 5588 40.

2214 5603 2329 5672 (25)
2368 5600 2605 5658 Ιιιίιοιίε
2638 5603 2708 5657 ad
2745 5600 3107 5672 Variasacra,
3133 5600 3267 5656 tom.
3304 5603 3370 5665 ll,
3407 5619 3459 5671 p.
3503 5601 3595 5665 25,
3627 5602 3722 5659 55.

2210 5673 2325 5743 (24)
2366 5672 2503 5743 Nota
2532 5675 2696 5728 etiam
2731 5684 2860 5729 sunt
2898 5671 3126 5728 Joannis
3158 5671 3550 5743 Euchaitornm
3604 5690 3724 5726 me-

2140 5741 2427 5812 tropolitae,
2478 5742 2749 5800 Philothei
2789 5745 3114 5812 patriarcha:
3161 5741 3323 5797 CPol.
3370 5745 3728 5810 aliorumque

2139 5816 2341 5882 scripta
2399 5814 2790 5868 eucomiastica
2840 5814 2892 5867 in
2935 5824 3046 5869 tres
3084 5814 3422 5882 hierarchas,
3459 5812 3723 5866 Basiliam

2137 5882 2230 5953 M.,
2255 5881 2583 5957 Gregorium
2616 5882 3036 5950 Nazianzenum,
3084 5893 3132 5938 et
3177 5881 3441 5938 Joannem
3484 5882 3728 5951 Chryse-
