4058 6412
327 426 462 485 ίῖἒιδ

1497 426 1773 480 ΝΟΤΙΤΙΔ
1811 427 1899 482 ΕΤ
1940 426 2390 483 FRAGMENTA.

3449 432 3587 487 1353

322 549 447 604 doxi
484 547 626 618 apud
664 544 1029 620 Nicephorum
1063 547 1168 604 CP.
1207 549 1260 602 in
1295 549 1493 619 saepius
1531 549 1764 603 laudatis
1792 551 1900 603 An-
1929 556 1975 610 Α
2002 559 2212 604 aetatem
2261 549 2476 605 stetisse
2528 557 2781 615 testatur,
2817 549 3096 604 Christum
3157 549 3448 606 Dominum
3504 553 3563 606 δι-

324 641 654 695 tirrheticis:
701 640 765 694 Ἦ
802 641 899 711 μὲν
930 635 1022 693 οὖν
1049 640 1227 710 βίϐλος
1255 639 1539 712 Μακαρίου
1572 641 1669 710 μὲν
1711 639 1902 708 ἐπιγέ-

321 749 588 804 γραπται,
625 732 877 804 ίεράρχου
917 732 974 786 δὲ
1005 734 1103 803 τὴν
1146 731 1302 796 ἀξίαν
1326 747 1341 763 ο
1386 733 1523 803 ὅπερ
1560 732 1662 802 οὺχ
1708 733 1740 802 ἡ
1787 733 1905 784 ἐπι-

321 823 508 894 γραφὴ
540 825 672 896 μόνη
695 824 986 889 δείκνυσιν,
1024 825 1136 878 ἀλλ’
1161 825 1258 898 ἤδη
1295 825 1386 878 καὶ
1415 827 1447 896 ἡ
1476 825 1673 890 ἔξωθεν
1702 829 1760 881 ἐν
1787 829 1905 889 ταῖς

324 919 553 985 πτυχαῖς
601 917 701 987 τῆς
751 915 932 986 βίϐλου
981 917 1343 989 ἀρχαιοτάτης
1396 916 1563 989 οὔσης
1610 917 1905 988 φιλοτίμως

319 1007 637 1078 τυπουμένη
665 1008 758 1061 τοῦ
790 1009 1080 1079 Μακαρίου
1110 1009 1299 1062 τούτου
1332 1008 1494 1063 εἰκὼν
1526 1008 1903 1082 ὲκτυπώτερον

319 1100 637 1172 παρίστησι.
681 1101 879 1172 Στολὴν
907 1101 1018 1171 γὰρ
1061 1104 1252 1173 ἱερέως
1294 1102 1480 1155 τοῦτον
1524 1103 1907 1174 ἀμπεχόμενον

318 1190 630 1260 ὑποφαίνει,
660 1189 803 1243 καθὰ
829 1189 892 1261 δὴ
921 1190 1187 1262 πολλαχοῦ
1220 1191 1313 1244 καὶ
1349 1193 1405 1244 ὲν
1437 1191 1650 1264 ἑτέραις
1700 1192 1907 1256 δέλτοις

319 1281 604 1353 ἁνιστοροιῖ
614 1299 772 1352 μενον
798 1281 1087 1356 εὐπρεπῶς
1103 1284 1193 1337 τὸν
1216 1287 1413 1338 οἰκεῖον
1445 1286 1766 1357 συγγραφέα
1794 1285 1909 1356 βλέκ

320 1392 514 1446 πομεν.
545 1375 702 1429 Liber
721 1379 897 1447 itaque
924 1379 1240 1448 inscriptum
1262 1379 1413 1433 habet
1442 1377 1674 1432 Macarii
1697 1397 1907 1444 nomen,

317 1466 447 1520 item
467 1468 800 1538 dignitatem,
816 1485 995 1539 nempe
1009 1471 1296 1540 ponti/icis.
1317 1469 1484 1541 quue
1503 1487 1603 1524 non
1623 1474 1808 1527 titulus
1829 1491 1910 1528 so-

317 1557 430 1614 lum
461 1559 686 1624 indicat,
717 1560 805 1612 sed
830 1561 947 1629 ipsa
977 1562 1142 1615 etiam
1165 1563 1490 1616 extrinsecus
1515 1563 1640 1617 libri
1662 1564 1908 1617 vetustis-

318 1651 440 1704 simi
469 1652 777 1719 tegumentis
799 1651 1063 1720 eleganter
1093 1653 1347 1723 impressa
1376 1653 1607 1709 Macarii
1626 1653 1782 1719 huius
1805 1655 1908 1722 efﬁ-

319 1743 426 1812 gies
447 1743 733 1796 evidentius
759 1743 966 1812 probat.
997 1744 1140 1798 Nam
1162 1745 1299 1800 hunc
1322 1747 1642 1802 sacerdotali
1665 1757 1802 1802 veste
1824 1749 1908 1801 in-

319 1833 506 1894 dutum
527 1836 753 1900 exhibet,
782 1837 1218 1906 quemadmodum
1243 1849 1291 1892 et
1314 1840 1369 1892 in
1396 1839 1518 1893 aliis
1545 1840 1694 1894 libris
1717 1849 1902 1894 aucto-

320 1938 427 1976 rem
442 1927 708 1995 eleganter
726 1927 990 1996 depictum
1005 1931 1196 1997 scepius
1221 1930 1475 1986 videmus.
1497 1930 1578 1985 Ad
1601 1947 1722 2002 quae
1740 1932 1899 1987 verba

321 2016 542 2085 quidem
577 2017 978 2086 Tillemontius,
1010 2036 1132 2076 cum
1162 2038 1272 2092 quo
1301 2021 1581 2079 Boivinius
1621 2025 1748 2079 olim
1795 2017 1906 2081 ira-

320 2118 536 2178 gmenta
551 2109 812 2180 Magnetis
829 2115 1347 2180 communicaverat,
1365 2115 1417 2170 in
1436 2115 1677 2171 Historia
1690 2118 1913 2187 impera-

325 2208 521 2263 torum,
538 2210 593 2254 et
626 2202 840 2266 quidem
853 2202 915 2258 in
933 2201 1055 2258 Vita
1071 2203 1411 2261 Constantini
1438 2205 1613 2277 Magni
1631 2207 1743 2278 (25)
1761 2210 1905 2266 hunc

325 2291 380 2345 in
405 2293 627 2348 modum
660 2305 1064 2352 commentatur
1104 2315 1116 2350 :
1153 2297 1281 2362 Car,
1313 2314 1448 2368 pour
1475 2316 1531 2353 ce
1563 2299 1721 2369 qu‘ils
1751 2317 1906 2355 assu-

320 2394 454 2451 rent,
473 2402 568 2456 que
584 2386 631 2441 le
654 2390 944 2444 manuscrit
962 2391 1118 2462 gu’ils
1133 2408 1195 2446 en
1214 2392 1425 2464 avaient
1439 2396 1614 2447 trouvé
1624 2395 1753 2447 était
1774 2395 1904 2448 tres-

321 2482 529 2548 ancien,
557 2483 669 2537 cela
688 2486 850 2538 serait
871 2484 989 2554 plus
1017 2484 1400 2552 considerable,
1428 2487 1474 2539 si
1501 2502 1596 2539 son
1621 2487 1793 2556 image
1812 2487 1900 2557 n’y

322 2574 469 2626 avait
493 2591 588 2642 pas
613 2576 947 2647 été_habillée
982 2593 1042 2632 en
1070 2579 1275 2647 ét'éque.
1309 2575 1418 2632 Car
1445 2579 1768 2632 assurément
1787 2579 1902 2632 cela

329 2665 462 2718 n’est
492 2682 588 2736 pas
617 2644 708 2720 du,
727 2678 804 2721 ιν·
833 2668 1006 2734 siécle,
1055 2669 1110 2723 ni
1157 2681 1547 2739 apparemment
1577 2669 1648 2722 du
1683 2680 1760 2724 v'.
1794 2669 1898 2725 Sed

324 2763 688 2826 praeterquam
736 2759 881 2828 quod
931 2774 998 2814 ex
1030 2759 1330 2814 involucris
1373 2758 1496 2813 libri
1537 2760 1900 2817 exterioribus

321 2857 377 2902 et
403 2849 696 2905 artiﬁciose
735 2850 950 2920 depicta
999 2851 1236 2923 imagine
1265 2861 1430 2921 atque
1461 2851 1651 2907 habitu
1682 2853 1898 2923 episeo-

323 2939 434 3010 pali
468 2940 732 3012 Magnetis
767 2943 910 2999 haud
937 2944 1171 3014 judicari
1217 2953 1395 3016 potest
1426 2945 1493 3001 de
1527 2949 1762 3015 genuina
1797 2963 1899 3002 an-

323 3034 572 3104 tiquitate
600 3037 802 3105 aperis,
827 3037 910 3091 vel
949 3045 1108 3092 aetate
1137 3038 1411 3107 auctoris;
1448 3055 1570 3095 cum
1609 3042 1690 3095 vel
1716 3041 1894 3110 ipsum

323 3122 626 3192 Christum,
668 3126 948 3194 apostolos
977 3135 1030 3182 et
1061 3127 1316 3198 antiquos
1343 3129 1632 3198 plerosque
1660 3131 1892 3188 clericos

323 3218 596 3300 tunicatos
607 3228 659 3273 et
674 3220 923 3288 palliatos
939 3231 1148 3276 veteres
1167 3223 1392 3292 picturae
1413 3232 1468 3278 et
1488 3224 1681 3278 litterae
1693 3223 1897 3285 referre
1924 3235 1968 3296 (ς

325 3301 576 3365 soleant
619 3310 756 3365 nihil
790 3321 968 3367 tamen
1008 3313 1206 3382 obstat,
1251 3317 1549 3386 quominus
1578 3332 1674 3387 per
1704 3317 1894 3388 στολὴν

325 3398 515 3470 ἱερέως
549 3399 764 3470 longam
791 3409 955 3471 atque
983 3402 1049 3456 ad
1081 3403 1218 3458 talos
1249 3405 1541 3460 demissam
1573 3415 1778 3462 vestem
1813 3407 1898 3460 in-

323 3491 662 3562 telligamus,
711 3507 832 3561 qum
890 3509 1014 3548 cum
1060 3477 1206 3557 57m:
1243 3495 1358 3550 sive
1408 3496 1573 3566 pallio
1624 3496 1896 3566 pontilicis

323 3584 546 3637 maximi
586 3583 932 3638 Hebraeorum
966 3584 1080 3639 fere
1117 3587 1445 3653 conveniat,
1479 3588 1553 3642 ita
1590 3598 1648 3642 ut
1675 3589 1742 3642 ad
1776 3589 1896 3659 ejus

322 3673 734 3729 similitudinem
766 3675 947 3730 tunica
977 3676 1170 3732 deinde
1205 3677 1530 3748 episcopalis
1564 3679 1618 3733 in
1647 3678 1893 3736 Ecclesia

323 3765 638 3820 Christiana
679 3767 882 3822 sensim
921 3768 1230 3823 introducta
1270 3769 1340 3824 sit
1383 3769 1520 3835 (26).
1552 3770 1724 3837 Quale
1763 3774 1893 3843 ἱμά-

321 3873 432 3911 τιον
492 3857 668 3928 (quod
719 3858 1014 3929 scriptores
1055 3861 1411 3915 ecclesiastici
1459 3863 1596 3918 alias
1647 3862 1894 3918 διπλοΐδα

322 3951 614 4021 appellant,
662 3951 767 4006 hoc
793 3960 877 4006 est
920 3961 1123 4007 vestem
1173 3953 1524 4023 duplicatam,
1566 3971 1689 4024 quae
1718 3965 1892 4010 totum

321 4043 488 4097 veluti
513 4057 712 4112 corpus
731 4041 1064 4112 duplicando
1093 4041 1506 4114 circumvolvit)
1531 4045 1706 4114 ipsum
1729 4045 1893 4100 etiam

324 4132 669 4188 Servatorem
701 4142 954 4188 nostrum
982 4143 1227 4204 gestasse
1255 4135 1368 4207 (27)
1387 4136 1530 4190 haud
1562 4137 1812 4191 dubitant
1834 4139 1892 4204 ii,

323 4225 416 4295 qui
448 4226 516 4279 de
543 4240 601 4279 re
632 4225 890 4281 vestiaria
916 4232 1158 4279 veterum
1186 4227 1522 4296 scripserunt
1549 4246 1562 4281 :
1592 4228 1732 4282 inter
1754 4244 1894 4299 quos

322 4315 594 4385 imprimis
627 4316 883 4386 legendus
911 4325 994 4372 est
1016 4315 1173 4372 Joan.
1194 4317 1464 4374 Braunius
1498 4319 1574 4373 De
1606 4322 1788 4374 vestitu
1809 4338 1895 4375 sa-

322 4409 594 4463 cerdotum
643 4409 983 4464 Hebrworum
1006 4451 1021 4475 ,
1077 4411 1171 4466 lib.
1208 4428 1270 4478 ιι,
1303 4428 1423 4483 cap.
1459 4413 1526 4479 2,
1561 4430 1613 4484 p.
1668 4414 1803 4478 579,
1841 4423 1895 4468 et

323 4516 442 4571 cap.
473 4501 526 4567 5,
564 4517 616 4571 p.
652 4501 757 4556 445
790 4517 943 4572 seqq.
971 4501 1110 4569 Quid
1137 4504 1282 4574 quod
1316 4513 1370 4558 et
1405 4519 1542 4559 aerea
1597 4506 1684 4560 illa
1713 4514 1890 4562 statua

2008 642 2200 696 πλοῖδα
2247 642 2489 712 κοσμίως
2541 642 3022 714 περιϐεϐλημένον,
3054 643 3157 698 hoc
3182 652 3265 700 est
3304 645 3588 716 duplicata

2007 744 2174 800 veste,
2210 733 2390 787 tunica
2433 732 2553 787 scil.
2590 741 2644 786 et
2685 733 2870 803 pallio,
2904 734 3160 788 decenter
3190 735 3466 804 indutum,
3521 751 3589 789 ex

2007 826 2284 881 communi
2333 826 2491 882 istius
2523 826 2699 880 aetatis
2748 825 3006 895 Opinione
3035 836 3089 881 et
3124 827 3393 881 vestiendi
3429 842 3590 882 more

2009 919 2477 986 repraesentaverit
2528 916 2638 987 (28)
2687 935 2698 971 :
2738 926 2798 970 ut
2845 916 2980 971 adeo
3011 917 3117 972 hoc
3145 918 3457 972 vestimenti
3494 934 3587 987 ge-

2009 1025 2112 1064 nus
2142 1025 2172 1063 a
2202 1010 2392 1079 primis
2419 1009 2677 1065 Ecclesiae
2697 1009 3026 1065 Christiana:
3053 1012 3270 1067 saeculis
3295 1012 3590 1082 haudqua-

1977 1117 2169 1172 ,quam
2206 1102 2370 1157 fuerit
2403 1103 2662 1157 alienum.
2700 1101 2856 1158 Nulla
2888 1105 3117 1173 proinde
3151 1119 3194 1159 st
3221 1105 3389 1174 ppetit
3416 1105 3576 1173 ratio,

2008 1208 2106 1248 cur
2136 1192 2322 1262 longas
2355 1201 2532 1248 vestes
2560 1194 2916 1264 episcopales,
2951 1195 2996 1249 si
3033 1210 3062 1249 a
3097 1194 3323 1266 reliquis
3346 1198 3578 1251 vestium

2009 1285 2344 1340 ornamentis
2373 1285 2632 1354 paulatim
2669 1286 2992 1341 introductis
3039 1286 3476 1354 discesserimus,
3511 1289 3579 1343 ad

2011 1386 2255 1447 tempora
2291 1378 2489 1433 saeculo
2521 1394 2574 1431 IV
2607 1379 2691 1433 vel
2720 1395 2752 1432 v
2780 1377 3037 1434 inferiora
3087 1379 3304 1434 demum
3335 1381 3579 1437 referen-

2007 1463 2106 1518 das
2126 1478 2246 1519 esse
2265 1475 2486 1520 censeat
2507 1464 2906 1522 Tillemontius.
2933 1466 3277 1523 Contrarium
3305 1469 3442 1525 forte
3463 1471 3578 1540 jam

2012 1563 2125 1609 tum
2171 1556 2351 1626 colligi
2383 1567 2566 1626 posset
2608 1574 2671 1613 ex
2707 1557 3004 1629 Polycratis
3055 1559 3415 1630 Ephesiorum
3459 1564 3578 1633 epi—

2008 1646 2159 1716 scopi
2204 1648 2368 1702 modo
2395 1649 2624 1719 allegata
2657 1649 2886 1718 epistola
2921 1651 3062 1720 apud
3096 1653 3390 1708 Eusebium
3423 1653 3575 1708 Hist.

2007 1737 2159 1802 eccl.,
2191 1740 2286 1792 lib.
2329 1754 2380 1805 v,
2414 1753 2464 1794 c.
2493 1739 2584 1804 2i,
2615 1740 2670 1794 in
2701 1756 2809 1811 qua
2857 1741 2914 1795 S.
2958 1741 3223 1800 Joannem
3266 1748 3576 1816 apostolum

2013 1839 2283 1886 memorat
2321 1831 2382 1884 τὸ
2415 1833 2667 1896 πέταλον,
2719 1834 2832 1888 sive
2862 1835 3120 1890 laminam
3158 1854 3415 1907 auream,
3459 1851 3579 1895 tan-

2007 1937 2172 1992 quam
2221 1922 2578 1978 sacerdotalis
2619 1924 2837 1980 habitus
2873 1925 3105 1995 insigne,
3141 1939 3382 1999 gestasse
3425 1931 3576 2004 (29),

2006 2017 2206 2086 quippe
2234 2016 2378 2085 quod
2411 2016 2638 2073 honoris
2668 2018 2882 2089 insigne
2911 2020 3118 2089 primos
3158 2023 3282 2078 illos
3311 2025 3579 2081 Christia-
3639 2041 3644 2047 ‘

2007 2123 2202 2163 norum
2238 2108 2522 2178 pontiﬁces
2565 2111 2814 2180 exemplo
2865 2109 3217 2168 Judaicorum
3254 2118 3578 2186 pontiﬁcum

2006 2199 2250 2255 imitatos
2289 2215 2410 2255 esse
2439 2200 2740 2255 arbitratur
2769 2199 2936 2256 llenr.
2970 2202 3224 2261 Valesius
3254 2207 3306 2260 in
3340 2209 3488 2264 notis
3510 2210 3578 2265 ad

2006 2289 2152 2344 hunc
2179 2290 2380 2345 locum.
2416 2289 2618 2345 Verum
2652 2307 2776 2346 cum
2814 2294 3064 2349 nonnulli
3092 2295 3202 2365 (50)
3242 2298 3357 2353 haec
3395 2301 3580 2369 potius

2003 2382 2377 2453 metaphorice
2407 2381 2635 2452 intelligi
2665 2384 2880 2450 malint,
2908 2401 3016 2440 non
3041 2387 3189 2456 quod
3222 2387 3462 2447 Joannes
3493 2409 3579 2448 re-

2005 2489 2132 2528 vera
2163 2475 2419 2530 sacerdos
2456 2473 2640 2540 l'uerit,
2673 2477 2757 2532 vel
2785 2492 2910 2532 cum
2943 2480 3380 2537 sacerdotalibus
3407 2497 3578 2538 orna-

2002 2563 2201 2619 mentis
2232 2563 2482 2619 incedere
2503 2564 2698 2622 solitus
2720 2576 2884 2636 esset,
2914 2569 3009 2624 sed
3043 2571 3172 2639 quia
3193 2571 3434 2641 dotibus,
3462 2589 3578 2629 me-

2002 2655 2145 2722 ritis,
2177 2656 2398 2721 virtute,
2426 2659 2736 2722 sanctitate,
2777 2661 3090 2718 sacerdotes
3115 2661 3388 2720 Leviticos
3413 2680 3577 2736 supe-

2001 2756 2170 2811 raret,
2205 2755 2260 2802 et
2288 2749 2616 2820 cognitionis
2649 2765 2762 2806 suae
2791 2752 3125 2809 sublimitate
3155 2755 3228 2820 ita
3264 2771 3324 2811 se
3359 2758 3574 2813 attolle-

2002 2849 2084 2895 ret
2111 2851 2166 2895 et
2190 2849 2523 2910 assurgeret,
2557 2849 2617 2896 ut
2646 2843 2815 2898 caelos
2843 2845 2992 2914 ipsos
3018 2855 3071 2900 et
3106 2844 3305 2902 Sancta
3351 2859 3574 2905 sancto-

2000 2947 2119 2986 rum
2137 2946 2452 3002 penetrasse
2474 2933 2746 2988 videretur
2767 2952 2779 2988 :
2805 2937 2974 2990 misso
2990 2937 3266 3008 paulisper
3288 2940 3392 2994 isto
3421 2942 3576 2996 testi-

1999 3025 2206 3093 monio,
2237 3025 2436 3082 fortius
2463 3042 2764 3097 provocare
2784 3028 2970 3085 licebit
2999 3030 3067 3084 ad
3097 3031 3317 3088 Eusebii
3348 3032 3577 3090 Czesari-

1997 3119 2146 3174 ensis
2194 3118 2492 3174 orationem
2542 3121 2920 3192 panegyricam
2961 3123 3028 3178 de
3067 3124 3428 3182 aediﬁcatione
3472 3127 3575 3184 Ee-

1999 3211 2290 3266 clesiarum
2336 3210 2566 3268 Paulino
2610 3211 2897 3283 Tyriorum
2951 3216 3210 3286 episcopo
3253 3217 3318 3272 A.
3369 3219 3432 3274 C.
3466 3221 3574 3276 515

1999 3302 2231 3370 dictam;
2288 3303 2344 3358 in
2393 3319 2499 3374 qua
2554 3301 2844 3358 Paulinum
2899 3313 3235 3376 ueteresque
3285 3310 3574 3380 episcopus

1998 3402 2292 3464 przesentes
2324 3396 2507 3450 statim
2539 3397 2609 3450 ab
2641 3395 2800 3450 initio
2834 3395 2980 3451 hunc
3008 3398 3060 3451 in
3095 3399 3316 3454 modum
3340 3400 3575 3470 alloqui-

1999 3496 2087 3540 tur
2116 3507 2128 3541 :
2159 3481 2229 3538 Ὦ
2266 3486 2410 3556 φίλοι
2437 3486 2571 3540 Θεοῦ
2602 3487 2696 3541 καὶ
2729 3489 2912 3559 ἱερεῖς,
2941 3490 2989 3541 οἱ
3015 3489 3104 3542 τὸν
3138 3490 3289 3559 ἅγιον
3322 3493 3532 3565 ποδήρη
3557 3533 3572 3556 ,

1999 3579 2091 3630 καὶ
2120 3577 2208 3630 τὸν
2239 3578 2488 3650 οὐράνιον
2515 3580 2611 3650 τῆς
2643 3579 2800 3650 δόξης
2830 3580 3112 3649 στέφανον,
3147 3582 3209 3636 τό
3260 3601 3318 3636 τε
3367 3585 3575 3656 χρίσμα

1995 3670 2056 3722 τὸ
2087 3669 2288 3735 ἔνθεον,
2339 3671 2432 3724 καὶ
2469 3669 2566 3742 τὴν
2611 3671 2893 3744 ἱερατικὴν
2922 3672 3016 3726 τοῦ
3062 3674 3216 3742 ἁγίου
3255 3676 3574 3748 Πνεύματος

1998 3762 2188 3833 στολὴν
2216 3760 2690 3834 περιϐεϐλημένοι,
2725 3780 2779 3816 κ.
2812 3781 2865 3816 τ.
2895 3763 2944 3818 λ.
2983 3765 3157 3818 Amici
3186 3775 3235 3820 et
3273 3769 3573 3823 sacerdotes

1997 3851 2116 3919 Dei,
2137 3852 2228 3923 qui
2259 3869 2414 3906 sacra
2443 3855 2623 3906 tunica
2667 3853 2831 3906 talari
2854 3854 3050 3920 induti,
3088 3866 3137 3908 et
3167 3855 3362 3912 caelesti
3388 3860 3574 3928 gloria:

1996 3962 2186 3999 corona
2203 3945 2457 4012 decorati,
2478 3945 2759 4016 divinaque
2780 3947 3025 4000 unctione
3053 3948 3292 4014 delibuti,
3320 3959 3368 4004 et
3396 3968 3573 4004 sacer-

1996 4039 2166 4092 dotali
2210 4040 2380 4092 sancti
2435 4039 2670 4108 Spiritus
2723 4050 2859 4093 veste
2907 4041 3092 4093 amicti
3141 4042 3287 4106 estis,
3317 4052 3422 4097 etc.
3457 4045 3568 4113 (5i)

1996 4129 2128 4195 Quae
2162 4132 2325 4184 verba
2359 4131 2405 4184 si
2437 4131 2633 4185 iterum
2681 4145 2746 4186 ex
2788 4132 3058 4186 sententia
3096 4131 3298 4203 Moynii
3331 4136 3571 4205 tropoloe

1996 4222 2115 4292 gioe
2150 4229 2363 4275 tantum
2392 4230 2446 4276 et
2475 4237 2568 4290 per
2613 4221 2936 4276 allusionem
2971 4222 3037 4276 ad
3067 4223 3313 4277 habitum
3349 4226 3572 4295 pontiﬁ-

1995 4314 2170 4369 calem
2203 4311 2265 4367 V.
2300 4312 2364 4368 T.
2395 4315 2659 4384 accipere,
2688 4329 2789 4368 nec
2819 4313 2984 4368 simul
3011 4314 3078 4369 ad
3109 4324 3434 4384 prtesenlem
3473 4333 3571 4374 νεα

1997 4409 2186 4462 stilum
2234 4407 2598 4476 episcopalem
2630 4407 2790 4462 istius
2821 4407 3082 4476 temporis
3133 4409 3408 4477 respicere
3438 4426 3501 4465 ve
3534 4453 3538 4456 Α
3566 4441 3577 4456 σ

1997 4513 2142 4561 mus,
2174 4501 2465 4553 verendum
2516 4497 2638 4563 erit,
2687 4513 2756 4553 ne
2798 4499 3070 4567 integrum
3106 4497 3310 4555 factum
3347 4503 3572 4561 histor.-

321 4589 708 4653 Paneadensis.
731 4609 894 4663 quam
913 4593 1180 4650 Eusebius
1204 4595 1666 4652 luculentissimus
1685 4607 1740 4651 et
1761 4613 1890 4652 ocu-
1925 4575 1966 4629 D
1997 4605 2120 4645 cum
2151 4589 2218 4644 de
2250 4590 2450 4660 ιειῐιριο
2480 4589 2532 4643 ill
2562 4589 2693 4644 urbe
2721 4589 2864 4662 Tyro
2897 4599 3176 4646 ειειΐυοιο
3205 4593 3324 4662 Pari
3357 4595 3572 4650 ratione

324 4684 465 4741 latus
490 4686 640 4741 testis
672 4687 818 4756 apud?
839 4685 1139 4742 Caesaream
1175 4686 1404 4758 Philippi
1435 4704 1607 4758 usque
1635 4689 1700 4770 ad
1729 4705 1886 4745 suam

1191 4888 1351 4943 oterit
1395 4889 1443 4943 J.
1490 4891 1552 4943 A.
1607 4889 1890 4947 Fabricius

1195 4958 1258 5025 ll,
1286 4975 1338 5028 p.
1367 4960 1495 5026 558,
1524 4969 1578 5015 et
1603 4962 1711 5015 vol.
1753 4961 1888 5032 VIII,

323 4899 607 4948 stomum:
656 4888 723 4944 de
762 4886 959 4953 quibus
1005 4887 1107 4957 legi

325 4964 378 5016 in
410 4959 736 5014 Bibliotheca
771 4957 979 5026 erca,
1007 4960 1113 5014 vol.

324 5048 508 5174 ὴ
543 5099 698 5174 Tom.
728 5100 828 5174 ιν,
857 5116 910 5169 p.
935 5099 1039 5154 487
1068 5113 1176 5169 sq.,
1199 5101 1356 5170 cujus
1386 5102 1551 5174 verba
1567 5102 1769 5174 Acitavi‘t
1795 5103 1893 5158 Fa-

322 5171 526 5239 bricius
555 5173 609 5226 in
643 5171 851 5225 Delectu
879 5180 1305 5241 argumentorum
1333 5181 1380 5224 et
1417 5171 1621 5241 syllaba
1666 5173 1889 5240 scripto-

325 5258 440 5298 rum
470 5243 533 5296 de
565 5247 782 5297 veritate
813 5242 1080 5310 religionis
1109 5240 1332 5308 Christ.,
1361 5257 1415 5310 p.
1451 5240 1542 5311 66,
1571 5257 1720 5311 seqq.

396 5314 507 5384 (26)
542 5312 680 5367 Hinc
709 5313 763 5366 in
810 5313 978 5366 missa
1019 5311 1232 5384 Batoldi
1265 5312 1406 5382 apud
1453 5310 1733 5382 Hugonein
1776 5313 1888 5384 Me-

323 5381 554 5439 nardum
580 5385 633 5438 in
651 5383 944 5452 appendice
970 5382 1034 5434 ad
1058 5381 1255 5437 librum
1277 5381 1739 5438 Sacramentorum
1757 5383 1889 5438 Gre-

326 5455 463 5525 gorii
494 5451 698 5524 Magni,
720 5451 773 5522 p.
811 5468 884 5505 m.
916 5451 1041 5525 261,
1076 5463 1199 5521 post
1238 5461 1515 5525 acceptam
1554 5453 1750 5525 stolam
1789 5455 1888 5506 mi-

325 5523 846 5594 nistratur’episcopo
870 5523 1048 5594 tunica
1068 5525 1210 5593 gyris
1247 5525 1304 5575 in
1331 5523 1697 5578 tintinnabulis
1737 5526 1889 5576 miri-

324 5596 421 5663 ﬁce
445 5593 1195 5664 refecta,iadisimilitudiuem
1228 5595 1528 5664 sacerdotis
1555 5596 1833 5664 Aaronici.

397 5663 509 5735 (27)
545 5663 702 5735 Coni.
733 5663 922 5717 Matth.
952 5679 1028 5727 Ix,
1057 5664 1147 5727 20,
1173 5665 1232 5716 2|
1262 5682 1276 5730 ;
1306 5663 1472 5719 Marc.
1503 5680 1562 5735 v,
1593 5663 1662 5716 27
1693 5673 1747 5718 et
1775 5667 1841 5717 δυ
1869 5682 1883 5728 ;

322 5733 630 5798 Ιοοηζιιιςκ,
660 5734 750 5796 25,
783 5750 851 5788 ex
892 5748 1002 5802 quo
1030 5735 1222 5787 ultimo
1262 5736 1451 5804 liquet,
1487 5734 1760 5789 Christum
1784 5736 1887 5788 du-

324 5806 452 5886 plici
483 5821 642 5862 usum
690 5819 810 5858 esse
858 5806 1022 5858 vestis
1062 5820 1279 5874 genere,
1315 5805 1522 5862 scilicet
1559 5805 1793 5876 ἱματίοις
1833 5813 1886 5859 et

326 5893 526 5948 χιτωνι.

635 5972 902 6034 Panos.
950 5971 1065 6031 Cn.
1099 5970 1180 6032 Χ.

1997 4685 2050 4737 in
2076 4684 2274 4738 factum
2300 4681 2574 4754 quoddam
2603 4683 3036 4752 metaphoricum
3059 4695 3410 4739 convertatur
3432 4687 3567 4759 (52).

2216 4886 2335 4964 Yid.
2375 4886 2591 4964 Eusebii
2631 4885 2773 4964 (list.
2799 4885 3026 4964 eccl.|i_b.
3065 4903 3158 4964 vn,
3185 4886 3422 4964 capiti.
3537 4955 3561 4964 η

2065 4957 2176 5029 (29)
2223 4961 2343 5011 Ἔτι
2395 4958 2452 5010 δὲ
2483 4959 2592 5029 ’καὶ
2638 4957 2919 5029 Ἰωάννης,
2950 4959 2978 5010 ὁ
3011 4958 3105 5029 επὶ
3133 4957 3214 5029 ,τὸ
3255 4957 3446 5029 στῆθος
3473 4957 3564 5029 τοῦ

1995 5025 2199 5100 Κυρίου
2251 5025 2569 5100 ἀναπεσὼνξ
2627 5028 2685 5092 ὃς
2735 5025 2964 5100 ἐγενήθη
3014 5026 3191 5098 ἱερεὺς
3227 5027 3287 5078 τὸ
3334 5026 3564 5078 πέταλον

1994 5097 2333 5188 πειεορξξςρς,
2361 5100 2459 5188 (real.
2493 5099 2825 5188 μάρτυξικαὶ
2851 5097 3186 5188 scenam;

2064 5167 2185 5238 (30f
2207 5169 2325 5224 Vid.
2361 5167 2548 5239 Steph.
2575 5167 2634 5223 tle
2676 5168 2952 5239 Moyne,_l.
2984 5184 3032 5222 c.
3080 5183 3132 5236 p.
3162 5167 3254 5229 28,
3283 5177 3352 5239 et_
3371 5181 3558 5220 vener.

1992 5239 2053 5294 E.
2090 5236 2846 5312 S.'Cyprianu'sinunctis}!!!
2893 5237 3280 5312 Hieronymum
3327 5236 3563 5312 Descri-

1991 5322 2128 5379 ptor.
2167 5305 2321 5374 eccl.,
2368 5327 2485 5379 cap.
2522 5310 2612 5372 45,
2650 5325 2702 5378 p.
2738 5308 2878 5379 il2l_,
2921 5324 2984 5379 es
3020 5305 3148 5379 edit.
3185 5305 3560 5379 Fabricii

1992 5375 2266 5436 bliotheca:
2300 5375 2690 5434 ecclesiastica".
2723 5377 2882 5432 Conl‘.
2915 5378 3078 5430 etiam
3107 5375 3192 5430 Jo.
3226 5375 3392 5431 Gottl.
3443 5375 3562 5428 “t‘l-

1991 5453 2163 5506 neccii
2193 5452 2327 5506 diss.
2360 5451 2437 5504 De
2464 5451 2643 5505 habitu
2670 5458 2719 5502 et
2759 5447 3050 5516 insignibus
3083 5448 3442 5516 apostolorum
3465 5464 3559 5502 sa-

1989 5522 2362 5576 cerdotalibus.

2062 5591 2175 5661 (51)
2221 5591 2342 5647 Vid.
2388 5590 2607 5646 Eusebii
2659 5588 2798 5642 Hist.
2840 5587 2994 5651 eccl.,
3027 5589 3118 5642 lib.
3158 5604 3212 5654 Χ,
3245 5603 3364 5658 cap.
3403 5587 3458 5651 4,
3502 5602 3558 5656 p.

1990 5678 2060 5715 m.
2089 5663 2211 5718 571.

2062 5734 2199 5811 (52)
2225 5731 2382 5811 Conl.
2422 5729 2517 5811 ..ξι-ι.
2555 5729 2733 5811 .Mich.
2766 5727 3066 5811 Alleineccii
3115 5727 3420 5811 {Abfilnlluug
3464 5728 3558 5811 der

1991 5802 2355 5862 Griechischen
2412 5801 2628 5868 Kirchc,
2661 5809 2796 5869 part.
2835 5817 2916 5867 ιιι,
2948 5815 3069 5869 cap.
3110 5799 3162 5862 l,
3202 5797 3230 5869 §
3259 5799 3350 5864 25,
3379 5813 3432 5866 p.
3463 5797 3554 5854 Ξῖ.

3166 5961 3244 6022 Ιι3

2065 4887 2176 5029 ea
