4058 6376
463 387 485 440 1
499 387 605 444 555

1746 383 2103 442 MACARIUS
2141 382 2446 441 MAGNES.

3585 382 3732 438 1556

463 507 539 561 De
565 505 794 560 lleracla
832 506 1211 560 Alexandrinae
1258 504 1514 561 Ecclesia:
1558 505 1899 575 presbytero,
1945 521 2038 573 qui
2073 510 2113 564 Α
2145 504 2290 558 haud
2322 512 2511 559 curate
2539 504 2810 574 expressit
2839 503 2984 562 Guil.
3021 503 3236 558 Caveus
3271 502 3330 567 in
3363 501 3609 557 Historia
3646 505 3741 558 iit-

462 605 652 668 postea
678 596 922 667 ejusdem
948 597 1058 663 loci
1090 596 1382 665 episc0pus
1410 595 1531 660 fuit,
1560 594 1672 663 jam
1708 604 1821 649 tum
1851 592 2041 663 Orige-

461 703 562 742 nes
610 688 750 757 apud
781 684 1102 751 Eusebium,
1141 684 1285 738 Hist.
1320 686 1448 738 eccl.
1485 684 1579 738 lib.
1613 700 1690 749 vt,
1742 699 1792 738 c.
1836 683 1936 749 19,
1984 699 2038 753 p.

460 779 589 844 2‘21,
621 786 878 843 testatur,
913 777 1091 843 illum,
1124 792 1250 831 cum
1286 776 1500 845 vulgari
1531 784 1679 830 veste
1712 784 1871 830 antea
1907 792 2044 830 usus

462 872 679 935 fuisset,
731 884 794 925 ea
837 869 1084 939 deposita
1119 870 1554 940 philosolihicum
1595 870 1840 924 induisse
1888 869 2044 923 habi-

462 972 578 1017 tum
611 961 750 1033 (hoc
770 971 853 1019 est
875 961 1099 1032 pallium
1125 976 1249 1016 cum
1279 962 1516 1028 tunica),
1540 960 1785 1030 illudque
1815 961 2042 1030 pallium

464 1064 652 1125 postea
679 1055 842 1109 etiam
876 1053 1173 1108 retinuisse
1205 1053 1339 1123 (55).
1370 1052 1587 1107 Pacatis
1613 1067 1743 1107 vero
1777 1051 2047 1106 Christian

464 1162 661 1202 norum
698 1147 882 1214 rebus,
926 1149 1102 1217 magis
1133 1146 1362 1201 invaluit
1392 1146 1625 1202 vestitus
1667 1145 2046 1200 sacerdotibus

463 1238 741 1309 preprius.
777 1237 986 1293 Stolam
1020 1239 1413 1294 sacerdotalem
1444 1254 1581 1293 auro
1611 1246 1923 1293 contextam
1954 1254 2050 1291 re-

469 1334 575 1389 fert
612 1334 991 1390 Theodoretus
1022 1337 1133 1407 (54)
1177 1352 1206 1390 a
1237 1334 1600 1392 Constantino
1642 1336 1837 1407 Magno
1876 1335 2050 1391 dona-

466 1436 575 1480 tam
608 1426 849 1482 Macario
876 1444 1132 1499 episcopo
1161 1428 1682 1500 Hierosolymitano,
1716 1441 1775 1484 ut
1802 1445 1865 1485 ea
1892 1429 2050 1483 indu—

468 1528 554 1572 tus
581 1518 752 1574 divini
784 1520 1043 1591 baptismi
1079 1521 1445 1576 ministerium
1483 1530 1786 1592 perageret.
1820 1520 1898 1574 Ex
1939 1535 2049 1590 quo

474 1611 599 1665 loco
620 1623 845 1681 apparet
870 1627 1035 1681 quam
1065 1622 1276 1668 vetusta
1308 1616 1380 1669 sit
1409 1614 1749 1669 consuetudo
1769 1630 2049 1669 sacrarum

472 1701 705 1756 vestium
756 1702 811 1756 in
863 1703 1130 1770 Ecclesia,
1174 1704 1457 1774 iudicante
1511 1704 1676 1761 llenr.
1732 1704 1951 1761 Valesio
1995 1706 2051 1759 in

464 1795 911 1851 adnotationibus
981 1797 1049 1851 ad
1096 1798 1151 1851 h.
1198 1799 1235 1852 l.
1288 1800 1658 1866 Eustathium,
1695 1799 1955 1855 Sehastiae
1998 1801 2049 1853 in

465 1889 724 1943 Armenia
768 1888 1108 1959 episcOpum,
1146 1906 1175 1943 a
1212 1901 1367 1960 patre
1412 1908 1513 1947 suo
1543 1891 1757 1946 Eulalio
1790 1892 2052 1947 Caesarea:

465 1980 852 2049 Cappadocum
910 1981 1168 2052 episcopo
1221 1984 1527 2053 depositum
1593 1984 1799 2049 fuisse,
1858 1983 2050 2055 ἐπειδὴ

466 2071 805 2142 ἀνάρμοστον
852 2074 917 2143 τῇ
960 2074 1227 2148 ἱερωσύνῃ
1262 2077 1454 2148 στολὴν
1494 2076 1782 2148 ἠμφίεστο,
1819 2093 1881 2130 ea
1911 2077 2050 2147 quod

467 2171 655 2215 restem
685 2162 947 2216 sacerdoti
991 2164 1205 2219 minime
1240 2169 1622 2222 convenientem
1645 2176 1925 2238 gestasset,
1951 2183 2049 2222 au-

466 2262 578 2307 ctor
607 2261 691 2307 est
721 2252 975 2310 Socrates
1004 2256 1056 2309 in
1092 2255 1236 2313 Hist.
1265 2259 1393 2313 eccl.
1426 2260 1519 2315 lib.
1551 2276 1611 2323 ιι,
1644 2276 1766 2330 cap.
1817 2260 1908 2314 45.
1949 2258 2050 2313 So-

475 2360 737 2400 zomenus
781 2345 896 2417 (55)
932 2361 1045 2402 rem
1083 2349 1258 2417 magis
1288 2350 1546 2419 illustrat,
1585 2365 2045 2415 commemorans,

468 2436 853 2506 Eustathium,
910 2438 1097 2493 habito
1147 2442 1382 2497 concilio
1445 2443 1768 2514 Gangrensi,
1831 2444 1884 2497 in
1939 2458 2049 2512 quo

467 2529 855 2613 damnabatur,
889 2541 1131 2589 mutasse
1164 2544 1393 2600 vestem,
1436 2544 1491 2590 et
1528 2536 1886 2593 conformiter
1922 2537 2050 2592 reli-

466 2618 995 2694 quis'sacerdotibus
1034 2630 1393 2697 processisse.
1433 2629 1584 2686 Unde
1630 2630 1843 2701 liquido
1883 2645 2048 2700 appa-

464 2725 568 2781 ret,
605 2718 891 2789 episcopos
922 2720 1043 2788 ejus
1088 2724 1368 2791 temporis,
1410 2726 1623 2794 abjecto
1660 2726 1826 2795 pallio
1868 2724 2048 2795 philo-

466 2808 711 2877 sophice,
737 2809 850 2878 jam
893 2819 1010 2865 tum
1058 2813 1385 2882 peculiarem
1433 2818 1735 2885 sumpsisse
1769 2816 2039 2871 habitum.

468 2898 582 2953 lluc
610 2899 773 2953 etiam
817 2903 1048 2971 pertinet
1077 2904 1281 2972 tunica,
1310 2923 1417 2977 qua
1463 2910 1745 2980 presbyter
1777 2906 2043 2980 Nepotia-

465 3004 570 3043 nus
598 2990 649 3044 in
680 2992 983 3049 ministerio
1013 2994 1215 3051 Christi
1250 2999 1535 3067 utebatur,
1571 3017 1736 3069 quam
1769 3006 1871 3061 sibi
1917 3012 2043 3065 reli-

465 3092 606 3136 ctam
645 3082 1007 3157 Hieronymus
1050 3090 1241 3145 scribit
1270 3091 1325 3145 in
1355 3092 1584 3163 epistola
1618 3097 1686 3151 de
1722 3098 1841 3169 ejus
1866 3113 2045 3161 morte

2150 598 2351 650 teraria
2380 598 2563 667 script.
2598 596 2750 664 eccl.,
2788 613 2844 667 p.
2879 612 2953 651 m.
2988 597 3112 663 114,
3158 594 3406 651 scribens
3442 613 3458 650 :
3493 594 3736 664 Magnes,

2145 691 2371 759 scriptor
2391 692 2540 745 valde
2554 686 2826 756 obscurus,
2850 692 2983 746 vixit
3010 690 3079 763 (si
3099 699 3309 746 (etatem
3331 690 3444 759 ejus
3467 700 3608 747 recte
3628 690 3742 745 col-

2145 784 2312 838 locent
2353 783 2647 839 Turrianus
2706 796 2762 851 et
2802 785 3126 854 Scribonius)
3174 785 3318 838 circa
3356 801 3556 838 annum
3608 784 3738 840 550.

2147 876 2448 932 Turrianus
2493 879 2639 932 enim
2691 879 2820 932 totis
2866 878 3119 932 ducentis
3166 876 3327 931 annis
3358 875 3738 946 antiquiorem

2149 982 2275 1022 eum
2308 964 2535 1031 fecerat,
2566 976 2778 1022 aetatem
2809 966 2929 1036 ejus
2958 980 3067 1020 non
3098 964 3167 1020 ad
3198 965 3264 1021 Α.
3295 964 3356 1020 C.
3390 965 3516 1033 550,
3546 965 3640 1021 sed
3669 964 3737 1019 ad

2147 1074 2352 1113 annum
2385 1060 2486 1114 150
2511 1059 2773 1114 referens.
2801 1057 3071 1112 Antonius
3093 1055 3425 1112 Possevinus
3453 1058 3511 1112 in
3546 1057 3727 1128 Appa-

2148 1159 2271 1204 ratu
2296 1167 2449 1205 sacro
2481 1151 2619 1221 (58),
2649 1159 2781 1207 ιοηι.
2812 1149 2876 1218 ll,
2911 1166 2965 1220 p.
3006 1166 3081 1206 m.
3117 1150 3207 1214 50,
3229 1151 3544 1221 lMagnetem
3586 1151 3738 1211 circa

2149 1258 2355 1298 annum
2378 1242 2560 1299 0.508
2574 1243 2825 1299 ﬂoruisse
2838 1244 3137 1311 existimat,
3164 1245 3297 1299 dum
3321 1244 3576 1300 eumdem
3607 1261 3734 1316 per-

2149 1342 2411 1387 vetustum
2454 1344 2721 1388 auctorem
2780 1335 3059 1401 nominat,
3105 1336 3342 1406 quiante
3378 1336 3523 1390 mille
3545 1345 3596 1391 et
3631 1346 3744 1393 tre-

2150 1437 2324 1480 centos
2349 1443 2513 1480 annos
2542 1427 2869 1497 evangelicae
2898 1428 3159 1498 apologiaa
3191 1429 3363 1484 libros
3388 1428 3576 1486 Graece
3598 1430 3741 1486 scri-

2148 1518 2319 1588 pserit
2345 1519 2412 1573 ad
2444 1518 2846 1574 Theosthenem
2880 1520 3142 1576 adversus
3174 1521 3407 1591 gentiles
3456 1521 3740 1594 Evangelii

2150 1610 2597 1666 calumniatores.
2647 1610 2887 1667 Thomas
2939 1611 3139 1680 Bozius
3190 1612 3535 1684 Eugubinus,
3586 1615 3741 1669 Con-

2151 1703 2480 1773 gregationis
2508 1703 2743 1758 Oratorii
2783 1704 3088 1775 presbyter,
3125 1707 3310 1761 surculi
3343 1723 3373 1759 ν
3406 1708 3737 1778 scriptorem

2153 1795 2436 1849 constituit
2482 1810 2604 1850 eum
2652 1795 2707 1849 in
2751 1810 2914 1864 opere
2965 1795 3037 1849 De
3084 1797 3251 1864 signis
3301 1796 3558 1854 Ecclesia:
3612 1798 3738 1868 Dei,

2082 1859 2126 1913 Β
2156 1887 2249 1941 lib.
2288 1902 2401 1949 xxv,
2434 1903 2485 1957 p.
2527 1888 2587 1943 51
2623 1887 2759 1959 (59),
2790 1859 3023 1943 scribit:
3053 1859 3196 1941 Audi
3229 1905 3368 1942 nunc
3409 1859 3738 1961 Magnetem,

2151 1981 2241 2052 qui
2266 1980 2464 2034 vivebat
2492 1990 2614 2035 ante
2642 1996 2808 2036 annos
2843 1980 2990 2035 mille
3016 1981 3269 2035 ducentos
3310 1991 3360 2035 et
3389 1982 3509 2052 ejus
3536 1983 3740 2053 scripta

2152 2080 2273 2124 sunt
2300 2071 2354 2123 in
2379 2068 2713 2125 Bibliotheca
2748 2070 2960 2126 Veneta.
2994 2071 3240 2127 Certiora
3269 2072 3524 2139 omnino,
3567 2087 3735 2143 quam

2159 2162 2379 2233 quidem
2425 2162 2691 2218 hactenus
2724 2164 3039 2229 habuimus,
3070 2164 3232 2219 nobis
3265 2165 3509 2233 praebent
3534 2164 3735 2221 indicia

2156 2255 2307 2310 Libri
2328 2256 2661 2310 antirrhetici
2684 2256 2975 2328 Nicephori
3005 2258 3329 2329 patriarchae
3351 2259 3737 2317 Constantino-

2150 2348 2398 2418 politani,
2434 2349 2487 2403 in
2516 2349 2718 2419 quibus
2750 2350 3048 2420 disputatio
3094 2350 3430 2417 continetur,
3460 2367 3584 2422 quae
3616 2361 3735 2408 tota

2150 2451 2400 2497 versatur
2426 2442 2569 2497 circa
2600 2442 2973 2498 testimonium
2997 2442 3218 2497 Macarii
3252 2442 3549 2511 Magnetis,
3582 2444 3737 2514 quod

2152 2544 2340 2588 contra
2371 2534 2669 2605 imaginum
2699 2535 2907 2591 cultum
2941 2534 3011 2589 ab
3038 2534 3419 2591 lconomachis
3449 2544 3569 2591 erat
3598 2551 3741 2606 pro~

2150 2626 2373 2681 ductum
2419 2625 2569 2681 lllam
2594 2642 2723 2683 vero
2746 2627 3173 2698 disputationem
3199 2628 3401 2684 saeculo
3426 2644 3483 2682 ix
3506 2626 3735 2684 ineunte

2150 2726 2365 2771 constat
2384 2732 2511 2773 esse
2538 2718 2737 2774 editam
2766 2719 2835 2773 ab
2865 2718 3204 2776 antistitibus
3236 2720 3577 2788 orthodoxis,
3608 2720 3707 2791 qui
3732 2759 3739 2763 ι

2149 2809 2251 2863 bus
2279 2819 2507 2878 praeerat
2530 2808 2872 2880 Nicephorus
2896 2810 3229 2880 patriarcha.
3248 2811 3310 2867 ln
3333 2812 3491 2881 cujus
3511 2810 3738 2883 quidem

2149 2899 2307 2955 initio
2328 2909 2473 2955 certa
2502 2904 2750 2972 (praedam
2778 2904 2990 2957 auctori
3019 2911 3213 2958 nostro
3234 2904 3545 2974 assignatur
3570 2912 3730 2970 astas,

2148 2989 2277 3046 dum
2316 2990 2573 3047 ﬂoruisse
2616 2992 2817 3048 ibidem
2849 2994 3053 3049 dicitur
3075 2994 3347 3051 Macarius
3380 2994 3606 3065 Magnes
3639 3009 3738 3049 an-

2149 3097 2251 3138 nos
2278 3083 2399 3153 plus
2424 3099 2586 3154 quam
2614 3092 2886 3140 trecentos
2910 3100 2940 3139 a
2964 3086 3138 3155 prima
3167 3085 3442 3161 Evangelii
3470 3084 3706 3155 praedica
3732 3124 3737 3127 -

464 3176 533 3265 ad
559 3173 931 3241 Heliodorum,
957 3180 1107 3238 Mitto
1128 3183 1359 3253 reliqua,
1392 3202 1514 3256 qua:
1542 3188 1609 3243 de
1640 3192 1881 3249 vestibus
1911 3211 2040 3265 pon-

2150 3175 2314 3242 tione,
2348 3175 2451 3231 hoc
2483 3186 2585 3239 est,
2614 3186 2736 3246 post
2772 3192 2975 3231 annum
3013 3193 3043 3255 a
3074 3188 3251 3232 morte
3279 3176 3481 3232 Christi
3514 3187 3736 3233 trecen-

468 3264 756 3322 titlealibus
787 3269 1128 3342 singulisque
1170 3276 1343 3330 sacris
1385 3277 1716 3338 indumentis
1757 3264 2043 3358 episcopo-

461 3372 583 3412 rum
616 3368 724 3414 tam
757 3366 1143 3422 communibus
1189 3383 1354 3438 quam
1406 3372 1792 3442 peculiaribus,
1834 3394 1899 3433 ex
1948 3396 2043 3435 an-
2086 3404 2089 3407 ·

461 3450 715 3521 tiquitate
761 3455 1134 3513 ecclesiastica
1182 3461 1428 3517 studiose
1477 3466 1699 3536 collegit
1746 3470 2043 3530 cardinalis

462 3541 609 3597 Bona
636 3544 833 3598 Rerum
877 3547 1250 3617 liturgicarum
1280 3551 1374 3607 lib.
1424 3570 1463 3617 ι,
1508 3570 1629 3626 cap.
1671 3557 1762 3623 94,
1792 3569 1846 3614 et
1891 3561 2043 3633 llugo

459 3638 754 3696 Menardus
788 3642 843 3696 in
879 3645 1026 3699 notis
1051 3646 1118 3700 ad
1145 3645 1393 3718 Gregorii
1426 3666 1576 3720 papte
1601 3651 1820 3708 Librum
1855 3673 2043 3712 sacra-

458 3740 779 3799 mentorum,
815 3751 869 3805 p.
916 3736 1014 3790 561
1050 3754 1227 3808 seqq.,
1257 3739 1349 3793 ubi
1380 3741 1544 3796 simul
1588 3744 1802 3801 iconem
1831 3748 1888 3805 S.
1931 3749 2040 3806 Re-

459 3826 612 3897 migii
644 3827 904 3897 episcopi,
938 3832 1111 3885 sacris
1140 3833 1385 3888 vestibus
1426 3834 1620 3901 induti,
1653 3839 1872 3897 exhibet
1902 3842 2035 3915 (56).

456 3939 484 4011 §
533 3936 663 3993 Vlll.
700 3939 775 3994 De
820 3950 976 3995 (etate
1022 3941 1254 3997 Macarii
1307 3944 1588 4015 Magnetis.
1628 3947 1897 4005 Probatur
1920 3971 2037 4008 eum

982 4016 1178 4067 sazculo
1210 4031 1268 4070 ιιι
1295 4016 1505 4071 vixisse.

528 4102 602 4157 De
629 4111 789 4158 tntate
818 4106 1060 4160 auctoris
1091 4106 1286 4171 nostri,
1320 4123 1426 4177 qua
1455 4108 1661 4176 ﬂoruit,
1693 4120 1745 4166 et
1773 4129 1879 4183 quo
1900 4123 2038 4170 tem-

452 4210 585 4264 pore
611 4196 798 4265 scripti
842 4197 951 4251 sint
984 4197 1156 4266 ipsius
1188 4199 1309 4253 libri
1342 4200 1786 4271 Ἀποκριτικῶν,
1821 4207 2036 4263 diversa

453 4285 705 4343 feruntur
754 4290 1095 4344 eruditorum
1125 4290 1353 4360 judicia.
1396 4292 1593 4349 Franc.
1629 4293 1934 4354 Turrianus
1977 4300 2034 4352 in

454 4378 768 4449 Dogmatico
801 4380 865 4433 de
882 4381 1275 4450 justiﬁeatione
1306 4386 1488 4454 (quem
1527 4384 1714 4441 Romae
1740 4389 1882 4457 apud
1920 4390 2035 4443 An-

451 4471 664 4525 tonium
690 4470 922 4525 'Bladum
956 4487 1101 4526 anno
1134 4470 1268 4527 1551
1305 4474 1445 4543 typis
1462 4473 1572 4546 (57)
1589 4472 1845 4547 subiecit)
1885 4479 2034 4536 hunc

2147 3267 2422 3322 tesimum.
2468 3266 2545 3321 En
2582 3269 2699 3337 ipsa
2743 3268 2951 3324 codicis
2997 3284 3101 3322 ms.
3141 3269 3306 3323 verba
3351 3288 3363 3321 :
3400 3267 3629 3341 Χρόνοις
3674 3266 3737 3321 δὲ

2145 3358 2371 3431 ὕστερον
2398 3360 2539 3430 ὑπὲρ
2567 3361 2693 3424 τοὺς
2722 3360 3068 3431 τριακοσίους
3094 3360 3420 3431 ἀκμάσαντα
3444 3360 3535 3413 τὸν
3560 3359 3737 3431 ἄνδρα

2144 3451 2693 3523 καταλαμϐανόμεθα,
2743 3451 2803 3517 ἐξ
2844 3443 2905 3506 οὗ
2951 3454 3012 3505 τὸ
3047 3451 3403 3506 ἁποστολικὸν
3452 3452 3545 3506 καὶ
3585 3449 3737 3506 θεῖον

2143 3543 2414 3615 ἐξέλαμψε
2464 3547 2749 3618 κήρυγμα;
2782 3538 2890 3608 τΗς
2917 3543 2975 3597 δὲ
3020 3544 3230 3609 πόλεως
3274 3544 3474 3615 ἱερεὺς,
3528 3543 3624 3597 καὶ
3654 3534 3734 3597 ὧν

2143 3635 2566 3706 ἐπετρόπευσεν,
2594 3636 2749 3690 οὔπω
2779 3636 3031 3707 λέγομεν,
3058 3637 3164 3700 ἕως
3198 3636 3264 3690 ἂν
3299 3636 3360 3690 τὸ
3404 3634 3731 3704 Μάγνητος

2142 3726 2531 3799 ἀκριϐέστερον
2565 3730 2696 3800 ἡμῖν
2724 3728 3100 3801 καταληφθείη
3136 3728 3553 3798 ἐξεταζόμενον,
3582 3743 3635 3780 κ.
3672 3743 3729 3783 τ.

2140 3818 2189 3871 λ.
2233 3818 2419 3872 Virum
2452 3829 2629 3874 autem
2676 3820 2829 3873 illum
2877 3822 3227 3891 comperimus
3265 3822 3512 3889 ﬂoruisse
3558 3836 3729 3889 supra

2141 3927 2308 3964 annos
2353 3920 2626 3977 trecentos,
2670 3928 2735 3966 ea:
2778 3929 2878 3983 quo
2928 3915 3159 3982 primum
3206 3913 3485 3980 apostolici
3530 3913 3732 3967 divini-

2139 4018 2237 4071 que
2260 4003 2510 4070 prtccou'ii
2537 4002 2630 4055 lux
2655 4004 2875 4071 eﬁ'ulsit.
2904 4002 3197 4073 Cujusnam
3219 4012 3398 4058 autem
3420 4004 3567 4058 urbis
3590 4021 3729 4075 pon-

2140 4094 2271 4162 tifex
2301 4094 2486 4163 fuerit,
2517 4104 2566 4148 et
2590 4112 2720 4165 quos
2747 4098 2881 4149 cives
2909 4096 3125 4162 rexerit,
3159 4095 3213 4148 id
3245 4096 3456 4165 quidem
3487 4097 3727 4151 nondum

2137 4186 2439 4254 deﬁnimus,
2494 4189 2670 4257 quoad
2725 4190 2789 4242 de
2838 4205 2957 4242 voce
3004 4188 3284 4245 MAGNETIS
3334 4192 3529 4244 certius
3574 4193 3726 4248 nobis

2136 4287 2356 4345 constet,
2396 4287 2502 4334 etc.
2542 4280 2864 4353 Magnopere
2891 4283 3088 4337 exinde
3111 4281 3223 4336 falli
3262 4283 3436 4353 liquet
3458 4299 3575 4352 eos,
3614 4285 3713 4355 qui

2135 4368 2438 4441 Magnetem
2481 4380 2732 4426 nostrum
2777 4381 2836 4426 ut
2864 4388 3055 4426 novum
3094 4372 3324 4443 aliquem
3369 4391 3432 4428 ac
3464 4392 3727 4445 nuperum

2137 4460 2437 4515 Graeculum
2455 4462 2882 4530 calumniantur,
2905 4479 3029 4518 cum
3052 4463 3413 4533 scriptoribus
3435 4467 3617 4522 saaculi
3641 4484 3721 4534 ιι,

451 4560 753 4633 Magnetem
778 4572 1055 4617 auctorem
1084 4564 1465 4635 gravissimum
1492 4575 1545 4620 et
1568 4568 2029 4636 vetustissimum,

2143 4553 2276 4610 bene
2306 4554 2606 4624 exploratis
2636 4557 2894 4612 omnibus
2941 4558 3394 4625 circumstantiis,
3431 4560 3566 4615 satis
3599 4560 3720 4631 jam

450 4667 613 4723 quem
643 4663 766 4707 ante
792 4654 935 4708 mille
966 4663 1015 4708 et
1048 4655 1457 4725 quadringentos
1487 4674 1650 4712 annos
1682 4662 1700 4729 (
1718 4660 1822 4716 hoc
1850 4671 1934 4717 est
1959 4663 2025 4718 A.

447 4743 511 4800 C.
549 4745 674 4815 150)
709 4746 912 4801 vixisse
937 4756 1111 4816 putat,
1136 4748 1411 4817 appellare
1440 4749 1583 4805 haud
1613 4762 1852 4808 veretur.
1878 4753 2029 4821 Qua-

449 4848 675 4907 propter
707 4848 761 4892 et
804 4837 1042 4894 Sandius
1072 4840 1130 4893 in
1164 4848 1321 4896 tract.
1360 4841 1437 4896 De
1468 4844 1724 4899 veteribus
1751 4849 2030 4917 scriptori-

449 4932 541 4982 bus
587 4930 797 4994 eccles.,
845 4947 897 4999 p.
946 4947 1023 4986 ιιι.
1070 4931 1159 4997 19,
1205 4933 1306 4989 hac
1344 4949 1576 4989 censura
1607 4944 1752 4991 'eum
1782 4940 2023 5010 excipit:

446 5042 460 5064 ι
489 5015 1117 5090 Quiauc’torquauquam
1160 5025 1432 5082 Turriano
1476 5040 1559 5084 est
1592 5031 1826 5100 scriptor
1852 5035 2028 5088 eccle-

443 5111 697 5165 szasticus
729 5114 1047 5183 temporibus
1091 5118 1451 5186 apostolorum
1500 5122 1727 5188 vicinus,
1768 5123 1904 5177 mihi
1937 5135 2024 5179 ta-

440 5218 562 5256 men
595 5206 679 5260 est
704 5216 889 5262 certus
929 5208 1540 5268 lnereticusaTurrlani
1566 5214 1749 5291 igitur
1782 5226 2020 5273 mentem

509 5338 621 5422 (55)
650 5337 850 5422 Notum
880 5352 966 5397 est
993 5344 1124 5422 illud
1150 5343 1485 5422 Tertulliani,
1506 5351 1560 5404 in
1592 5351 1686 5406 lib.
1724 5351 1798 5405 De
1823 5353 2014 5422 pallio,

439 5422 561 5477 cap.
590 5412 643 5476 6,
687 5413 778 5466 uhi
803 5427 863 5467 se
891 5416 1149 5470 omnibus
1193 5412 1533 5475 cumulatum
1583 5423 1745 5477 honis
1791 5412 2021 5478 arbitra;

440 5486 552 5561 tur,
580 5482 738 5561 quod.
757 5483 984 5561 pallium
1011 5485 1208 5561 divinae
1238 5489 1596 5561 phil050phi:e
1631 5503 2012 5561 argumentum

438 5551 845 5627 Induerit,d_um_
860 5555 1050 5627 scribit
1067 5573 1080 5608 :
1099 5557 1166 5608 At
1183 5551 1275 5626 ego
1295 5559 1412 5627 jam
1435 5551 1515 5613 me
1532 5563 1616 5614 illi
1635 5551 1797 5616 etiam
1824 5564 2017 5618 divina:

436 5626 595 5705 sectio
627 5635 690 5705 ac
712 5621 1008 5705 disciplina:
1054 5621 1363 5705 cammjerc'io
1406 5631 1637 5705 confero.
1672 5632 1858 5705 Gaude
1899 5636 2018 5705 pal-

435 5687 591 5775 lium,
620 5700 670 5741 et
700 5687 957 5775 castella:
983 5694 1178 5775 .melior
1200 5698 1319 5775 jant
1353 5710 1401 5752 te
1429 5687 1760 5770 philosophia
1792 5687 2013 5775 dignata

436 5768 634 5842 εμπ-’ξφ
660 5775 763 5842 (lito
796 5762 1159 5842 Christianum
1191 5762 1377 5842 restire
1404 5762 1622 5842 caepim,

510 5826 622 5897 (54)
664 5826 803 5883 Hist.
837 5834 989 5898 eccl.,
1027 5835 1061 5886 Ι.
1101 5851 1161 5901 ιι,
1190 5852 1238 5891 c.
1268 5838 1352 5893 27.

2138 4656 2255 4702 tum
2283 4658 2628 4720 perspectum
2658 4650 2839 4718 fuerit,
2873 4659 3151 4705 auctorem
3185 4651 3347 4707 istum
3374 4661 3587 4708 aetatem
3611 4669 3718 4709 sa:-

2136 4740 2243 4795 culi
2277 4755 2358 4807 ιιι,
2400 4741 2485 4795 vel
2511 4742 2818 4811 incipientis
2847 4742 3031 4797 saeculi
3060 4758 3134 4809 tv,
3168 4759 3281 4813 pra:
3308 4759 3368 4799 se
3397 4744 3560 4800 ferre.
3597 4744 3711 4803 Nec

2135 4839 2218 4885 est
2244 4832 2389 4901 quod
2441 4832 2772 4889 adversariis
2798 4843 3052 4903 suspecta
3087 4850 3210 4890 esse
3238 4846 3444 4906 queant
3474 4852 3557 4904 ea,
3589 4854 3717 4909 qua:

2133 4922 2199 4976 de
2226 4922 2388 4978 istius
2417 4925 2658 4980 auctoris
2690 4926 3014 4995 antiquitate
3054 4927 3110 4981 in
3143 4928 3309 4982 allata
3339 4928 3718 4999 disputatione

2132 5021 2469 5069 Statuuntur.
2506 5014 2839 5086 Expediebat
2881 5019 3026 5072 enim
3066 5019 3367 5089 imaginum
3407 5020 3717 5078 defensori-

2132 5104 2256 5170 bus,
2293 5106 2449 5159 tidem
2478 5107 2730 5163 vellicare
2762 5119 2815 5164 et
2843 5108 3160 5181 infringere,
3191 5111 3571 5180 antiquitatem
3603 5101 3729 5183 pa?

2124 5199 2263 5252 riter
2292 5208 2455 5268 atque
2484 5202 2862 5257 auctoritatem
2902 5203 3231 5260 imminuere
3277 5206 3423 5260 illius
3471 5207 3707 5276 scripto-

2199 5354 2313 5423 (55)
2345 5352 2401 5405 In
2435 5354 2579 5409 Hist.
2607 5356 2734 5408 eccl.
2766 5356 2803 5411 l.
2834 5372 2917 5420 ιιι,
2946 5371 2994 5410 c.
3036 5356 3121 5411 H.

2198 5424 2526 5501 (56)_Corif.
2570 5435 2625 5501 et
2669 5425 2942 5501 Heinegcii
2974 5428 3279 5501 Abbildung
3310 5430 3405 5485 der
3463 5429 3711 5486 Griechi-

2126 5494 2280 5565 sclten
2320 5496 2547 5557 Kirclte,
2576 5496 2609 5549 l.
2643 5511 2717 5558 e.,
2752 5512 2804 5565 p.
2835 5498 2923 5552 58.

2196 5564 2455 5690 (ἓέλγὶἀ.
2486 5567 2613 5621 Ant.
2640 5564 2921 5622 Possevini
2944 5570 3246 5637 Apparatus
3278 5587 3450 5639 sacer,
3473 5580 3614 5647 tom.
3666 5570 3708 5631 l.

2290 5656 2343 5689 οο

2165 5675 2179 5688 ο
2217 5656 2343 5689 ὒυῦο

2124 5651 2577 5779 p.._C_oloniee
2609 5709 2834 5779 ΑΕΓῘΡΡ·
2872 5707 3010 5763 1608
3037 5711 3202 5770 edim.

2194 5777 2307 5847 (59)
2338 5776 2481 5833 Edit.
2516 5776 2713 5837 Colon.
2742 5776 2971 5851 Kgripp.
3000 5782 3160 5837 1626.
