4058 6374
458 475 590 529 1557

1598 475 1874 533 NOTITIA
1912 476 1998 531 ET
2037 474 2480 532 FRAGMENTA.

3523 474 3660 529 1558

449 593 546 658 ris,
589 591 682 662 qui
709 593 824 649 suis
864 593 1210 662 opinionibus
1244 609 1541 665 repugnare
1579 596 1894 661 videbatur,
1945 604 1998 649 et
2027 601 2072 656 Α
2101 609 2203 648 nus
2249 594 2544 662 imperator
2591 591 2645 645 in
2679 591 2995 662 fragmentis
3030 592 3230 647 nostris
3263 589 3587 647 Macarianis
3628 611 3656 648 a

448 701 608 755 quem
643 699 830 739 eorum
885 687 1178 741 adversarii
1215 687 1554 742 lconomachi
1602 689 1768 743 multo
1819 690 2001 745 labore

449 784 704 844 tanquam
737 783 926 829 testem
958 775 1060 830 fide
1081 776 1457 846 dignissimum
1486 786 1673 832 contra
1709 778 1855 846 ipsos
1877 795 2001 848 pro-

447 867 735 920 duxerant.

449 979 591 1050 §lX.
629 980 785 1036 Aftas
818 981 1328 1055 MacariiMagnetis
1375 985 1644 1055 colligitur
1671 1001 1736 1040 ea:
1769 988 1996 1040 criteriis

1039 1053 1164 1106 libri
1199 1055 1439 1108 internis.

514 1141 593 1197 Ne
639 1152 817 1197 autem
849 1142 1050 1199 frustra
1094 1145 1375 1199 videantur
1428 1147 1701 1202 antistites
1748 1146 2000 1204 Ecclesiae

443 1234 732 1289 orthodoxi
768 1244 972 1289 tantam
1005 1235 1237 1290 Macario
1265 1236 1495 1308 Magneti
1527 1239 1838 1308 assignasse
1871 1251 2000 1294 aeta-

445 1333 575 1392 tem,
604 1336 798 1396 praeter
817 1336 1038 1382 externa
1063 1329 1368 1384 testimonia
1397 1331 1560 1384 etiam
1603 1347 1667 1385 ex
1702 1333 1890 1386 sedula
1920 1333 1997 1387 le-

444 1418 623 1472 ctione
663 1419 988 1488 scriptorum
1027 1421 1196 1488 ipsius
1241 1421 1604 1489 conquirenda
1646 1433 1805 1478 erunt
1836 1439 1998 1494 argu-

443 1517 622 1563 menta
651 1519 704 1563 et
745 1513 999 1582 κριτήρια
1039 1511 1282 1580 quaedam
1329 1513 1562 1578 interna,
1607 1529 1671 1568 ex
1699 1514 1918 1583 quibus,
1953 1516 1999 1570 si

442 1619 549 1657 non
580 1604 861 1672 majorem,
892 1606 1082 1659 saltem
1132 1606 1407 1660 indubiam
1451 1607 1630 1662 saaculi
1675 1607 1740 1661 lll
1785 1616 1996 1663 aztatem

440 1694 744 1762 perspicere
772 1693 854 1750 fas
887 1696 977 1750 sit.
1007 1695 1180 1762 Quam
1217 1697 1270 1750 in
1306 1713 1418 1751 rem
1448 1708 1572 1753 ante
1603 1699 1783 1754 omnia
1814 1699 1999 1754 obser-

440 1787 672 1840 vandum
735 1789 856 1851 erit,
910 1788 1085 1842 locum
1132 1791 1341 1844 auctori
1395 1800 1584 1845 nostro
1635 1791 1817 1846 deberi
1858 1793 1999 1847 inter

441 1876 575 1930 istos
603 1878 800 1932 veteris
838 1877 1093 1933 Ecclesia:
1135 1879 1445 1948 scriptores,
1493 1881 1584 1950 qui
1633 1890 1758 1936 ante
1807 1893 1994 1952 pacem

441 1965 692 2022 Ecclesiae
721 1968 899 2022 datam
935 1971 1412 2037 prtestantissimas
1457 1988 1555 2042 pro
1601 1974 1829 2029 veritate
1863 1976 1992 2030 reli-

438 2060 616 2128 gionis
665 2060 986 2119 Christianae
1041 2062 1301 2118 adversus
1358 2065 1636 2131 gentilium
1693 2067 1995 2122 calumnias

437 2151 810 2220 conscripsere
845 2155 1122 2226 apologias
1151 2153 1284 2225 (40).
1315 2154 1370 2210 ld
1399 2157 1541 2210 enim
1569 2166 1620 2210 et
1649 2157 1839 2213 titulus
1874 2159 1995 2214 libri

452 2243 862 2312 Ἀποκριτικῶν
887 2247 1036 2314 πρὸς
1060 2248 1378 2316 Ἓλληνας,
1400 2249 1481 2302 vel
1525 2250 1864 2319 Ἀπολογίας
1890 2253 1995 2306 τοῦ

439 2336 828 2404 Εὐαγγελίου.
863 2346 916 2392 et
944 2349 1183 2393 veterum
1212 2341 1615 2411 apologetarum
1639 2345 1992 2412 consuetudo,

436 2430 761 2498 propriaque
792 2430 858 2483 de
892 2431 1204 2484 monarchia
1235 2432 1416 2485 divina
1457 2443 1642 2488 contra
1674 2443 1857 2503 gentes
1885 2437 1994 2492 dis-

434 2519 656 2587 putandi
707 2521 847 2574 ratio
891 2520 1005 2592 (41)
1054 2523 1336 2591 perspicue
1387 2525 1518 2579 satis
1564 2536 1990 2594 commonstrat;

435 2621 549 2665 tum
583 2621 636 2666 et
677 2613 980 2682 praecipuus
1015 2614 1183 2669 totius
1225 2615 1405 2684 operis
1447 2631 1644 2686 scopus
1686 2619 1991 2686 conﬁrmat,

433 2703 526 2772 qui
565 2703 822 2759 adversus
860 2705 1122 2760 celebrem
1150 2707 1436 2774 quemdam
1467 2708 1550 2761 sui
1589 2710 1845 2778 temporis
1875 2711 1996 2780 phi-

433 2791 721 2863 losophum
766 2793 905 2848 inter
961 2793 1198 2857 Graacos,
1244 2797 1658 2867 polytheismum
1711 2799 1991 2868 gentilium

434 2882 829 2946 defendentem,
864 2893 918 2938 et
961 2886 1132 2940 multo
1172 2888 1462 2956 supercilio
1493 2889 1826 2959 simplicitati
1867 2893 1989 2948 fidei

433 2972 759 3028 Christianae
788 2972 1122 3039 illudentem,
1162 2975 1402 3031 directus
1431 2987 1549 3044 est;
1585 2980 1650 3033 de
1683 2981 1882 3049 quibus
1911 2984 1991 3036 ul-

432 3064 600 3120 terius
629 3064 885 3135 deinceps
918 3067 1292 3121 disserendum
1323 3069 1444 3123 erit.
1487 3068 1590 3124 Ista
1635 3087 1762 3126 vero
1808 3075 1990 3128 omnia

389 3215 395 3222 ,
431 3155 635 3211 iudicio
659 3157 818 3212 nobis
866 3166 1011 3224 sunt,
1042 3168 1316 3214 auctorem
1349 3171 1592 3216 nostrum
1633 3177 1696 3217 ea
1735 3165 1847 3232 jam
1878 3173 1988 3220 tum

433 3253 588 3300 aetate
634 3247 850 3311 vixisse,
906 3263 1011 3315 qua
1060 3249 1464 3317 persecutiones
1523 3251 1777 3306 Ecclesia:
1829 3255 2056 3344 Chri-C

433 3338 623 3392 stiante
652 3353 681 3392 a
716 3339 1008 3407 gentilibus
1053 3339 1296 3394 excitatae
1343 3341 1521 3395 adhuc
1569 3343 1843 3414 apoIOgias
1891 3362 1988 3415 pro

431 3429 754 3482 vindicanda
783 3427 1104 3484 Christianae
1147 3429 1407 3484 doctrinm
1451 3433 1678 3488 veritate
1705 3445 1758 3488 ct
1788 3440 1986 3491 sancti-

2101 684 2287 740 Graaco
2315 685 2640 754 philosOpho
2666 684 2733 739 de
2761 685 3076 740 monarchia
3124 685 3307 739 divina
3346 685 3657 755 disputante

2103 779 2156 831 in
2191 777 2493 847 exemplum
2540 776 2922 846 disputationis
2965 776 3274 842 adducitur,
3312 785 3370 830 ut
3418 791 3448 830 a
3496 778 3659 831 modo

2102 869 2402 937 imperandi
2441 869 2680 922 humano
2713 868 2943 922 similem
2974 869 3303 924 monarchiaa
3329 867 3525 924 divinae
3567 885 3656 923 ra-

2100 960 2304 1014 tionem
2362 959 2841 1029 colligeret?quod
2900 959 3228 1029 conjecturae
3279 960 3460 1014 locum
3507 959 3656 1025 facit,

2099 1050 2498 1120 philosophum,
2531 1066 2653 1104 cum
2684 1065 2793 1119 quo
2823 1051 3100 1104 contendit
3128 1048 3414 1112 Macarius,
3447 1051 3516 1104 ab
3545 1066 3660 1104 sevo

2101 1142 2322 1196 Adriani
2352 1157 2458 1196 non
2489 1141 2622 1196 adeo
2653 1141 2811 1212 longo
2842 1150 3103 1195 remotum
3142 1141 3310 1196 fuisse
3347 1141 3653 1196 intervallo.

2099 1235 2273 1303 Atque
2301 1235 2428 1289 huic
2467 1235 2745 1289 sententia:
2787 1234 3170 1304 astipulantem
3211 1233 3368 1287 video
3395 1233 3655 1288 eximium

2100 1326 2436 1395 antiquitatis
2455 1326 2835 1381 ecclesiastica:
2851 1335 3204 1380 scrutatorem
3227 1324 3655 1391 Tillemontium,

2100 1415 2192 1484 qui
2245 1417 2282 1469 ι.
2326 1431 2374 1470 c.
2426 1416 2728 1472 antistitum
2788 1417 3212 1470 orthodoxorum
3265 1416 3530 1484 judicium
3589 1417 3657 1470 de

2099 1514 2254 1558 astate
2284 1503 2503 1558 Macarii
2528 1505 2698 1560 nostri
2733 1506 3000 1576 prolatum
3045 1505 3117 1559 ita
3145 1505 3463 1574 comprobat
3495 1513 3656 1575 atque

2101 1591 2334 1647 suifulcil
2370 1612 2381 1646 :
2415 1591 2492 1647 Ils
2519 1610 2646 1647 noas
2680 1605 2998 1664 apprennent
3035 1612 3131 1666 que
3171 1595 3218 1649 le
3255 1596 3454 1649 dessein
3483 1595 3547 1648 de
3573 1604 3652 1648 cet

2101 1700 2322 1756 ouvrage
2358 1687 2487 1738 était
2523 1685 2584 1739 de
2617 1687 2902 1740 combattre
2937 1686 3008 1741 les
3050 1691 3252 1757 paiens,
3286 1687 3652 1755 particuliére-

2101 1786 2239 1830 ment
2281 1794 2351 1830 un
2395 1777 2694 1847 philosophe
2724 1780 3094 1832 aristotélicien
3136 1780 3225 1848 qui
3274 1781 3650 1836 reconnaissait

2102 1885 2174 1920 un
2203 1868 2312 1921 seul
2346 1867 2479 1923 Dieu
2521 1871 2814 1934 souverain,
2847 1872 2978 1922 mais
3020 1871 3140 1940 chef
3176 1873 3238 1924 de
3263 1871 3522 1940 plusieurs
3555 1889 3654 1925 au-

2028 1939 2068 1996 8
2098 1967 2198 2009 tres
2237 1956 2414 2024 dieux,
2443 1966 2491 2012 et
2529 1959 2618 2028 qui
2653 1959 2932 2028 employait
2969 1969 3081 2014 tout
3108 1939 3155 2015 le
3180 1939 3313 2030 faste
3335 1963 3396 2014 de
3419 1979 3514 2015 son
3542 1965 3655 2016 elo-

2094 2047 2303 2117 quence,
2333 2045 2380 2103 et
2413 2059 2552 2102 toute
2579 2049 2633 2102 la
2668 2051 2905 2103 subtilité
2929 2051 2990 2103 de
3027 2067 3086 2104 sa
3120 2051 3448 2122 dialectique,
3475 2062 3652 2104 contra

2095 2137 2149 2189 la
2173 2138 2453 2206 simplicité
2481 2139 2543 2192 de
2575 2138 2626 2191 la
2667 2139 2882 2208 religion
2911 2140 3224 2195 chrétienne.
3257 2140 3380 2195 Cela
3405 2151 3481 2194 est
3504 2143 3651 2209 favo—

2096 2229 2239 2284 rable
2262 2247 2394 2299 pour
2430 2233 2567 2301 faire
2594 2244 2669 2286 cet
2703 2243 2887 2286 auteur
2923 2248 3103 2286 encore
3131 2234 3248 2302 plus
3285 2235 3468 2286 ancicn
3491 2231 3646 2302 qu'ils

2095 2340 2156 2377 ne
2179 2325 2368 2390 disent,
2396 2333 2444 2377 et
2472 2325 2518 2378 le
2550 2335 2733 2379 mettre
2764 2327 2850 2378 des
2889 2326 2934 2379 le
2966 2335 3124 2394 temps
3153 2327 3242 2379 des
3274 2327 3647 2394 persécutions,

2093 2417 2307 2487 puisque
2346 2417 2402 2469 ni
2442 2417 2514 2470 les
2548 2417 2907 2486 philosOphes,
2958 2419 3014 2471 ni
3059 2420 3128 2471 les
3168 2417 3475 2486 apologistes
3507 2417 3649 2471 n’ont

2093 2504 2213 2572 plus
2246 2505 2399 2574 gnere
2455 2506 2614 2558 traité
2650 2517 2776 2560 cette
2806 2507 3021 2560 matiére
3055 2507 3236 2574 depuis
3267 2523 3362 2575 que
3391 2507 3651 2561 Constan-

2097 2600 2172 2652 tin
2211 2616 2241 2651 a
2266 2599 2448 2652 abattu
2479 2600 2525 2652 le
2561 2601 2862 2669 paganisme
2884 2611 2931 2653 et
2955 2617 2986 2652 a
3018 2599 3113 2665 [ait
3137 2600 3373 2652 dominer
3406 2599 3645 2670 l'Eglise,

2094 2690 2163 2745 Ce
2189 2691 2505 2759 philosophe,
2536 2691 2745 2744 voulant
2775 2693 2970 2744 donner
2999 2707 3068 2744 un
3105 2693 3334 2761 example
3370 2691 3497 2746 d’un
3534 2708 3647 2744 mo-

2094 2800 2306 2853 narque,
2335 2784 2495 2852 prend
2535 2783 2667 2836 celui
2696 2782 2964 2837 d‘Adrien.
3002 2782 3070 2836 Et
3116 2785 3224 2836 cela
3250 2792 3394 2844 porte
3421 2783 3650 2836 naturel-

2093 2875 2278 2929 lement
2299 2879 2330 2930 ὰ
2352 2878 2519 2930 croire
2537 2875 2666 2945 qu’il
2689 2874 2871 2928 n’était
2907 2892 3001 2944 pas
3030 2875 3135 2944 fort
3168 2873 3370 2945 éloigné
3390 2876 3460 2929 du
3484 2886 3642 2943 temps

2092 2971 2154 3023 de
2184 2987 2238 3024 ce
2264 2971 2461 3036 prince.

2095 3081 2124 3153 §
2163 3081 2229 3136 X.
2292 3081 2418 3136 Haec
2459 3084 2523 3137 de
2571 3092 2724 3137 astate
2777 3081 3003 3153 Macarii
3055 3081 3309 3153 Magnetis
3347 3059 3646 3153 conjectura

2161 3154 2504 3222 conﬁrmatur
2526 3169 2589 3207 ea:
2615 3153 2915 3205 narratione
2936 3149 2996 3205 de
3021 3149 3199 3205 statua
3224 3151 3570 3204 Paneadensi.

2163 3245 2380 3298 Accedit
2435 3242 2768 3298 stabilienda:
2813 3243 3122 3312 antiquitati
3181 3241 3419 3296 auctoris
3472 3240 3646 3294 nostri

2089 3349 2288 3389 novum
2317 3334 2482 3388 robur
2505 3351 2570 3388 ex
2599 3333 2898 3403 fragmento
2926 3333 3135 3386 decimo
3165 3332 3344 3400 operis
3368 3330 3559 3399 ipsius,
3590 3331 3642 3382 in

2087 3440 2196 3494 quo
2228 3425 2293 3479 de
2321 3424 2573 3479 Berenice
2601 3425 2825 3478 muliere
2853 3423 3124 3480 Edessena
3167 3427 3279 3480 sive
3317 3425 3645 3483 Paneadensi

431 3529 540 3574 tale
581 3519 909 3591 ηαείιειηυηι,
957 3520 1031 3575 Ex
1081 3537 1190 3591 quo
1239 3523 1382 3577 enim
1431 3526 1778 3594 paganismus
1823 3544 1985 3598 opera
2083 3517 2236 3585 juxta
2266 3515 2557 3570 Eusebium
2592 3515 2736 3570 Hist.
2763 3515 2892 3569 eccl.
2928 3516 3020 3568 lih.
3047 3532 3142 3579 vn,
3177 3533 3296 3586 cap.
3336 3519 3423 3586 18,
3452 3535 3481 3572 a
3514 3535 3646 3589 pro-

429 3611 768 3668 Constantini
802 3612 871 3666 M.
906 3622 1233 3681 prostratus,
1264 3623 1316 3668 et
1345 3613 1598 3670 Ecclesia:
1618 3616 1820 3674 Christi
1845 3619 1984 3674 inte-

431 3721 524 3774 gra
550 3714 757 3760 asserta
788 3704 889 3758 fuit
918 3705 1158 3773 libertas,
1189 3723 1286 3762 nec
1314 3707 1668 3779 philosophos
1700 3711 1858 3777 ullos,
1888 3729 1986 3768 nec

430 3798 756 3867 apologetas,
788 3798 889 3850 hoc
930 3810 1307 3868 argumentum
1343 3808 1491 3854 tanto
1537 3800 1714 3854 studio
1756 3804 1986 3872 amplius

429 3897 690 3944 tractasse
716 3887 1209 3942 animadverten‘ius
1233 3907 1246 3954 ;
1274 3904 1396 3942 cum
1432 3904 1530 3942 nec
1573 3891 1771 3944 acriter
1809 3891 1986 3960 impu-

429 3995 595 4050 gnare
637 3989 689 4033 et
729 3979 1018 4032 calumniis
1048 3979 1306 4048 impetere
1350 3979 1554 4034 diutius
1601 3980 1783 4034 liceret
1831 3997 1983 4034 sacra

427 4072 857 4125 Christianorum
895 4070 1075 4123 divina
1109 4071 1307 4123 virtute
1338 4079 1653 4139 propagata,
1690 4087 1790 4126 nec
1834 4081 1984 4126 tanto

428 4171 865 4233 argumentorum
893 4161 1092 4215 robore
1115 4161 1390 4214 vindicare
1412 4170 1571 4229 atque
1600 4162 1733 4215 tueri
1765 4177 1984 4216 necesse

427 4264 570 4304 esset
631 4251 766 4321 (42).
822 4251 1072 4320 Inprimis
1126 4266 1247 4303 cum
1303 4250 1442 4303 inter
1484 4266 1613 4313 eos,
1657 4252 1855 4320 quibus
1897 4268 1981 4305 res

425 4343 746 4398 Christianae
775 4343 959 4397 saeculi
989 4359 1040 4395 ιν
1069 4352 1120 4396 et
1148 4358 1176 4393 v
1214 4357 1317 4394 non
1352 4341 1546 4411 ignota:
1579 4353 1723 4406 sunt,
1752 4358 1816 4396 ex
1854 4342 1984 4395 Am-

426 4436 592 4490 miani
638 4435 958 4501 Marcellini,
989 4433 1274 4498 Chalcidii,
1304 4431 1608 4497 Themistii,
1641 4435 1980 4504 aliorumque

427 4528 792 4582 monumentis
814 4527 947 4581 satis
966 4536 1306 4595 perspectum
1332 4526 1422 4590 sit,
1441 4526 1796 4594 sapientiores
1825 4526 1980 4581 istius

2087 3607 2250 3663 fluvio
2278 3609 2563 3678 sanguinis
2593 3609 2818 3662 liberata
2861 3616 2914 3662 et
2962 3626 3056 3679 per
3090 3610 3381 3665 salutarem
3425 3612 3648 3667 fimbrize

2085 3708 2288 3757 tactum
2321 3717 2350 3755 a
2380 3698 2666 3755 Servatore
2701 3711 2887 3755 sanata
2920 3702 3116 3769 refert:
3138 3704 3257 3772 ejus
3290 3704 3415 3760 facti
3458 3706 3648 3774 imagi—

2086 3809 2208 3848 nem
2245 3808 2349 3847 tere
2371 3809 2705 3863 expressam,
2733 3796 2846 3849 sive
2871 3803 3102 3848 statuam
3131 3797 3180 3849 in
3203 3809 3516 3866 perpetuam
3545 3798 3647 3850 mi-

2086 3886 2254 3940 raculi
2281 3886 2596 3940 memoriam
2627 3896 2887 3951 erectam,
2920 3902 3017 3942 suo
3040 3898 3275 3956 tempore
3292 3889 3468 3943 adhuc
3494 3889 3645 3943 inco-

2086 3974 2284 4028 lumem
2309 3973 2496 4041 fuisse,
2527 3976 2600 4038 ὡς
2625 3975 2746 4046 ἄρτι
2772 3971 2994 4046 τοῦργον
3020 3977 3325 4046 γενόμενον,
3356 3978 3416 4030 οὐ
3453 3979 3640 4044 πάλαι,

2084 4074 2142 4116 ut
2169 4081 2249 4118 res
2276 4082 2378 4119 non
2406 4067 2532 4119 olim
2557 4067 2720 4135 facta,
2747 4069 2836 4121 sed
2863 4069 3016 4121 hodie
3035 4071 3151 4136 ﬁeri
3175 4071 3435 4124 videatur.
3464 4071 3644 4126 Enim-

2083 4171 2211 4210 vero
2226 4163 2458 4211 statuam
2477 4159 2620 4212 illam
2634 4175 2662 4212 ει
2680 4158 2972 4212 Maximino
2987 4161 3330 4229 tyranno,qui
3345 4162 3504 4229 paulo
3517 4179 3583 4216 an
3593 4173 3642 4218 te

2083 4245 2502 4302 Constantinum
2534 4249 2603 4302 Μ.
2649 4251 2952 4319 imperavit,
2979 4252 3089 4320 jam
3133 4253 3398 4306 sublatam
3447 4253 3636 4317 fuisse,

2083 4338 2239 4394 docet
2282 4339 2526 4395 Asterius
2573 4341 2815 4397 Amasca:
2859 4343 3162 4412 cpiscopus,
3207 4345 3299 4412 qui
3342 4360 3399 4399 se
3425 4343 3640 4399 Juliano

2083 4445 2369 4500 supparem
2431 4432 2664 4485 ostendit
2726 4433 2779 4486 in
2845 4435 3098 4504 oratione,
3147 4435 3392 4488 adversus
3464 4437 3640 4488 avari-

2085 4526 2211 4578 tiam
2243 4525 2377 4592 (45),
2405 4525 2496 4579 ubi
2527 4527 2845 4594 superstites
2875 4537 3027 4580 notat
3049 4528 3334 4597 plurimos,
3364 4531 3456 4601 qui
3484 4532 3550 4584 ab
3575 4547 3638 4585 eo

425 4621 598 4676 aetatis
623 4621 996 4690 philosophos,
1021 4618 1268 4684 exemplo
1293 4618 1564 4671 Ammonii
1593 4618 1835 4686 magistri
1869 4619 1976 4683 sui,
2011 4625 2054 4678 D
2084 4619 2291 4674 inducti
2321 4618 2554 4674 fuissent
2581 4621 2644 4674 ad
2677 4621 2830 4675 tidem
2882 4622 3202 4690 negandam.
3232 4620 3403 4678 Verba
3442 4623 3639 4677 Asterii

426 4713 836 4767 conciliatorum
868 4711 1031 4766 veluti
1067 4727 1266 4764 munus
1313 4710 1621 4786 suscepisse
1657 4711 1797 4764 inter
1827 4709 1982 4764 Chri-

427 4805 635 4858 stianos
661 4814 823 4873 atque
862 4803 1106 4871 gentiles,
1133 4811 1184 4856 et
1208 4811 1566 4867 utrorumque
1597 4803 1832 4856 rationes
1859 4818 1982 4857 con-

421 4897 648 4970 jungere
679 4898 1079 4969 quodammodo
1103 4914 1266 4952 ausos
1292 4913 1430 4952 esse.
1457 4896 1597 4962 Quid
1623 4900 1766 4968 quod
1787 4899 1980 4952 Adria-

496 5099 608 5171 (40)
639 5099 714 5155 De
746 5102 941 5168 quibus
982 5101 1091 5155 vid.
1137 5100 1238 5152 Ad.
1289 5099 1678 5171 Rechenbergii
1723 5102 1855 5157 diss.
1907 5105 1980 5158 De

423 5170 678 5240 apelogiis
736 5173 1008 5240 doctorum
1048 5172 1248 5240 ceteris
1296 5170 1568 5240 Ecclesia:
1619 5170 1976 5233 Christiana»,

422 5237 542 5308 qiue
582 5237 850 5306 reperitur
886 5239 939 5291 in
975 5239 1250 5294 volumine
1285 5239 1735 5295 Exercitationum
1766 5244 1820 5295 in
1850 5245 1984 5300 Novi

425 5309 737 5379 Testamenti
773 5309 1048 5379 historiam
1097 5310 1496 5363 ecclesiasticam
1541 5321 1588 5363 et
1638 5311 1982 5379 litterariam,

421 5393 476 5446 p.
516 5378 619 5457 ξ)οό
645 5392 819 5446 seqq.;
845 5378 1038 5457 quibus
1071 5380 1294 5447 proinde
1334 5379 1549 5434 Macarii
1583 5382 1752 5434 nostri
1787 5378 1983 5454 scripta

428 5457 624 5514 pariter
654 5461 926 5514 accensen
957 5458 1252 5502 merentur.

494 5517 610 5586 (41)
637 5517 716 5567 Ad
744 5513 926 5586 lrenaei
947 5517 1251 5586 epistolam,
1269 5517 1335 5569 de
1362 5515 1696 5581 monarchia,
1715 5516 1780 5570 ad
1804 5517 1978 5572 Flori-

429 5583 721 5654 num,'seu
767 5583 1099 5654 quodDeus
1142 5599 1246 5638 non
1291 5587 1360 5638 sit
1393 5586 1640 5638 conditor
1688 5589 1975 5654 malorum,

429 5653 590 5708 Henr.
630 5652 874 5706 Valesius
925 5653 977 5706 in
1012 5654 1195 5706 adnot.
1247 5655 1314 5708 ad
1371 5654 1584 5708 Eusebii
1639 5655 1777 5710 Hist.
1825 5652 1973 5722 eccl.,

429 5724 465 5778 l.
499 5741 551 5788 v,
581 5740 629 5777 c.
664 5723 752 5785 20,
781 5738 833 5790 p.
869 5737 940 5774 m.
969 5723 1088 5787 101,
1115 5733 1258 5777 recte
1281 5725 1501 5778 adnotat
1536 5743 1548 5776 :
1592 5724 1790 5778 Veteres
1817 5728 1975 5780 Chri-

429 5794 588 5848 stiani
621 5793 716 5844 hac
746 5809 860 5844 uoce
889 5793 1066 5844 crebro
1104 5794 1184 5844 uti
1206 5793 1462 5857 solebant,
1492 5797 1690 5864 quoties
1731 5798 1975 5850 adversus

431 5865 641 5929 gentiles
673 5864 994 5930 disputarent
1029 5877 1048 5914 :
1087 5877 1242 5932 eaque
1287 5865 1440 5919 titulo
1482 5868 1770 5935 complures
1813 5867 1972 5920 libros

2081 4727 2146 4766 ex
2197 4713 2417 4766 homilia
2466 4713 2518 4766 in
2567 4711 2773 4768 Jairum
2821 4724 2874 4769 ct
2919 4715 3199 4770 mulierem
3244 4715 3639 4787 αἰμορῤοῦσαν

2082 4801 2300 4854 exhibet
2342 4800 2568 4857 Photius
2611 4804 2661 4854 in
2697 4802 3042 4868 Bibliotheca,
3084 4804 3202 4857 cod.
3235 4818 3445 4869 CCLXXI,
3478 4819 3531 4873 p.
3562 4820 3634 4857 m.

2084 4892 2220 4945 1507
2248 4902 2302 4946 et
2338 4891 2530 4947 Franc.
2582 4893 2938 4950 Combelisius
2979 4896 3031 4948 in
3074 4895 3324 4948 Λυσίαν-ἕο
3374 4911 3502 4947 itovo
3546 4895 3638 4947 Bi-

2081 5097 2373 5161 ediderunt,
2407 5109 2463 5150 ut
2510 5115 2670 5152 unum
2719 5099 2883 5152 Deum
2927 5100 3156 5152 omnium
3190 5115 3361 5150 rerum
3398 5098 3635 5151 condito-

2085 5187 2190 5224 rem
2213 5184 2273 5220 ac
2304 5183 2470 5237 regem
2495 5185 2604 5222 esse
2629 5171 2973 5222 ostenderent.

2153 5238 2264 5308 (42)
2305 5235 2653 5307 Posteaquam
2683 5239 3058 5291 Constantinus
3088 5237 3290 5289 civitati
3317 5235 3637 5291 Christiana!

2080 5325 2257 5378 pacem
2284 5325 2345 5360 ac
2375 5308 2676 5374 felicitatem
2707 5319 2991 5361 extremam
3032 5316 3444 5378 comparaverat,
3475 5324 3635 5375 genus

2082 5377 2177 5432 hoc
2233 5379 2657 5447 philosophorum
2719 5378 2974 5446 plerisque
3033 5377 3348 5447 Christianis
3408 5378 3636 5447 invisum

2081 5459 2193 5502 erat
2234 5445 2564 5513 admodum,
2617 5462 2776 5515 neque
2815 5445 2967 5498 multi
3005 5445 3268 5498 antistites
3309 5446 3466 5515 facile
3503 5464 3536 5500 a
3582 5465 3637 5500 se

2083 5517 2451 5583 impetrabant,
2485 5527 2540 5569 ut
2585 5531 2766 5568 nomen
2810 5525 2859 5567 et
2910 5515 3248 5583 disciplinam
3301 5517 3638 5570 Platonicam

2083 5605 2227 5658 (equo
2272 5589 2465 5655 ferrent
2507 5587 2702 5658 animo.
2743 5583 2878 5640 Ven.
2913 5587 3239 5644 Moshemius
3287 5587 3343 5640 in
3384 5587 3528 5641 notis
3568 5587 3633 5640 ad

2081 5655 2492 5721 Gudworthum,
2518 5672 2571 5724 p.
2599 5655 2721 5708 754.

2151 5727 2467 5799 (45)7_Apu_d
2515 5723 2707 5799 Franc.
2742 5723 3127 5799 Comhelisium
3161 5733 3307 5781 tomo
3343 5723 3634 5779 lAuctari.‘

2082 5795 2196 5851 nari
2220 5795 2557 5850 Bibliotheca:
2591 5795 2830 5862 Patrum,
2861 5811 2913 5865 ρ.
2952 5795 3041 5850 55.
