  <div class='ocr_page' id='page_1' title='image "/cluster/home/n/w/nwhite01/storage/ocr_20150623/10/coo.31924054872894/691.png"; bbox 0 0 4058 6374; ppageno 0'>
   <div class='ocr_carea' id='block_1_1' title="bbox 392 480 533 536">
    <p class='ocr_par' dir='ltr' id='par_1_1' title="bbox 392 480 533 536">
     <span class='ocr_line' id='line_1_1' title="bbox 392 480 533 536; baseline 0.007 -2"><span class='ocrx_word' id='word_1_1' title='bbox 392 480 533 536; x_wconf 71' lang='lat'><strong><em>1359</em></strong></span> 
     </span>
    </p>
   </div>
   <div class='ocr_carea' id='block_1_2' title="bbox 1668 472 2366 532">
    <p class='ocr_par' dir='ltr' id='par_1_2' title="bbox 1668 472 2366 532">
     <span class='ocr_line' id='line_1_2' title="bbox 1668 472 2366 532; baseline -0.004 -1"><span class='ocrx_word' id='word_1_2' title='bbox 1668 472 2027 532; x_wconf 77' lang='lat' dir='ltr'><strong><em>MACARIUS</em></strong></span> <span class='ocrx_word' id='word_1_3' title='bbox 2066 473 2366 530; x_wconf 83' lang='lat' dir='ltr'><strong><em>MAG‘NES.</em></strong></span> 
     </span>
    </p>
   </div>
   <div class='ocr_carea' id='block_1_3' title="bbox 3483 472 3621 529">
    <p class='ocr_par' dir='ltr' id='par_1_3' title="bbox 3483 472 3621 529">
     <span class='ocr_line' id='line_1_3' title="bbox 3483 472 3621 529; baseline 0 -1"><span class='ocrx_word' id='word_1_4' title='bbox 3483 472 3621 529; x_wconf 72' lang='lat' dir='ltr'><strong><em>i560</em></strong></span> 
     </span>
    </p>
   </div>
   <div class='ocr_carea' id='block_1_4' title="bbox 395 552 3622 669">
    <p class='ocr_par' dir='ltr' id='par_1_4' title="bbox 395 552 3622 669">
     <span class='ocr_line' id='line_1_4' title="bbox 395 552 3622 669; baseline -0.003 -19"><span class='ocrx_word' id='word_1_5' title='bbox 395 596 663 651; x_wconf 70' lang='lat' dir='ltr'><strong><em>bliothecte</em></strong></span> <span class='ocrx_word' id='word_1_6' title='bbox 701 593 947 658; x_wconf 79' lang='lat' dir='ltr'><strong><em>Patrum,</em></strong></span> <span class='ocrx_word' id='word_1_7' title='bbox 983 598 1112 644; x_wconf 91' lang='lat' dir='ltr'><strong><em>tom.</em></strong></span> <span class='ocrx_word' id='word_1_8' title='bbox 1148 587 1189 655; x_wconf 91' lang='grc'><strong><em>1,</em></strong></span> <span class='ocrx_word' id='word_1_9' title='bbox 1221 604 1287 645; x_wconf 82' lang='lat' dir='ltr'><strong><em>ex</em></strong></span> <span class='ocrx_word' id='word_1_10' title='bbox 1318 552 1519 661; x_wconf 81' lang='lat' dir='ltr'><strong><em>quibus</em></strong></span> <span class='ocrx_word' id='word_1_11' title='bbox 1546 604 1601 660; x_wconf 86' lang='lat' dir='ltr'><strong><em>p.</em></strong></span> <span class='ocrx_word' id='word_1_12' title='bbox 1630 589 1735 644; x_wconf 71' lang='lat'><strong>276</strong></span> <span class='ocrx_word' id='word_1_13' title='bbox 1758 605 1842 659; x_wconf 88' lang='lat' dir='ltr'><strong><em>sq.</em></strong></span> <span class='ocrx_word' id='word_1_14' title='bbox 1871 602 1955 643; x_wconf 84' lang='lat' dir='ltr'><strong><em>se—</em></strong></span> <span class='ocrx_word' id='word_1_15' title='bbox 1983 593 2030 649; x_wconf 81' lang='grc' dir='ltr'>Α</span> <span class='ocrx_word' id='word_1_16' title='bbox 2057 588 2422 653; x_wconf 87' lang='lat' dir='ltr'><strong><em>condecorati,</em></strong></span> <span class='ocrx_word' id='word_1_17' title='bbox 2462 586 2638 658; x_wconf 89' lang='lat' dir='ltr'><strong><em>posita</em></strong></span> <span class='ocrx_word' id='word_1_18' title='bbox 2671 584 2887 654; x_wconf 77' lang='lat' dir='ltr'><strong><em>fuisset,</em></strong></span> <span class='ocrx_word' id='word_1_19' title='bbox 2917 582 3313 659; x_wconf 74' lang='lat' dir='ltr'><strong><em>indignissimis</em></strong></span> <span class='ocrx_word' id='word_1_20' title='bbox 3342 583 3478 669; x_wconf 88' lang='lat' dir='ltr'><strong><em>adeo</em></strong></span> <span class='ocrx_word' id='word_1_21' title='bbox 3508 599 3622 639; x_wconf 91' lang='lat' dir='ltr'><strong><em>mo-</em></strong></span> 
     </span>
    </p>
   </div>
   <div class='ocr_carea' id='block_1_5' title="bbox 395 680 1958 760">
    <p class='ocr_par' dir='ltr' id='par_1_5' title="bbox 395 680 1958 760">
     <span class='ocr_line' id='line_1_5' title="bbox 395 680 1958 760; baseline -0.006 -17"><span class='ocrx_word' id='word_1_22' title='bbox 395 688 616 760; x_wconf 85' lang='lat' dir='ltr'><strong><em>quentia</em></strong></span> <span class='ocrx_word' id='word_1_23' title='bbox 644 686 984 757; x_wconf 91' lang='lat' dir='ltr'><strong><em>potissimum</em></strong></span> <span class='ocrx_word' id='word_1_24' title='bbox 1008 684 1114 737; x_wconf 91' lang='lat' dir='ltr'><strong><em>huc</em></strong></span> <span class='ocrx_word' id='word_1_25' title='bbox 1135 690 1415 753; x_wconf 88' lang='lat' dir='ltr'><strong><em>spectant:</em></strong></span> <span class='ocrx_word' id='word_1_26' title='bbox 1442 681 1553 735; x_wconf 77' lang='grc' dir='ltr'>Καὶ</span> <span class='ocrx_word' id='word_1_27' title='bbox 1576 681 1728 736; x_wconf 78' lang='grc' dir='ltr'>οὐδὲν</span> <span class='ocrx_word' id='word_1_28' title='bbox 1754 680 1958 734; x_wconf 69' lang='grc' dir='ltr'>ἐκώλυε</span> 
     </span>
    </p>
   </div>
   <div class='ocr_carea' id='block_1_6' title="bbox 340 768 1959 853">
    <p class='ocr_par' dir='ltr' id='par_1_6' title="bbox 340 768 1959 853">
     <span class='ocr_line' id='line_1_6' title="bbox 340 768 1959 853; baseline -0.004 -18"><span class='ocrx_word' id='word_1_29' title='bbox 340 768 343 773; x_wconf 56' lang='grc'><em>’</em></span> <span class='ocrx_word' id='word_1_30' title='bbox 396 782 556 853; x_wconf 83' lang='grc' dir='ltr'>μέχρι</span> <span class='ocrx_word' id='word_1_31' title='bbox 606 779 700 833; x_wconf 82' lang='grc' dir='ltr'>νῦν</span> <span class='ocrx_word' id='word_1_32' title='bbox 745 776 1009 843; x_wconf 75' lang='grc' dir='ltr'>σώζεσθαι</span> <span class='ocrx_word' id='word_1_33' title='bbox 1050 776 1147 830; x_wconf 84' lang='grc' dir='ltr'><strong><em>τὸν</em></strong></span> <span class='ocrx_word' id='word_1_34' title='bbox 1200 774 1528 847; x_wconf 83' lang='grc' dir='ltr'><strong><em>ἀνδριάντα,</em></strong></span> <span class='ocrx_word' id='word_1_35' title='bbox 1568 774 1661 829; x_wconf 80' lang='grc' dir='ltr'><strong><em>καὶ</em></strong></span> <span class='ocrx_word' id='word_1_36' title='bbox 1699 775 1959 830; x_wconf 83' lang='grc' dir='ltr'><strong><em>δεικνύειν</em></strong></span> 
     </span>
    </p>
   </div>
   <div class='ocr_carea' id='block_1_7' title="bbox 391 860 1957 943">
    <p class='ocr_par' dir='ltr' id='par_1_7' title="bbox 391 860 1957 943">
     <span class='ocr_line' id='line_1_7' title="bbox 391 860 1957 943; baseline -0.005 -18"><span class='ocrx_word' id='word_1_37' title='bbox 391 871 693 943; x_wconf 78' lang='grc' dir='ltr'>ἀμφότερα.</span> <span class='ocrx_word' id='word_1_38' title='bbox 726 868 820 921; x_wconf 74' lang='grc' dir='ltr'><strong><em>καὶ</em></strong></span> <span class='ocrx_word' id='word_1_39' title='bbox 854 864 946 920; x_wconf 82' lang='grc' dir='ltr'>τοῦ</span> <span class='ocrx_word' id='word_1_40' title='bbox 990 864 1125 919; x_wconf 75' lang='grc' dir='ltr'>Θεοῦ</span> <span class='ocrx_word' id='word_1_41' title='bbox 1176 865 1238 917; x_wconf 81' lang='grc' dir='ltr'><strong><em>τὸ</em></strong></span> <span class='ocrx_word' id='word_1_42' title='bbox 1285 863 1607 935; x_wconf 83' lang='grc' dir='ltr'>θαυμάσιον,</span> <span class='ocrx_word' id='word_1_43' title='bbox 1638 864 1732 917; x_wconf 69' lang='grc' dir='ltr'><strong><em>καὶ</em></strong></span> <span class='ocrx_word' id='word_1_44' title='bbox 1764 863 1863 933; x_wconf 73' lang='grc' dir='ltr'>τῆς</span> <span class='ocrx_word' id='word_1_45' title='bbox 1898 860 1957 917; x_wconf 83' lang='grc' dir='ltr'><strong><em>εὖ</em></strong></span> 
     </span>
    </p>
   </div>
   <div class='ocr_carea' id='block_1_8' title="bbox 392 955 1961 1032">
    <p class='ocr_par' dir='ltr' id='par_1_8' title="bbox 392 955 1961 1032">
     <span class='ocr_line' id='line_1_8' title="bbox 392 955 1961 1032; baseline -0.005 -14"><span class='ocrx_word' id='word_1_46' title='bbox 392 962 668 1032; x_wconf 78' lang='grc' dir='ltr'><strong><em>παθούσης</em></strong></span> <span class='ocrx_word' id='word_1_47' title='bbox 692 960 752 1013; x_wconf 77' lang='grc' dir='ltr'><strong><em>τὸ</em></strong></span> <span class='ocrx_word' id='word_1_48' title='bbox 774 959 1122 1030; x_wconf 79' lang='grc' dir='ltr'><strong><em>χαριστήριον</em></strong></span> <span class='ocrx_word' id='word_1_49' title='bbox 1140 975 1153 989; x_wconf 86' lang='grc'><strong>·</strong></span> <span class='ocrx_word' id='word_1_50' title='bbox 1188 959 1236 1011; x_wconf 85' lang='grc' dir='ltr'>εἰ</span> <span class='ocrx_word' id='word_1_51' title='bbox 1275 957 1347 1029; x_wconf 81' lang='grc' dir='ltr'>μὴ</span> <span class='ocrx_word' id='word_1_52' title='bbox 1376 955 1676 1027; x_wconf 81' lang='grc' dir='ltr'>Μαξιμῖνος</span> <span class='ocrx_word' id='word_1_53' title='bbox 1704 957 1905 1020; x_wconf 70' lang='grc' dir='ltr'>ἐκεῖνος</span> <span class='ocrx_word' id='word_1_54' title='bbox 1930 958 1961 1010; x_wconf 85' lang='grc' dir='ltr'>ὁ</span> 
     </span>
    </p>
   </div>
   <div class='ocr_carea' id='block_1_9' title="bbox 395 1050 1960 1129">
    <p class='ocr_par' dir='ltr' id='par_1_9' title="bbox 395 1050 1960 1129">
     <span class='ocr_line' id='line_1_9' title="bbox 395 1050 1960 1129; baseline -0.004 -19"><span class='ocrx_word' id='word_1_55' title='bbox 395 1056 587 1129; x_wconf 79' lang='grc' dir='ltr'>μικρὸν</span> <span class='ocrx_word' id='word_1_56' title='bbox 635 1054 745 1127; x_wconf 73' lang='grc'><strong><em>(44)</em></strong></span> <span class='ocrx_word' id='word_1_57' title='bbox 773 1054 878 1127; x_wconf 84' lang='grc' dir='ltr'>πρὸ</span> <span class='ocrx_word' id='word_1_58' title='bbox 922 1052 1013 1107; x_wconf 77' lang='grc' dir='ltr'><strong><em>τοῦ</em></strong></span> <span class='ocrx_word' id='word_1_59' title='bbox 1061 1051 1468 1107; x_wconf 83' lang='grc' dir='ltr'>Κωνσταντίνου</span> <span class='ocrx_word' id='word_1_60' title='bbox 1513 1052 1614 1122; x_wconf 76' lang='grc' dir='ltr'>τῆς</span> <span class='ocrx_word' id='word_1_61' title='bbox 1677 1050 1960 1123; x_wconf 85' lang='grc' dir='ltr'>Ῥωμαίων</span> 
     </span>
    </p>
   </div>
   <div class='ocr_carea' id='block_1_10' title="bbox 390 1144 1960 1222">
    <p class='ocr_par' dir='ltr' id='par_1_10' title="bbox 390 1144 1960 1222">
     <span class='ocr_line' id='line_1_10' title="bbox 390 1144 1960 1222; baseline -0.004 -19"><span class='ocrx_word' id='word_1_62' title='bbox 390 1150 666 1222; x_wconf 78' lang='grc' dir='ltr'>βασιλείας</span> <span class='ocrx_word' id='word_1_63' title='bbox 720 1145 1171 1219; x_wconf 78' lang='grc' dir='ltr'>προηγησάμενος</span> <span class='ocrx_word' id='word_1_64' title='bbox 1205 1144 1338 1217; x_wconf 69' lang='grc'><strong><em>(45),</em></strong></span> <span class='ocrx_word' id='word_1_65' title='bbox 1389 1144 1528 1217; x_wconf 80' lang='grc' dir='ltr'>ἀνὴρ</span> <span class='ocrx_word' id='word_1_66' title='bbox 1574 1144 1960 1216; x_wconf 81' lang='grc' dir='ltr'><strong><em>εἰδωλολάτρης</em></strong></span> 
     </span>
    </p>
   </div>
   <div class='ocr_carea' id='block_1_11' title="bbox 356 1235 1960 1312">
    <p class='ocr_par' dir='ltr' id='par_1_11' title="bbox 356 1235 1960 1312">
     <span class='ocr_line' id='line_1_11' title="bbox 356 1235 1960 1312; baseline -0.005 -16"><span class='ocrx_word' id='word_1_67' title='bbox 356 1242 483 1297; x_wconf 69' lang='grc' dir='ltr'>«καὶ</span> <span class='ocrx_word' id='word_1_68' title='bbox 520 1239 804 1312; x_wconf 76' lang='grc' dir='ltr'>δυσσεϐὴς,</span> <span class='ocrx_word' id='word_1_69' title='bbox 855 1238 949 1292; x_wconf 74' lang='grc' dir='ltr'><strong><em>καὶ</em></strong></span> <span class='ocrx_word' id='word_1_70' title='bbox 995 1236 1309 1310; x_wconf 83' lang='grc' dir='ltr'>ζηλοτυπῶν</span> <span class='ocrx_word' id='word_1_71' title='bbox 1352 1236 1413 1291; x_wconf 83' lang='grc' dir='ltr'>ὲν</span> <span class='ocrx_word' id='word_1_72' title='bbox 1451 1235 1528 1309; x_wconf 80' lang='grc' dir='ltr'>τῷ</span> <span class='ocrx_word' id='word_1_73' title='bbox 1570 1236 1843 1309; x_wconf 77' lang='grc' dir='ltr'>ἀγάλματι</span> <span class='ocrx_word' id='word_1_74' title='bbox 1870 1236 1960 1289; x_wconf 86' lang='grc' dir='ltr'><strong><em>τὸν</em></strong></span> 
     </span>
    </p>
   </div>
   <div class='ocr_carea' id='block_1_12' title="bbox 387 1328 1957 1406">
    <p class='ocr_par' dir='ltr' id='par_1_12' title="bbox 387 1328 1957 1406">
     <span class='ocr_line' id='line_1_12' title="bbox 387 1328 1957 1406; baseline -0.004 -18"><span class='ocrx_word' id='word_1_75' title='bbox 387 1333 640 1406; x_wconf 79' lang='grc' dir='ltr'>Χριστὸν,</span> <span class='ocrx_word' id='word_1_76' title='bbox 675 1331 916 1387; x_wconf 80' lang='grc' dir='ltr'>ἀνείλετο</span> <span class='ocrx_word' id='word_1_77' title='bbox 954 1330 1051 1402; x_wconf 82' lang='grc' dir='ltr'>τῆς</span> <span class='ocrx_word' id='word_1_78' title='bbox 1079 1330 1338 1401; x_wconf 82' lang='grc' dir='ltr'>πολίχνης</span> <span class='ocrx_word' id='word_1_79' title='bbox 1406 1328 1498 1382; x_wconf 76' lang='grc' dir='ltr'><strong><em>τὸν</em></strong></span> <span class='ocrx_word' id='word_1_80' title='bbox 1534 1328 1731 1399; x_wconf 84' lang='grc' dir='ltr'>χαλκὸν</span> <span class='ocrx_word' id='word_1_81' title='bbox 1774 1328 1957 1401; x_wconf 83' lang='grc' dir='ltr'>μόνον,</span> 
     </span>
    </p>
   </div>
   <div class='ocr_carea' id='block_1_13' title="bbox 386 1418 1960 1496">
    <p class='ocr_par' dir='ltr' id='par_1_13' title="bbox 386 1418 1960 1496">
     <span class='ocr_line' id='line_1_13' title="bbox 386 1418 1960 1496; baseline -0.003 -19"><span class='ocrx_word' id='word_1_82' title='bbox 386 1425 450 1478; x_wconf 79' lang='grc' dir='ltr'><strong><em>οὐ</em></strong></span> <span class='ocrx_word' id='word_1_83' title='bbox 480 1423 578 1496; x_wconf 77' lang='grc' dir='ltr'>τὴν</span> <span class='ocrx_word' id='word_1_84' title='bbox 612 1423 831 1495; x_wconf 81' lang='grc' dir='ltr'>μνήμην</span> <span class='ocrx_word' id='word_1_85' title='bbox 855 1420 962 1475; x_wconf 82' lang='grc' dir='ltr'><strong><em>τῶν</em></strong></span> <span class='ocrx_word' id='word_1_86' title='bbox 993 1420 1318 1492; x_wconf 81' lang='grc' dir='ltr'>γενομένων.</span> <span class='ocrx_word' id='word_1_87' title='bbox 1356 1418 1468 1475; x_wconf 87' lang='lat' dir='ltr'><strong><em>Nec</em></strong></span> <span class='ocrx_word' id='word_1_88' title='bbox 1491 1419 1780 1491; x_wconf 83' lang='lat' dir='ltr'><strong><em>quidquam</em></strong></span> <span class='ocrx_word' id='word_1_89' title='bbox 1811 1428 1960 1474; x_wconf 83' lang='lat' dir='ltr'><strong><em>veta-</em></strong></span> 
     </span>
    </p>
   </div>
   <div class='ocr_carea' id='block_1_14' title="bbox 387 1510 1959 1583">
    <p class='ocr_par' dir='ltr' id='par_1_14' title="bbox 387 1510 1959 1583">
     <span class='ocr_line' id='line_1_14' title="bbox 387 1510 1959 1583; baseline -0.002 -14"><span class='ocrx_word' id='word_1_90' title='bbox 387 1516 501 1581; x_wconf 85' lang='lat' dir='ltr'><strong><em>bat,</em></strong></span> <span class='ocrx_word' id='word_1_91' title='bbox 551 1525 609 1570; x_wconf 88' lang='lat' dir='ltr'><strong><em>ut</em></strong></span> <span class='ocrx_word' id='word_1_92' title='bbox 655 1531 717 1570; x_wconf 87' lang='lat' dir='ltr'><strong><em>ne</em></strong></span> <span class='ocrx_word' id='word_1_93' title='bbox 767 1514 1020 1568; x_wconf 76' lang='lat' dir='ltr'><strong><em>hactenus</em></strong></span> <span class='ocrx_word' id='word_1_94' title='bbox 1057 1523 1240 1568; x_wconf 90' lang='lat' dir='ltr'><strong><em>statua</em></strong></span> <span class='ocrx_word' id='word_1_95' title='bbox 1280 1528 1454 1583; x_wconf 82' lang='lat' dir='ltr'><strong><em>sospes</em></strong></span> <span class='ocrx_word' id='word_1_96' title='bbox 1508 1521 1663 1579; x_wconf 88' lang='lat' dir='ltr'><strong><em>esset,</em></strong></span> <span class='ocrx_word' id='word_1_97' title='bbox 1710 1510 1959 1582; x_wconf 89' lang='lat' dir='ltr'><strong><em>amboque</em></strong></span> 
     </span>
    </p>
   </div>
   <div class='ocr_carea' id='block_1_15' title="bbox 386 1603 1959 1671">
    <p class='ocr_par' dir='ltr' id='par_1_15' title="bbox 386 1603 1959 1671">
     <span class='ocr_line' id='line_1_15' title="bbox 386 1603 1959 1671; baseline -0.004 -9"><span class='ocrx_word' id='word_1_98' title='bbox 386 1608 487 1663; x_wconf 83' lang='lat' dir='ltr'><strong><em>illa</em></strong></span> <span class='ocrx_word' id='word_1_99' title='bbox 533 1608 860 1671; x_wconf 79' lang='lat' dir='ltr'><strong><em>ostenderet,</em></strong></span> <span class='ocrx_word' id='word_1_100' title='bbox 913 1617 1025 1661; x_wconf 87' lang='lat' dir='ltr'><strong><em>tum</em></strong></span> <span class='ocrx_word' id='word_1_101' title='bbox 1062 1604 1522 1669; x_wconf 87' lang='lat' dir='ltr'><strong><em>Dei_miraculum,</em></strong></span> <span class='ocrx_word' id='word_1_102' title='bbox 1565 1613 1677 1658; x_wconf 90' lang='lat' dir='ltr'><strong><em>tum</em></strong></span> <span class='ocrx_word' id='word_1_103' title='bbox 1724 1603 1959 1657; x_wconf 75' lang='lat' dir='ltr'><strong><em>mulieris</em></strong></span> 
     </span>
    </p>
   </div>
   <div class='ocr_carea' id='block_1_16' title="bbox 388 1694 1959 1771">
    <p class='ocr_par' dir='ltr' id='par_1_16' title="bbox 388 1694 1959 1771">
     <span class='ocr_line' id='line_1_16' title="bbox 388 1694 1959 1771; baseline -0.004 -15"><span class='ocrx_word' id='word_1_104' title='bbox 388 1701 634 1771; x_wconf 76' lang='lat' dir='ltr'><strong><em>beneﬁcio</em></strong></span> <span class='ocrx_word' id='word_1_105' title='bbox 677 1700 881 1770; x_wconf 76' lang='lat' dir='ltr'><strong><em>aﬂ&#39;cctte</em></strong></span> <span class='ocrx_word' id='word_1_106' title='bbox 927 1707 1136 1771; x_wconf 87' lang='lat' dir='ltr'><strong><em>gratam</em></strong></span> <span class='ocrx_word' id='word_1_107' title='bbox 1188 1708 1448 1762; x_wconf 85' lang='lat' dir='ltr'><strong><em>mentem;</em></strong></span> <span class='ocrx_word' id='word_1_108' title='bbox 1480 1697 1583 1751; x_wconf 87' lang='lat' dir='ltr'><strong><em>nisi</em></strong></span> <span class='ocrx_word' id='word_1_109' title='bbox 1630 1694 1959 1751; x_wconf 74' lang='lat' dir='ltr'><strong><em>Maximinus</em></strong></span> 
     </span>
    </p>
   </div>
   <div class='ocr_carea' id='block_1_17' title="bbox 383 1786 1958 1861">
    <p class='ocr_par' dir='ltr' id='par_1_17' title="bbox 383 1786 1958 1861">
     <span class='ocr_line' id='line_1_17' title="bbox 383 1786 1958 1861; baseline -0.003 -17"><span class='ocrx_word' id='word_1_110' title='bbox 383 1791 501 1857; x_wconf 83' lang='lat' dir='ltr'><strong><em>ille,</em></strong></span> <span class='ocrx_word' id='word_1_111' title='bbox 538 1792 628 1861; x_wconf 86' lang='lat' dir='ltr'><strong><em>qui</em></strong></span> <span class='ocrx_word' id='word_1_112' title='bbox 682 1789 842 1860; x_wconf 90' lang='lat' dir='ltr'><strong><em>paulo</em></strong></span> <span class='ocrx_word' id='word_1_113' title='bbox 886 1797 1008 1842; x_wconf 86' lang='lat' dir='ltr'><strong><em>ante</em></strong></span> <span class='ocrx_word' id='word_1_114' title='bbox 1039 1787 1446 1842; x_wconf 87' lang='lat' dir='ltr'><strong><em>Constantinum</em></strong></span> <span class='ocrx_word' id='word_1_115' title='bbox 1486 1787 1709 1842; x_wconf 83' lang='lat' dir='ltr'><strong><em>Romani</em></strong></span> <span class='ocrx_word' id='word_1_116' title='bbox 1754 1786 1958 1857; x_wconf 89' lang='lat' dir='ltr'><strong><em>imperii</em></strong></span> 
     </span>
    </p>
   </div>
   <div class='ocr_carea' id='block_1_18' title="bbox 386 1879 1952 1951">
    <p class='ocr_par' dir='ltr' id='par_1_18' title="bbox 386 1879 1952 1951">
     <span class='ocr_line' id='line_1_18' title="bbox 386 1879 1952 1951; baseline -0.003 -15"><span class='ocrx_word' id='word_1_117' title='bbox 386 1890 592 1951; x_wconf 86' lang='lat' dir='ltr'><strong><em>sceptra</em></strong></span> <span class='ocrx_word' id='word_1_118' title='bbox 623 1879 924 1935; x_wconf 85' lang='lat' dir='ltr'><strong><em>moderatus</em></strong></span> <span class='ocrx_word' id='word_1_119' title='bbox 960 1888 1060 1943; x_wconf 89' lang='lat' dir='ltr'><strong><em>est,</em></strong></span> <span class='ocrx_word' id='word_1_120' title='bbox 1086 1880 1168 1933; x_wconf 82' lang='lat' dir='ltr'><strong><em>vir</em></strong></span> <span class='ocrx_word' id='word_1_121' title='bbox 1206 1879 1493 1934; x_wconf 87' lang='lat' dir='ltr'><strong><em>idololatra</em></strong></span> <span class='ocrx_word' id='word_1_122' title='bbox 1537 1889 1692 1950; x_wconf 89' lang='lat' dir='ltr'><strong><em>atque</em></strong></span> <span class='ocrx_word' id='word_1_123' title='bbox 1723 1879 1915 1949; x_wconf 86' lang='lat' dir='ltr'><strong><em>impius</em></strong></span> <span class='ocrx_word' id='word_1_124' title='bbox 1936 1919 1952 1945; x_wconf 93' lang='lat'><strong><em>,</em></strong></span> 
     </span>
    </p>
   </div>
   <div class='ocr_carea' id='block_1_19' title="bbox 388 1972 1952 2043">
    <p class='ocr_par' dir='ltr' id='par_1_19' title="bbox 388 1972 1952 2043">
     <span class='ocr_line' id='line_1_19' title="bbox 388 1972 1952 2043; baseline -0.002 -15"><span class='ocrx_word' id='word_1_125' title='bbox 388 1991 451 2028; x_wconf 89' lang='lat' dir='ltr'><strong><em>ac</em></strong></span> <span class='ocrx_word' id='word_1_126' title='bbox 477 1974 687 2029; x_wconf 76' lang='lat' dir='ltr'><strong><em>Christo</em></strong></span> <span class='ocrx_word' id='word_1_127' title='bbox 710 1974 765 2026; x_wconf 90' lang='lat' dir='ltr'><strong><em>in</em></strong></span> <span class='ocrx_word' id='word_1_128' title='bbox 785 1973 1014 2043; x_wconf 80' lang='lat' dir='ltr'><strong><em>imagine</em></strong></span> <span class='ocrx_word' id='word_1_129' title='bbox 1036 1972 1291 2039; x_wconf 79' lang='lat' dir='ltr'><strong><em>invidens,</em></strong></span> <span class='ocrx_word' id='word_1_130' title='bbox 1316 1980 1546 2026; x_wconf 80' lang='lat' dir='ltr'><strong><em>statuam</em></strong></span> <span class='ocrx_word' id='word_1_131' title='bbox 1563 1988 1760 2034; x_wconf 76' lang='lat' dir='ltr'><strong><em>teneam</em></strong></span> <span class='ocrx_word' id='word_1_132' title='bbox 1782 1973 1952 2042; x_wconf 87' lang='lat' dir='ltr'><strong><em>ipsam</em></strong></span> 
     </span>
    </p>
   </div>
   <div class='ocr_carea' id='block_1_20' title="bbox 385 2050 1955 2135">
    <p class='ocr_par' dir='ltr' id='par_1_20' title="bbox 385 2050 1955 2135">
     <span class='ocr_line' id='line_1_20' title="bbox 385 2050 1955 2135; baseline -0.001 -16"><span class='ocrx_word' id='word_1_133' title='bbox 385 2065 557 2119; x_wconf 90' lang='lat' dir='ltr'><strong><em>solam</em></strong></span> <span class='ocrx_word' id='word_1_134' title='bbox 611 2065 675 2119; x_wconf 90' lang='lat' dir='ltr'><strong><em>ab</em></strong></span> <span class='ocrx_word' id='word_1_135' title='bbox 718 2064 909 2133; x_wconf 88' lang='lat' dir='ltr'><strong><em>oppido</em></strong></span> <span class='ocrx_word' id='word_1_136' title='bbox 950 2063 1270 2132; x_wconf 82' lang='lat' dir='ltr'><strong><em>sustulisset,</em></strong></span> <span class='ocrx_word' id='word_1_137' title='bbox 1316 2050 1419 2118; x_wconf 78' lang='lat' dir='ltr'><strong><em>non</em></strong></span> <span class='ocrx_word' id='word_1_138' title='bbox 1470 2080 1645 2118; x_wconf 89' lang='lat' dir='ltr'><strong><em>rerum</em></strong></span> <span class='ocrx_word' id='word_1_139' title='bbox 1689 2073 1955 2135; x_wconf 86' lang='lat' dir='ltr'><strong><em>gestarum</em></strong></span> 
     </span>
    </p>
   </div>
   <div class='ocr_carea' id='block_1_21' title="bbox 387 2153 1955 2221">
    <p class='ocr_par' dir='ltr' id='par_1_21' title="bbox 387 2153 1955 2221">
     <span class='ocr_line' id='line_1_21' title="bbox 387 2153 1955 2221; baseline 0.001 -13"><span class='ocrx_word' id='word_1_140' title='bbox 387 2155 717 2209; x_wconf 81' lang='lat' dir='ltr'><strong><em>memoriam.</em></strong></span> <span class='ocrx_word' id='word_1_141' title='bbox 753 2153 876 2208; x_wconf 90' lang='lat' dir='ltr'><strong><em>Alio</em></strong></span> <span class='ocrx_word' id='word_1_142' title='bbox 907 2153 1028 2209; x_wconf 91' lang='lat' dir='ltr'><strong><em>loco</em></strong></span> <span class='ocrx_word' id='word_1_143' title='bbox 1059 2153 1199 2209; x_wconf 88' lang='lat' dir='ltr'><strong><em>idem</em></strong></span> <span class='ocrx_word' id='word_1_144' title='bbox 1238 2155 1433 2211; x_wconf 83' lang='lat' dir='ltr'><strong><em>asserit</em></strong></span> <span class='ocrx_word' id='word_1_145' title='bbox 1462 2155 1744 2221; x_wconf 84' lang='lat' dir='ltr'><strong><em>Asterius,</em></strong></span> <span class='ocrx_word' id='word_1_146' title='bbox 1778 2154 1955 2211; x_wconf 60' lang='grc' dir='ltr'><strong><em>Μυῖα</em></strong></span> 
     </span>
    </p>
   </div>
   <div class='ocr_carea' id='block_1_22' title="bbox 389 2245 1954 2316">
    <p class='ocr_par' dir='ltr' id='par_1_22' title="bbox 389 2245 1954 2316">
     <span class='ocr_line' id='line_1_22' title="bbox 389 2245 1954 2316; baseline 0 -15"><span class='ocrx_word' id='word_1_147' title='bbox 389 2247 522 2301; x_wconf 90' lang='lat' dir='ltr'><strong><em>mini</em></strong></span> <span class='ocrx_word' id='word_1_148' title='bbox 551 2247 906 2315; x_wconf 74' lang='lat' dir='ltr'><strong><em>impietatem,</em></strong></span> <span class='ocrx_word' id='word_1_149' title='bbox 928 2246 1019 2316; x_wconf 87' lang='lat' dir='ltr'><strong><em>qui</em></strong></span> <span class='ocrx_word' id='word_1_150' title='bbox 1050 2245 1103 2300; x_wconf 92' lang='lat' dir='ltr'><strong><em>in</em></strong></span> <span class='ocrx_word' id='word_1_151' title='bbox 1138 2245 1281 2302; x_wconf 90' lang='lat' dir='ltr'><strong><em>istud</em></strong></span> <span class='ocrx_word' id='word_1_152' title='bbox 1310 2255 1722 2302; x_wconf 86' lang='lat' dir='ltr'><strong><em>monumentum</em></strong></span> <span class='ocrx_word' id='word_1_153' title='bbox 1741 2246 1954 2303; x_wconf 89' lang='lat' dir='ltr'><strong><em>Panea-</em></strong></span> 
     </span>
    </p>
   </div>
   <div class='ocr_carea' id='block_1_23' title="bbox 387 2338 1954 2409">
    <p class='ocr_par' dir='ltr' id='par_1_23' title="bbox 387 2338 1954 2409">
     <span class='ocr_line' id='line_1_23' title="bbox 387 2338 1954 2409; baseline -0.001 -15"><span class='ocrx_word' id='word_1_154' title='bbox 387 2340 554 2394; x_wconf 89' lang='lat' dir='ltr'><strong><em>dense</em></strong></span> <span class='ocrx_word' id='word_1_155' title='bbox 581 2339 693 2409; x_wconf 90' lang='lat' dir='ltr'><strong><em>jam</em></strong></span> <span class='ocrx_word' id='word_1_156' title='bbox 729 2347 843 2393; x_wconf 91' lang='lat' dir='ltr'><strong><em>tum</em></strong></span> <span class='ocrx_word' id='word_1_157' title='bbox 874 2338 1129 2393; x_wconf 78' lang='lat' dir='ltr'><strong><em>bacchari</em></strong></span> <span class='ocrx_word' id='word_1_158' title='bbox 1163 2347 1419 2409; x_wconf 70' lang='lat' dir='ltr'><strong><em>coeperat,</em></strong></span> <span class='ocrx_word' id='word_1_159' title='bbox 1445 2354 1542 2394; x_wconf 92' lang='lat' dir='ltr'><strong><em>sua</em></strong></span> <span class='ocrx_word' id='word_1_160' title='bbox 1571 2348 1726 2394; x_wconf 85' lang='lat' dir='ltr'><strong><em>aetate</em></strong></span> <span class='ocrx_word' id='word_1_161' title='bbox 1752 2340 1954 2409; x_wconf 90' lang='lat' dir='ltr'><strong><em>pariter</em></strong></span> 
     </span>
    </p>
   </div>
   <div class='ocr_carea' id='block_1_24' title="bbox 388 2429 1954 2504">
    <p class='ocr_par' dir='ltr' id='par_1_24' title="bbox 388 2429 1954 2504">
     <span class='ocr_line' id='line_1_24' title="bbox 388 2429 1954 2504; baseline 0.002 -21"><span class='ocrx_word' id='word_1_162' title='bbox 388 2430 661 2485; x_wconf 83' lang='lat' dir='ltr'><strong><em>imitatum</em></strong></span> <span class='ocrx_word' id='word_1_163' title='bbox 711 2446 833 2487; x_wconf 87' lang='lat' dir='ltr'><strong><em>esse</em></strong></span> <span class='ocrx_word' id='word_1_164' title='bbox 885 2429 1158 2486; x_wconf 70' lang='lat' dir='ltr'><strong><em>lulianum</em></strong></span> <span class='ocrx_word' id='word_1_165' title='bbox 1212 2450 1227 2486; x_wconf 89' lang='lat'><strong>:</strong></span> <span class='ocrx_word' id='word_1_166' title='bbox 1288 2433 1382 2485; x_wconf 90' lang='grc' dir='ltr'>Ὃν</span> <span class='ocrx_word' id='word_1_167' title='bbox 1432 2430 1679 2504; x_wconf 85' lang='grc' dir='ltr'>ζηλώσας</span> <span class='ocrx_word' id='word_1_168' title='bbox 1717 2431 1811 2485; x_wconf 78' lang='grc' dir='ltr'><strong><em>καὶ</em></strong></span> <span class='ocrx_word' id='word_1_169' title='bbox 1856 2431 1954 2504; x_wconf 83' lang='grc' dir='ltr'><strong><em>τὴν</em></strong></span> 
     </span>
    </p>
   </div>
   <div class='ocr_carea' id='block_1_25' title="bbox 272 2504 1956 2595">
    <p class='ocr_par' dir='ltr' id='par_1_25' title="bbox 272 2504 1956 2595">
     <span class='ocr_line' id='line_1_25' title="bbox 272 2504 1956 2595; baseline 0 -20"><span class='ocrx_word' id='word_1_170' title='bbox 272 2504 282 2518; x_wconf 62' lang='grc'><em>’</em></span> <span class='ocrx_word' id='word_1_171' title='bbox 385 2521 640 2575; x_wconf 72' lang='grc' dir='ltr'>ἀσέϐεςαν</span> <span class='ocrx_word' id='word_1_172' title='bbox 690 2522 1067 2594; x_wconf 81' lang='grc' dir='ltr'>μιμησάμενος</span> <span class='ocrx_word' id='word_1_173' title='bbox 1113 2524 1141 2576; x_wconf 89' lang='grc' dir='ltr'>ὁ</span> <span class='ocrx_word' id='word_1_174' title='bbox 1191 2523 1276 2593; x_wconf 75' lang='grc' dir='ltr'><strong><em>ἐφ’</em></strong></span> <span class='ocrx_word' id='word_1_175' title='bbox 1321 2522 1479 2595; x_wconf 83' lang='grc' dir='ltr'>ἡμῶν</span> <span class='ocrx_word' id='word_1_176' title='bbox 1536 2521 1840 2588; x_wconf 80' lang='grc' dir='ltr'>Ἰουλιανὸς,</span> <span class='ocrx_word' id='word_1_177' title='bbox 1886 2522 1956 2576; x_wconf 82' lang='grc' dir='ltr'><strong><em>τὰ</em></strong></span> 
     </span>
    </p>
   </div>
   <div class='ocr_carea' id='block_1_26' title="bbox 386 2613 1949 2687">
    <p class='ocr_par' dir='ltr' id='par_1_26' title="bbox 386 2613 1949 2687">
     <span class='ocr_line' id='line_1_26' title="bbox 386 2613 1949 2687; baseline 0.002 -22"><span class='ocrx_word' id='word_1_178' title='bbox 386 2613 742 2685; x_wconf 78' lang='grc' dir='ltr'>παραπλήσια</span> <span class='ocrx_word' id='word_1_179' title='bbox 789 2613 880 2666; x_wconf 76' lang='grc' dir='ltr'><strong><em>ἐπὶ</em></strong></span> <span class='ocrx_word' id='word_1_180' title='bbox 919 2615 1031 2677; x_wconf 87' lang='grc' dir='ltr'>τοῖς</span> <span class='ocrx_word' id='word_1_181' title='bbox 1073 2613 1305 2685; x_wconf 84' lang='grc' dir='ltr'>Χριστοῦ</span> <span class='ocrx_word' id='word_1_182' title='bbox 1352 2613 1690 2686; x_wconf 84' lang='grc' dir='ltr'>ὁμοιώμασιν</span> <span class='ocrx_word' id='word_1_183' title='bbox 1739 2614 1949 2687; x_wconf 78' lang='grc' dir='ltr'>ἔδρασε.</span> 
     </span>
    </p>
   </div>
   <div class='ocr_carea' id='block_1_27' title="bbox 388 2702 1948 2778">
    <p class='ocr_par' dir='ltr' id='par_1_27' title="bbox 388 2702 1948 2778">
     <span class='ocr_line' id='line_1_27' title="bbox 388 2702 1948 2778; baseline 0.002 -20"><span class='ocrx_word' id='word_1_184' title='bbox 388 2702 542 2761; x_wconf 82' lang='lat' dir='ltr'><strong><em>Unde</em></strong></span> <span class='ocrx_word' id='word_1_185' title='bbox 570 2713 626 2761; x_wconf 88' lang='lat' dir='ltr'><strong><em>et</em></strong></span> <span class='ocrx_word' id='word_1_186' title='bbox 671 2706 868 2761; x_wconf 87' lang='lat' dir='ltr'><strong><em>merito</em></strong></span> <span class='ocrx_word' id='word_1_187' title='bbox 897 2704 1191 2778; x_wconf 78' lang='lat' dir='ltr'><strong><em>Gregorius</em></strong></span> <span class='ocrx_word' id='word_1_188' title='bbox 1223 2705 1599 2762; x_wconf 82' lang='lat' dir='ltr'><strong><em>Nazianzenus</em></strong></span> <span class='ocrx_word' id='word_1_189' title='bbox 1643 2706 1696 2761; x_wconf 92' lang='lat' dir='ltr'><strong><em>in</em></strong></span> <span class='ocrx_word' id='word_1_190' title='bbox 1745 2715 1884 2762; x_wconf 83' lang='lat' dir='ltr'><strong><em>orat.</em></strong></span> <span class='ocrx_word' id='word_1_191' title='bbox 1921 2706 1948 2761; x_wconf 85' lang='grc'><strong>1</strong></span> 
     </span>
    </p>
   </div>
   <div class='ocr_carea' id='block_1_28' title="bbox 388 2796 1955 2869">
    <p class='ocr_par' dir='ltr' id='par_1_28' title="bbox 388 2796 1955 2869">
     <span class='ocr_line' id='line_1_28' title="bbox 388 2796 1955 2869; baseline 0.003 -20"><span class='ocrx_word' id='word_1_192' title='bbox 388 2796 648 2852; x_wconf 83' lang='lat' dir='ltr'><strong><em>adversus</em></strong></span> <span class='ocrx_word' id='word_1_193' title='bbox 689 2796 964 2853; x_wconf 71' lang='lat' dir='ltr'><strong><em>lulianum</em></strong></span> <span class='ocrx_word' id='word_1_194' title='bbox 1007 2799 1413 2869; x_wconf 84' lang='lat' dir='ltr'><strong><em>imperatorem,</em></strong></span> <span class='ocrx_word' id='word_1_195' title='bbox 1450 2798 1628 2869; x_wconf 84' lang='lat' dir='ltr'><strong><em>quoad</em></strong></span> <span class='ocrx_word' id='word_1_196' title='bbox 1658 2807 1869 2854; x_wconf 84' lang='lat' dir='ltr'><strong><em>statuas</em></strong></span> <span class='ocrx_word' id='word_1_197' title='bbox 1900 2807 1955 2854; x_wconf 89' lang='lat' dir='ltr'><strong><em>et</em></strong></span> 
     </span>
    </p>
   </div>
   <div class='ocr_carea' id='block_1_29' title="bbox 388 2888 1954 2961">
    <p class='ocr_par' dir='ltr' id='par_1_29' title="bbox 388 2888 1954 2961">
     <span class='ocr_line' id='line_1_29' title="bbox 388 2888 1954 2961; baseline 0.002 -19"><span class='ocrx_word' id='word_1_198' title='bbox 388 2888 655 2960; x_wconf 79' lang='lat' dir='ltr'><strong><em>imagines</em></strong></span> <span class='ocrx_word' id='word_1_199' title='bbox 707 2890 947 2959; x_wconf 90' lang='lat' dir='ltr'><strong><em>ipsorum</em></strong></span> <span class='ocrx_word' id='word_1_200' title='bbox 979 2898 1305 2961; x_wconf 90' lang='lat' dir='ltr'><strong><em>prostratas,</em></strong></span> <span class='ocrx_word' id='word_1_201' title='bbox 1333 2888 1607 2944; x_wconf 74' lang='lat' dir='ltr'><strong><em>Iulianum</em></strong></span> <span class='ocrx_word' id='word_1_202' title='bbox 1631 2905 1754 2946; x_wconf 87' lang='lat' dir='ltr'><strong><em>eum</em></strong></span> <span class='ocrx_word' id='word_1_203' title='bbox 1782 2889 1954 2945; x_wconf 78' lang='lat' dir='ltr'><strong><em>Maxi-</em></strong></span> 
     </span>
    </p>
   </div>
   <div class='ocr_carea' id='block_1_30' title="bbox 387 2979 1943 3053">
    <p class='ocr_par' dir='ltr' id='par_1_30' title="bbox 387 2979 1943 3053">
     <span class='ocr_line' id='line_1_30' title="bbox 387 2979 1943 3053; baseline 0.001 -19"><span class='ocrx_word' id='word_1_204' title='bbox 387 2981 536 3036; x_wconf 90' lang='lat' dir='ltr'><strong><em>mino</em></strong></span> <span class='ocrx_word' id='word_1_205' title='bbox 561 2981 857 3050; x_wconf 87' lang='lat' dir='ltr'><strong><em>componit.</em></strong></span> <span class='ocrx_word' id='word_1_206' title='bbox 884 2979 1142 3047; x_wconf 84' lang='lat' dir='ltr'><strong><em>Quamvis</em></strong></span> <span class='ocrx_word' id='word_1_207' title='bbox 1171 2981 1354 3051; x_wconf 86' lang='lat' dir='ltr'><strong><em>itaque</em></strong></span> <span class='ocrx_word' id='word_1_208' title='bbox 1373 2979 1774 3052; x_wconf 89' lang='lat' dir='ltr'><strong><em>Philostorgius</em></strong></span> <span class='ocrx_word' id='word_1_209' title='bbox 1805 2981 1943 3053; x_wconf 68' lang='lat'><strong><em>(46),</em></strong></span> 
     </span>
    </p>
   </div>
   <div class='ocr_carea' id='block_1_31' title="bbox 387 3070 1951 3145">
    <p class='ocr_par' dir='ltr' id='par_1_31' title="bbox 387 3070 1951 3145">
     <span class='ocr_line' id='line_1_31' title="bbox 387 3070 1951 3145; baseline 0.001 -18"><span class='ocrx_word' id='word_1_210' title='bbox 387 3070 728 3127; x_wconf 88' lang='lat' dir='ltr'><strong><em>Sozomenus</em></strong></span> <span class='ocrx_word' id='word_1_211' title='bbox 756 3071 867 3145; x_wconf 70' lang='lat' dir='ltr'><strong><em>(i7)</em></strong></span> <span class='ocrx_word' id='word_1_212' title='bbox 893 3073 1091 3143; x_wconf 86' lang='lat' dir='ltr'><strong><em>aliique</em></strong></span> <span class='ocrx_word' id='word_1_213' title='bbox 1119 3072 1411 3142; x_wconf 87' lang='lat' dir='ltr'><strong><em>scriptores</em></strong></span> <span class='ocrx_word' id='word_1_214' title='bbox 1435 3072 1595 3128; x_wconf 90' lang='lat' dir='ltr'><strong><em>istius</em></strong></span> <span class='ocrx_word' id='word_1_215' title='bbox 1626 3081 1822 3128; x_wconf 65' lang='lat' dir='ltr'><strong><em>statuae</em></strong></span> <span class='ocrx_word' id='word_1_216' title='bbox 1851 3073 1951 3128; x_wconf 89' lang='lat' dir='ltr'><strong><em>de-</em></strong></span> 
     </span>
    </p>
   </div>
   <div class='ocr_carea' id='block_1_32' title="bbox 384 3154 1950 3235">
    <p class='ocr_par' dir='ltr' id='par_1_32' title="bbox 384 3154 1950 3235">
     <span class='ocr_line' id='line_1_32' title="bbox 384 3154 1950 3235; baseline -0.001 -15"><span class='ocrx_word' id='word_1_217' title='bbox 384 3165 745 3220; x_wconf 86' lang='lat' dir='ltr'><strong><em>structionem</em></strong></span> <span class='ocrx_word' id='word_1_218' title='bbox 769 3162 985 3219; x_wconf 84' lang='lat' dir='ltr'><strong><em>Juliano</em></strong></span> <span class='ocrx_word' id='word_1_219' title='bbox 1011 3154 1192 3235; x_wconf 79' lang='lat' dir='ltr'><strong><em>potius</em></strong></span> <span class='ocrx_word' id='word_1_220' title='bbox 1218 3163 1515 3234; x_wconf 76' lang='lat' dir='ltr'><strong><em>Apostatze,</em></strong></span> <span class='ocrx_word' id='word_1_221' title='bbox 1550 3163 1635 3218; x_wconf 87' lang='lat' dir='ltr'><strong><em>vel</em></strong></span> <span class='ocrx_word' id='word_1_222' title='bbox 1670 3156 1835 3219; x_wconf 88' lang='lat' dir='ltr'><strong><em>etiam</em></strong></span> <span class='ocrx_word' id='word_1_223' title='bbox 1865 3164 1950 3235; x_wconf 82' lang='lat' dir='ltr'><strong><em>ip-</em></strong></span> 
     </span>
    </p>
   </div>
   <div class='ocr_carea' id='block_1_33' title="bbox 2057 678 3618 750">
    <p class='ocr_par' dir='ltr' id='par_1_33' title="bbox 2057 678 3618 750">
     <span class='ocr_line' id='line_1_33' title="bbox 2057 678 3618 750; baseline 0 -15"><span class='ocrx_word' id='word_1_224' title='bbox 2057 680 2142 737; x_wconf 87' lang='lat' dir='ltr'><strong><em>dis</em></strong></span> <span class='ocrx_word' id='word_1_225' title='bbox 2174 679 2434 746; x_wconf 82' lang='lat' dir='ltr'><strong><em>subverti,</em></strong></span> <span class='ocrx_word' id='word_1_226' title='bbox 2460 693 2558 749; x_wconf 91' lang='lat' dir='ltr'><strong><em>per</em></strong></span> <span class='ocrx_word' id='word_1_227' title='bbox 2580 678 2771 735; x_wconf 88' lang='lat' dir='ltr'><strong><em>urbem</em></strong></span> <span class='ocrx_word' id='word_1_228' title='bbox 2795 678 2936 734; x_wconf 86' lang='lat' dir='ltr'><strong><em>trahi</em></strong></span> <span class='ocrx_word' id='word_1_229' title='bbox 2964 678 3360 750; x_wconf 80' lang='lat' dir='ltr'><strong><em>confringique,</em></strong></span> <span class='ocrx_word' id='word_1_230' title='bbox 3385 688 3439 734; x_wconf 89' lang='lat' dir='ltr'><strong><em>et</em></strong></span> <span class='ocrx_word' id='word_1_231' title='bbox 3459 695 3618 735; x_wconf 87' lang='lat' dir='ltr'><strong><em>suam</em></strong></span> 
     </span>
    </p>
   </div>
   <div class='ocr_carea' id='block_1_34' title="bbox 2056 773 3650 846">
    <p class='ocr_par' dir='ltr' id='par_1_34' title="bbox 2056 773 3650 846">
     <span class='ocr_line' id='line_1_34' title="bbox 2056 773 3650 846; baseline -0.003 -15"><span class='ocrx_word' id='word_1_232' title='bbox 2056 775 2184 846; x_wconf 82' lang='lat' dir='ltr'><strong><em>ejus</em></strong></span> <span class='ocrx_word' id='word_1_233' title='bbox 2205 776 2326 831; x_wconf 89' lang='lat' dir='ltr'><strong><em>loco</em></strong></span> <span class='ocrx_word' id='word_1_234' title='bbox 2355 775 2543 845; x_wconf 87' lang='lat' dir='ltr'><strong><em>reponi</em></strong></span> <span class='ocrx_word' id='word_1_235' title='bbox 2570 773 2805 845; x_wconf 89' lang='lat' dir='ltr'><strong><em>jussisse</em></strong></span> <span class='ocrx_word' id='word_1_236' title='bbox 2854 774 3178 846; x_wconf 88' lang='lat' dir='ltr'><strong><em>imaginem;</em></strong></span> <span class='ocrx_word' id='word_1_237' title='bbox 3226 786 3387 843; x_wconf 87' lang='lat' dir='ltr'><strong><em>quam</em></strong></span> <span class='ocrx_word' id='word_1_238' title='bbox 3434 780 3650 834; x_wconf 52' lang='lat' dir='ltr'><strong><em>tamen.</em></strong></span> 
     </span>
    </p>
   </div>
   <div class='ocr_carea' id='block_1_35' title="bbox 2057 862 3619 937">
    <p class='ocr_par' dir='ltr' id='par_1_35' title="bbox 2057 862 3619 937">
     <span class='ocr_line' id='line_1_35' title="bbox 2057 862 3619 937; baseline 0 -17"><span class='ocrx_word' id='word_1_239' title='bbox 2057 866 2180 937; x_wconf 84' lang='lat' dir='ltr'><strong><em>igne</em></strong></span> <span class='ocrx_word' id='word_1_240' title='bbox 2199 866 2414 921; x_wconf 65' lang='lat' dir='ltr'><strong><em>caelitus</em></strong></span> <span class='ocrx_word' id='word_1_241' title='bbox 2442 865 2663 936; x_wconf 89' lang='lat' dir='ltr'><strong><em>delapso</em></strong></span> <span class='ocrx_word' id='word_1_242' title='bbox 2700 866 2885 922; x_wconf 85' lang='lat' dir='ltr'><strong><em>statim</em></strong></span> <span class='ocrx_word' id='word_1_243' title='bbox 2923 865 3180 930; x_wconf 86' lang='lat' dir='ltr'><strong><em>dirutam,</em></strong></span> <span class='ocrx_word' id='word_1_244' title='bbox 3211 862 3467 934; x_wconf 88' lang='lat' dir='ltr'><strong><em>reliquias</em></strong></span> <span class='ocrx_word' id='word_1_245' title='bbox 3490 875 3619 920; x_wconf 86' lang='lat' dir='ltr'><strong><em>vero</em></strong></span> 
     </span>
    </p>
   </div>
   <div class='ocr_carea' id='block_1_36' title="bbox 2058 955 3617 1026">
    <p class='ocr_par' dir='ltr' id='par_1_36' title="bbox 2058 955 3617 1026">
     <span class='ocr_line' id='line_1_36' title="bbox 2058 955 3617 1026; baseline -0.001 -14"><span class='ocrx_word' id='word_1_246' title='bbox 2058 965 2249 1012; x_wconf 78' lang='lat' dir='ltr'><strong><em>statuae</em></strong></span> <span class='ocrx_word' id='word_1_247' title='bbox 2279 956 2501 1013; x_wconf 88' lang='lat' dir='ltr'><strong><em>Christo</em></strong></span> <span class='ocrx_word' id='word_1_248' title='bbox 2533 957 2723 1026; x_wconf 75' lang='lat' dir='ltr'><strong><em>posita:</em></strong></span> <span class='ocrx_word' id='word_1_249' title='bbox 2763 972 2796 1011; x_wconf 90' lang='lat' dir='ltr'><strong><em>a</em></strong></span> <span class='ocrx_word' id='word_1_250' title='bbox 2824 955 3153 1012; x_wconf 85' lang='lat' dir='ltr'><strong><em>Christianis</em></strong></span> <span class='ocrx_word' id='word_1_251' title='bbox 3186 955 3304 1026; x_wconf 84' lang='lat' dir='ltr'><strong><em>ejus</em></strong></span> <span class='ocrx_word' id='word_1_252' title='bbox 3344 955 3518 1011; x_wconf 61' lang='lat' dir='ltr'><strong><em>aetatis</em></strong></span> <span class='ocrx_word' id='word_1_253' title='bbox 3560 955 3617 1011; x_wconf 90' lang='lat' dir='ltr'><strong><em>in</em></strong></span> 
     </span>
    </p>
   </div>
   <div class='ocr_carea' id='block_1_37' title="bbox 2057 1045 3619 1121">
    <p class='ocr_par' dir='ltr' id='par_1_37' title="bbox 2057 1045 3619 1121">
     <span class='ocr_line' id='line_1_37' title="bbox 2057 1045 3619 1121; baseline -0.001 -18"><span class='ocrx_word' id='word_1_254' title='bbox 2057 1048 2283 1121; x_wconf 83' lang='lat' dir='ltr'><strong><em>ecclesia</em></strong></span> <span class='ocrx_word' id='word_1_255' title='bbox 2330 1062 2428 1103; x_wconf 89' lang='lat' dir='ltr'><strong><em>sua</em></strong></span> <span class='ocrx_word' id='word_1_256' title='bbox 2480 1047 2734 1103; x_wconf 88' lang='lat' dir='ltr'><strong><em>collectas</em></strong></span> <span class='ocrx_word' id='word_1_257' title='bbox 2792 1053 2848 1101; x_wconf 90' lang='lat' dir='ltr'><strong><em>et</em></strong></span> <span class='ocrx_word' id='word_1_258' title='bbox 2895 1045 3209 1116; x_wconf 86' lang='lat' dir='ltr'><strong><em>aliquandiu</em></strong></span> <span class='ocrx_word' id='word_1_259' title='bbox 3270 1052 3619 1102; x_wconf 82' lang='lat' dir='ltr'><strong><em>conservatas</em></strong></span> 
     </span>
    </p>
   </div>
   <div class='ocr_carea' id='block_1_38' title="bbox 2057 1135 3616 1209">
    <p class='ocr_par' dir='ltr' id='par_1_38' title="bbox 2057 1135 3616 1209">
     <span class='ocr_line' id='line_1_38' title="bbox 2057 1135 3616 1209; baseline -0.002 -15"><span class='ocrx_word' id='word_1_260' title='bbox 2057 1138 2229 1196; x_wconf 84' lang='lat' dir='ltr'><strong><em>fuisse</em></strong></span> <span class='ocrx_word' id='word_1_261' title='bbox 2262 1140 2483 1194; x_wconf 79' lang='lat' dir='ltr'><strong><em>tradunt</em></strong></span> <span class='ocrx_word' id='word_1_262' title='bbox 2521 1137 2952 1209; x_wconf 82' lang='lat' dir='ltr'><strong><em>Philostorg&#39;rus,</em></strong></span> <span class='ocrx_word' id='word_1_263' title='bbox 2990 1137 3350 1200; x_wconf 84' lang='lat' dir='ltr'><strong><em>Sozomenus,</em></strong></span> <span class='ocrx_word' id='word_1_264' title='bbox 3399 1135 3616 1208; x_wconf 83' lang='lat' dir='ltr'><strong><em>Glycas,</em></strong></span> 
     </span>
    </p>
   </div>
   <div class='ocr_carea' id='block_1_39' title="bbox 2011 1228 3295 1302">
    <p class='ocr_par' dir='ltr' id='par_1_39' title="bbox 2011 1228 3295 1302">
     <span class='ocr_line' id='line_1_39' title="bbox 2011 1228 3295 1302; baseline -0.001 -17"><span class='ocrx_word' id='word_1_265' title='bbox 2011 1234 2016 1239; x_wconf 85' lang='lat'>&#39;</span> <span class='ocrx_word' id='word_1_266' title='bbox 2058 1230 2437 1302; x_wconf 87' lang='lat' dir='ltr'><strong><em>Theophanes,</em></strong></span> <span class='ocrx_word' id='word_1_267' title='bbox 2470 1228 2834 1301; x_wconf 85' lang='lat' dir='ltr'><strong><em>Nicephorus,</em></strong></span> <span class='ocrx_word' id='word_1_268' title='bbox 2861 1228 3063 1299; x_wconf 89' lang='lat' dir='ltr'><strong><em>aliique</em></strong></span> <span class='ocrx_word' id='word_1_269' title='bbox 3094 1228 3295 1299; x_wconf 88' lang='lat' dir='ltr'><strong><em>plures.</em></strong></span> 
     </span>
    </p>
   </div>
   <div class='ocr_carea' id='block_1_40' title="bbox 2062 1342 3629 1418">
    <p class='ocr_par' dir='ltr' id='par_1_40' title="bbox 2062 1342 3629 1418">
     <span class='ocr_line' id='line_1_40' title="bbox 2062 1342 3629 1418; baseline 0 -19"><span class='ocrx_word' id='word_1_270' title='bbox 2062 1343 2090 1418; x_wconf 84' lang='lat'><strong>§</strong></span> <span class='ocrx_word' id='word_1_271' title='bbox 2119 1343 2213 1401; x_wconf 76' lang='lat' dir='ltr'><strong><em>XI.</em></strong></span> <span class='ocrx_word' id='word_1_272' title='bbox 2248 1343 2541 1399; x_wconf 85' lang='lat' dir='ltr'><strong><em>Diluuntur</em></strong></span> <span class='ocrx_word' id='word_1_273' title='bbox 2580 1342 3259 1418; x_wconf 68' lang='lat' dir='ltr'><strong><em>objectiones_Tillemontii</em></strong></span> <span class='ocrx_word' id='word_1_274' title='bbox 3289 1344 3343 1399; x_wconf 78' lang='grc' dir='ltr'><strong><em>1ο</em></strong></span> <span class='ocrx_word' id='word_1_275' title='bbox 3383 1345 3429 1400; x_wconf 86' lang='lat' dir='ltr'><strong><em>A</em></strong></span> <span class='ocrx_word' id='word_1_276' title='bbox 3473 1361 3629 1401; x_wconf 82' lang='lat' dir='ltr'><strong><em>men-</em></strong></span> 
     </span>
    </p>
   </div>
   <div class='ocr_carea' id='block_1_41' title="bbox 2374 1414 3303 1485">
    <p class='ocr_par' dir='ltr' id='par_1_41' title="bbox 2374 1414 3303 1485">
     <span class='ocr_line' id='line_1_41' title="bbox 2374 1414 3303 1485; baseline 0.003 -16"><span class='ocrx_word' id='word_1_277' title='bbox 2374 1418 2511 1470; x_wconf 87' lang='lat' dir='ltr'><strong><em>tione</em></strong></span> <span class='ocrx_word' id='word_1_278' title='bbox 2531 1417 2842 1485; x_wconf 89' lang='lat' dir='ltr'><strong><em>templorum</em></strong></span> <span class='ocrx_word' id='word_1_279' title='bbox 2858 1414 3303 1472; x_wconf 84' lang='lat' dir='ltr'><strong><em>Christianorum.</em></strong></span> 
     </span>
    </p>
   </div>
   <div class='ocr_carea' id='block_1_42' title="bbox 2127 1508 3621 1580">
    <p class='ocr_par' dir='ltr' id='par_1_42' title="bbox 2127 1508 3621 1580">
     <span class='ocr_line' id='line_1_42' title="bbox 2127 1508 3621 1580; baseline -0.001 -14"><span class='ocrx_word' id='word_1_280' title='bbox 2127 1509 2528 1566; x_wconf 88' lang='lat' dir='ltr'><strong><em>Dissimulanda</em></strong></span> <span class='ocrx_word' id='word_1_281' title='bbox 2571 1518 2754 1565; x_wconf 88' lang='lat' dir='ltr'><strong><em>tamen</em></strong></span> <span class='ocrx_word' id='word_1_282' title='bbox 2798 1524 2907 1564; x_wconf 91' lang='lat' dir='ltr'><strong><em>non</em></strong></span> <span class='ocrx_word' id='word_1_283' title='bbox 2951 1517 3099 1576; x_wconf 79' lang='lat' dir='ltr'><strong><em>sunt,</em></strong></span> <span class='ocrx_word' id='word_1_284' title='bbox 3150 1524 3274 1580; x_wconf 83' lang='lat' dir='ltr'><strong><em>quae</em></strong></span> <span class='ocrx_word' id='word_1_285' title='bbox 3320 1508 3521 1580; x_wconf 90' lang='lat' dir='ltr'><strong><em>pariter</em></strong></span> <span class='ocrx_word' id='word_1_286' title='bbox 3561 1508 3621 1565; x_wconf 84' lang='lat' dir='ltr'><strong><em>in</em></strong></span> 
     </span>
    </p>
   </div>
   <div class='ocr_carea' id='block_1_43' title="bbox 2057 1600 3621 1673">
    <p class='ocr_par' dir='ltr' id='par_1_43' title="bbox 2057 1600 3621 1673">
     <span class='ocr_line' id='line_1_43' title="bbox 2057 1600 3621 1673; baseline -0.001 -14"><span class='ocrx_word' id='word_1_287' title='bbox 2057 1603 2273 1673; x_wconf 87' lang='lat' dir='ltr'><strong><em>scriptis</em></strong></span> <span class='ocrx_word' id='word_1_288' title='bbox 2311 1600 2574 1673; x_wconf 80' lang='lat' dir='ltr'><strong><em>Magnetis</em></strong></span> <span class='ocrx_word' id='word_1_289' title='bbox 2617 1602 2792 1657; x_wconf 87' lang='lat' dir='ltr'><strong><em>nostri</em></strong></span> <span class='ocrx_word' id='word_1_290' title='bbox 2839 1609 3134 1657; x_wconf 90' lang='lat' dir='ltr'><strong><em>occurrunt</em></strong></span> <span class='ocrx_word' id='word_1_291' title='bbox 3165 1601 3353 1667; x_wconf 86' lang='lat' dir='ltr'><strong><em>dubia,</em></strong></span> <span class='ocrx_word' id='word_1_292' title='bbox 3387 1616 3621 1672; x_wconf 69' lang='lat' dir='ltr'><strong><em>quaeque</em></strong></span> 
     </span>
    </p>
   </div>
   <div class='ocr_carea' id='block_1_44' title="bbox 2058 1678 3614 1765">
    <p class='ocr_par' dir='ltr' id='par_1_44' title="bbox 2058 1678 3614 1765">
     <span class='ocr_line' id='line_1_44' title="bbox 2058 1678 3614 1765; baseline -0.001 -15"><span class='ocrx_word' id='word_1_293' title='bbox 2058 1694 2332 1750; x_wconf 90' lang='lat' dir='ltr'><strong><em>nonnullis</em></strong></span> <span class='ocrx_word' id='word_1_294' title='bbox 2396 1693 2777 1765; x_wconf 86' lang='lat' dir='ltr'><strong><em>antiquitatem</em></strong></span> <span class='ocrx_word' id='word_1_295' title='bbox 2837 1693 3009 1764; x_wconf 82' lang='lat' dir='ltr'><strong><em>ipsius</em></strong></span> <span class='ocrx_word' id='word_1_296' title='bbox 3062 1678 3328 1750; x_wconf 85' lang='lat' dir='ltr'><strong><em>hactenus</em></strong></span> <span class='ocrx_word' id='word_1_297' title='bbox 3383 1695 3614 1749; x_wconf 86' lang='lat' dir='ltr'><strong><em>evictam</em></strong></span> 
     </span>
    </p>
   </div>
   <div class='ocr_carea' id='block_1_45' title="bbox 2056 1776 3618 1858">
    <p class='ocr_par' dir='ltr' id='par_1_45' title="bbox 2056 1776 3618 1858">
     <span class='ocr_line' id='line_1_45' title="bbox 2056 1776 3618 1858; baseline -0.003 -15"><span class='ocrx_word' id='word_1_298' title='bbox 2056 1788 2201 1844; x_wconf 89' lang='lat' dir='ltr'><strong><em>haud</em></strong></span> <span class='ocrx_word' id='word_1_299' title='bbox 2225 1802 2419 1857; x_wconf 87' lang='lat' dir='ltr'><strong><em>parum</em></strong></span> <span class='ocrx_word' id='word_1_300' title='bbox 2442 1786 2738 1858; x_wconf 79' lang='lat' dir='ltr'><strong><em>infringere</em></strong></span> <span class='ocrx_word' id='word_1_301' title='bbox 2770 1776 3134 1854; x_wconf 79' lang='lat' dir='ltr'><strong><em>videbuntur;</em></strong></span> <span class='ocrx_word' id='word_1_302' title='bbox 3165 1787 3346 1857; x_wconf 85' lang='lat' dir='ltr'><strong><em>qualia</em></strong></span> <span class='ocrx_word' id='word_1_303' title='bbox 3382 1786 3469 1841; x_wconf 85' lang='lat' dir='ltr'><strong><em>vel</em></strong></span> <span class='ocrx_word' id='word_1_304' title='bbox 3502 1786 3618 1855; x_wconf 86' lang='lat' dir='ltr'><strong><em>ipse</em></strong></span> 
     </span>
    </p>
   </div>
   <div class='ocr_carea' id='block_1_46' title="bbox 2058 1878 3619 1936">
    <p class='ocr_par' dir='ltr' id='par_1_46' title="bbox 2058 1878 3619 1936">
     <span class='ocr_line' id='line_1_46' title="bbox 2058 1878 3619 1936; baseline -0.001 0"><span class='ocrx_word' id='word_1_305' title='bbox 2058 1878 2463 1936; x_wconf 80' lang='lat' dir='ltr'><strong><em>laudatissimus</em></strong></span> <span class='ocrx_word' id='word_1_306' title='bbox 2510 1878 2892 1935; x_wconf 88' lang='lat' dir='ltr'><strong><em>Tillemontius</em></strong></span> <span class='ocrx_word' id='word_1_307' title='bbox 2941 1880 3261 1935; x_wconf 86' lang='lat' dir='ltr'><strong><em>observasse</em></strong></span> <span class='ocrx_word' id='word_1_308' title='bbox 3311 1879 3414 1936; x_wconf 88' lang='lat' dir='ltr'><strong><em>sibi</em></strong></span> <span class='ocrx_word' id='word_1_309' title='bbox 3463 1879 3619 1935; x_wconf 81' lang='lat' dir='ltr'><strong><em>visus</em></strong></span> 
     </span>
    </p>
   </div>
   <div class='ocr_carea' id='block_1_47' title="bbox 2051 1968 3619 2042">
    <p class='ocr_par' dir='ltr' id='par_1_47' title="bbox 2051 1968 3619 2042">
     <span class='ocr_line' id='line_1_47' title="bbox 2051 1968 3619 2042; baseline -0.006 -10"><span class='ocrx_word' id='word_1_310' title='bbox 2051 1983 2156 2042; x_wconf 89' lang='lat' dir='ltr'><strong><em>est,</em></strong></span> <span class='ocrx_word' id='word_1_311' title='bbox 2178 1989 2304 2030; x_wconf 89' lang='lat' dir='ltr'><strong><em>cum</em></strong></span> <span class='ocrx_word' id='word_1_312' title='bbox 2345 1988 2413 2027; x_wconf 79' lang='lat' dir='ltr'><strong><em>ex</em></strong></span> <span class='ocrx_word' id='word_1_313' title='bbox 2441 1969 2583 2026; x_wconf 84' lang='lat' dir='ltr'><strong><em>facta</em></strong></span> <span class='ocrx_word' id='word_1_314' title='bbox 2615 1970 2940 2041; x_wconf 87' lang='lat' dir='ltr'><strong><em>templorum</em></strong></span> <span class='ocrx_word' id='word_1_315' title='bbox 2980 1968 3425 2026; x_wconf 88' lang='lat' dir='ltr'><strong><em>Christianorum</em></strong></span> <span class='ocrx_word' id='word_1_316' title='bbox 3462 1983 3619 2024; x_wconf 86' lang='lat' dir='ltr'><strong><em>men-</em></strong></span> 
     </span>
    </p>
   </div>
   <div class='ocr_carea' id='block_1_48' title="bbox 2052 2058 3617 2130">
    <p class='ocr_par' dir='ltr' id='par_1_48' title="bbox 2052 2058 3617 2130">
     <span class='ocr_line' id='line_1_48' title="bbox 2052 2058 3617 2130; baseline -0.006 -9"><span class='ocrx_word' id='word_1_317' title='bbox 2052 2067 2197 2122; x_wconf 86' lang='lat' dir='ltr'><strong><em>tione</em></strong></span> <span class='ocrx_word' id='word_1_318' title='bbox 2224 2064 2298 2120; x_wconf 78' lang='lat' dir='ltr'><strong><em>ita</em></strong></span> <span class='ocrx_word' id='word_1_319' title='bbox 2329 2061 2605 2119; x_wconf 82' lang='lat' dir='ltr'><strong><em>concludit</em></strong></span> <span class='ocrx_word' id='word_1_320' title='bbox 2644 2079 2659 2116; x_wconf 88' lang='lat'><strong>:</strong></span> <span class='ocrx_word' id='word_1_321' title='bbox 2717 2058 3067 2129; x_wconf 77' lang='lat' dir='ltr'><strong><em>Néanmoins,</em></strong></span> <span class='ocrx_word' id='word_1_322' title='bbox 3104 2059 3356 2130; x_wconf 84' lang='lat' dir='ltr'><strong><em>puisqu‘il</em></strong></span> <span class='ocrx_word' id='word_1_323' title='bbox 3400 2075 3617 2129; x_wconf 83' lang='lat' dir='ltr'><strong><em>morque</em></strong></span> 
     </span>
    </p>
   </div>
   <div class='ocr_carea' id='block_1_49' title="bbox 2053 2151 3618 2229">
    <p class='ocr_par' dir='ltr' id='par_1_49' title="bbox 2053 2151 3618 2229">
     <span class='ocr_line' id='line_1_49' title="bbox 2053 2151 3618 2229; baseline -0.003 -16"><span class='ocrx_word' id='word_1_324' title='bbox 2053 2174 2150 2229; x_wconf 87' lang='lat' dir='ltr'><strong><em>que</em></strong></span> <span class='ocrx_word' id='word_1_325' title='bbox 2181 2157 2252 2211; x_wconf 85' lang='lat' dir='ltr'><strong><em>les</em></strong></span> <span class='ocrx_word' id='word_1_326' title='bbox 2280 2156 2541 2210; x_wconf 78' lang='lat' dir='ltr'><strong><em>chrétiens</em></strong></span> <span class='ocrx_word' id='word_1_327' title='bbox 2566 2152 2874 2209; x_wconf 76' lang='lat' dir='ltr'><strong><em>bdtissaient</em></strong></span> <span class='ocrx_word' id='word_1_328' title='bbox 2903 2153 3045 2208; x_wconf 89' lang='lat' dir='ltr'><strong><em>alors</em></strong></span> <span class='ocrx_word' id='word_1_329' title='bbox 3067 2153 3132 2207; x_wconf 88' lang='lat' dir='ltr'><strong><em>de</em></strong></span> <span class='ocrx_word' id='word_1_330' title='bbox 3159 2151 3383 2224; x_wconf 83' lang='lat' dir='ltr'><strong><em>grandes</em></strong></span> <span class='ocrx_word' id='word_1_331' title='bbox 3406 2151 3618 2223; x_wconf 82' lang='lat' dir='ltr'><strong><em>églises,</em></strong></span> 
     </span>
    </p>
   </div>
   <div class='ocr_carea' id='block_1_50' title="bbox 2049 2244 3677 2320">
    <p class='ocr_par' dir='ltr' id='par_1_50' title="bbox 2049 2244 3677 2320">
     <span class='ocr_line' id='line_1_50' title="bbox 2049 2244 3677 2320; baseline -0.002 -16"><span class='ocrx_word' id='word_1_332' title='bbox 2049 2244 2092 2304; x_wconf 81' lang='lat' dir='ltr'><strong><em>il</em></strong></span> <span class='ocrx_word' id='word_1_333' title='bbox 2113 2266 2175 2303; x_wconf 87' lang='lat' dir='ltr'><strong><em>ne</em></strong></span> <span class='ocrx_word' id='word_1_334' title='bbox 2203 2256 2324 2320; x_wconf 86' lang='lat' dir='ltr'><strong><em>peut</em></strong></span> <span class='ocrx_word' id='word_1_335' title='bbox 2345 2249 2492 2303; x_wconf 82' lang='lat' dir='ltr'><strong><em>avoir</em></strong></span> <span class='ocrx_word' id='word_1_336' title='bbox 2512 2248 2651 2302; x_wconf 38' lang='lat' dir='ltr'><strong><em>ecrit‘</em></strong></span> <span class='ocrx_word' id='word_1_337' title='bbox 2673 2263 2743 2301; x_wconf 88' lang='lat' dir='ltr'><strong><em>au</em></strong></span> <span class='ocrx_word' id='word_1_338' title='bbox 2766 2246 2883 2317; x_wconf 89' lang='lat' dir='ltr'><strong><em>plus</em></strong></span> <span class='ocrx_word' id='word_1_339' title='bbox 2910 2247 2982 2301; x_wconf 79' lang='lat' dir='ltr'><strong><em>tot</em></strong></span> <span class='ocrx_word' id='word_1_340' title='bbox 3007 2262 3105 2317; x_wconf 89' lang='lat' dir='ltr'><strong><em>que</em></strong></span> <span class='ocrx_word' id='word_1_341' title='bbox 3134 2262 3242 2301; x_wconf 83' lang='lat' dir='ltr'><strong><em>vers</em></strong></span> <span class='ocrx_word' id='word_1_342' title='bbox 3264 2245 3311 2299; x_wconf 87' lang='lat' dir='ltr'><strong><em>le</em></strong></span> <span class='ocrx_word' id='word_1_343' title='bbox 3330 2245 3509 2300; x_wconf 86' lang='lat' dir='ltr'><strong><em>milieu</em></strong></span> <span class='ocrx_word' id='word_1_344' title='bbox 3543 2247 3617 2301; x_wconf 83' lang='lat' dir='ltr'><strong><em>du</em></strong></span> <span class='ocrx_word' id='word_1_345' title='bbox 3670 2275 3677 2283; x_wconf 88' lang='grc'><strong><em>-</em></strong></span> 
     </span>
    </p>
   </div>
   <div class='ocr_carea' id='block_1_51' title="bbox 2055 2337 3617 2408">
    <p class='ocr_par' dir='ltr' id='par_1_51' title="bbox 2055 2337 3617 2408">
     <span class='ocr_line' id='line_1_51' title="bbox 2055 2337 3617 2408; baseline -0.001 -12"><span class='ocrx_word' id='word_1_346' title='bbox 2055 2341 2316 2396; x_wconf 79' lang='lat' dir='ltr'><strong><em>troisiéme</em></strong></span> <span class='ocrx_word' id='word_1_347' title='bbox 2354 2339 2527 2395; x_wconf 77' lang='lat' dir='ltr'><strong><em>siecle.</em></strong></span> <span class='ocrx_word' id='word_1_348' title='bbox 2568 2337 2770 2394; x_wconf 88' lang='lat' dir='ltr'><strong><em>Nititur</em></strong></span> <span class='ocrx_word' id='word_1_349' title='bbox 2802 2339 2920 2395; x_wconf 69' lang='lat' dir='ltr'><strong><em>haec</em></strong></span> <span class='ocrx_word' id='word_1_350' title='bbox 2970 2339 3203 2408; x_wconf 88' lang='lat' dir='ltr'><strong><em>objectio</em></strong></span> <span class='ocrx_word' id='word_1_351' title='bbox 3250 2339 3371 2395; x_wconf 82' lang='lat' dir='ltr'><strong><em>istis</em></strong></span> <span class='ocrx_word' id='word_1_352' title='bbox 3412 2340 3617 2408; x_wconf 84' lang='lat' dir='ltr'><strong><em>verbis,</em></strong></span> 
     </span>
    </p>
   </div>
   <div class='ocr_carea' id='block_1_52' title="bbox 2053 2429 3621 2505">
    <p class='ocr_par' dir='ltr' id='par_1_52' title="bbox 2053 2429 3621 2505">
     <span class='ocr_line' id='line_1_52' title="bbox 2053 2429 3621 2505; baseline -0.002 -16"><span class='ocrx_word' id='word_1_353' title='bbox 2053 2448 2177 2505; x_wconf 71' lang='lat' dir='ltr'><strong><em>quae</em></strong></span> <span class='ocrx_word' id='word_1_354' title='bbox 2204 2433 2261 2488; x_wconf 91' lang='lat' dir='ltr'><strong><em>in</em></strong></span> <span class='ocrx_word' id='word_1_355' title='bbox 2293 2431 2601 2504; x_wconf 87' lang='lat' dir='ltr'><strong><em>philosophi</em></strong></span> <span class='ocrx_word' id='word_1_356' title='bbox 2631 2429 2804 2485; x_wconf 62' lang='lat' dir='ltr'><strong><em>Graeci</em></strong></span> <span class='ocrx_word' id='word_1_357' title='bbox 2828 2430 3296 2501; x_wconf 77' lang='lat' dir='ltr'><strong><em>argumentatione</em></strong></span> <span class='ocrx_word' id='word_1_358' title='bbox 3320 2445 3421 2501; x_wconf 90' lang='lat' dir='ltr'><strong><em>pro</em></strong></span> <span class='ocrx_word' id='word_1_359' title='bbox 3448 2430 3621 2486; x_wconf 90' lang='lat' dir='ltr'><strong><em>idolo-</em></strong></span> 
     </span>
    </p>
   </div>
   <div class='ocr_carea' id='block_1_53' title="bbox 2051 2521 3620 2596">
    <p class='ocr_par' dir='ltr' id='par_1_53' title="bbox 2051 2521 3620 2596">
     <span class='ocr_line' id='line_1_53' title="bbox 2051 2521 3620 2596; baseline -0.003 -16"><span class='ocrx_word' id='word_1_360' title='bbox 2051 2525 2212 2580; x_wconf 86' lang='lat' dir='ltr'><strong><em>latria</em></strong></span> <span class='ocrx_word' id='word_1_361' title='bbox 2243 2524 2512 2579; x_wconf 82' lang='lat' dir='ltr'><strong><em>habentur</em></strong></span> <span class='ocrx_word' id='word_1_362' title='bbox 2544 2542 2558 2577; x_wconf 85' lang='lat'><strong>:</strong></span> <span class='ocrx_word' id='word_1_363' title='bbox 2596 2521 2755 2576; x_wconf 75' lang='grc' dir='ltr'>Ἀλλὰ</span> <span class='ocrx_word' id='word_1_364' title='bbox 2787 2523 2883 2576; x_wconf 71' lang='grc' dir='ltr'><strong><em>καὶ</em></strong></span> <span class='ocrx_word' id='word_1_365' title='bbox 2926 2524 2974 2576; x_wconf 81' lang='grc' dir='ltr'>οἱ</span> <span class='ocrx_word' id='word_1_366' title='bbox 3005 2525 3321 2594; x_wconf 75' lang='grc' dir='ltr'>Χριστιανοὶ</span> <span class='ocrx_word' id='word_1_367' title='bbox 3350 2523 3620 2596; x_wconf 79' lang='grc' dir='ltr'>μιμούμε-</span> 
     </span>
    </p>
   </div>
   <div class='ocr_carea' id='block_1_54' title="bbox 2051 2613 3620 2686">
    <p class='ocr_par' dir='ltr' id='par_1_54' title="bbox 2051 2613 3620 2686">
     <span class='ocr_line' id='line_1_54' title="bbox 2051 2613 3620 2686; baseline -0.001 -16"><span class='ocrx_word' id='word_1_368' title='bbox 2051 2632 2132 2671; x_wconf 91' lang='grc' dir='ltr'><strong><em>νοι</em></strong></span> <span class='ocrx_word' id='word_1_369' title='bbox 2158 2615 2256 2680; x_wconf 80' lang='grc' dir='ltr'>τὰς</span> <span class='ocrx_word' id='word_1_370' title='bbox 2281 2613 2621 2678; x_wconf 80' lang='grc' dir='ltr'>κατασκευὰς</span> <span class='ocrx_word' id='word_1_371' title='bbox 2644 2614 2751 2668; x_wconf 85' lang='grc' dir='ltr'><strong><em>τῶν</em></strong></span> <span class='ocrx_word' id='word_1_372' title='bbox 2771 2615 2937 2681; x_wconf 84' lang='grc' dir='ltr'>ναῶν,</span> <span class='ocrx_word' id='word_1_373' title='bbox 2962 2615 3245 2686; x_wconf 82' lang='grc' dir='ltr'>μεγίστους</span> <span class='ocrx_word' id='word_1_374' title='bbox 3263 2615 3444 2679; x_wconf 78' lang='grc' dir='ltr'>οἴκους</span> <span class='ocrx_word' id='word_1_375' title='bbox 3470 2615 3620 2669; x_wconf 73' lang='grc' dir='ltr'>οἰκο-</span> 
     </span>
    </p>
   </div>
   <div class='ocr_carea' id='block_1_55' title="bbox 2050 2706 3620 2781">
    <p class='ocr_par' dir='ltr' id='par_1_55' title="bbox 2050 2706 3620 2781">
     <span class='ocr_line' id='line_1_55' title="bbox 2050 2706 3620 2781; baseline -0.001 -20"><span class='ocrx_word' id='word_1_376' title='bbox 2050 2708 2323 2781; x_wconf 83' lang='grc' dir='ltr'>δομοῦσιν,</span> <span class='ocrx_word' id='word_1_377' title='bbox 2364 2711 2445 2774; x_wconf 79' lang='grc' dir='ltr'><strong><em>εἰς</em></strong></span> <span class='ocrx_word' id='word_1_378' title='bbox 2465 2707 2557 2773; x_wconf 85' lang='grc' dir='ltr'><strong><em>οὒς</em></strong></span> <span class='ocrx_word' id='word_1_379' title='bbox 2577 2708 2847 2772; x_wconf 87' lang='grc' dir='ltr'>συνιόντες</span> <span class='ocrx_word' id='word_1_380' title='bbox 2877 2706 3143 2779; x_wconf 77' lang='grc' dir='ltr'>εὔχονται,</span> <span class='ocrx_word' id='word_1_381' title='bbox 3166 2708 3259 2761; x_wconf 85' lang='grc' dir='ltr'><strong><em>καί</em></strong></span> <span class='ocrx_word' id='word_1_382' title='bbox 3287 2725 3367 2761; x_wconf 87' lang='grc' dir='ltr'><strong><em>τοι</em></strong></span> <span class='ocrx_word' id='word_1_383' title='bbox 3392 2706 3620 2779; x_wconf 82' lang='grc' dir='ltr'>μηδενὸς</span> 
     </span>
    </p>
   </div>
   <div class='ocr_carea' id='block_1_56' title="bbox 2052 2799 3618 2872">
    <p class='ocr_par' dir='ltr' id='par_1_56' title="bbox 2052 2799 3618 2872">
     <span class='ocr_line' id='line_1_56' title="bbox 2052 2799 3618 2872; baseline -0.003 -15"><span class='ocrx_word' id='word_1_384' title='bbox 2052 2800 2346 2865; x_wconf 81' lang='grc' dir='ltr'>κωλύοντος</span> <span class='ocrx_word' id='word_1_385' title='bbox 2365 2802 2424 2857; x_wconf 76' lang='grc' dir='ltr'>ἑν</span> <span class='ocrx_word' id='word_1_386' title='bbox 2444 2804 2563 2865; x_wconf 86' lang='grc' dir='ltr'>ταῖς</span> <span class='ocrx_word' id='word_1_387' title='bbox 2584 2800 2783 2864; x_wconf 81' lang='grc' dir='ltr'>οἰκίαις</span> <span class='ocrx_word' id='word_1_388' title='bbox 2807 2799 2965 2854; x_wconf 75' lang='grc' dir='ltr'>τοῦτο</span> <span class='ocrx_word' id='word_1_389' title='bbox 2988 2800 3264 2872; x_wconf 86' lang='grc' dir='ltr'>πράττειν,</span> <span class='ocrx_word' id='word_1_390' title='bbox 3291 2799 3385 2853; x_wconf 84' lang='grc' dir='ltr'>τοῦ</span> <span class='ocrx_word' id='word_1_391' title='bbox 3412 2799 3618 2871; x_wconf 83' lang='grc' dir='ltr'>Κυρίου</span> 
     </span>
    </p>
   </div>
   <div class='ocr_carea' id='block_1_57' title="bbox 2049 2891 3774 2975">
    <p class='ocr_par' dir='ltr' id='par_1_57' title="bbox 2049 2891 3774 2975">
     <span class='ocr_line' id='line_1_57' title="bbox 2049 2891 3774 2975; baseline -0.003 -28"><span class='ocrx_word' id='word_1_392' title='bbox 2049 2893 2287 2966; x_wconf 84' lang='grc' dir='ltr'>δηλονότι</span> <span class='ocrx_word' id='word_1_393' title='bbox 2315 2893 2652 2964; x_wconf 83' lang='grc' dir='ltr'>πανταχόθεν</span> <span class='ocrx_word' id='word_1_394' title='bbox 2680 2891 2987 2958; x_wconf 84' lang='grc' dir='ltr'>ἀκούοντος.</span> <span class='ocrx_word' id='word_1_395' title='bbox 3012 2894 3054 2947; x_wconf 91' lang='grc' dir='ltr'><strong><em>Ι.</em></strong></span> <span class='ocrx_word' id='word_1_396' title='bbox 3096 2907 3145 2947; x_wconf 86' lang='lat' dir='ltr'><strong><em>e.</em></strong></span> <span class='ocrx_word' id='word_1_397' title='bbox 3183 2912 3195 2947; x_wconf 94' lang='lat'>:</span> <span class='ocrx_word' id='word_1_398' title='bbox 3227 2891 3330 2947; x_wconf 82' lang='lat' dir='ltr'><strong><em>Sed</em></strong></span> <span class='ocrx_word' id='word_1_399' title='bbox 3368 2901 3418 2945; x_wconf 84' lang='lat' dir='ltr'><strong><em>et</em></strong></span> <span class='ocrx_word' id='word_1_400' title='bbox 3459 2891 3617 2947; x_wconf 84' lang='lat' dir='ltr'><strong><em>Chri-</em></strong></span> <span class='ocrx_word' id='word_1_401' title='bbox 3714 2969 3719 2975; x_wconf 25' lang='lat'><em>.</em></span> <span class='ocrx_word' id='word_1_402' title='bbox 3764 2918 3774 2929; x_wconf 72' lang='grc' dir='ltr'><strong>ι</strong></span> 
     </span>
    </p>
   </div>
   <div class='ocr_carea' id='block_1_58' title="bbox 2050 2984 3621 3055">
    <p class='ocr_par' dir='ltr' id='par_1_58' title="bbox 2050 2984 3621 3055">
     <span class='ocr_line' id='line_1_58' title="bbox 2050 2984 3621 3055; baseline -0.001 -14"><span class='ocrx_word' id='word_1_403' title='bbox 2050 2987 2214 3041; x_wconf 88' lang='lat' dir='ltr'><strong><em>stiani</em></strong></span> <span class='ocrx_word' id='word_1_404' title='bbox 2246 2986 2553 3055; x_wconf 88' lang='lat' dir='ltr'><strong><em>templorum</em></strong></span> <span class='ocrx_word' id='word_1_405' title='bbox 2582 2986 3029 3041; x_wconf 75' lang='lat' dir='ltr'><strong><em>exstruendorum.</em></strong></span> <span class='ocrx_word' id='word_1_406' title='bbox 3051 3000 3245 3039; x_wconf 88' lang='lat' dir='ltr'><strong><em>morem</em></strong></span> <span class='ocrx_word' id='word_1_407' title='bbox 3269 2984 3486 3051; x_wconf 77' lang='lat' dir='ltr'><strong><em>imitati,</em></strong></span> <span class='ocrx_word' id='word_1_408' title='bbox 3520 2986 3621 3040; x_wconf 84' lang='lat' dir='ltr'><strong><em>do-</em></strong></span> 
     </span>
    </p>
   </div>
   <div class='ocr_carea' id='block_1_59' title="bbox 2052 3078 3619 3150">
    <p class='ocr_par' dir='ltr' id='par_1_59' title="bbox 2052 3078 3619 3150">
     <span class='ocr_line' id='line_1_59' title="bbox 2052 3078 3619 3150; baseline -0.003 -15"><span class='ocrx_word' id='word_1_409' title='bbox 2052 3097 2162 3135; x_wconf 89' lang='lat' dir='ltr'><strong><em>mos</em></strong></span> <span class='ocrx_word' id='word_1_410' title='bbox 2196 3081 2454 3135; x_wconf 71' lang='lat' dir='ltr'><strong><em>maximas</em></strong></span> <span class='ocrx_word' id='word_1_411' title='bbox 2485 3089 2820 3144; x_wconf 87' lang='lat' dir='ltr'><strong><em>construunt,</em></strong></span> <span class='ocrx_word' id='word_1_412' title='bbox 2864 3079 2918 3133; x_wconf 91' lang='lat' dir='ltr'><strong><em>in</em></strong></span> <span class='ocrx_word' id='word_1_413' title='bbox 2948 3095 3078 3150; x_wconf 87' lang='lat' dir='ltr'><strong><em>quas</em></strong></span> <span class='ocrx_word' id='word_1_414' title='bbox 3116 3078 3469 3134; x_wconf 83' lang='lat' dir='ltr'><strong><em>convenientes</em></strong></span> <span class='ocrx_word' id='word_1_415' title='bbox 3501 3093 3619 3147; x_wconf 86' lang='lat' dir='ltr'><strong><em>pre-</em></strong></span> 
     </span>
    </p>
   </div>
   <div class='ocr_carea' id='block_1_60' title="bbox 2051 3167 3619 3239">
    <p class='ocr_par' dir='ltr' id='par_1_60' title="bbox 2051 3167 3619 3239">
     <span class='ocr_line' id='line_1_60' title="bbox 2051 3167 3619 3239; baseline -0.005 -11"><span class='ocrx_word' id='word_1_416' title='bbox 2051 3182 2263 3239; x_wconf 82' lang='lat' dir='ltr'><strong><em>cantur,</em></strong></span> <span class='ocrx_word' id='word_1_417' title='bbox 2314 3173 2522 3227; x_wconf 82' lang='lat' dir='ltr'><strong><em>tametsi</em></strong></span> <span class='ocrx_word' id='word_1_418' title='bbox 2572 3171 2693 3227; x_wconf 86' lang='lat' dir='ltr'><strong><em>illos</em></strong></span> <span class='ocrx_word' id='word_1_419' title='bbox 2741 3186 2889 3225; x_wconf 86' lang='lat' dir='ltr'><strong><em>nemo</em></strong></span> <span class='ocrx_word' id='word_1_420' title='bbox 2938 3170 3193 3239; x_wconf 85' lang='lat' dir='ltr'><strong><em>impedit,</em></strong></span> <span class='ocrx_word' id='word_1_421' title='bbox 3234 3169 3514 3238; x_wconf 80' lang='lat' dir='ltr'><strong><em>quominus</em></strong></span> <span class='ocrx_word' id='word_1_422' title='bbox 3561 3167 3619 3221; x_wconf 80' lang='lat' dir='ltr'><strong><em>id</em></strong></span> 
     </span>
    </p>
   </div>
   <div class='ocr_carea' id='block_1_61' title="bbox 387 3253 3616 3336">
    <p class='ocr_par' dir='ltr' id='par_1_61' title="bbox 387 3253 3616 3336">
     <span class='ocr_line' id='line_1_61' title="bbox 387 3253 3616 3336; baseline 0.001 -25"><span class='ocrx_word' id='word_1_423' title='bbox 387 3256 463 3311; x_wconf 89' lang='lat' dir='ltr'><strong><em>sis</em></strong></span> <span class='ocrx_word' id='word_1_424' title='bbox 488 3253 929 3312; x_wconf 88' lang='lat' dir='ltr'><strong><em>Paneadensibus</em></strong></span> <span class='ocrx_word' id='word_1_425' title='bbox 959 3256 1196 3311; x_wconf 85' lang='lat' dir='ltr'><strong><em>tribuere</em></strong></span> <span class='ocrx_word' id='word_1_426' title='bbox 1228 3256 1394 3311; x_wconf 86' lang='lat' dir='ltr'><strong><em>velint</em></strong></span> <span class='ocrx_word' id='word_1_427' title='bbox 1421 3273 1434 3310; x_wconf 88' lang='lat'><strong>:</strong></span> <span class='ocrx_word' id='word_1_428' title='bbox 1461 3255 1514 3311; x_wconf 94' lang='lat' dir='ltr'><strong><em>id</em></strong></span> <span class='ocrx_word' id='word_1_429' title='bbox 1545 3264 1725 3311; x_wconf 87' lang='lat' dir='ltr'><strong><em>tamen</em></strong></span> <span class='ocrx_word' id='word_1_430' title='bbox 1758 3264 1953 3327; x_wconf 90' lang='lat' dir='ltr'><strong><em>sponte</em></strong></span> <span class='ocrx_word' id='word_1_431' title='bbox 1979 3279 2021 3335; x_wconf 73' lang='grc' dir='ltr'><strong><em>ρ</em></strong></span> <span class='ocrx_word' id='word_1_432' title='bbox 2053 3266 2198 3320; x_wconf 71' lang='lat' dir='ltr'><strong><em>domi</em></strong></span> <span class='ocrx_word' id='word_1_433' title='bbox 2250 3265 2475 3336; x_wconf 76' lang='lat' dir='ltr'><strong><em>faciam,</em></strong></span> <span class='ocrx_word' id='word_1_434' title='bbox 2509 3263 2618 3318; x_wconf 83' lang='lat' dir='ltr'><strong><em>Deo</em></strong></span> <span class='ocrx_word' id='word_1_435' title='bbox 2664 3264 2863 3330; x_wconf 71' lang='lat' dir='ltr'><strong><em>scilicet</em></strong></span> <span class='ocrx_word' id='word_1_436' title='bbox 2903 3263 3101 3333; x_wconf 38' lang='lat' dir='ltr'><strong><em>ubique.</em></strong></span> <span class='ocrx_word' id='word_1_437' title='bbox 3135 3261 3399 3315; x_wconf 80' lang='lat' dir='ltr'><strong><em>audiente.</em></strong></span> <span class='ocrx_word' id='word_1_438' title='bbox 3432 3259 3616 3314; x_wconf 82' lang='lat' dir='ltr'><strong><em>Enim-</em></strong></span> 
     </span>
    </p>
   </div>
   <div class='ocr_carea' id='block_1_62' title="bbox 383 3346 1952 3432">
    <p class='ocr_par' dir='ltr' id='par_1_62' title="bbox 383 3346 1952 3417">
     <span class='ocr_line' id='line_1_62' title="bbox 383 3346 1952 3417; baseline 0.001 -15"><span class='ocrx_word' id='word_1_439' title='bbox 383 3362 451 3402; x_wconf 80' lang='lat' dir='ltr'><strong><em>ex</em></strong></span> <span class='ocrx_word' id='word_1_440' title='bbox 495 3346 657 3402; x_wconf 88' lang='lat' dir='ltr'><strong><em>allato</em></strong></span> <span class='ocrx_word' id='word_1_441' title='bbox 679 3347 879 3402; x_wconf 84' lang='lat' dir='ltr'><strong><em>Asterii</em></strong></span> <span class='ocrx_word' id='word_1_442' title='bbox 911 3347 1222 3403; x_wconf 88' lang='lat' dir='ltr'><strong><em>testimonio</em></strong></span> <span class='ocrx_word' id='word_1_443' title='bbox 1247 3347 1621 3417; x_wconf 79' lang='lat' dir='ltr'><strong><em>consequitur,</em></strong></span> <span class='ocrx_word' id='word_1_444' title='bbox 1654 3347 1952 3403; x_wconf 86' lang='lat' dir='ltr'><strong><em>Macarium</em></strong></span> 
     </span>
    </p>
   </div>
   <div class='ocr_carea' id='block_1_63' title="bbox 2052 3346 3616 3432">
    <p class='ocr_par' dir='ltr' id='par_1_63' title="bbox 2055 3356 3616 3432">
     <span class='ocr_line' id='line_1_63' title="bbox 2055 3356 3616 3432; baseline -0.004 -16"><span class='ocrx_word' id='word_1_445' title='bbox 2055 3376 2183 3432; x_wconf 84' lang='lat' dir='ltr'><strong><em>vero</em></strong></span> <span class='ocrx_word' id='word_1_446' title='bbox 2198 3376 2265 3416; x_wconf 82' lang='lat' dir='ltr'><strong><em>ex</em></strong></span> <span class='ocrx_word' id='word_1_447' title='bbox 2284 3362 2464 3416; x_wconf 87' lang='lat' dir='ltr'><strong><em>citatis</em></strong></span> <span class='ocrx_word' id='word_1_448' title='bbox 2482 3360 2767 3431; x_wconf 83' lang='lat' dir='ltr'><strong><em>fragmenti</em></strong></span> <span class='ocrx_word' id='word_1_449' title='bbox 2791 3358 2977 3414; x_wconf 67' lang='lat' dir='ltr'><strong><em>verbis</em></strong></span> <span class='ocrx_word' id='word_1_450' title='bbox 2989 3356 3196 3427; x_wconf 91' lang='lat' dir='ltr'><strong><em>liquido</em></strong></span> <span class='ocrx_word' id='word_1_451' title='bbox 3212 3356 3346 3412; x_wconf 87' lang='lat' dir='ltr'><strong><em>satis</em></strong></span> <span class='ocrx_word' id='word_1_452' title='bbox 3376 3366 3616 3427; x_wconf 90' lang='lat' dir='ltr'><strong><em>apparet,</em></strong></span> 
     </span>
    </p>
   </div>
   <div class='ocr_carea' id='block_1_64' title="bbox 386 3433 3619 3521">
    <p class='ocr_par' dir='ltr' id='par_1_64' title="bbox 386 3433 3619 3521">
     <span class='ocr_line' id='line_1_64' title="bbox 386 3433 3619 3521; baseline -0.002 -15"><span class='ocrx_word' id='word_1_453' title='bbox 386 3447 630 3493; x_wconf 71' lang='grc' dir='ltr'><strong><em>ῐιθεῐιύω</em></strong></span> <span class='ocrx_word' id='word_1_454' title='bbox 681 3448 807 3493; x_wconf 59' lang='lat' dir='ltr'><strong><em>ante</em></strong></span> <span class='ocrx_word' id='word_1_455' title='bbox 850 3437 1195 3493; x_wconf 67' lang='lat' dir='ltr'><strong><em>COHSlanlini</em></strong></span> <span class='ocrx_word' id='word_1_456' title='bbox 1237 3437 1327 3492; x_wconf 62' lang='grc' dir='ltr'><strong><em>Μιι</em></strong></span> <span class='ocrx_word' id='word_1_457' title='bbox 1354 3447 1591 3504; x_wconf 65' lang='grc' dir='ltr'><strong>ωῑθῑθω,</strong></span> <span class='ocrx_word' id='word_1_458' title='bbox 1634 3447 1688 3494; x_wconf 71' lang='grc' dir='ltr'>ει</span> <span class='ocrx_word' id='word_1_459' title='bbox 1737 3454 1803 3493; x_wconf 65' lang='lat' dir='ltr'><strong><em>ex</em></strong></span> <span class='ocrx_word' id='word_1_460' title='bbox 1850 3438 1955 3494; x_wconf 73' lang='lat' dir='ltr'><strong><em>ﬁde</em></strong></span> <span class='ocrx_word' id='word_1_461' title='bbox 2054 3454 2200 3508; x_wconf 89' lang='lat' dir='ltr'><strong><em>hunc</em></strong></span> <span class='ocrx_word' id='word_1_462' title='bbox 2235 3452 2438 3508; x_wconf 87' lang='lat' dir='ltr'><strong><em>ethnici</em></strong></span> <span class='ocrx_word' id='word_1_463' title='bbox 2478 3450 2786 3521; x_wconf 89' lang='lat' dir='ltr'><strong><em>philosophi</em></strong></span> <span class='ocrx_word' id='word_1_464' title='bbox 2813 3433 3116 3506; x_wconf 76' lang='lat' dir='ltr'><strong><em>sermonem</em></strong></span> <span class='ocrx_word' id='word_1_465' title='bbox 3149 3463 3290 3514; x_wconf 88' lang='lat' dir='ltr'><strong><em>esse,</em></strong></span> <span class='ocrx_word' id='word_1_466' title='bbox 3317 3448 3411 3518; x_wconf 89' lang='lat' dir='ltr'><strong><em>qui</em></strong></span> <span class='ocrx_word' id='word_1_467' title='bbox 3442 3450 3619 3518; x_wconf 86' lang='lat' dir='ltr'><strong><em>genti—</em></strong></span> 
     </span>
    </p>
   </div>
   <div class='ocr_carea' id='block_1_65' title="bbox 386 3526 1949 3598">
    <p class='ocr_par' dir='ltr' id='par_1_65' title="bbox 386 3526 1949 3598">
     <span class='ocr_line' id='line_1_65' title="bbox 386 3526 1949 3598; baseline 0 -15"><span class='ocrx_word' id='word_1_468' title='bbox 386 3528 721 3597; x_wconf 87' lang='lat' dir='ltr'><strong><em>reliquorum</em></strong></span> <span class='ocrx_word' id='word_1_469' title='bbox 770 3528 1097 3597; x_wconf 87' lang='lat' dir='ltr'><strong><em>scriptorum</em></strong></span> <span class='ocrx_word' id='word_1_470' title='bbox 1151 3536 1275 3582; x_wconf 88' lang='lat' dir='ltr'><strong><em>ante</em></strong></span> <span class='ocrx_word' id='word_1_471' title='bbox 1325 3526 1528 3582; x_wconf 82' lang='lat' dir='ltr'><strong><em>Juliani</em></strong></span> <span class='ocrx_word' id='word_1_472' title='bbox 1575 3537 1821 3598; x_wconf 89' lang='lat' dir='ltr'><strong><em>tempora</em></strong></span> <span class='ocrx_word' id='word_1_473' title='bbox 1868 3529 1949 3583; x_wconf 80' lang='lat' dir='ltr'><strong><em>vi-</em></strong></span> 
     </span>
    </p>
   </div>
   <div class='ocr_carea' id='block_1_66' title="bbox 386 3618 1950 3703">
    <p class='ocr_par' dir='ltr' id='par_1_66' title="bbox 386 3618 1950 3703">
     <span class='ocr_line' id='line_1_66' title="bbox 386 3618 1950 3703; baseline -0.001 -28"><span class='ocrx_word' id='word_1_474' title='bbox 386 3620 555 3684; x_wconf 78' lang='lat' dir='ltr'><strong><em>xisse,</em></strong></span> <span class='ocrx_word' id='word_1_475' title='bbox 589 3633 828 3688; x_wconf 88' lang='lat' dir='ltr'><strong><em>suosque</em></strong></span> <span class='ocrx_word' id='word_1_476' title='bbox 875 3618 1042 3703; x_wconf 56' lang='lat' dir='ltr'><strong><em>libgos</em></strong></span> <span class='ocrx_word' id='word_1_477' title='bbox 1087 3618 1502 3687; x_wconf 75' lang='grc' dir='ltr'>Ἀποκριτικῶν</span> <span class='ocrx_word' id='word_1_478' title='bbox 1537 3619 1950 3689; x_wconf 86' lang='lat' dir='ltr'><strong><em>conscripsisse.</em></strong></span> 
     </span>
    </p>
   </div>
   <div class='ocr_carea' id='block_1_67' title="bbox 387 3710 1956 3781">
    <p class='ocr_par' dir='ltr' id='par_1_67' title="bbox 387 3710 1956 3781">
     <span class='ocr_line' id='line_1_67' title="bbox 387 3710 1956 3781; baseline 0 -16"><span class='ocrx_word' id='word_1_479' title='bbox 387 3712 626 3767; x_wconf 87' lang='lat' dir='ltr'><strong><em>Instituti</em></strong></span> <span class='ocrx_word' id='word_1_480' title='bbox 669 3710 843 3770; x_wconf 66' lang='lat' dir='ltr'><strong><em>nostri</em></strong></span> <span class='ocrx_word' id='word_1_481' title='bbox 873 3710 1010 3765; x_wconf 90' lang='lat' dir='ltr'><strong><em>ratio</em></strong></span> <span class='ocrx_word' id='word_1_482' title='bbox 1042 3710 1185 3764; x_wconf 88' lang='lat' dir='ltr'><strong><em>haud</em></strong></span> <span class='ocrx_word' id='word_1_483' title='bbox 1215 3711 1480 3781; x_wconf 86' lang='lat' dir='ltr'><strong><em>permittit</em></strong></span> <span class='ocrx_word' id='word_1_484' title='bbox 1526 3711 1653 3766; x_wconf 88' lang='lat' dir='ltr'><strong><em>huic</em></strong></span> <span class='ocrx_word' id='word_1_485' title='bbox 1695 3711 1956 3781; x_wconf 90' lang='lat' dir='ltr'><strong><em>disquisi-</em></strong></span> 
     </span>
    </p>
   </div>
   <div class='ocr_carea' id='block_1_68' title="bbox 384 3800 1954 3873">
    <p class='ocr_par' dir='ltr' id='par_1_68' title="bbox 384 3800 1954 3873">
     <span class='ocr_line' id='line_1_68' title="bbox 384 3800 1954 3873; baseline 0.001 -16"><span class='ocrx_word' id='word_1_486' title='bbox 384 3804 524 3858; x_wconf 81' lang='lat' dir='ltr'><strong><em>tioni</em></strong></span> <span class='ocrx_word' id='word_1_487' title='bbox 569 3803 635 3858; x_wconf 90' lang='lat' dir='ltr'><strong><em>de</em></strong></span> <span class='ocrx_word' id='word_1_488' title='bbox 665 3818 789 3857; x_wconf 85' lang='lat' dir='ltr'><strong><em>vera</em></strong></span> <span class='ocrx_word' id='word_1_489' title='bbox 819 3800 1028 3873; x_wconf 77' lang='lat' dir='ltr'><strong><em>origine</em></strong></span> <span class='ocrx_word' id='word_1_490' title='bbox 1061 3803 1398 3858; x_wconf 91' lang='lat' dir='ltr'><strong><em>monumenti</em></strong></span> <span class='ocrx_word' id='word_1_491' title='bbox 1432 3801 1798 3859; x_wconf 84' lang='lat' dir='ltr'><strong><em>Paneadensis</em></strong></span> <span class='ocrx_word' id='word_1_492' title='bbox 1829 3804 1954 3859; x_wconf 79' lang='lat' dir='ltr'><strong><em>lon-</em></strong></span> 
     </span>
    </p>
   </div>
   <div class='ocr_carea' id='block_1_69' title="bbox 384 3894 1952 3968">
    <p class='ocr_par' dir='ltr' id='par_1_69' title="bbox 384 3894 1952 3968">
     <span class='ocr_line' id='line_1_69' title="bbox 384 3894 1952 3968; baseline -0.001 -18"><span class='ocrx_word' id='word_1_493' title='bbox 384 3899 510 3968; x_wconf 85' lang='lat' dir='ltr'><strong><em>gius</em></strong></span> <span class='ocrx_word' id='word_1_494' title='bbox 564 3895 869 3960; x_wconf 89' lang='lat' dir='ltr'><strong><em>immorari,</em></strong></span> <span class='ocrx_word' id='word_1_495' title='bbox 929 3894 1249 3966; x_wconf 80' lang='lat' dir='ltr'><strong><em>singulaque</em></strong></span> <span class='ocrx_word' id='word_1_496' title='bbox 1303 3905 1556 3951; x_wconf 84' lang='lat' dir='ltr'><strong><em>excutere</em></strong></span> <span class='ocrx_word' id='word_1_497' title='bbox 1614 3907 1952 3966; x_wconf 88' lang='lat' dir='ltr'><strong><em>argumenta,</em></strong></span> 
     </span>
    </p>
   </div>
   <div class='ocr_carea' id='block_1_70' title="bbox 383 3985 1952 4059">
    <p class='ocr_par' dir='ltr' id='par_1_70' title="bbox 383 3985 1952 4059">
     <span class='ocr_line' id='line_1_70' title="bbox 383 3985 1952 4059; baseline -0.001 -16"><span class='ocrx_word' id='word_1_498' title='bbox 383 3988 587 4059; x_wconf 86' lang='lat' dir='ltr'><strong><em>quibus</em></strong></span> <span class='ocrx_word' id='word_1_499' title='bbox 609 3987 926 4043; x_wconf 86' lang='lat' dir='ltr'><strong><em>Theodorus</em></strong></span> <span class='ocrx_word' id='word_1_500' title='bbox 952 3985 1199 4052; x_wconf 81' lang='lat' dir='ltr'><strong><em>Hasaeus,</em></strong></span> <span class='ocrx_word' id='word_1_501' title='bbox 1240 3987 1344 4054; x_wconf 83' lang='lat' dir='ltr'><strong><em>vir,</em></strong></span> <span class='ocrx_word' id='word_1_502' title='bbox 1374 3988 1502 4042; x_wconf 90' lang='lat' dir='ltr'><strong><em>dum</em></strong></span> <span class='ocrx_word' id='word_1_503' title='bbox 1534 3987 1757 4054; x_wconf 87' lang='lat' dir='ltr'><strong><em>viveret,</em></strong></span> <span class='ocrx_word' id='word_1_504' title='bbox 1786 3988 1952 4042; x_wconf 85' lang='grc' dir='ltr'>πολυ-</span> 
     </span>
    </p>
   </div>
   <div class='ocr_carea' id='block_1_71' title="bbox 390 4078 1952 4153">
    <p class='ocr_par' dir='ltr' id='par_1_71' title="bbox 390 4078 1952 4153">
     <span class='ocr_line' id='line_1_71' title="bbox 390 4078 1952 4153; baseline 0.003 -19"><span class='ocrx_word' id='word_1_505' title='bbox 390 4080 723 4147; x_wconf 81' lang='grc' dir='ltr'>μαθέστατος</span> <span class='ocrx_word' id='word_1_506' title='bbox 751 4078 882 4153; x_wconf 76' lang='grc'>(48),</span> <span class='ocrx_word' id='word_1_507' title='bbox 916 4079 1059 4135; x_wconf 90' lang='lat' dir='ltr'><strong><em>istud</em></strong></span> <span class='ocrx_word' id='word_1_508' title='bbox 1105 4095 1213 4135; x_wconf 90' lang='lat' dir='ltr'><strong><em>non</em></strong></span> <span class='ocrx_word' id='word_1_509' title='bbox 1248 4081 1303 4134; x_wconf 92' lang='lat' dir='ltr'><strong><em>in</em></strong></span> <span class='ocrx_word' id='word_1_510' title='bbox 1345 4080 1665 4136; x_wconf 88' lang='lat' dir='ltr'><strong><em>memoriam</em></strong></span> <span class='ocrx_word' id='word_1_511' title='bbox 1698 4082 1952 4138; x_wconf 88' lang='lat' dir='ltr'><strong><em>miraculi</em></strong></span> 
     </span>
    </p>
   </div>
   <div class='ocr_carea' id='block_1_72' title="bbox 386 4172 1949 4243">
    <p class='ocr_par' dir='ltr' id='par_1_72' title="bbox 386 4172 1949 4243">
     <span class='ocr_line' id='line_1_72' title="bbox 386 4172 1949 4243; baseline 0.002 -16"><span class='ocrx_word' id='word_1_512' title='bbox 386 4188 418 4227; x_wconf 89' lang='lat' dir='ltr'><strong><em>a</em></strong></span> <span class='ocrx_word' id='word_1_513' title='bbox 449 4172 663 4228; x_wconf 87' lang='lat' dir='ltr'><strong><em>Christo</em></strong></span> <span class='ocrx_word' id='word_1_514' title='bbox 695 4172 891 4243; x_wconf 88' lang='lat' dir='ltr'><strong><em>patrati</em></strong></span> <span class='ocrx_word' id='word_1_515' title='bbox 930 4188 962 4227; x_wconf 91' lang='lat' dir='ltr'><strong><em>a</em></strong></span> <span class='ocrx_word' id='word_1_516' title='bbox 994 4172 1221 4227; x_wconf 88' lang='lat' dir='ltr'><strong><em>muliere</em></strong></span> <span class='ocrx_word' id='word_1_517' title='bbox 1253 4172 1659 4230; x_wconf 63' lang='lat' dir='ltr'><strong><em>haemorrhousa</em></strong></span> <span class='ocrx_word' id='word_1_518' title='bbox 1685 4183 1949 4241; x_wconf 89' lang='lat' dir='ltr'><strong><em>erectum,</em></strong></span> 
     </span>
    </p>
   </div>
   <div class='ocr_carea' id='block_1_73' title="bbox 388 4262 1952 4337">
    <p class='ocr_par' dir='ltr' id='par_1_73' title="bbox 388 4262 1952 4337">
     <span class='ocr_line' id='line_1_73' title="bbox 388 4262 1952 4337; baseline 0.002 -16"><span class='ocrx_word' id='word_1_519' title='bbox 388 4267 483 4322; x_wconf 89' lang='lat' dir='ltr'><strong><em>sed</em></strong></span> <span class='ocrx_word' id='word_1_520' title='bbox 535 4265 603 4320; x_wconf 90' lang='lat' dir='ltr'><strong><em>ab</em></strong></span> <span class='ocrx_word' id='word_1_521' title='bbox 653 4265 768 4336; x_wconf 89' lang='lat' dir='ltr'><strong><em>ipsa</em></strong></span> <span class='ocrx_word' id='word_1_522' title='bbox 819 4265 954 4319; x_wconf 89' lang='lat' dir='ltr'><strong><em>urbe</em></strong></span> <span class='ocrx_word' id='word_1_523' title='bbox 986 4262 1320 4319; x_wconf 89' lang='lat' dir='ltr'><strong><em>Paneadensi</em></strong></span> <span class='ocrx_word' id='word_1_524' title='bbox 1345 4264 1586 4320; x_wconf 84' lang='lat' dir='ltr'><strong><em>Adriano</em></strong></span> <span class='ocrx_word' id='word_1_525' title='bbox 1637 4266 1952 4337; x_wconf 86' lang='lat' dir='ltr'><strong><em>imperatori</em></strong></span> 
     </span>
    </p>
   </div>
   <div class='ocr_carea' id='block_1_74' title="bbox 336 4356 1952 4424">
    <p class='ocr_par' dir='ltr' id='par_1_74' title="bbox 336 4356 1952 4424">
     <span class='ocr_line' id='line_1_74' title="bbox 336 4356 1952 4424; baseline 0.002 -11"><span class='ocrx_word' id='word_1_526' title='bbox 336 4408 339 4413; x_wconf 13' lang='grc' dir='ltr'><strong><em>ι</em></strong></span> <span class='ocrx_word' id='word_1_527' title='bbox 387 4367 767 4415; x_wconf 86' lang='lat' dir='ltr'><strong><em>consecratum</em></strong></span> <span class='ocrx_word' id='word_1_528' title='bbox 804 4356 992 4424; x_wconf 73' lang='lat' dir='ltr'><strong><em>fuisse,</em></strong></span> <span class='ocrx_word' id='word_1_529' title='bbox 1025 4372 1240 4414; x_wconf 90' lang='lat' dir='ltr'><strong><em>summo</em></strong></span> <span class='ocrx_word' id='word_1_530' title='bbox 1265 4358 1444 4413; x_wconf 90' lang='lat' dir='ltr'><strong><em>studio</em></strong></span> <span class='ocrx_word' id='word_1_531' title='bbox 1469 4360 1952 4417; x_wconf 85' lang='lat' dir='ltr'><strong><em>demonstrandum</em></strong></span> 
     </span>
    </p>
   </div>
   <div class='ocr_carea' id='block_1_75' title="bbox 388 4448 1949 4522">
    <p class='ocr_par' dir='ltr' id='par_1_75' title="bbox 388 4448 1949 4522">
     <span class='ocr_line' id='line_1_75' title="bbox 388 4448 1949 4522; baseline 0.001 -19"><span class='ocrx_word' id='word_1_532' title='bbox 388 4449 643 4518; x_wconf 90' lang='lat' dir='ltr'><strong><em>sumpsit.</em></strong></span> <span class='ocrx_word' id='word_1_533' title='bbox 669 4448 805 4502; x_wconf 88' lang='lat' dir='ltr'><strong><em>Illud</em></strong></span> <span class='ocrx_word' id='word_1_534' title='bbox 834 4463 962 4503; x_wconf 83' lang='lat' dir='ltr'><strong><em>vero</em></strong></span> <span class='ocrx_word' id='word_1_535' title='bbox 984 4458 1198 4503; x_wconf 88' lang='lat' dir='ltr'><strong><em>constat</em></strong></span> <span class='ocrx_word' id='word_1_536' title='bbox 1225 4458 1338 4503; x_wconf 88' lang='lat' dir='ltr'><strong><em>tum</em></strong></span> <span class='ocrx_word' id='word_1_537' title='bbox 1361 4463 1426 4503; x_wconf 80' lang='lat' dir='ltr'><strong><em>ex</em></strong></span> <span class='ocrx_word' id='word_1_538' title='bbox 1454 4449 1687 4505; x_wconf 88' lang='lat' dir='ltr'><strong><em>laudatis</em></strong></span> <span class='ocrx_word' id='word_1_539' title='bbox 1709 4450 1949 4522; x_wconf 83' lang='lat' dir='ltr'><strong><em>Macarii,</em></strong></span> 
     </span>
    </p>
   </div>
   <div class='ocr_carea' id='block_1_76' title="bbox 387 4538 1949 4611">
    <p class='ocr_par' dir='ltr' id='par_1_76' title="bbox 387 4538 1949 4611">
     <span class='ocr_line' id='line_1_76' title="bbox 387 4538 1949 4611; baseline 0.003 -18"><span class='ocrx_word' id='word_1_540' title='bbox 387 4538 627 4606; x_wconf 84' lang='lat' dir='ltr'><strong><em>Eusebii,</em></strong></span> <span class='ocrx_word' id='word_1_541' title='bbox 686 4539 902 4604; x_wconf 80' lang='lat' dir='ltr'><strong><em>Asterii,</em></strong></span> <span class='ocrx_word' id='word_1_542' title='bbox 960 4538 1139 4594; x_wconf 89' lang='lat' dir='ltr'><strong><em>Photii</em></strong></span> <span class='ocrx_word' id='word_1_543' title='bbox 1203 4541 1544 4611; x_wconf 84' lang='lat' dir='ltr'><strong><em>aliorumque</em></strong></span> <span class='ocrx_word' id='word_1_544' title='bbox 1599 4542 1949 4610; x_wconf 88' lang='lat' dir='ltr'><strong><em>testimoniis,</em></strong></span> 
     </span>
    </p>
   </div>
   <div class='ocr_carea' id='block_1_77' title="bbox 2052 3532 3619 3614">
    <p class='ocr_par' dir='ltr' id='par_1_77' title="bbox 2052 3532 3619 3614">
     <span class='ocr_line' id='line_1_77' title="bbox 2052 3532 3619 3614; baseline -0.004 -14"><span class='ocrx_word' id='word_1_545' title='bbox 2052 3545 2185 3600; x_wconf 89' lang='lat' dir='ltr'><strong><em>lium</em></strong></span> <span class='ocrx_word' id='word_1_546' title='bbox 2216 3560 2440 3601; x_wconf 88' lang='lat' dir='ltr'><strong><em>suorum</em></strong></span> <span class='ocrx_word' id='word_1_547' title='bbox 2465 3544 2663 3614; x_wconf 88' lang='lat' dir='ltr'><strong><em>templa</em></strong></span> <span class='ocrx_word' id='word_1_548' title='bbox 2688 3532 2817 3606; x_wconf 80' lang='grc' dir='ltr'>τοὺς</span> <span class='ocrx_word' id='word_1_549' title='bbox 2836 3542 3018 3607; x_wconf 77' lang='grc' dir='ltr'>ναοὺς,</span> <span class='ocrx_word' id='word_1_550' title='bbox 3033 3541 3465 3596; x_wconf 88' lang='lat' dir='ltr'><strong><em>Christianorum</em></strong></span> <span class='ocrx_word' id='word_1_551' title='bbox 3486 3554 3619 3594; x_wconf 74' lang='lat' dir='ltr'><strong><em>vero</em></strong></span> 
     </span>
    </p>
   </div>
   <div class='ocr_carea' id='block_1_78' title="bbox 2053 3632 3619 3703">
    <p class='ocr_par' dir='ltr' id='par_1_78' title="bbox 2053 3632 3619 3703">
     <span class='ocr_line' id='line_1_78' title="bbox 2053 3632 3619 3703; baseline -0.006 -9"><span class='ocrx_word' id='word_1_552' title='bbox 2053 3639 2195 3694; x_wconf 67' lang='lat' dir='ltr'><strong><em>aedes</em></strong></span> <span class='ocrx_word' id='word_1_553' title='bbox 2225 3653 2412 3694; x_wconf 90' lang='lat' dir='ltr'><strong><em>sacras</em></strong></span> <span class='ocrx_word' id='word_1_554' title='bbox 2449 3648 2658 3694; x_wconf 87' lang='lat' dir='ltr'><strong><em>tantum</em></strong></span> <span class='ocrx_word' id='word_1_555' title='bbox 2700 3637 2826 3701; x_wconf 79' lang='grc' dir='ltr'>τοὺς</span> <span class='ocrx_word' id='word_1_556' title='bbox 2862 3635 3042 3698; x_wconf 77' lang='grc' dir='ltr'>οἴκους</span> <span class='ocrx_word' id='word_1_557' title='bbox 3075 3633 3328 3703; x_wconf 85' lang='lat' dir='ltr'><strong><em>appellat,</em></strong></span> <span class='ocrx_word' id='word_1_558' title='bbox 3360 3642 3520 3700; x_wconf 88' lang='lat' dir='ltr'><strong><em>atque</em></strong></span> <span class='ocrx_word' id='word_1_559' title='bbox 3561 3632 3619 3686; x_wconf 88' lang='lat' dir='ltr'><strong><em>in</em></strong></span> 
     </span>
    </p>
   </div>
   <div class='ocr_carea' id='block_1_79' title="bbox 2054 3720 3620 3802">
    <p class='ocr_par' dir='ltr' id='par_1_79' title="bbox 2054 3720 3620 3802">
     <span class='ocr_line' id='line_1_79' title="bbox 2054 3720 3620 3802; baseline -0.004 -16"><span class='ocrx_word' id='word_1_560' title='bbox 2054 3732 2158 3787; x_wconf 90' lang='lat' dir='ltr'><strong><em>ista</em></strong></span> <span class='ocrx_word' id='word_1_561' title='bbox 2201 3730 2607 3801; x_wconf 79' lang='lat' dir='ltr'><strong><em>comparatione</em></strong></span> <span class='ocrx_word' id='word_1_562' title='bbox 2646 3744 2905 3802; x_wconf 86' lang='lat' dir='ltr'><strong><em>maguum</em></strong></span> <span class='ocrx_word' id='word_1_563' title='bbox 2956 3727 3134 3783; x_wconf 86' lang='lat' dir='ltr'><strong><em>adhuc</em></strong></span> <span class='ocrx_word' id='word_1_564' title='bbox 3183 3726 3476 3782; x_wconf 85' lang='lat' dir='ltr'><strong><em>discrimen</em></strong></span> <span class='ocrx_word' id='word_1_565' title='bbox 3522 3720 3620 3795; x_wconf 74' lang='lat' dir='ltr'><strong><em>per</em></strong></span> 
     </span>
    </p>
   </div>
   <div class='ocr_carea' id='block_1_80' title="bbox 2055 3806 3622 3893">
    <p class='ocr_par' dir='ltr' id='par_1_80' title="bbox 2055 3806 3622 3893">
     <span class='ocr_line' id='line_1_80' title="bbox 2055 3806 3622 3893; baseline -0.005 -14"><span class='ocrx_word' id='word_1_566' title='bbox 2055 3806 2414 3879; x_wconf 83' lang='lat' dir='ltr'><strong><em>imitationem</em></strong></span> <span class='ocrx_word' id='word_1_567' title='bbox 2474 3823 2715 3893; x_wconf 90' lang='lat' dir='ltr'><strong><em>aliquam</em></strong></span> <span class='ocrx_word' id='word_1_568' title='bbox 2783 3822 2986 3877; x_wconf 88' lang='lat' dir='ltr'><strong><em>sensim</em></strong></span> <span class='ocrx_word' id='word_1_569' title='bbox 3051 3819 3349 3873; x_wconf 89' lang='lat' dir='ltr'><strong><em>tollendum</em></strong></span> <span class='ocrx_word' id='word_1_570' title='bbox 3415 3817 3622 3874; x_wconf 82' lang='lat' dir='ltr'><strong><em>consti-</em></strong></span> 
     </span>
    </p>
   </div>
   <div class='ocr_carea' id='block_1_81' title="bbox 2053 3905 3619 3970">
    <p class='ocr_par' dir='ltr' id='par_1_81' title="bbox 2053 3905 3619 3970">
     <span class='ocr_line' id='line_1_81' title="bbox 2053 3905 3619 3970; baseline -0.004 -1"><span class='ocrx_word' id='word_1_571' title='bbox 2053 3915 2175 3970; x_wconf 90' lang='lat' dir='ltr'><strong><em>tuit.</em></strong></span> <span class='ocrx_word' id='word_1_572' title='bbox 2251 3912 2569 3968; x_wconf 85' lang='lat' dir='ltr'><strong><em>Habuerunt</em></strong></span> <span class='ocrx_word' id='word_1_573' title='bbox 2657 3910 2805 3966; x_wconf 90' lang='lat' dir='ltr'><strong><em>enim</em></strong></span> <span class='ocrx_word' id='word_1_574' title='bbox 2882 3906 3179 3964; x_wconf 84' lang='lat' dir='ltr'><strong><em>Christiani</em></strong></span> <span class='ocrx_word' id='word_1_575' title='bbox 3232 3908 3391 3963; x_wconf 88' lang='lat' dir='ltr'><strong><em>istius</em></strong></span> <span class='ocrx_word' id='word_1_576' title='bbox 3440 3905 3619 3962; x_wconf 74' lang='lat' dir='ltr'><strong><em>aetatis</em></strong></span> 
     </span>
    </p>
   </div>
   <div class='ocr_carea' id='block_1_82' title="bbox 2044 4001 3618 4070">
    <p class='ocr_par' dir='ltr' id='par_1_82' title="bbox 2044 4001 3618 4070">
     <span class='ocr_line' id='line_1_82' title="bbox 2044 4001 3618 4070; baseline -0.005 -9"><span class='ocrx_word' id='word_1_577' title='bbox 2044 4008 2280 4064; x_wconf 89' lang='lat' dir='ltr'><strong><em>omnino</em></strong></span> <span class='ocrx_word' id='word_1_578' title='bbox 2305 4021 2491 4063; x_wconf 91' lang='lat' dir='ltr'><strong><em>sacras</em></strong></span> <span class='ocrx_word' id='word_1_579' title='bbox 2518 4019 2648 4062; x_wconf 89' lang='lat' dir='ltr'><strong><em>suas</em></strong></span> <span class='ocrx_word' id='word_1_580' title='bbox 2678 4004 2840 4070; x_wconf 64' lang='lat' dir='ltr'><strong><em>mdes,</em></strong></span> <span class='ocrx_word' id='word_1_581' title='bbox 2870 4001 3127 4057; x_wconf 85' lang='lat' dir='ltr'><strong><em>basilicas</em></strong></span> <span class='ocrx_word' id='word_1_582' title='bbox 3164 4009 3215 4057; x_wconf 89' lang='lat' dir='ltr'><strong><em>et</em></strong></span> <span class='ocrx_word' id='word_1_583' title='bbox 3254 4001 3452 4070; x_wconf 83' lang='lat' dir='ltr'><strong><em>templa</em></strong></span> <span class='ocrx_word' id='word_1_584' title='bbox 3494 4015 3618 4068; x_wconf 90' lang='lat' dir='ltr'><strong><em>sua,</em></strong></span> 
     </span>
    </p>
   </div>
   <div class='ocr_carea' id='block_1_83' title="bbox 2053 4093 3620 4161">
    <p class='ocr_par' dir='ltr' id='par_1_83' title="bbox 2053 4093 3620 4161">
     <span class='ocr_line' id='line_1_83' title="bbox 2053 4093 3620 4161; baseline -0.004 -6"><span class='ocrx_word' id='word_1_585' title='bbox 2053 4099 2147 4156; x_wconf 89' lang='lat' dir='ltr'><strong><em>sed</em></strong></span> <span class='ocrx_word' id='word_1_586' title='bbox 2180 4114 2289 4154; x_wconf 91' lang='lat' dir='ltr'><strong><em>non</em></strong></span> <span class='ocrx_word' id='word_1_587' title='bbox 2317 4112 2470 4154; x_wconf 89' lang='lat' dir='ltr'><strong><em>more</em></strong></span> <span class='ocrx_word' id='word_1_588' title='bbox 2499 4097 2718 4154; x_wconf 90' lang='lat' dir='ltr'><strong><em>ethnico</em></strong></span> <span class='ocrx_word' id='word_1_589' title='bbox 2767 4104 3113 4161; x_wconf 87' lang='lat' dir='ltr'><strong><em>consecrata,</em></strong></span> <span class='ocrx_word' id='word_1_590' title='bbox 3146 4109 3247 4149; x_wconf 89' lang='lat' dir='ltr'><strong><em>nec</em></strong></span> <span class='ocrx_word' id='word_1_591' title='bbox 3292 4093 3620 4148; x_wconf 85' lang='lat' dir='ltr'><strong><em>sublimibus</em></strong></span> 
     </span>
    </p>
   </div>
   <div class='ocr_carea' id='block_1_84' title="bbox 2052 4185 3617 4261">
    <p class='ocr_par' dir='ltr' id='par_1_84' title="bbox 2052 4185 3617 4261">
     <span class='ocr_line' id='line_1_84' title="bbox 2052 4185 3617 4261; baseline -0.006 -13"><span class='ocrx_word' id='word_1_592' title='bbox 2052 4193 2194 4249; x_wconf 89' lang='lat' dir='ltr'><strong><em>elata</em></strong></span> <span class='ocrx_word' id='word_1_593' title='bbox 2253 4189 2532 4261; x_wconf 86' lang='lat' dir='ltr'><strong><em>fastigiis:</em></strong></span> <span class='ocrx_word' id='word_1_594' title='bbox 2578 4187 3038 4260; x_wconf 90' lang='lat' dir='ltr'><strong><em>quemadmodum</em></strong></span> <span class='ocrx_word' id='word_1_595' title='bbox 3088 4188 3267 4242; x_wconf 89' lang='lat' dir='ltr'><strong><em>locum</em></strong></span> <span class='ocrx_word' id='word_1_596' title='bbox 3311 4185 3617 4242; x_wconf 89' lang='lat' dir='ltr'><strong><em>istiusmodi</em></strong></span> 
     </span>
    </p>
   </div>
   <div class='ocr_carea' id='block_1_85' title="bbox 2050 4277 3619 4356">
    <p class='ocr_par' dir='ltr' id='par_1_85' title="bbox 2050 4277 3619 4356">
     <span class='ocr_line' id='line_1_85' title="bbox 2050 4277 3619 4356; baseline -0.005 -18"><span class='ocrx_word' id='word_1_597' title='bbox 2050 4284 2352 4356; x_wconf 88' lang='lat' dir='ltr'><strong><em>publicum,</em></strong></span> <span class='ocrx_word' id='word_1_598' title='bbox 2405 4282 2717 4338; x_wconf 83' lang='lat' dir='ltr'><strong><em>Alexandro</em></strong></span> <span class='ocrx_word' id='word_1_599' title='bbox 2753 4279 2956 4335; x_wconf 89' lang='lat' dir='ltr'><strong><em>Severo</em></strong></span> <span class='ocrx_word' id='word_1_600' title='bbox 2989 4280 3349 4345; x_wconf 88' lang='lat' dir='ltr'><strong><em>concedente,</em></strong></span> <span class='ocrx_word' id='word_1_601' title='bbox 3392 4293 3423 4332; x_wconf 90' lang='lat' dir='ltr'><strong><em>a</em></strong></span> <span class='ocrx_word' id='word_1_602' title='bbox 3459 4277 3619 4331; x_wconf 82' lang='lat' dir='ltr'><strong><em>Chri-</em></strong></span> 
     </span>
    </p>
   </div>
   <div class='ocr_carea' id='block_1_86' title="bbox 2053 4368 3621 4444">
    <p class='ocr_par' dir='ltr' id='par_1_86' title="bbox 2053 4368 3621 4444">
     <span class='ocr_line' id='line_1_86' title="bbox 2053 4368 3621 4444; baseline -0.006 -14"><span class='ocrx_word' id='word_1_603' title='bbox 2053 4375 2246 4431; x_wconf 87' lang='lat' dir='ltr'><strong><em>stianis</em></strong></span> <span class='ocrx_word' id='word_1_604' title='bbox 2280 4381 2629 4444; x_wconf 89' lang='lat' dir='ltr'><strong><em>occupatum,</em></strong></span> <span class='ocrx_word' id='word_1_605' title='bbox 2653 4380 2707 4426; x_wconf 91' lang='lat' dir='ltr'><strong><em>et</em></strong></span> <span class='ocrx_word' id='word_1_606' title='bbox 2726 4371 2793 4426; x_wconf 91' lang='lat' dir='ltr'><strong><em>ad</em></strong></span> <span class='ocrx_word' id='word_1_607' title='bbox 2817 4384 2974 4426; x_wconf 92' lang='lat' dir='ltr'><strong><em>sacra</em></strong></span> <span class='ocrx_word' id='word_1_608' title='bbox 2999 4368 3350 4432; x_wconf 88' lang='lat' dir='ltr'><strong><em>destinatum,</em></strong></span> <span class='ocrx_word' id='word_1_609' title='bbox 3384 4374 3621 4421; x_wconf 86' lang='lat' dir='ltr'><strong><em>testatur</em></strong></span> 
     </span>
    </p>
   </div>
   <div class='ocr_carea' id='block_1_87' title="bbox 2052 4456 3618 4535">
    <p class='ocr_par' dir='ltr' id='par_1_87' title="bbox 2052 4456 3618 4535">
     <span class='ocr_line' id='line_1_87' title="bbox 2052 4456 3618 4535; baseline -0.006 -15"><span class='ocrx_word' id='word_1_610' title='bbox 2052 4464 2397 4535; x_wconf 88' lang='lat' dir='ltr'><strong><em>Lampridius</em></strong></span> <span class='ocrx_word' id='word_1_611' title='bbox 2431 4464 2488 4518; x_wconf 90' lang='lat' dir='ltr'><strong><em>in</em></strong></span> <span class='ocrx_word' id='word_1_612' title='bbox 2513 4464 2633 4534; x_wconf 87' lang='lat' dir='ltr'><strong><em>ejus</em></strong></span> <span class='ocrx_word' id='word_1_613' title='bbox 2657 4461 2816 4527; x_wconf 74' lang='lat' dir='ltr'><strong><em>Vita;</em></strong></span> <span class='ocrx_word' id='word_1_614' title='bbox 2845 4469 2898 4516; x_wconf 88' lang='lat' dir='ltr'><strong><em>et</em></strong></span> <span class='ocrx_word' id='word_1_615' title='bbox 2924 4460 3185 4529; x_wconf 87' lang='lat' dir='ltr'><strong><em>templum</em></strong></span> <span class='ocrx_word' id='word_1_616' title='bbox 3207 4456 3618 4512; x_wconf 86' lang='lat' dir='ltr'><strong><em>Nicomediense</em></strong></span> 
     </span>
    </p>
   </div>
   <div class='ocr_carea' id='block_1_88' title="bbox 2053 4549 3619 4628">
    <p class='ocr_par' dir='ltr' id='par_1_88' title="bbox 2053 4549 3619 4628">
     <span class='ocr_line' id='line_1_88' title="bbox 2053 4549 3619 4628; baseline -0.005 -17"><span class='ocrx_word' id='word_1_617' title='bbox 2053 4557 2107 4611; x_wconf 89' lang='lat' dir='ltr'><strong><em>in</em></strong></span> <span class='ocrx_word' id='word_1_618' title='bbox 2142 4556 2416 4628; x_wconf 83' lang='lat' dir='ltr'><strong><em>Bithynia,</em></strong></span> <span class='ocrx_word' id='word_1_619' title='bbox 2447 4555 2592 4627; x_wconf 93' lang='lat' dir='ltr'><strong><em>quod</em></strong></span> <span class='ocrx_word' id='word_1_620' title='bbox 2623 4553 2779 4609; x_wconf 85' lang='lat' dir='ltr'><strong><em>initio</em></strong></span> <span class='ocrx_word' id='word_1_621' title='bbox 2800 4551 3195 4623; x_wconf 87' lang='lat' dir='ltr'><strong><em>persecutionis</em></strong></span> <span class='ocrx_word' id='word_1_622' title='bbox 3218 4566 3249 4605; x_wconf 88' lang='lat' dir='ltr'><strong><em>a</em></strong></span> <span class='ocrx_word' id='word_1_623' title='bbox 3281 4549 3619 4605; x_wconf 89' lang='lat' dir='ltr'><strong><em>Diocletiano</em></strong></span> 
     </span>
    </p>
   </div>
   <div class='ocr_carea' id='block_1_89' title="bbox 390 4620 1952 4717">
    <p class='ocr_par' dir='ltr' id='par_1_89' title="bbox 390 4627 1952 4700">
     <span class='ocr_line' id='line_1_89' title="bbox 390 4627 1952 4700; baseline 0.003 -17"><span class='ocrx_word' id='word_1_624' title='bbox 390 4640 504 4683; x_wconf 88' lang='lat' dir='ltr'><strong><em>tum</em></strong></span> <span class='ocrx_word' id='word_1_625' title='bbox 533 4644 600 4683; x_wconf 78' lang='lat' dir='ltr'><strong><em>ex</em></strong></span> <span class='ocrx_word' id='word_1_626' title='bbox 649 4629 766 4698; x_wconf 89' lang='lat' dir='ltr'><strong><em>ipso</em></strong></span> <span class='ocrx_word' id='word_1_627' title='bbox 804 4627 1008 4683; x_wconf 89' lang='lat' dir='ltr'><strong><em>Juliani</em></strong></span> <span class='ocrx_word' id='word_1_628' title='bbox 1043 4631 1124 4683; x_wconf 86' lang='lat' dir='ltr'><strong><em>vel</em></strong></span> <span class='ocrx_word' id='word_1_629' title='bbox 1172 4629 1607 4686; x_wconf 87' lang='lat' dir='ltr'><strong><em>Paneadensium</em></strong></span> <span class='ocrx_word' id='word_1_630' title='bbox 1651 4631 1816 4700; x_wconf 82' lang='lat' dir='ltr'><strong><em>facto,</em></strong></span> <span class='ocrx_word' id='word_1_631' title='bbox 1846 4632 1952 4689; x_wconf 90' lang='lat' dir='ltr'><strong><em>illis</em></strong></span> 
     </span>
    </p>
   </div>
   <div class='ocr_carea' id='block_1_90' title="bbox 2052 4620 3617 4717">
    <p class='ocr_par' dir='ltr' id='par_1_90' title="bbox 2054 4620 3617 4717">
     <span class='ocr_line' id='line_1_90' title="bbox 2054 4620 3617 4717; baseline -0.006 -12"><span class='ocrx_word' id='word_1_632' title='bbox 2054 4620 2300 4705; x_wconf 75' lang='lat' dir='ltr'><strong><em>excitatae</em></strong></span> <span class='ocrx_word' id='word_1_633' title='bbox 2332 4620 2451 4704; x_wconf 87' lang='lat' dir='ltr'><strong><em>solo</em></strong></span> <span class='ocrx_word' id='word_1_634' title='bbox 2465 4620 2826 4717; x_wconf 63' lang='lat' dir='ltr'><strong><em>adaequamur</em></strong></span> <span class='ocrx_word' id='word_1_635' title='bbox 2857 4654 2959 4708; x_wconf 85' lang='lat' dir='ltr'><strong><em>est,</em></strong></span> <span class='ocrx_word' id='word_1_636' title='bbox 2995 4654 3351 4699; x_wconf 90' lang='lat' dir='ltr'><strong><em>memoratum</em></strong></span> <span class='ocrx_word' id='word_1_637' title='bbox 3383 4642 3617 4714; x_wconf 87' lang='lat' dir='ltr'><strong><em>legimus</em></strong></span> 
     </span>
    </p>
   </div>
   <div class='ocr_carea' id='block_1_91' title="bbox 386 4720 1951 4791">
    <p class='ocr_par' dir='ltr' id='par_1_91' title="bbox 386 4720 1951 4791">
     <span class='ocr_line' id='line_1_91' title="bbox 386 4720 1951 4791; baseline 0.002 -15"><span class='ocrx_word' id='word_1_638' title='bbox 386 4720 724 4790; x_wconf 87' lang='lat' dir='ltr'><strong><em>temporibus</em></strong></span> <span class='ocrx_word' id='word_1_639' title='bbox 764 4720 897 4775; x_wconf 82' lang='lat' dir='ltr'><strong><em>satis</em></strong></span> <span class='ocrx_word' id='word_1_640' title='bbox 925 4721 1162 4791; x_wconf 88' lang='lat' dir='ltr'><strong><em>antiquis</em></strong></span> <span class='ocrx_word' id='word_1_641' title='bbox 1200 4723 1391 4777; x_wconf 88' lang='lat' dir='ltr'><strong><em>saltem</em></strong></span> <span class='ocrx_word' id='word_1_642' title='bbox 1423 4738 1490 4777; x_wconf 83' lang='lat' dir='ltr'><strong><em>ex</em></strong></span> <span class='ocrx_word' id='word_1_643' title='bbox 1539 4724 1819 4779; x_wconf 90' lang='lat' dir='ltr'><strong><em>communi</em></strong></span> <span class='ocrx_word' id='word_1_644' title='bbox 1848 4725 1951 4779; x_wconf 88' lang='lat' dir='ltr'><strong><em>ho-</em></strong></span> 
     </span>
    </p>
   </div>
   <div class='ocr_carea' id='block_1_92' title="bbox 387 4812 1947 4887">
    <p class='ocr_par' dir='ltr' id='par_1_92' title="bbox 387 4812 1947 4887">
     <span class='ocr_line' id='line_1_92' title="bbox 387 4812 1947 4887; baseline 0.001 -18"><span class='ocrx_word' id='word_1_645' title='bbox 387 4813 598 4869; x_wconf 86' lang='lat' dir='ltr'><strong><em>minum</em></strong></span> <span class='ocrx_word' id='word_1_646' title='bbox 628 4812 883 4885; x_wconf 84' lang='lat' dir='ltr'><strong><em>opinione</em></strong></span> <span class='ocrx_word' id='word_1_647' title='bbox 912 4823 1145 4868; x_wconf 88' lang='lat' dir='ltr'><strong><em>statuam</em></strong></span> <span class='ocrx_word' id='word_1_648' title='bbox 1177 4813 1583 4872; x_wconf 87' lang='lat' dir='ltr'><strong><em>Paneadensem</em></strong></span> <span class='ocrx_word' id='word_1_649' title='bbox 1614 4831 1715 4887; x_wconf 88' lang='lat' dir='ltr'><strong><em>pro</em></strong></span> <span class='ocrx_word' id='word_1_650' title='bbox 1741 4816 1947 4872; x_wconf 90' lang='lat' dir='ltr'><strong><em>Christi</em></strong></span> 
     </span>
    </p>
   </div>
   <div class='ocr_carea' id='block_1_93' title="bbox 386 4906 1953 4980">
    <p class='ocr_par' dir='ltr' id='par_1_93' title="bbox 386 4906 1953 4980">
     <span class='ocr_line' id='line_1_93' title="bbox 386 4906 1953 4980; baseline 0.002 -20"><span class='ocrx_word' id='word_1_651' title='bbox 386 4906 623 4978; x_wconf 88' lang='lat' dir='ltr'><strong><em>imagine</em></strong></span> <span class='ocrx_word' id='word_1_652' title='bbox 668 4907 905 4962; x_wconf 88' lang='lat' dir='ltr'><strong><em>habitam</em></strong></span> <span class='ocrx_word' id='word_1_653' title='bbox 932 4907 1101 4964; x_wconf 86' lang='lat' dir='ltr'><strong><em>fuisse</em></strong></span> <span class='ocrx_word' id='word_1_654' title='bbox 1127 4907 1261 4980; x_wconf 64' lang='lat'><strong><em>(49).</em></strong></span> <span class='ocrx_word' id='word_1_655' title='bbox 1296 4906 1364 4963; x_wconf 89' lang='lat' dir='ltr'><strong><em>Ut</em></strong></span> <span class='ocrx_word' id='word_1_656' title='bbox 1388 4917 1618 4975; x_wconf 85' lang='lat' dir='ltr'><strong><em>taceam,</em></strong></span> <span class='ocrx_word' id='word_1_657' title='bbox 1652 4910 1743 4965; x_wconf 80' lang='lat' dir='ltr'><strong><em>vix</em></strong></span> <span class='ocrx_word' id='word_1_658' title='bbox 1776 4910 1953 4964; x_wconf 89' lang='lat' dir='ltr'><strong><em>credi-</em></strong></span> 
     </span>
    </p>
   </div>
   <div class='ocr_carea' id='block_1_94' title="bbox 384 4997 1926 5071">
    <p class='ocr_par' dir='ltr' id='par_1_94' title="bbox 384 4997 1926 5071">
     <span class='ocr_line' id='line_1_94' title="bbox 384 4997 1926 5071; baseline 0.003 -19"><span class='ocrx_word' id='word_1_659' title='bbox 384 4998 494 5053; x_wconf 87' lang='lat' dir='ltr'><strong><em>hile</em></strong></span> <span class='ocrx_word' id='word_1_660' title='bbox 539 4998 728 5062; x_wconf 88' lang='lat' dir='ltr'><strong><em>videri,</em></strong></span> <span class='ocrx_word' id='word_1_661' title='bbox 759 4997 1041 5054; x_wconf 73' lang='lat' dir='ltr'><strong><em>Iulianum</em></strong></span> <span class='ocrx_word' id='word_1_662' title='bbox 1086 5000 1470 5070; x_wconf 89' lang='lat' dir='ltr'><strong><em>imperatorem</em></strong></span> <span class='ocrx_word' id='word_1_663' title='bbox 1522 5001 1790 5071; x_wconf 85' lang='lat' dir='ltr'><strong><em>ejusmodi</em></strong></span> <span class='ocrx_word' id='word_1_664' title='bbox 1842 5013 1926 5058; x_wconf 87' lang='lat' dir='ltr'><strong><em>sta</em></strong></span> 
     </span>
    </p>
   </div>
   <div class='ocr_carea' id='block_1_95' title="bbox 388 5093 1951 5164">
    <p class='ocr_par' dir='ltr' id='par_1_95' title="bbox 388 5093 1951 5164">
     <span class='ocr_line' id='line_1_95' title="bbox 388 5093 1951 5164; baseline 0.003 -19"><span class='ocrx_word' id='word_1_665' title='bbox 388 5100 556 5156; x_wconf 90' lang='lat' dir='ltr'><strong><em>tuam,</em></strong></span> <span class='ocrx_word' id='word_1_666' title='bbox 593 5106 716 5162; x_wconf 67' lang='lat' dir='ltr'><strong><em>quae</em></strong></span> <span class='ocrx_word' id='word_1_667' title='bbox 748 5093 941 5147; x_wconf 90' lang='lat' dir='ltr'><strong><em>honori</em></strong></span> <span class='ocrx_word' id='word_1_668' title='bbox 979 5093 1238 5163; x_wconf 88' lang='lat' dir='ltr'><strong><em>principis</em></strong></span> <span class='ocrx_word' id='word_1_669' title='bbox 1287 5103 1395 5147; x_wconf 87' lang='lat' dir='ltr'><strong><em>tam</em></strong></span> <span class='ocrx_word' id='word_1_670' title='bbox 1443 5093 1540 5163; x_wconf 92' lang='lat' dir='ltr'><strong><em>pii,</em></strong></span> <span class='ocrx_word' id='word_1_671' title='bbox 1586 5094 1740 5164; x_wconf 89' lang='lat' dir='ltr'><strong><em>justi,</em></strong></span> <span class='ocrx_word' id='word_1_672' title='bbox 1783 5094 1951 5149; x_wconf 80' lang='lat' dir='ltr'><strong><em>bene-</em></strong></span> 
     </span>
    </p>
   </div>
   <div class='ocr_carea' id='block_1_96' title="bbox 386 5181 1948 5255">
    <p class='ocr_par' dir='ltr' id='par_1_96' title="bbox 386 5181 1948 5255">
     <span class='ocr_line' id='line_1_96' title="bbox 386 5181 1948 5255; baseline 0.001 -17"><span class='ocrx_word' id='word_1_673' title='bbox 386 5182 493 5251; x_wconf 85' lang='lat' dir='ltr'><strong><em>ﬁci,</em></strong></span> <span class='ocrx_word' id='word_1_674' title='bbox 517 5181 647 5239; x_wconf 65' lang='lat' dir='ltr'><strong><em>Elii</em></strong></span> <span class='ocrx_word' id='word_1_675' title='bbox 671 5184 915 5251; x_wconf 81' lang='lat' dir='ltr'><strong><em>Adriani,</em></strong></span> <span class='ocrx_word' id='word_1_676' title='bbox 938 5185 1217 5255; x_wconf 89' lang='lat' dir='ltr'><strong><em>splendido</em></strong></span> <span class='ocrx_word' id='word_1_677' title='bbox 1229 5184 1565 5239; x_wconf 85' lang='lat' dir='ltr'><strong><em>Restitutoris</em></strong></span> <span class='ocrx_word' id='word_1_678' title='bbox 1589 5186 1766 5255; x_wconf 84' lang='lat' dir='ltr'><strong><em>elogio</em></strong></span> <span class='ocrx_word' id='word_1_679' title='bbox 1788 5185 1948 5240; x_wconf 89' lang='lat' dir='ltr'><strong><em>toties</em></strong></span> 
     </span>
    </p>
   </div>
   <div class='ocr_carea' id='block_1_97' title="bbox 457 5343 1458 5417">
    <p class='ocr_par' dir='ltr' id='par_1_97' title="bbox 457 5343 1458 5417">
     <span class='ocr_line' id='line_1_97' title="bbox 457 5343 1458 5417; baseline 0.008 -21"><span class='ocrx_word' id='word_1_680' title='bbox 457 5343 569 5417; x_wconf 56' lang='grc'>(44)</span> <span class='ocrx_word' id='word_1_681' title='bbox 599 5344 808 5417; x_wconf 66' lang='grc' dir='ltr'>Μικρόν</span> <span class='ocrx_word' id='word_1_682' title='bbox 838 5346 988 5402; x_wconf 87' lang='lat' dir='ltr'><strong><em>deest</em></strong></span> <span class='ocrx_word' id='word_1_683' title='bbox 1014 5348 1155 5417; x_wconf 90' lang='lat' dir='ltr'><strong><em>apud</em></strong></span> <span class='ocrx_word' id='word_1_684' title='bbox 1185 5347 1458 5405; x_wconf 87' lang='lat' dir='ltr'><strong><em>Photium.</em></strong></span> 
     </span>
    </p>
   </div>
   <div class='ocr_carea' id='block_1_98' title="bbox 482 5414 1360 5489">
    <p class='ocr_par' dir='ltr' id='par_1_98' title="bbox 482 5414 1360 5489">
     <span class='ocr_line' id='line_1_98' title="bbox 482 5414 1360 5489; baseline 0.007 -21"><span class='ocrx_word' id='word_1_685' title='bbox 608 5414 835 5489; x_wconf 56' lang='lat' dir='ltr'><strong><em>Ehotius</em></strong></span> <span class='ocrx_word' id='word_1_686' title='bbox 866 5416 1032 5489; x_wconf 70' lang='grc' dir='ltr'>ἄρξας</span> <span class='ocrx_word' id='word_1_687' title='bbox 1050 5414 1360 5488; x_wconf 60' lang='grc' dir='ltr'>βασιλείας.</span> 
     </span>
    </p>
   </div>
   <div class='ocr_carea' id='block_1_99' title="bbox 481 5483 1385 5557">
    <p class='ocr_par' dir='ltr' id='par_1_99' title="bbox 481 5483 1385 5557">
     <span class='ocr_line' id='line_1_99' title="bbox 481 5483 1385 5557; baseline 0.008 -20"><span class='ocrx_word' id='word_1_688' title='bbox 481 5483 571 5557; x_wconf 58' lang='grc' dir='ltr'>ᾤρ)</span> <span class='ocrx_word' id='word_1_689' title='bbox 601 5484 743 5557; x_wconf 64' lang='lat' dir='ltr'><strong><em>Hist.</em></strong></span> <span class='ocrx_word' id='word_1_690' title='bbox 772 5483 1017 5543; x_wconf 49' lang='lat' dir='ltr'><strong><em>ecclflib.</em></strong></span> <span class='ocrx_word' id='word_1_691' title='bbox 1056 5483 1150 5553; x_wconf 71' lang='lat' dir='ltr'><strong><em>vn,</em></strong></span> <span class='ocrx_word' id='word_1_692' title='bbox 1180 5506 1300 5557; x_wconf 88' lang='lat' dir='ltr'><strong><em>cap.</em></strong></span> <span class='ocrx_word' id='word_1_693' title='bbox 1331 5491 1385 5544; x_wconf 78' lang='grc'>5.</span> 
     </span>
    </p>
   </div>
   <div class='ocr_carea' id='block_1_100' title="bbox 484 5553 1322 5624">
    <p class='ocr_par' dir='ltr' id='par_1_100' title="bbox 484 5553 1322 5624">
     <span class='ocr_line' id='line_1_100' title="bbox 484 5553 1322 5624; baseline 0.008 -17"><span class='ocrx_word' id='word_1_694' title='bbox 602 5553 748 5624; x_wconf 16' lang='grc' dir='ltr'>ίΗίδι.</span> <span class='ocrx_word' id='word_1_695' title='bbox 777 5557 901 5609; x_wconf 83' lang='lat' dir='ltr'><strong><em>eccl.</em></strong></span> <span class='ocrx_word' id='word_1_696' title='bbox 939 5557 1032 5611; x_wconf 84' lang='lat' dir='ltr'><strong><em>lib.</em></strong></span> <span class='ocrx_word' id='word_1_697' title='bbox 1061 5574 1113 5624; x_wconf 77' lang='grc' dir='ltr'>ν,</span> <span class='ocrx_word' id='word_1_698' title='bbox 1144 5575 1194 5613; x_wconf 89' lang='lat' dir='ltr'><strong><em>c.</em></strong></span> <span class='ocrx_word' id='word_1_699' title='bbox 1231 5553 1322 5614; x_wconf 56' lang='grc' dir='ltr'><strong><em>ΕΙ.</em></strong></span> 
     </span>
    </p>
   </div>
   <div class='ocr_carea' id='block_1_101' title="bbox 481 5621 1941 5700">
    <p class='ocr_par' dir='ltr' id='par_1_101' title="bbox 481 5621 1941 5700">
     <span class='ocr_line' id='line_1_101' title="bbox 481 5621 1941 5700; baseline 0.008 -25"><span class='ocrx_word' id='word_1_700' title='bbox 481 5621 574 5700; x_wconf 41' lang='grc'>48)·</span> <span class='ocrx_word' id='word_1_701' title='bbox 598 5623 825 5700; x_wconf 75' lang='lat' dir='ltr'><strong><em>ln_di_ss.</em></strong></span> <span class='ocrx_word' id='word_1_702' title='bbox 857 5621 1123 5700; x_wconf 73' lang='lat' dir='ltr'><strong><em>destatua</em></strong></span> <span class='ocrx_word' id='word_1_703' title='bbox 1160 5631 1598 5700; x_wconf 60' lang='lat' dir='ltr'><strong><em>haemorrhousae,</em></strong></span> <span class='ocrx_word' id='word_1_704' title='bbox 1633 5646 1754 5700; x_wconf 64' lang='lat' dir='ltr'><strong><em>qua}</em></strong></span> <span class='ocrx_word' id='word_1_705' title='bbox 1784 5647 1941 5700; x_wconf 88' lang='lat' dir='ltr'><strong><em>repe-</em></strong></span> 
     </span>
    </p>
   </div>
   <div class='ocr_carea' id='block_1_102' title="bbox 384 5692 1942 5831">
    <p class='ocr_par' dir='ltr' id='par_1_102' title="bbox 384 5692 1942 5831">
     <span class='ocr_line' id='line_1_102' title="bbox 384 5692 1942 5831; baseline 0.008 -87"><span class='ocrx_word' id='word_1_706' title='bbox 540 5692 872 5831; x_wconf 53' lang='lat' dir='ltr'><strong><em>egzlloge</em></strong></span> <span class='ocrx_word' id='word_1_707' title='bbox 888 5697 1317 5753; x_wconf 85' lang='lat' dir='ltr'><strong><em>dissertationum</em></strong></span> <span class='ocrx_word' id='word_1_708' title='bbox 1359 5701 1530 5771; x_wconf 82' lang='lat' dir='ltr'><strong><em>ipsius</em></strong></span> <span class='ocrx_word' id='word_1_709' title='bbox 1551 5692 1756 5757; x_wconf 59' lang='lat' dir='ltr'><strong><em>Bromie</em></strong></span> <span class='ocrx_word' id='word_1_710' title='bbox 1800 5692 1942 5758; x_wconf 80' lang='lat' dir='ltr'><strong><em>edita</em></strong></span> 
     </span>
    </p>
   </div>
   <div class='ocr_carea' id='block_1_103' title="bbox 458 5816 1943 5911">
    <p class='ocr_par' dir='ltr' id='par_1_103' title="bbox 458 5816 1943 5911">
     <span class='ocr_line' id='line_1_103' title="bbox 458 5816 1943 5911; baseline 0.01 -30"><span class='ocrx_word' id='word_1_711' title='bbox 458 5831 574 5909; x_wconf 55' lang='lat' dir='ltr'><strong><em>illi)</em></strong></span> <span class='ocrx_word' id='word_1_712' title='bbox 604 5816 896 5911; x_wconf 60' lang='lat' dir='ltr'><strong><em>Veritatem</em></strong></span> <span class='ocrx_word' id='word_1_713' title='bbox 931 5834 1098 5911; x_wconf 68' lang='lat' dir='ltr'><strong><em>totius</em></strong></span> <span class='ocrx_word' id='word_1_714' title='bbox 1126 5816 1367 5911; x_wconf 61' lang='lat' dir='ltr'><strong><em>historiae</em></strong></span> <span class='ocrx_word' id='word_1_715' title='bbox 1395 5842 1820 5911; x_wconf 52' lang='lat' dir='ltr'><strong><em>ergnostratibus</em></strong></span> <span class='ocrx_word' id='word_1_716' title='bbox 1847 5842 1943 5895; x_wconf 84' lang='lat' dir='ltr'><strong><em>irri-</em></strong></span> 
     </span>
    </p>
   </div>
   <div class='ocr_carea' id='block_1_104' title="bbox 389 5904 1939 5967">
    <p class='ocr_par' dir='ltr' id='par_1_104' title="bbox 389 5904 1939 5967">
     <span class='ocr_line' id='line_1_104' title="bbox 389 5904 1939 5967; baseline 0.011 -17"><span class='ocrx_word' id='word_1_717' title='bbox 389 5904 575 5967; x_wconf 84' lang='lat' dir='ltr'><strong><em>primis</em></strong></span> <span class='ocrx_word' id='word_1_718' title='bbox 615 5904 957 5956; x_wconf 71' lang='lat' dir='ltr'><strong><em>vindicarunt</em></strong></span> <span class='ocrx_word' id='word_1_719' title='bbox 981 5904 1316 5961; x_wconf 81' lang='lat' dir='ltr'><strong><em>Chemnitius</em></strong></span> <span class='ocrx_word' id='word_1_720' title='bbox 1346 5909 1399 5961; x_wconf 88' lang='lat' dir='ltr'><strong><em>in</em></strong></span> <span class='ocrx_word' id='word_1_721' title='bbox 1436 5909 1692 5966; x_wconf 75' lang='lat' dir='ltr'><strong><em>Examine</em></strong></span> <span class='ocrx_word' id='word_1_722' title='bbox 1727 5913 1939 5967; x_wconf 86' lang='lat' dir='ltr'><strong><em>concilii</em></strong></span> 
     </span>
    </p>
   </div>
   <div class='ocr_carea' id='block_1_105' title="bbox 548 5414 572 5693">
    <p class='ocr_par' dir='ltr' id='par_1_105' title="bbox 548 5414 572 5693">
     <span class='ocr_line' id='line_1_105' title="bbox 548 5414 572 5693; baseline 0 -170"><span class='ocrx_word' id='word_1_723' title='bbox 548 5414 572 5693; x_wconf 36' lang='grc' dir='ltr'><em>ξ</em></span> 
     </span>
    </p>
   </div>
   <div class='ocr_carea' id='block_1_106' title="bbox 2053 4733 3612 4809">
    <p class='ocr_par' dir='ltr' id='par_1_106' title="bbox 2053 4733 3612 4809">
     <span class='ocr_line' id='line_1_106' title="bbox 2053 4733 3612 4809; baseline -0.005 -12"><span class='ocrx_word' id='word_1_724' title='bbox 2053 4758 2084 4797; x_wconf 91' lang='lat' dir='ltr'><strong><em>a</em></strong></span> <span class='ocrx_word' id='word_1_725' title='bbox 2119 4742 2400 4798; x_wconf 89' lang='lat' dir='ltr'><strong><em>Lactantio</em></strong></span> <span class='ocrx_word' id='word_1_726' title='bbox 2426 4740 2501 4795; x_wconf 83' lang='lat' dir='ltr'><strong><em>De</em></strong></span> <span class='ocrx_word' id='word_1_727' title='bbox 2525 4739 2782 4795; x_wconf 86' lang='lat' dir='ltr'><strong><em>mortibus</em></strong></span> <span class='ocrx_word' id='word_1_728' title='bbox 2807 4749 3216 4809; x_wconf 83' lang='lat' dir='ltr'><strong><em>persecutorum,</em></strong></span> <span class='ocrx_word' id='word_1_729' title='bbox 3239 4751 3358 4806; x_wconf 90' lang='lat' dir='ltr'><strong><em>cap.</em></strong></span> <span class='ocrx_word' id='word_1_730' title='bbox 3382 4735 3449 4789; x_wconf 75' lang='grc'><strong>12</strong></span> <span class='ocrx_word' id='word_1_731' title='bbox 3479 4733 3612 4803; x_wconf 83' lang='grc'><strong><em>(50).</em></strong></span> 
     </span>
    </p>
   </div>
   <div class='ocr_carea' id='block_1_107' title="bbox 2054 4825 3616 4905">
    <p class='ocr_par' dir='ltr' id='par_1_107' title="bbox 2054 4825 3616 4905">
     <span class='ocr_line' id='line_1_107' title="bbox 2054 4825 3616 4905; baseline -0.005 -18"><span class='ocrx_word' id='word_1_732' title='bbox 2054 4833 2228 4888; x_wconf 83' lang='lat' dir='ltr'><strong><em>Nimis</em></strong></span> <span class='ocrx_word' id='word_1_733' title='bbox 2270 4847 2399 4903; x_wconf 88' lang='lat' dir='ltr'><strong><em>ergo</em></strong></span> <span class='ocrx_word' id='word_1_734' title='bbox 2427 4832 2547 4887; x_wconf 90' lang='lat' dir='ltr'><strong><em>leve</em></strong></span> <span class='ocrx_word' id='word_1_735' title='bbox 2602 4839 2684 4886; x_wconf 89' lang='lat' dir='ltr'><strong><em>est</em></strong></span> <span class='ocrx_word' id='word_1_736' title='bbox 2733 4829 2878 4885; x_wconf 90' lang='lat' dir='ltr'><strong><em>istud</em></strong></span> <span class='ocrx_word' id='word_1_737' title='bbox 2912 4838 3323 4905; x_wconf 85' lang='lat' dir='ltr'><strong><em>argumentum,</em></strong></span> <span class='ocrx_word' id='word_1_738' title='bbox 3350 4825 3497 4896; x_wconf 91' lang='lat' dir='ltr'><strong><em>quod</em></strong></span> <span class='ocrx_word' id='word_1_739' title='bbox 3546 4839 3616 4880; x_wconf 76' lang='lat' dir='ltr'><strong><em>ex</em></strong></span> 
     </span>
    </p>
   </div>
   <div class='ocr_carea' id='block_1_108' title="bbox 2052 4918 3617 4997">
    <p class='ocr_par' dir='ltr' id='par_1_108' title="bbox 2052 4918 3617 4997">
     <span class='ocr_line' id='line_1_108' title="bbox 2052 4918 3617 4997; baseline -0.005 -17"><span class='ocrx_word' id='word_1_740' title='bbox 2052 4925 2495 4981; x_wconf 89' lang='lat' dir='ltr'><strong><em>denominatione</em></strong></span> <span class='ocrx_word' id='word_1_741' title='bbox 2532 4924 2731 4979; x_wconf 82' lang='lat' dir='ltr'><strong><em>aedium</em></strong></span> <span class='ocrx_word' id='word_1_742' title='bbox 2772 4937 3053 4978; x_wconf 90' lang='lat' dir='ltr'><strong><em>sacrarum</em></strong></span> <span class='ocrx_word' id='word_1_743' title='bbox 3099 4935 3130 4975; x_wconf 90' lang='lat' dir='ltr'><strong><em>a</em></strong></span> <span class='ocrx_word' id='word_1_744' title='bbox 3163 4918 3490 4975; x_wconf 89' lang='lat' dir='ltr'><strong><em>Christianis</em></strong></span> <span class='ocrx_word' id='word_1_745' title='bbox 3521 4932 3617 4997; x_wconf 61' lang='lat' dir='ltr'><strong><em>en-</em></strong></span> 
     </span>
    </p>
   </div>
   <div class='ocr_carea' id='block_1_109' title="bbox 2052 5007 3616 5079">
    <p class='ocr_par' dir='ltr' id='par_1_109' title="bbox 2052 5007 3616 5079">
     <span class='ocr_line' id='line_1_109' title="bbox 2052 5007 3616 5079; baseline -0.007 -7"><span class='ocrx_word' id='word_1_746' title='bbox 2052 5022 2383 5072; x_wconf 90' lang='lat' dir='ltr'><strong><em>structarum</em></strong></span> <span class='ocrx_word' id='word_1_747' title='bbox 2415 5012 2483 5068; x_wconf 91' lang='lat' dir='ltr'><strong><em>ad</em></strong></span> <span class='ocrx_word' id='word_1_748' title='bbox 2515 5013 2941 5067; x_wconf 87' lang='lat' dir='ltr'><strong><em>imminuendam</em></strong></span> <span class='ocrx_word' id='word_1_749' title='bbox 2969 5008 3251 5079; x_wconf 87' lang='lat' dir='ltr'><strong><em>scriptoris</em></strong></span> <span class='ocrx_word' id='word_1_750' title='bbox 3275 5008 3447 5064; x_wconf 90' lang='lat' dir='ltr'><strong><em>nostri</em></strong></span> <span class='ocrx_word' id='word_1_751' title='bbox 3475 5007 3616 5061; x_wconf 83' lang='lat' dir='ltr'><strong><em>anti-</em></strong></span> 
     </span>
    </p>
   </div>
   <div class='ocr_carea' id='block_1_110' title="bbox 2051 5098 3616 5178">
    <p class='ocr_par' dir='ltr' id='par_1_110' title="bbox 2051 5098 3616 5178">
     <span class='ocr_line' id='line_1_110' title="bbox 2051 5098 3616 5178; baseline -0.006 -16"><span class='ocrx_word' id='word_1_752' title='bbox 2051 5108 2313 5178; x_wconf 85' lang='lat' dir='ltr'><strong><em>quitatem</em></strong></span> <span class='ocrx_word' id='word_1_753' title='bbox 2335 5106 2643 5161; x_wconf 88' lang='lat' dir='ltr'><strong><em>desumitur</em></strong></span> <span class='ocrx_word' id='word_1_754' title='bbox 2668 5128 2684 5159; x_wconf 76' lang='lat'><strong><em>;</em></strong></span> <span class='ocrx_word' id='word_1_755' title='bbox 2714 5104 2915 5175; x_wconf 90' lang='lat' dir='ltr'><strong><em>quippe</em></strong></span> <span class='ocrx_word' id='word_1_756' title='bbox 2945 5117 3043 5172; x_wconf 83' lang='lat' dir='ltr'><strong><em>per</em></strong></span> <span class='ocrx_word' id='word_1_757' title='bbox 3072 5101 3254 5164; x_wconf 78' lang='grc' dir='ltr'>οἴκους</span> <span class='ocrx_word' id='word_1_758' title='bbox 3280 5114 3391 5154; x_wconf 88' lang='lat' dir='ltr'><strong><em>non</em></strong></span> <span class='ocrx_word' id='word_1_759' title='bbox 3412 5098 3616 5169; x_wconf 84' lang='lat' dir='ltr'><strong><em>templa</em></strong></span> 
     </span>
    </p>
   </div>
   <div class='ocr_carea' id='block_1_111' title="bbox 2051 5189 3615 5269">
    <p class='ocr_par' dir='ltr' id='par_1_111' title="bbox 2051 5189 3615 5269">
     <span class='ocr_line' id='line_1_111' title="bbox 2051 5189 3615 5269; baseline -0.004 -16"><span class='ocrx_word' id='word_1_760' title='bbox 2051 5199 2120 5253; x_wconf 84' lang='lat' dir='ltr'><strong><em>ad</em></strong></span> <span class='ocrx_word' id='word_1_761' title='bbox 2179 5197 2714 5269; x_wconf 72' lang='lat' dir='ltr'><strong><em>morem&#39;gentilium</em></strong></span> <span class='ocrx_word' id='word_1_762' title='bbox 2767 5193 3047 5266; x_wconf 88' lang='lat' dir='ltr'><strong><em>splendide</em></strong></span> <span class='ocrx_word' id='word_1_763' title='bbox 3098 5201 3452 5259; x_wconf 86' lang='lat' dir='ltr'><strong><em>constructa,</em></strong></span> <span class='ocrx_word' id='word_1_764' title='bbox 3517 5189 3615 5247; x_wconf 82' lang='lat' dir='ltr'><strong><em>sed</em></strong></span> 
     </span>
    </p>
   </div>
   <div class='ocr_carea' id='block_1_112' title="bbox 2053 5347 3610 5426">
    <p class='ocr_par' dir='ltr' id='par_1_112' title="bbox 2053 5347 3610 5426">
     <span class='ocr_line' id='line_1_112' title="bbox 2053 5347 3610 5426; baseline -0.005 -16"><span class='ocrx_word' id='word_1_765' title='bbox 2053 5353 2318 5421; x_wconf 84' lang='lat' dir='ltr'><strong><em>Trident.,</em></strong></span> <span class='ocrx_word' id='word_1_766' title='bbox 2351 5364 2491 5426; x_wconf 92' lang='lat' dir='ltr'><strong><em>part.</em></strong></span> <span class='ocrx_word' id='word_1_767' title='bbox 2526 5372 2600 5419; x_wconf 80' lang='lat' dir='ltr'><strong><em>tv,</em></strong></span> <span class='ocrx_word' id='word_1_768' title='bbox 2635 5370 2691 5426; x_wconf 68' lang='grc' dir='ltr'>ι).</span> <span class='ocrx_word' id='word_1_769' title='bbox 2721 5353 2828 5419; x_wconf 72' lang='grc'><strong><em>45;</em></strong></span> <span class='ocrx_word' id='word_1_770' title='bbox 2857 5350 3163 5426; x_wconf 61' lang='lat' dir='ltr'><strong><em>Dorscheus</em></strong></span> <span class='ocrx_word' id='word_1_771' title='bbox 3194 5350 3249 5405; x_wconf 89' lang='lat' dir='ltr'><strong><em>in</em></strong></span> <span class='ocrx_word' id='word_1_772' title='bbox 3273 5347 3610 5426; x_wconf 47' lang='lat' dir='ltr'><strong><em>Commenta.-</em></strong></span> 
     </span>
    </p>
   </div>
   <div class='ocr_carea' id='block_1_113' title="bbox 2048 5417 3610 5498">
    <p class='ocr_par' dir='ltr' id='par_1_113' title="bbox 2048 5417 3610 5498">
     <span class='ocr_line' id='line_1_113' title="bbox 2048 5417 3610 5498; baseline -0.005 -19"><span class='ocrx_word' id='word_1_773' title='bbox 2048 5428 2128 5498; x_wconf 78' lang='lat' dir='ltr'><strong><em>rio</em></strong></span> <span class='ocrx_word' id='word_1_774' title='bbox 2151 5427 2204 5498; x_wconf 86' lang='lat' dir='ltr'><strong><em>in</em></strong></span> <span class='ocrx_word' id='word_1_775' title='bbox 2230 5417 2458 5498; x_wconf 66' lang='lat' dir='ltr'><strong><em>quatuor</em></strong></span> <span class='ocrx_word' id='word_1_776' title='bbox 2483 5417 2926 5498; x_wconf 48' lang='lat' dir='ltr'><strong><em>euangelistamp.</em></strong></span> <span class='ocrx_word' id='word_1_777' title='bbox 2956 5439 3029 5477; x_wconf 89' lang='lat' dir='ltr'><strong><em>m.</em></strong></span> <span class='ocrx_word' id='word_1_778' title='bbox 3052 5421 3151 5498; x_wconf 80' lang='lat' dir='ltr'><strong><em>l6_7</em></strong></span> <span class='ocrx_word' id='word_1_779' title='bbox 3174 5436 3351 5498; x_wconf 43' lang='lat' dir='ltr'><strong><em>seqq?</em></strong></span> <span class='ocrx_word' id='word_1_780' title='bbox 3375 5427 3431 5498; x_wconf 70' lang='lat' dir='ltr'><strong><em>et</em></strong></span> <span class='ocrx_word' id='word_1_781' title='bbox 3455 5417 3610 5473; x_wconf 84' lang='lat' dir='ltr'><strong><em>Gott-</em></strong></span> 
     </span>
    </p>
   </div>
   <div class='ocr_carea' id='block_1_114' title="bbox 2048 5489 3605 5552">
    <p class='ocr_par' dir='ltr' id='par_1_114' title="bbox 2048 5489 3605 5552">
     <span class='ocr_line' id='line_1_114' title="bbox 2048 5489 3605 5552; baseline -0.008 -2"><span class='ocrx_word' id='word_1_782' title='bbox 2048 5495 2116 5550; x_wconf 84' lang='lat' dir='ltr'><strong><em>l&#39;r.</em></strong></span> <span class='ocrx_word' id='word_1_783' title='bbox 2142 5489 2389 5552; x_wconf 74' lang='lat' dir='ltr'><strong><em>Olearius</em></strong></span> <span class='ocrx_word' id='word_1_784' title='bbox 2417 5497 2471 5551; x_wconf 92' lang='lat' dir='ltr'><strong><em>in</em></strong></span> <span class='ocrx_word' id='word_1_785' title='bbox 2498 5489 2957 5552; x_wconf 66' lang='lat' dir='ltr'><strong><em>Observationilius</em></strong></span> <span class='ocrx_word' id='word_1_786' title='bbox 2980 5494 3145 5547; x_wconf 80' lang='lat' dir='ltr'><strong><em>sacris</em></strong></span> <span class='ocrx_word' id='word_1_787' title='bbox 3190 5489 3605 5550; x_wconf 28' lang='lat' dir='ltr'><strong><em>in’Matthazum,</em></strong></span> 
     </span>
    </p>
   </div>
   <div class='ocr_carea' id='block_1_115' title="bbox 2086 5566 2419 5622">
    <p class='ocr_par' dir='ltr' id='par_1_115' title="bbox 2086 5566 2419 5622">
     <span class='ocr_line' id='line_1_115' title="bbox 2086 5566 2419 5622; baseline 0.009 -3"><span class='ocrx_word' id='word_1_788' title='bbox 2086 5605 2101 5619; x_wconf 92' lang='lat'><strong><em>.</em></strong></span> <span class='ocrx_word' id='word_1_789' title='bbox 2135 5566 2240 5621; x_wconf 78' lang='lat'><strong><em>276</em></strong></span> <span class='ocrx_word' id='word_1_790' title='bbox 2265 5580 2419 5622; x_wconf 82' lang='lat' dir='ltr'><strong><em>seua.</em></strong></span> 
     </span>
    </p>
   </div>
   <div class='ocr_carea' id='block_1_116' title="bbox 2047 5580 3608 5707">
    <p class='ocr_par' dir='ltr' id='par_1_116' title="bbox 2047 5580 3608 5707">
     <span class='ocr_line' id='line_1_116' title="bbox 2047 5580 2419 5637; baseline 0.005 -17"><span class='ocrx_word' id='word_1_791' title='bbox 2047 5582 2101 5637; x_wconf 92' lang='lat' dir='ltr'><strong><em>p.</em></strong></span> <span class='ocrx_word' id='word_1_792' title='bbox 2135 5580 2240 5621; x_wconf 64' lang='grc' dir='ltr'><strong><em>κιο</em></strong></span> <span class='ocrx_word' id='word_1_793' title='bbox 2265 5580 2419 5637; x_wconf 87' lang='lat' dir='ltr'><strong><em>seqq.</em></strong></span> 
     </span>
     <span class='ocr_line' id='line_1_117' title="bbox 2117 5626 3608 5707; baseline -0.009 -16"><span class='ocrx_word' id='word_1_794' title='bbox 2117 5637 2228 5707; x_wconf 81' lang='lat'><strong><em>(50)</em></strong></span> <span class='ocrx_word' id='word_1_795' title='bbox 2260 5634 2331 5691; x_wconf 90' lang='lat' dir='ltr'><strong><em>Ut</em></strong></span> <span class='ocrx_word' id='word_1_796' title='bbox 2350 5646 2665 5707; x_wconf 83' lang='lat' dir='ltr'><strong><em>praeteream</em></strong></span> <span class='ocrx_word' id='word_1_797' title='bbox 2690 5635 2794 5691; x_wconf 88' lang='lat' dir='ltr'><strong><em>alia</em></strong></span> <span class='ocrx_word' id='word_1_798' title='bbox 2823 5648 3103 5707; x_wconf 52' lang='lat' dir='ltr'><strong><em>sacrarum</em></strong></span> <span class='ocrx_word' id='word_1_799' title='bbox 3129 5632 3327 5707; x_wconf 63' lang='lat' dir='ltr'><strong><em>aedium</em></strong></span> <span class='ocrx_word' id='word_1_800' title='bbox 3344 5644 3439 5699; x_wconf 89' lang='lat' dir='ltr'><strong><em>per</em></strong></span> <span class='ocrx_word' id='word_1_801' title='bbox 3458 5626 3608 5707; x_wconf 65' lang='lat' dir='ltr'><strong><em>illam</em></strong></span> 
     </span>
    </p>
   </div>
   <div class='ocr_carea' id='block_1_117' title="bbox 2045 5696 3609 5780">
    <p class='ocr_par' dir='ltr' id='par_1_117' title="bbox 2045 5696 3609 5780">
     <span class='ocr_line' id='line_1_118' title="bbox 2045 5696 3609 5780; baseline -0.006 -19"><span class='ocrx_word' id='word_1_802' title='bbox 2045 5696 2255 5780; x_wconf 67' lang='lat' dir='ltr'><strong><em>tetatem</em></strong></span> <span class='ocrx_word' id='word_1_803' title='bbox 2286 5696 2551 5780; x_wconf 70' lang='lat' dir='ltr'><strong><em>vestigia,</em></strong></span> <span class='ocrx_word' id='word_1_804' title='bbox 2603 5707 2826 5780; x_wconf 80' lang='lat' dir='ltr'><strong><em>collecta</em></strong></span> <span class='ocrx_word' id='word_1_805' title='bbox 2884 5723 2914 5760; x_wconf 89' lang='lat' dir='ltr'><strong><em>a</em></strong></span> <span class='ocrx_word' id='word_1_806' title='bbox 2965 5696 3609 5780; x_wconf 24' lang='lat' dir='ltr'><strong><em>Tillemontioutomnlll</em></strong></span> 
     </span>
    </p>
   </div>
   <div class='ocr_carea' id='block_1_118' title="bbox 2048 5769 3606 5847">
    <p class='ocr_par' dir='ltr' id='par_1_118' title="bbox 2048 5769 3606 5847">
     <span class='ocr_line' id='line_1_119' title="bbox 2048 5769 3606 5847; baseline -0.006 -18"><span class='ocrx_word' id='word_1_807' title='bbox 2048 5776 2305 5847; x_wconf 63' lang='lat' dir='ltr'><strong><em>Historia</em></strong></span> <span class='ocrx_word' id='word_1_808' title='bbox 2344 5769 2721 5847; x_wconf 73' lang='lat' dir='ltr'><strong><em>imperatorum</em></strong></span> <span class='ocrx_word' id='word_1_809' title='bbox 2742 5817 2757 5840; x_wconf 93' lang='lat'><strong><em>,</em></strong></span> <span class='ocrx_word' id='word_1_810' title='bbox 2788 5777 2854 5831; x_wconf 91' lang='lat' dir='ltr'><strong><em>de</em></strong></span> <span class='ocrx_word' id='word_1_811' title='bbox 2880 5774 3258 5847; x_wconf 77' lang='lat' dir='ltr'><strong><em>persecutione</em></strong></span> <span class='ocrx_word' id='word_1_812' title='bbox 3303 5769 3606 5847; x_wconf 73' lang='lat' dir='ltr'><strong><em>Maximini,</em></strong></span> 
     </span>
    </p>
   </div>
   <div class='ocr_carea' id='block_1_119' title="bbox 2048 5845 3607 5918">
    <p class='ocr_par' dir='ltr' id='par_1_119' title="bbox 2048 5845 3607 5918">
     <span class='ocr_line' id='line_1_120' title="bbox 2048 5845 3607 5918; baseline -0.005 -20"><span class='ocrx_word' id='word_1_813' title='bbox 2048 5847 2202 5918; x_wconf 87' lang='lat' dir='ltr'><strong><em>artic.</em></strong></span> <span class='ocrx_word' id='word_1_814' title='bbox 2226 5846 2281 5907; x_wconf 85' lang='lat'><strong><em>6,</em></strong></span> <span class='ocrx_word' id='word_1_815' title='bbox 2309 5856 2363 5901; x_wconf 89' lang='lat' dir='ltr'><strong><em>et</em></strong></span> <span class='ocrx_word' id='word_1_816' title='bbox 2385 5846 2527 5918; x_wconf 90' lang='lat' dir='ltr'><strong><em>Guil.</em></strong></span> <span class='ocrx_word' id='word_1_817' title='bbox 2554 5845 2950 5918; x_wconf 27' lang='lat' dir='ltr'><strong><em>Beveregio,’in</em></strong></span> <span class='ocrx_word' id='word_1_818' title='bbox 2975 5845 3162 5903; x_wconf 81' lang='lat' dir='ltr'><strong><em>Codice</em></strong></span> <span class='ocrx_word' id='word_1_819' title='bbox 3196 5856 3454 5896; x_wconf 83' lang='lat' dir='ltr'><strong><em>canonum</em></strong></span> <span class='ocrx_word' id='word_1_820' title='bbox 3492 5845 3607 5892; x_wconf 75' lang='lat' dir='ltr'><strong><em>oin-</em></strong></span> 
     </span>
    </p>
   </div>
   <div class='ocr_carea' id='block_1_120' title="bbox 2040 5915 2710 5989">
    <p class='ocr_par' dir='ltr' id='par_1_120' title="bbox 2040 5915 2710 5989">
     <span class='ocr_line' id='line_1_121' title="bbox 2040 5915 2710 5989; baseline 0.004 -21"><span class='ocrx_word' id='word_1_821' title='bbox 2040 5915 2244 5985; x_wconf 85' lang='lat' dir='ltr'><strong><em>_dicato,</em></strong></span> <span class='ocrx_word' id='word_1_822' title='bbox 2274 5932 2396 5986; x_wconf 88' lang='lat' dir='ltr'><strong><em>pag.</em></strong></span> <span class='ocrx_word' id='word_1_823' title='bbox 2428 5917 2533 5973; x_wconf 71' lang='lat'><strong><em>296</em></strong></span> <span class='ocrx_word' id='word_1_824' title='bbox 2560 5934 2710 5989; x_wconf 86' lang='lat' dir='ltr'><strong><em>seqq.</em></strong></span> 
     </span>
    </p>
   </div>
  </div>
