4058 6388
401 466 407 494 ;
478 420 614 480 issi

1636 414 1913 472 NOTITIA
1951 412 2036 467 ET
2079 407 2523 468 FRAGMENTA.

3567 400 3711 455 1'56?

477 540 774 610 ampliores
821 540 1041 605 domus,
1082 539 1138 594 in
1186 539 1387 609 quibus
1422 538 1857 596 Christianorum
1902 551 2033 591 con-
2067 540 2110 595 Α
2140 532 2214 587 De
2259 531 2457 602 pallio,
2496 542 2617 596 cap.
2664 526 2737 580 5:
2784 522 2979 576 Tamen
3031 519 3226 590 inquis,
3271 517 3348 571 ita
3395 534 3425 570 a
3473 526 3593 586 toga
3631 521 3700 610 ad

478 640 674 687 ventus
715 631 968 702 precandi
1014 645 1181 686 causa
1225 630 1680 693 instituebantur,
1713 627 1935 696 intelligi
1980 626 2036 679 in

482 723 766 794 propatulo
807 733 909 779 est.
946 721 1145 790 Quales
1172 723 1286 793 jam
1321 722 1519 777 saeculo
1545 735 1608 775 ιιι
1640 735 1669 774 a
1710 717 2037 773 Christianis

477 830 687 871 erectas
727 815 917 881 fuisse,
961 816 1165 886 passim
1206 824 1473 880 memorat
1517 813 1805 878 Eusebius,
1837 825 2038 880 easque

479 917 634 963 vocat
666 907 1108 981 προσευκτηρίων
1143 908 1269 971 τοὺς
1312 907 1493 971 οἴκους
1513 949 1528 971 ,
1576 920 1756 959 sacras
1790 902 1955 969 cedes,
1984 911 2039 958 et

478 998 795 1070 ἐκκλησίας,
842 997 1111 1063 ecclesias,
1156 997 1281 1052 alibi
1311 1013 1439 1052 vero
1480 998 1606 1061 τοὺς
1645 996 1825 1059 οἴκους
1864 996 1922 1049 ὲν
1957 990 2037 1058 οἷς

478 1090 788 1160 συνήγοντο,
822 1089 957 1144 (edes
1001 1104 1147 1155 suas,
1187 1088 1241 1141 in
1280 1088 1467 1157 quibus
1507 1096 1783 1141 conventus
1823 1101 2038 1156 perage-

479 1179 623 1246 bant,
655 1195 718 1235 ac
757 1179 974 1235 tandem
1007 1180 1188 1245 οῖκους
1230 1179 1565 1250 ἐκκλησεων,
1608 1168 1763 1233 (τάπ’
1787 1178 2036 1233 ecclesia-

479 1287 596 1324 rum
632 1272 764 1343 (5l).
790 1271 932 1339 Quid
963 1273 1106 1343 quod
1151 1273 1293 1327 idem
1323 1271 1589 1327 Eusebius
1624 1270 1828 1325 Hister.
1853 1270 2033 1325 eccles.

311 1393 330 1407 ο
400 1402 403 1407 -
476 1363 572 1416 lib.
606 1378 701 1430 vn,
753 1379 870 1433 cap.
904 1364 974 1418 50
1012 1363 1123 1435 (52)
1176 1363 1378 1418 diserte
1418 1369 1634 1429 narrat,
1683 1362 2034 1416 Aurelianum

479 1454 859 1523 imperatorem
902 1470 932 1509 a
966 1454 1293 1509 Christianis
1336 1454 1735 1523 interpellatum
1778 1452 2032 1522 iussisse,

477 1553 538 1599 ut
562 1543 763 1601 Paulus
800 1545 1190 1602 Samosatenus
1219 1545 1508 1600 haereticus
1550 1546 1836 1614 pelleretur
1874 1544 2036 1600 domo

475 1638 716 1693 ecclesia:
740 1678 756 1702 ,
796 1637 897 1709 τῆς
921 1637 1220 1710 ἐκκλησίας
1266 1638 1413 1691 οἴκου
1439 1678 1454 1704 ,
1493 1645 1548 1693 et
1586 1638 1702 1692 haec
1741 1636 1935 1693 domus
1967 1638 2036 1694 iis

478 1728 801 1794 traderetur,
837 1729 1035 1800 quibus
1075 1729 1243 1787 Italici
1273 1729 1595 1786 Christiana
1633 1730 1908 1801 religionis
1938 1747 2038 1785 an-

477 1819 673 1873 tistites
706 1828 759 1875 et
783 1818 1060 1875 Romanus
1090 1821 1375 1891 episcOpus
1405 1821 1724 1877 scriberent.
1764 1819 1820 1875 ld
1853 1829 2033 1876 autem

2140 623 2359 693 pallium
2383 622 2407 674 ?
2443 617 2585 684 Quid
2617 616 2754 671 enim
2784 614 2831 667 si
2857 621 2907 667 et
2933 629 2966 666 a
2994 611 3292 665 diademate
3318 618 3365 662 et
3400 624 3433 661 a
3462 608 3701 676 sceptra?

2142 715 2224 769 An
2266 714 2422 768 aliter
2458 709 2680 765 mutavit
2720 705 3073 769 Anacharsis,
3111 717 3229 756 cum
3273 717 3432 771 regno
3475 699 3700 769 Scythia!

2140 806 2520 880 philosophiam
2549 798 2811 873 prcevertit
2839 798 2863 851 .9
2887 795 3026 862 Quid
3067 794 3212 865 quod
3244 802 3299 849 et
3331 793 3557 864 imperio
3595 790 3704 846 lio-

2142 913 2305 955 mano
2338 899 2404 953 ad
2431 892 2808 951 monarchiam
2857 887 3111 953 deducto,
3140 885 3413 956 principes
3447 884 3571 954 ipsi,
3606 881 3700 952 qui

2141 991 2306 1049 etiam
2359 990 2716 1059 imperatores
2770 979 3128 1041 dicebantur,
3179 976 3436 1047 quoniam
3490 975 3700 1046 regium

2140 1097 2335 1139 nomen
2358 1079 2545 1134 Romae
2567 1074 2864 1132 infaustum
2886 1070 3228 1140 invisumque
3246 1077 3384 1133 erat,
3404 1082 3705 1138 purpuram

2141 1187 2319 1233 tamen
2349 1189 2450 1245 pro
2477 1169 2677 1240 insigni
2713 1165 3063 1238 imperatorio
3093 1163 3487 1219 servaverunt?
3514 1171 3573 1217 ut
3604 1177 3705 1218 au-

2140 1276 2260 1323 ctor
2310 1273 2393 1321 est
2435 1260 2772 1332 Capitolinus
2814 1257 2872 1312 in
2918 1253 3170 1310 Maximis
3202 1264 3255 1310 et
3302 1255 3356 1309 in
3400 1252 3705 1319 Gordiano,

2140 1372 2348 1414 necnon
2374 1353 2719 1425 Lampridius
2763 1349 2820 1404 in
2865 1346 3108 1403 Historia
3154 1346 3445 1401 Alexandri
3487 1345 3704 1412 Severi,

2140 1465 2260 1520 cap.
2283 1449 2372 1504 51.
2406 1446 2497 1502 Sic
2530 1444 2732 1515 pariter
2763 1438 3103 1496 Herodianus
3137 1439 3203 1494 de
3244 1437 3504 1494 Gordiani
3540 1437 3701 1492 inauo

2140 1540 2424 1613 guratione
2447 1537 2513 1592 ad
2534 1534 2821 1606 imperium
2846 1532 3061 1589 locutus
3092 1531 3190 1585 lib.
3217 1546 3314 1597 vn,
3347 1544 3469 1599 cap.
3490 1530 3525 1585 5
3562 1528 3705 1601 (53),

2140 1629 2352 1694 scribit,
2402 1626 2774 1682 adolescentes
2798 1665 2814 1690 ,
2845 1623 3045 1692 impetu
3083 1620 3137 1674 in
3182 1620 3326 1675 aedes
3359 1616 3522 1684 facto,
3563 1616 3703 1672 Gor-

2139 1722 2361 1778 dianum
2388 1733 2550 1789 supra
2586 1716 2906 1788 grabbatum
2933 1712 3360 1783 requiescentem
3387 1708 3700 1773 offendisse,

2142 1811 2627 1880 circumfusosque~
2644 1823 2825 1865 senem
2850 1819 3089 1877 purpura
3131 1803 3374 1859 induisse
3401 1810 3563 1871 atque
3589 1800 3702 1855 Au-

475 1912 659 1981 negari
700 1913 902 1982 nequit,
942 1914 1041 1985 τῆς
1077 1912 1365 1984 ἐκκλησίας
1418 1909 1591 1976 οἷκον,
1650 1920 1705 1966 et
1737 1911 1945 1980 locum,
1980 1912 2030 1968 in

2141 1905 2441 1977 gustalibus
2465 1900 2763 1957 honoribus
2802 1897 3176 1954 consalutasse
3220 1894 3355 1965 (54).
3401 1892 3601 1948 Verum
3647 1900 3705 1946 et

477 2021 588 2076 quo
621 2005 917 2062 Christiani
964 2017 1172 2063 veteres
1212 2008 1391 2064 cultus
1427 2007 1596 2063 divini
1637 2008 1807 2078 gratia
1833 2024 2034 2065 convc-

477 2096 731 2163 niebant,
776 2105 900 2153 ante
941 2098 1283 2153 Constantini
1310 2097 1487 2168 Magni
1534 2109 1777 2168 tempora
1806 2099 1895 2153 vix
1929 2115 2033 2154 un-

473 2202 638 2257 quam
696 2190 872 2258 templi
919 2189 1140 2245 nomine
1183 2188 1503 2261 insignituni
1527 2188 1734 2257 fuisse;
1767 2190 1844 2245 uti
1891 2200 2035 2247 recte

474 2278 727 2336 observat
744 2279 878 2340 Dav.
906 2281 1216 2337 Blondellus
1240 2280 1314 2337 De
1333 2282 1587 2351 episcopis
1624 2293 1673 2336 et
1698 2281 2031 2353 presbyteris,

474 2380 606 2426 sect.
638 2388 718 2436 ιιι,
754 2388 873 2443 pag.
906 2374 1013 2428 254
1042 2382 1158 2444 seq.

577 2496 605 2571 §
638 2499 753 2556 XII.
793 2500 848 2555 2°
880 2501 923 2556 A
955 2501 1307 2573 descriptione
1334 2505 1591 2574 regiorum
1621 2505 1926 2577 insignium.

542 2632 715 2691 Aliam
744 2633 1110 2690 difﬁcultatem
1136 2644 1320 2691 movet
1342 2634 1723 2693 Tillemontius
1745 2652 1811 2693 ex
1838 2654 2036 2693 sermo-

470 2723 884 2780 nibusMacarii
913 2726 1177 2797 Magnetis
1212 2730 1267 2782 in
1311 2726 1554 2796 Genesin,
1585 2729 1641 2784 in
1683 2731 1882 2799 quibus
1924 2732 2036 2800 pri-

472 2831 621 2871 mum
664 2818 938 2874 hominem
991 2819 1059 2873 ad
1099 2820 1393 2891 imaginem
1445 2821 1538 2876 Dei
1591 2831 1834 2877 creatum
1884 2825 2031 2895 regia

472 2907 637 2962 veluti
679 2907 939 2979 dignitate
975 2910 1332 2981 conspicuum
1368 2911 1682 2980 introducit,
1724 2912 2033 2985 ibidemque

472 3011 743 3067 purpurae,
781 2998 1128 3064 diadematis,
1171 3007 1336 3075 atque
1377 3001 1575 3071 sceptri
1610 3011 1862 3057 ornatum
1894 3003 2034 3073 regi-

366 3128 371 3137 .
473 3086 574 3143 bus
598 3089 870 3153 \attribuit
900 3099 1130 3160 auctor':
1177 3104 1299 3159 quae
1344 3100 1523 3145 tamen
1568 3089 1830 3147 Romanis
1863 3092 2036 3161 impe-

474 3181 747 3237 ratoribus
780 3182 868 3237 vix
901 3189 1026 3236 ante
1055 3181 1238 3237 sazculi
1280 3197 1331 3236 tv
1362 3191 1572 3238 aetatem
1609 3182 1664 3236 in
1698 3199 1798 3239 usu
1835 3181 2031 3247 fuisse,

2137 1997 2407 2059 diadema,
2440 1993 2587 2063 quod
2618 1990 2815 2046 Suidas
2839 1989 2901 2042 τὸ
2936 1987 3210 2060 βασιλικὸν
3237 1985 3473 2057 ἔνδυμα,
3506 1993 3560 2039 et
3590 1982 3700 2039 lle-

2138 2087 2360 2158 sychius
2392 2083 2607 2154 στέμμα
2640 2079 2901 2151 βασιλέως
2943 2079 3388 2150 interpretantur,
3434 2076 3575 2134 inter
3614 2092 3680 2130 or

2137 2187 2389 2234 namenta
2425 2175 2727 2246 imperialia
2764 2183 2925 2245 atque
2969 2175 3118 2245 regia
3163 2173 3520 2243 plurimarum
3568 2185 3700 2239 gen-

2133 2270 2268 2324 tium
2313 2268 2437 2323 inde
2481 2267 2550 2321 ab
2583 2264 2982 2335 antiquissimis
3023 2264 3356 2334 temporibus
3400 2261 3703 2318 adhibitum

2134 2363 2325 2426 fuisse,
2364 2359 2512 2414 omni
2557 2358 2727 2413 dubio
2769 2366 2948 2412 vacat.
2985 2354 3195 2426 Duplici
3226 2356 3368 2411 enim
3395 2353 3705 2410 diademate

2131 2453 2463 2508 Artabanum
2491 2448 2819 2504 Parthorum
2852 2462 3029 2518 regem
3056 2462 3214 2501 usum
3250 2444 3418 2501 fuisse
3437 2454 3705 2500 memorat

2133 2542 2471 2598 Herodianus
2525 2539 2731 2593 Histor.
2771 2538 2866 2593 lib.
2911 2552 3144 2606 vr,cap.
3204 2536 3272 2600 2,
3320 2553 3374 2607 p.
3425 2551 3502 2606 ιιι,
3551 2536 3700 2600 ΞΒιΊς

2133 2628 2591 2702 quemadmodum
2618 2635 2673 2682 et
2698 2626 2754 2680 in
2805 2627 2976 2682 sacris
3008 2626 3219 2695 paginis
3262 2626 3403 2680 inter
3448 2635 3702 2681 ornatum

2135 2720 2446 2776 Mardcchai
2473 2718 2681 2788 regium
2716 2714 2951 2786 διάδημα.
2981 2715 3227 2786 βύσσινον
3269 2715 3578 2789 πορφυροῦν
3614 2731 3704 2772 re-

2136 2815 2305 2868 latum
2335 2812 2568 2883 legimus
2602 2807 2816 2863 Esther.
2852 2824 2971 2875 vin,
3007 2807 3092 2861 15.
3121 2806 3383 2879 Equidem
3413 2808 3467 2862 in
3500 2806 3705 2863 Roma-

2136 2919 2329 2960 norum
2363 2905 2759 2972 monumentis,
2804 2903 3196 2973 speciatimque
3240 2899 3527 2954 Ammiano
3558 2898 3699 2953 Mar-

2133 2998 2360 3064 cellino,
2397 2990 2505 3051 no'n
2555 2997 2675 3053 sine
2744 2996 2978 3067 graviori
3013 3009 3180 3050 causa
3227 2992 3547 3049 adnotatum
3594 3000 3701 3057 est,

2136 3090 2349 3144 invidia:
2393 3086 2651 3158 Pompeio
2687 3088 2870 3143 datum
2916 3086 3086 3142 fuisse
3127 3085 3197 3140 ab
3225 3081 3700 3143 obtrectatoribus.

2136 3182 2280 3253 quod
2331 3180 2499 3236 fascia
2549 3180 2843 3252 obligatum
2893 3194 3022 3235 crus
3076 3176 3455 3234 circumferret
3502 3174 3704 3230 ulceris

470 3279 711 3327 veterum
756 3273 1081 3344 scriptorum
1114 3283 1464 3329 monumenta
1497 3282 1781 3330 testantur.
1826 3274 2030 3330 Audia-
2059 3246 2101 3304 C
2137 3288 2322 3340 causa,
2360 3273 2524 3327 veluti
2559 3287 2738 3326 rerum
2771 3285 3032 3327 novarum
3077 3267 3437 3324 an‘ectationis
3466 3267 3517 3321 id
3561 3264 3704 3320 foret

468 3377 594 3419 mus
623 3362 741 3432 ipsa
774 3362 1106 3420 Tillemontii
1137 3365 1334 3421 verba:
1373 3363 1424 3419 Il
1452 3380 1484 3435 ῃ
1514 3368 1802 3434 représente
1826 3364 1873 3419 le
1905 3382 2028 3435 pre-
2064 3386 2069 3391 ·

471 3453 602 3505 mier
626 3452 831 3508 homme
869 3469 1066 3513 eamme
1097 3470 1170 3508 un
1216 3454 1332 3522 roi,
1371 3454 1595 3525 quoique
1634 3470 1694 3508 sa
1725 3457 1943 3525 rogante
1966 3471 2031 3509 ne

472 3541 553 3611 [ut
573 3544 719 3613 point
758 3547 1001 3615 marquée
1030 3562 1129 3616 par
1152 3544 1205 3600 la
1229 3562 1473 3615 pourpre,
1500 3562 1598 3615 par
1623 3544 1670 3598 le
1691 3545 1946 3613 diadéme,
1973 3549 2029 3600 ni

469 3650 567 3703 par
600 3634 648 3689 le
686 3644 901 3704 sceptre.
950 3634 1205 3692 C‘étaient
1251 3637 1384 3691 done
1429 3636 1482 3691 te
1520 3637 1585 3692 de
1620 3654 1712 3693 son
1757 3645 1917 3708 temps
1957 3638 2031 3692 les

470 3742 707 3798 marques
744 3728 807 3782 de
850 3727 904 3782 la
937 3732 1174 3800 rogante.
1199 3728 1270 3784 Et
1306 3730 1522 3800 puisque
1556 3747 1684 3785 nous
1728 3747 1789 3785 ne
1838 3747 2030 3802 rogans

468 3812 613 3882 point
638 3829 741 3884 que
758 3812 831 3867 les
856 3831 1149 3885 empereurs
1174 3819 1407 3872 remains
1429 3835 1483 3873 se
1503 3821 1775 3875 servissent
1798 3835 2030 3876 commu-

471 3904 675 3957 nément
711 3904 783 3957 du
814 3905 1053 3961 diadéme
1091 3924 1189 3978 que
1229 3909 1412 3979 depuis
1464 3907 1788 3977 Dioclétien,
1828 3928 1896 3966 ou
1931 3928 2032 3982 peu

472 4006 629 4050 arant
660 3996 738 4051 lui
762 4013 781 4052 :
808 4015 863 4087 9e
894 4007 1015 4068 peut
1036 3999 1144 4053 εἴτε
1167 4016 1267 4054 une
1294 4016 1477 4069 preuve
1503 4017 1600 4071 que
1621 4011 1699 4056 cet
1724 4012 1912 4057 auteur
1944 4004 2031 4057 n’a

470 4088 614 4156 point
645 4089 773 4143 écrit
798 4097 955 4143 arant
998 4105 1054 4143 ce
1083 4091 1352 4161 tempsola.
1389 4091 1529 4147 Mais
1564 4092 1620 4163 je
1644 4110 1708 4148 ne
1735 4094 1843 4147 uois
1885 4094 2031 4163 point

470 4195 567 4249 que
591 4181 646 4233 ni
672 4179 815 4236 alors
842 4181 897 4234 ni
918 4180 1205 4251 longtemps
1229 4182 1434 4251 depuis,
1457 4200 1523 4238 on
1542 4182 1690 4254 parle
1709 4185 1771 4238 de
1792 4196 1989 4253 sceptre
2010 4198 2030 4237 :

400 4344 404 4353 '
468 4282 516 4323 et
540 4269 775 4325 Macaire
797 4281 918 4342 peut
940 4273 1087 4328 avoir
1111 4272 1266 4327 voulu
1291 4290 1537 4345 marquer
1552 4290 1611 4330 ce
1630 4275 1721 4346 qui
1744 4291 1798 4330 se
1822 4275 2029 4345 faisait,

468 4363 569 4416 soit
591 4364 767 4432 parmi
790 4364 862 4419 les
884 4363 1160 4430 Romains,
1183 4366 1285 4420 soit
1312 4367 1484 4436 parmi
1504 4364 1581 4424 les
1601 4379 1777 4421 autres
1800 4367 2027 4438 peuples.

467 4451 662 4521 Liquet
686 4471 753 4510 ex
776 4455 861 4512 bis
888 4456 1088 4517 verbis.
1118 4457 1417 4513 rectissime
1431 4457 1544 4529 jam
1568 4469 1682 4513 tum
1709 4458 1839 4514 huic
1862 4458 2030 4514 dubio

467 4544 806 4603 satisfecisse
850 4548 1030 4619 ipsum
1077 4546 1517 4618 Tillemontium,
1558 4566 1684 4606 cum
1729 4549 2025 4607 Macarium

465 4652 575 4693 non
604 4638 671 4694 ad
710 4636 1080 4695 Romanorum
1113 4648 1343 4706 tantum,
1375 4642 1470 4698 sed
1500 4651 1553 4699 et
1585 4642 1814 4698 aliorum
1854 4658 2028 4713 popu-

465 4725 644 4782 lorum
668 4729 973 4798 respexisse
992 4743 1198 4784 morem
1226 4730 1520 4807 existimat,
1541 4731 1739 4802 quibus
1760 4747 2023 4802 purpura.

465 4818 716 4874 diadema
782 4830 944 4890 atque
996 4827 1267 4890 sceptrum
1331 4821 1473 4877 inter
1534 4822 1805 4893 praecipua
1865 4824 2024 4893 regiae

466 4909 743 4980 dignitatis
768 4912 1195 4970 numerabantur
1228 4913 1483 4986 insignia.
1513 4913 1639 4971 Pari
1672 4917 1835 4972 modo
1860 4917 2022 4971 etiam

466 4998 885 5071 Tertullianum,
916 5004 1233 5074 scriptorem
1264 5004 1443 5059 saeculi
1464 5020 1524 5071 ιι,
1552 5005 1665 5077 jam
1697 5015 1809 5061 tum
1840 5006 2023 5062 diade-

466 5092 630 5147 matis
662 5103 827 5163 atque
858 5095 1055 5165 sceptri
1080 5094 1214 5166 regii
1243 5096 1557 5153 meminisse
1583 5097 1811 5170 legimus
1836 5099 1892 5152 in
1926 5098 2021 5154 lib.

535 5251 673 5329 (ἤυ-
686 5251 827 5329 Vitl._
851 5252 1252 5329 Euseb.,Hist._
1270 5257 1408 5329 _eccl.
1437 5256 1543 5329 lib.
1574 5273 1696 5329 vin,
1726 5272 1847 5329 cap.
1876 5259 1931 5326 2,
1964 5272 2018 5329 p.

464 5323 695 5403 uaeas,
728 5323 1038 5403 agnitio.
1071 5341 1189 5397 cap.
1233 5326 1331 5392 l7,
1361 5344 1417 5399 p.
1447 5327 1571 5384 διδ.
1616 5327 1750 5385 Ibid.
1793 5323 1889 5385 lib.
1918 5323 2021 5400 ii,

463 5397 582 5462 cap.
614 5392 667 5458 9,
698 5409 750 5462 p.
780 5394 905 5448 562.

538 5463 646 5534 (52)
685 5463 745 5517 P.
778 5479 853 5517 ιιι.
885 5463 1011 5520 282.

468 5533 748 5657 “ﬁmi.
779 5548 853 5588 ιιι.
902 5535 1001 5590 501
1053 5551 1167 5609 seq.
1213 5538 1344 5595 edit.
1391 5537 1743 5651 Bmcleriana:
1793 5539 2015 5610 Argent.

537 5672 649 5748 (iis)
689 5673 851 5748 Plura
914 5676 1161 5748 exempla
1231 5677 1340 5733 huc
1397 5678 1646 5735 facientia
1712 5679 2019 5748 suppeditat

406 5814 411 5823 θ
469 5739 669 5823 Ἐγοιιέ.
691 5742 971 5823 [ιειῑὶυδΑὶιι
1000 5739 1354 5823 Cojnmentar.
1380 5750 1735 5823 d_e_republica
1758 5739 2017 5823 Remane,

469 5810 560 5895 lib.
609 5810 850 5895 i'x,__cap.
892 5815 1165 5895 2,p.‘_75_5
1204 5832 1360 5895 seqq.
1406 5810 1555 5895 Ideni
1589 5835 1806 5895 quoque
1846 5810 2020 5895 lleroé

474 5879 668 5939 dianus
703 5879 903 5955 libfvr,
935 5879 995 5942 cI
1021 5884 1077 5956 8,
1106 5889 1174 5942 de
1204 5879 1481 5945 Maximini
1510 5879 1772 5948 electione
1812 5891 1975 5946 refert
2002 5908 2014 5943 :

2137 3361 2404 3432 praesagio
2442 3360 2579 3431 (55).
2624 3360 2825 3415 Julium
2876 3360 3144 3414 Caesarem
3188 3359 3353 3412 etiam
3400 3356 3505 3410 hoc
3548 3354 3703 3426 regni

2137 3453 2349 3521 insigne
2385 3452 2726 3523 arrogantius
2771 3450 3085 3515 atl‘ectasse,
3136 3462 3191 3505 et
3241 3464 3365 3505 cum
3416 3448 3635 3519 quidam
3670 3464 3702 3503 e

2139 3544 2296 3599 turba
2352 3551 2549 3599 statua:
2597 3542 2767 3613 ipsius
2839 3557 3101 3597 coronam
3158 3542 3398 3599 lauream
3469 3540 3700 3597 candida

2137 3633 2303 3690 fascia
2382 3635 2715 3705 prmligatam
2774 3633 3169 3705 imposuisset,
3231 3634 3480 3688 tribunos
3530 3633 3707 3703 plebis

2137 3727 2349 3783 detrahi
2380 3742 2598 3782 coronae
2634 3725 2883 3792 fasciam,
2921 3736 2975 3782 et
3000 3727 3126 3782 duci
3167 3726 3225 3782 in
3265 3726 3483 3781 vincula
3525 3725 3705 3780 homi-

2138 3834 2262 3873 nem
2304 3819 2576 3889 jussisse,
2619 3819 2769 3875 testis
2799 3828 2885 3874 est
2935 3818 3231 3875 Suetonius
3279 3818 3335 3872 in
3388 3818 3508 3888 ejus
3554 3816 3703 3885 Vita,

2138 3924 2258 3979 cap.
2294 3908 2381 3964 79.
2419 3906 2530 3964 Nec
2561 3909 2791 3964 multum
2823 3908 3027 3974 abfuit,
3059 3908 3192 3979 quin
3218 3907 3524 3962 diademate
3568 3923 3706 3963 usus

2136 4007 2282 4054 esset
2340 3996 2624 4068 Caligula,
2674 3998 3017 4068 speciemque
3064 3997 3398 4067 principatus
3442 3997 3498 4053 in
3547 3999 3705 4068 regni

2137 4089 2370 4145 formam
2408 4090 2788 4158 convertisset,
2834 4089 2942 4145 nisi
2982 4089 3306 4159 prudentum
3342 4088 3399 4142 in
3442 4087 3566 4144 aula
3596 4086 3704 4144 Ro-

2138 4196 2300 4237 mana
2329 4181 2468 4237 ratio
2497 4180 2812 4251 imperatori
2836 4180 2952 4235 haec
2983 4179 3215 4250 insignia
3247 4179 3395 4247 regia
3429 4179 3702 4235 affectanti

2139 4272 2521 4344 suggessisset,
2552 4287 2675 4328 eum
2705 4281 2755 4327 et
2785 4270 3089 4343 principum
3115 4279 3168 4326 et
3189 4286 3375 4341 regum
3403 4272 3704 4327 excessisse

2139 4365 2416 4437 fastigium
2459 4365 2592 4438 (56).
2640 4364 2898 4433 Quamvis
2957 4366 3158 4438 igitur,
3211 4373 3495 4436 propterea
3553 4367 3703 4437 quod

2139 4458 2349 4529 regium
2383 4471 2612 4524 nomen,
2646 4471 2711 4512 ac
2748 4454 2978 4527 proinde
3008 4457 3292 4526 pr0prium
3342 4471 3531 4528 regum
3578 4455 3705 4511 insi-

2139 4566 2280 4623 gne,
2314 4558 2695 4606 aversarentur
2744 4547 3014 4615 Romani,
3046 4548 3353 4605 diademate
3409 4559 3707 4604 caruerunt

2138 4657 2235 4712 per
2264 4640 2471 4712 aliquot
2501 4640 2698 4697 saecula
2739 4653 2931 4695 eorum
2974 4639 3359 4717 imperatores,
3399 4648 3494 4694 aut
3537 4638 3703 4694 raris-

2135 4734 2273 4789 sime
2315 4747 2381 4789 eo
2426 4732 2512 4788 usi
2550 4730 2772 4786 fuerunt
2812 4748 2825 4784 :
2877 4730 3050 4785 nihilo
3097 4740 3281 4787 tamen
3321 4732 3506 4786 minus
3555 4730 3703 4785 istud

2132 4824 2457 4880 diadematis
2492 4838 2702 4894 genus,
2747 4821 2895 4893 quod
2947 4822 3189 4878 lauream
3231 4823 3394 4879 modo
3437 4837 3700 4877 coronam

2134 4916 2305 4973 fascia
2337 4914 2934 4986 candida‘praeligatam
2966 4914 3169 4982 refert,
3210 4915 3373 4969 etiam
3416 4914 3470 4967 in
3509 4913 3689 4967 numi-

2135 5006 2404 5062 smatibus
2426 5005 2701 5061 veteribus
2720 5005 3090 5075 Augustorum
3133 5004 3441 5075 incipientis
3485 5004 3699 5075 imperii

2134 5097 2461 5169 quandoque
2504 5095 2807 5151 adhibitum
2855 5095 3223 5165 conspicimus
3271 5094 3405 5164 (57).
3446 5091 3602 5150 Unde
3642 5102 3697 5149 et

2128 5258 2425 5344 Πορεεύραν
2452 5258 2796 5324 ἐπιϐαλόντες
2830 5258 3132 5330 βασιλικὴν,
3160 5257 3535 5330 αὐτοκράτορα
3561 5257 3706 5329 ἀναο,

2168 5346 2466 5383 οοευουσιν.

2128 5346 2195 5399 γο
2235 5346 2466 5383 ευουσιν.

2197 5346 2313 5465 ῗ55)
2352 5399 2508 5453 Conf.
2544 5397 2870 5453 Plutarchus
2899 5400 2951 5453 in
2975 5397 3094 5452 Vita
3125 5398 3223 5452 Cn.
3255 5396 3520 5465 Pompeii.

2222 5467 2312 5537 56)
2352 5467 2473 5523 Vid.
2510 5467 2798 5523 Suetonius
2833 5469 2887 5521 in
2917 5468 3037 5521 Vita
3055 5469 3332 5537 Caligulae,
3353 5483 3472 5535 cap.
3495 5468 3587 5522 22.

2221 5536 2312 5607 57)
2351 5537 2509 5593 Conf.
2564 5538 2788 5592 Antonii
2834 5537 3123 5607 Augustini
3185 5536 3537 5607 Antiquitates
3584 5536 3697 5591 Ro-

2125 5607 2319 5673 manae,
2346 5623 2411 5662 ex
2441 5609 2678 5663 nummis
2733 5617 2995 5671 veterum,
3041 5608 3250 5677 dialogo
3281 5607 3334 5671 6,
3381 5623 3435 5676 p.
3471 5625 3545 5662 ni.
3581 5608 3640 5661 8t
3678 5626 3692 5660 :

2126 5678 2551 5733 Christianorum
2601 5695 2719 5731 vero
2767 5680 3143 5747 imperatorum
3192 5695 3319 5743 (evo,
3360 5679 3497 5747 quod
3543 5679 3695 5731 lauro

2126 5749 2368 5803 coronari
2398 5748 2624 5813 nollent,
2663 5757 2721 5801 ut
2755 5749 2988 5802 solebant
3024 5749 3252 5816 Augusti
3283 5759 3406 5802 ante
3434 5748 3694 5802 Constan-

2127 5821 2223 5871 tini
2252 5818 2479 5873 Ctesarls
2534 5829 2767 5887 tempora
2789 5860 2804 5882 ,
2840 5820 2979 5871 seria
3029 5818 3129 5871 tali
3162 5819 3292 5871 vitta
3330 5819 3691 5888 cingebantur,

2126 5890 2284 5943 variis
2312 5890 2525 5959 gemmis
2558 5904 2617 5941 ac
2649 5888 2912 5957 lapidibus
2942 5888 3190 5943 distinctu
3206 5907 3225 5954 ;
3254 5898 3357 5944 etc.
