4058 6374
395 399 418 448 ἰ
430 395 534 452 363

1683 395 2032 453 MACARIUS
2071 398 2366 454 MAGNES.

3493 395 3633 455 1564

395 513 650 572 Horatius
701 515 819 585 ipso
860 531 972 571 aevo
1003 516 1232 586 Augusti
1280 514 1408 569 illud
1455 517 1700 571 diadema
1753 518 1957 587 regium
1987 527 2034 578 Α
2136 518 2162 589 §
2201 517 2337 573 XIII.
2381 517 2434 570 '5"
2473 516 2513 570 A
2545 517 2754 572 silentio
2789 517 3002 573 Eusebii
3043 528 3198 589 atque
3222 519 3551 590 Hieronymi.

394 607 499 664 hoc
527 608 690 662 modo
715 609 972 665 describit
1003 608 1184 663 Carm.
1217 609 1308 663 lib.
1345 625 1403 672 ιι,
1435 609 1524 663 od.
1553 609 1624 663 2:

637 761 870 830 Regnum
898 772 946 816 et
982 763 1225 816 diadema
1259 773 1430 817 tutum

637 832 882 901 Deferens
912 834 1022 899 uni,
1051 836 1420 904 propriamque
1444 834 1672 888 laurum.

389 962 684 1019 Inclinante
709 973 890 1021 autem
918 966 1132 1036 imperii
1161 975 1316 1022 atate
1336 967 1690 1021 Aurelianum
1719 967 1952 1036 primum

386 1057 603 1124 publico
641 1073 705 1112 ac
743 1059 976 1113 solemni
1003 1074 1154 1113 more
1183 1059 1288 1114 hoc
1321 1057 1626 1114 diademate
1652 1043 1828 1115 inisse
1860 1074 1952 1111 or-

387 1160 610 1213 natum,
668 1151 916 1205 meminit
979 1151 1230 1206 Aurelius
1281 1151 1465 1206 Victor
1513 1153 1566 1206 in
1608 1153 1778 1223 ipsius
1809 1154 1951 1220 Vita,

385 1255 506 1310 cap.
531 1240 617 1295 3.5.
649 1240 912 1306 Quamvis
960 1242 1266 1298 Joinandes
1289 1244 1424 1315 (58),
1473 1245 1750 1314 publicum
1788 1247 1950 1301 istum

385 1346 544 1386 usum
576 1332 912 1389 Diocletiano
946 1336 1182 1405 primum
1229 1337 1508 1390 attribuat.
1543 1336 1782 1408 Denique
1821 1339 1950 1393 dum

385 1425 584 1492 sceptri
646 1440 804 1480 usum
868 1427 1077 1496 regium
1128 1428 1300 1482 multo
1357 1429 1534 1484 adhuc
1597 1431 1950 1485 recentiorem

382 1513 703 1569 Diocletiani
751 1531 866 1570 aevo
921 1518 1060 1574 inter
1134 1518 1410 1575 Romanos
1478 1519 1647 1576 fuisse
1706 1530 1953 1576 autumat

385 1605 788 1674 Tillemontius,
827 1611 879 1663 in
927 1626 993 1664 eo
1023 1612 1164 1666 haud
1207 1628 1399 1682 parum
1442 1611 1558 1668 falli
1599 1614 1814 1668 videtur
1869 1615 1952 1669 vir

381 1701 731 1757 doctissimus
767 1713 819 1756 et
869 1703 924 1756 in
973 1703 1328 1759 historiarum
1372 1706 1570 1760 veteris
1608 1706 1708 1759 aevi
1752 1721 1950 1761 monu-

381 1793 582 1848 mentis
610 1794 745 1848 alias
771 1795 1196 1849 versatissimus.
1236 1795 1310 1850 De
1332 1795 1704 1852 Romanorum
1735 1799 1951 1868 regibus

2139 676 2382 746 Magnam
2437 674 2666 730 fortasse
2712 677 2945 745 speciem
3000 677 3198 738 habet,
3251 676 3395 745 quod
3450 676 3630 733 adhuc

2066 770 2356 839 objicitur,
2410 784 2586 838 neque
2615 769 2930 831 Eusebium,
2971 768 3442 838 diligentissimum
3492 769 3630 824 scri-

2064 871 2279 931 ptorum
2327 877 2438 916 suae
2485 861 2657 915 astatis
2703 861 3138 930 investigatorem
3165 902 3179 927 ,
3223 875 3399 930 neque
3433 858 3631 914 Hiero-

2064 969 2287 1024 nymum
2336 953 2390 1007 in
2432 952 2686 1022 Catalogo
2739 953 3055 1022 scriptorum
3117 953 3625 1020 ecciesiasticorum,

2063 1045 2368 1114 reliquosve
2399 1045 2561 1114 hujus
2595 1046 2810 1114 generis
2849 1045 3161 1114 scriptores,
3195 1045 3359 1100 ullam
3385 1059 3628 1114 unquam

2064 1135 2288 1192 Macarii
2343 1136 2603 1207 Magnetis
2661 1137 2855 1192 fecisse
2905 1137 3256 1203 mentionem,
3302 1138 3397 1191 sed
3458 1137 3627 1190 altum

2065 1229 2267 1298 ubique
2297 1229 2443 1284 illius
2474 1229 2699 1299 reperiri
2729 1229 3026 1284 silentium.
3053 1227 3417 1298 Praeterquam
3445 1238 3626 1283 autem

2059 1321 2204 1390 quod
2253 1336 2360 1375 non
2411 1322 2594 1374 omnia
2621 1321 2817 1376 veteris
2853 1319 3107 1376 Ecclesie
3155 1328 3506 1375 monumenta
3551 1318 3628 1374 ad

2062 1412 2278 1468 Eusebii
2346 1421 2400 1468 et
2459 1411 2771 1483 Hieronymi
2818 1428 3014 1468 manus
3056 1421 3454 1482 pervenerunt,
3511 1420 3624 1464 tum

2061 1507 2267 1560 multos
2297 1505 2434 1561 alios
2462 1520 2678 1574 quoque
2712 1505 3006 1574 scriptores
3037 1506 3234 1574 prisca:
3267 1505 3442 1559 aetatis
3477 1503 3629 1558 ﬁdei-

2060 1613 2165 1666 que
2208 1597 2431 1650 minime
2470 1597 2667 1662 dubiae,
2701 1611 2751 1651 e.
2807 1612 2856 1650 c.
2909 1594 3260 1667 Hymenaeum
3292 1605 3346 1650 et
3389 1595 3628 1649 Athena-

2059 1704 2268 1760 goram,
2284 1688 2497 1744 silentio
2520 1689 2587 1743 ab
2617 1688 2806 1744 iisdem
2828 1688 3219 1758 pratermissos
3243 1702 3385 1754 esse,
3407 1687 3630 1741 cuilibet

2059 1782 2368 1837 accuratius
2389 1782 2580 1850 legenti
2598 1781 3165 1851 patebit.Quapropter
3180 1789 3232 1833 et
3247 1779 3626 1845 Bellarminus,

380 1900 443 1937 ex
492 1883 731 1955 Dionysii
769 1883 1267 1941 Halicarnassensis
1317 1889 1426 1958 (59)
1473 1889 1785 1944 testimonio
1822 1906 1951 1945 con-

2060 1874 2136 1927 De
2167 1873 2507 1944 scriptoribus
2545 1873 2946 1937 ecclesiasticis,
2982 1872 3049 1927 ad
3084 1872 3484 1943 Athenagoram
3529 1871 3628 1924 0b-

382 1985 510 2041 stat,
555 1977 699 2045 quod
736 1975 1067 2048 Tarquinius
1097 1981 1421 2034 transmissa
1455 1981 1556 2036 sibi
1601 1981 1668 2036 ab
1708 1981 1951 2038 Etruscis

383 2066 615 2136 insignia
653 2067 820 2137 regia,
858 2081 1119 2123 coronam
1161 2069 1281 2125 scil.
1316 2085 1561 2134 auream,
1593 2078 1646 2123 et
1675 2079 1950 2140 sceptrum

379 2157 681 2212 eburneum
731 2160 785 2212 in
832 2161 1144 2214 summitate
1174 2163 1412 2231 aquilam
1465 2163 1707 2227 habens,
1749 2165 1952 2234 pariter

380 2255 544 2316 atque
575 2249 747 2318 ipsius
772 2266 1140 2316 successores,
1170 2261 1382 2324 gestare
1415 2255 1822 2310 consueverint.
1857 2255 1951 2310 Sic

379 2341 543 2400 etiam
589 2343 654 2395 de
711 2345 914 2412 populo
971 2346 1216 2401 Romano
1264 2347 1405 2401 idem
1455 2350 1684 2418 scriptor
1730 2350 1952 2404 insimul

380 2432 662 2488 memoriae
707 2435 972 2502 prodidit,
1018 2437 1163 2506 quod
1215 2446 1527 2494 exterorum
1569 2456 1756 2512 regum
1798 2452 1950 2510 pote-

380 2531 573 2577 statem
609 2525 1020 2594 conﬁrmaturi,
1067 2537 1282 2599 sceptra
1328 2539 1380 2586 et
1413 2532 1719 2587 diademata
1760 2534 1951 2589 iisdem

379 2615 632 2682 mittere,
665 2617 719 2672 in
763 2635 914 2675 more
961 2622 1271 2678 habuerint.
1304 2622 1522 2680 Scilicet
1555 2635 1814 2696 potestas,
1843 2625 1952 2681 for-

377 2719 533 2773 tuna,
569 2721 624 2765 et
651 2710 891 2766 elIicacia
945 2714 1177 2783 auspicii
1223 2716 1553 2787 consiliique
1584 2717 1742 2787 regii,
1779 2733 1808 2771 a
1845 2719 1954 2773 Deo

378 2802 659 2872 proiecta,
708 2807 908 2874 sceptri
971 2808 1219 2883 symbolo
1271 2809 1460 2863 debuit
1515 2810 1690 2864 notari
1739 2828 1753 2864 :
1797 2810 1953 2880 cujus

381 2905 642 2967 tanquam
704 2898 838 2969 regii
882 2900 1188 2954 ornamenti
1243 2916 1352 2955 non
1413 2901 1608 2981 minus.
1662 2903 1955 2957 meminere

381 2989 680 3058 scriptores
731 3005 900 3045 aureo
953 2992 1181 3061 Augusti
1225 3008 1340 3047 ξιξνο
1373 2993 1635 3049 celebres.
1688 2994 1765 3049 Ita
1809 2997 1953 3049 enim

381 3077 523 3132 inter
565 3077 786 3144 Priami,
824 3080 1187 3150 Trojanorum
1232 3081 1396 3152 regis,
1441 3083 1706 3152 insignia,
1757 3084 1955 3152 quibus

381 3169 684 3226 instructus
728 3173 851 3242 jura
904 3175 1110 3229 vocatis
1161 3173 1326 3229 dabat
1379 3176 1630 3246 populis,
1680 3186 1952 3248 sceptrum

381 3264 586 3336 pariter
611 3264 869 3338 Virgilius
900 3267 1014 3336 (60)
1041 3279 1325 3323 enumerat
1350 3287 1361 3321 :

419 3399 534 3474 I_I_oc
557 3400 767 3456 Priami
793 3412 1058 3474 gestamen
1087 3413 1222 3472 erat,
1257 3420 1374 3457 cum
1390 3404 1517 3474 jura
1548 3408 1742 3462 vocalis

419 3469 567 3544 More
589 3477 739 3526 daret
770 3469 1000 3542 populis,
1029 3469 1406 3543 sceptrumque,
1428 3491 1672 3544 sacerque
1691 3480 1878 3540 tiaras,

420 3539 954 3610 Iliadumque-labor,
991 3539 1267 3597 πεώδη...

382 3698 450 3753 Ει
482 3700 613 3770 quid
666 3702 840 3774 magis
884 3701 1210 3757 conﬁrmant
1258 3705 1467 3758 nummi
1519 3705 1785 3770 Adriani,
1824 3705 1951 3758 item

383 3792 646 3872 Antonini
674 3792 783 3858 Pii,
811 3805 865 3849 et
905 3794 1197 3852 Alexandri
1241 3796 1424 3852 Severi
1460 3798 1853 3868 Augustorum,
1896 3797 1954 3851 in

385 3885 588 3954 quibus
618 3885 837 3941 Justitia
869 3887 1108 3943 sedentis
1148 3898 1232 3944 est
1263 3889 1471 3954 habitu,
1500 3890 1722 3944 sinistra
1744 3891 1952 3960 virgam

383 3984 610 4041 tenens,
646 3979 834 4034 dextra
887 3996 1017 4035 vero
1071 3992 1314 4050 pateram
1362 3983 1622 4051 gestans?
1669 3981 1952 4052 Sceptrum

385 4070 591 4125 scilicet
610 4072 859 4142 designat
901 4074 1190 4144 imperium
1242 4075 1430 4129 mundi
1471 4090 1536 4130 ac
1564 4076 1698 4147 reip.
1724 4077 1952 4130 admini-

385 4164 738 4234 strationem;
782 4169 1138 4236 quamobrem
1180 4177 1233 4222 et
1271 4169 1478 4239 virgam
1508 4176 1683 4240 gestat
1714 4188 1725 4224 :
1767 4179 1950 4240 patera

384 4272 514 4311 vero
544 4256 890 4314 Divinitatem
936 4261 1227 4330 signiﬁcat,
1260 4262 1556 4332 interprete
1584 4262 1821 4317 Antonio
1842 4261 1952 4316 Au-

386 4348 603 4417 gustino
642 4350 697 4404 in
725 4351 938 4423 dialogo
975 4353 1011 4405 2
1037 4353 1430 4422 Antiquitatum
1471 4353 1860 4417 Romanarum,
1897 4355 1950 4407 in

385 4439 628 4493 nummis
655 4449 990 4512 veterum,p.
1019 4458 1093 4497 m.
1132 4445 1217 4499 19.
1257 4442 1491 4499 Unicum
1531 4447 1709 4500 adhuc
1755 4445 1949 4500 addam

384 4531 692 4599 exemplum
724 4531 1004 4598 Gordiani,
1040 4551 1237 4590 nomen
1264 4537 1608 4606 imperatoris
1637 4536 1952 4606 cultumque

386 4623 662 4691 gerentis,
707 4623 760 4677 in
813 4626 972 4694 cujus
1025 4643 1222 4696 pompa
1275 4639 1438 4698 atque
1492 4628 1752 4682 comitatu
1802 4629 1952 4698 regio

384 4715 567 4784 virgas
601 4717 891 4773 identidem
948 4719 1222 4775 laureatas
1255 4729 1651 4774 commemorat
1689 4718 1950 4775 Herodia-

385 4824 492 4862 nus
518 4807 661 4877 (6i);
714 4812 913 4880 quippe
944 4827 1055 4881 quo
1099 4813 1299 4880 insigni
1345 4813 1619 4882 principes
1650 4827 1680 4866 a
1728 4813 1952 4882 privatis

385 4901 797 4968 dignoscuntur.
856 4903 935 4956 Ex
988 4904 1187 4974 quibus
1227 4907 1483 4962 omnibus
1532 4905 1768 4960 dilucide
1817 4906 1952 4960 satis

384 4995 701 5058 coniicitur,
768 4997 1187 5066 descriptionem
1223 5000 1426 5069 regiam
1471 5015 1503 5053 a
1547 4998 1786 5053 Macario
1834 4997 1948 5052 Ma-

385 5094 544 5154 gnete
596 5103 760 5157 supra
801 5073 1020 5143 allatam
1074 5106 1106 5145 a
1159 5092 1550 5146 consuetudine
1591 5106 1655 5146 ac
1706 5092 1952 5146 moribus

385 5177 471 5230 sui
519 5179 701 5232 saeculi
755 5179 1177 5251 haudquaquam
1240 5197 1362 5237 esse
1416 5183 1688 5247 alienam;
1741 5196 1864 5235 cum
1898 5183 1951 5236 id

386 5268 545 5322 nobis
574 5270 834 5338 sulliciat,
865 5271 1034 5327 fuisse
1063 5289 1125 5327 ca
1159 5283 1314 5328 aetate
1352 5289 1506 5344 reges
1544 5289 1805 5342 purpura,
1835 5274 1952 5328 dia-

387 5360 597 5416 demate
634 5372 796 5431 atque
838 5375 1051 5434 sceptro
1100 5374 1359 5436 tanquam
1399 5365 1563 5443 regiis
1616 5367 1951 5428 ornamentis

389 5453 730 5522 conspicuos.

424 5658 570 5738 .(53)
610 5658 666 5714 In
713 5661 809 5738 li_b_.
855 5663 928 5717 De
968 5681 1240 5735 regnorum
1303 5685 1364 5721 ac
1414 5677 1700 5737 temporum
1747 5684 1949 5722 succes-

392 5733 555 5788 sione,
591 5745 711 5797 cap.
742 5733 830 5786 87.

459 5798 570 5874 (ἐξῇ)
611 5801 1156 5874 A_r_ztiqu_it.__Roman.,
1185 5807 1280 5858 lii).
1310 5823 1391 5874 ιιι,
1423 5824 1541 5874 cap.
1581 5799 1667 5861 il.

463 5867 573 5939 (66)
613 5867 834 5924 Αἶηεξά.
859 5871 952 5924 lib.
987 5889 1082 5939 vn,
1119 5867 1168 5928 v.
1198 5876 1325 5932 247.
1360 5867 1520 5932 Conf.
1559 5877 1690 5933 ibid.
1724 5879 1816 5934 lib.
1850 5894 1944 5947 xu,

2057 1975 2274 2024 servat:
2321 1964 2518 2018 Mirum
2564 1974 2736 2018 autem
2763 1973 2861 2031 est,
2909 1981 3004 2018 cur
3041 1963 3300 2018 Eusebius
3334 1962 3629 2030 diligentis-

2056 2064 2220 2122 simus
2267 2069 2580 2137 scriptorum
2625 2069 3000 2136 investigator,
3050 2065 3204 2135 liuius
3254 2065 3482 2119 auctoris
3525 2077 3629 2116 non

2058 2159 2369 2212 meminerit.
2397 2160 2548 2223 Quod
2594 2168 2770 2213 autem
2817 2157 2874 2212 S.
2927 2157 3280 2228 Hieronymus
3328 2158 3465 2210 hunc
3495 2157 3627 2209 scri-

2057 2263 2256 2320 ptorem
2315 2251 2570 2314 omiserit,
2617 2267 2720 2304 non
2771 2260 2849 2303 est
2884 2253 3014 2303 adeo
3061 2251 3274 2316 mirum,
3325 2264 3444 2302 cum
3494 2247 3626 2301 satis

2058 2352 2278 2407 constet,
2307 2342 2608 2413 catalogum
2641 2341 2698 2396 S.
2738 2341 3047 2412 Hieronymi
3074 2357 3138 2398 ex
3170 2341 3391 2394 historia
3416 2338 3630 2393 Eusebii

2057 2451 2166 2490 esse
2187 2435 2536 2503 desumptum,
2564 2434 2737 2504 quoad
2760 2435 2879 2488 illos
2903 2433 3201 2503 scriptores,
3227 2435 3317 2503 qui
3341 2431 3629 2486 Eusebium

2059 2536 2455 2597 processerunt.
2496 2526 2700 2581 Eadem
2753 2527 2916 2598 igitur
2965 2527 3104 2582 ratio
3156 2527 3317 2580 etiam
3365 2527 3466 2580 hoc
3507 2525 3630 2580 loco

2059 2620 2277 2683 valebit,
2313 2628 2368 2674 et
2414 2620 2561 2674 haud
2597 2619 2796 2674 mirum
2821 2661 2834 2683 ,
2884 2619 2928 2674 si
2961 2633 3061 2673 nec
3102 2617 3325 2673 Macarii
3365 2617 3630 2688 Magnetis

2061 2711 2168 2764 ulla
2195 2711 2262 2766 ab
2287 2710 2520 2766 Eusebio
2547 2720 2710 2780 atque
2742 2709 3073 2782 Hieronymo
3115 2711 3256 2766 facta
3284 2712 3356 2766 sit
3383 2712 3586 2766 mentio
3610 2729 3626 2778 ;

2061 2819 2185 2858 cum
2217 2803 2300 2858 vel
2332 2804 2448 2872 ipse
2484 2801 2752 2859 Eusebius
2789 2803 2897 2875 (62)
2931 2803 3183 2869 fateatur,
3216 2819 3274 2858 se
3308 2819 3414 2856 non
3445 2805 3629 2858 omnia

2061 2910 2254 2961 nosse,
2303 2912 2424 2965 quae
2479 2911 2543 2949 ex
2579 2904 2822 2951 veterum
2871 2896 3362 2952 ecclesiasticorum
3413 2895 3630 2964 scriptis

2063 3004 2163 3045 suo
2194 2989 2375 3044 adhuc
2417 2998 2658 3058 tempore
2684 2990 2828 3058 apud
2870 2990 3068 3045 multos
3103 2989 3459 3044 servabantur
3505 2990 3631 3043 Iau-

2062 3082 2258 3137 dabilis
2301 3082 2594 3152 diligentia:
2634 3094 2987 3156 monumenta
3014 3083 3364 3148 ;,multorum
3415 3097 3631 3152 quoque

2023 3173 2030 3176 ’
2062 3173 2464 3229 lucubrationes
2490 3175 2555 3230 ad
2581 3190 2638 3230 se
2661 3175 2880 3245 quidem
2907 3175 3141 3240 venisse,
3170 3191 3404 3244 quarunt
3447 3185 3630 3231 tamen

2061 3281 2129 3320 ne
2186 3267 2302 3335 ipsa
2358 3267 2577 3335 quidem
2632 3268 2854 3322 nomina
2906 3282 3191 3322 recensere
3237 3270 3519 3337 potuerit,
3577 3277 3633 3322 et

2059 3373 2292 3427 quorum
2319 3367 2593 3424 auctores,
2617 3359 2866 3428 quamvis
2888 3359 3176 3414 orthodoxi
3200 3371 3253 3414 et
3273 3359 3631 3415 ecclesiastici

2060 3451 2246 3515 fuere,
2283 3451 2502 3506 obscuri
2551 3459 2731 3504 tamen
2789 3451 3070 3521 ignOtique
3126 3450 3330 3505 fuerint
3367 3450 3628 3517 Eusebio,

2059 3551 2342 3612 propterea
2374 3543 2517 3612 quod
2551 3543 2651 3611 ipsi
2702 3543 2824 3596 libri
2867 3553 3154 3598 auctorum
3190 3558 3299 3597 non
3337 3541 3632 3612 przeferant

2060 3638 2300 3691 nomina.
2333 3637 2476 3703 Quin
2502 3645 2556 3691 et
2590 3636 2880 3707 Nicephori
2921 3637 3027 3692 (ΞΡ.
3057 3647 3215 3693 aatate
3249 3640 3396 3693 hunc
3441 3650 3632 3693 aucto-

2060 3743 2175 3783 rem
2220 3729 2448 3799 ejusque
2497 3729 2797 3784 doctrinam
2850 3738 2905 3784 et
2958 3731 3158 3800 scripta
3218 3733 3458 3785 nondum
3497 3732 3633 3786 satis

2060 3819 2232 3875 fuisse
2280 3820 2533 3890 cognita,
2584 3820 2911 3890 perspicitur
2945 3836 3010 3875 ex
3067 3821 3438 3892 indignatione
3484 3805 3628 3875 anti-

2061 3914 2247 3967 stitum
2281 3913 2711 3968 orthodoxorutn
2749 3913 2802 3966 in
2851 3928 2998 3978 eum,
3033 3913 3125 3982 qui
3163 3914 3471 3967 testimonia
3515 3910 3642 3967 Ma-

2060 4009 2235 4078 gnetis
2279 4008 2525 4060 mutilata
2565 4015 2948 4077 excerpserat:
2996 4007 3109 4059 Οὐκ
3157 4005 3376 4076 εἴχομεν
3417 4005 3494 4067 δὲ,
3539 4006 3624 4058 in—

2059 4101 2273 4171 quiunt,
2295 4101 2323 4154 ὄ
2373 4118 2422 4153 τι
2444 4100 2744 4170 δράσαιμεν
2770 4099 2875 4151 τῶν
2899 4099 2993 4152 νῦν
3024 4097 3398 4170 προελθουσῶν
3426 4098 3632 4149 εἵνεκεν

2058 4195 2306 4264 χρήσεων
2327 4209 2340 4220 ·
2375 4192 2492 4245 λίαν
2521 4192 2628 4263 γὰρ
2663 4190 3013 4261 θαυμάζομεν
3054 4190 3148 4244 καὶ
3180 4187 3628 4258 ἐκπεπλήγμεθα,

2058 4286 2205 4347 ὅστις
2239 4283 2370 4337 ποτὲ
2403 4287 2487 4353 εἰη
2528 4285 2556 4335 ὁ
2597 4282 2798 4347 ταύτας
2837 4275 3263 4354 ἀναλεξάμενος,
3305 4281 3380 4346 ὡς
3412 4281 3509 4344 τὰς
3544 4281 3629 4350 βί-

2059 4376 2218 4439 ϐλους
2252 4376 2421 4439 αὐτὰς
2453 4377 2552 4429 οὐκ
2599 4374 2893 4444 ἐξέπεμψε.
2938 4375 3171 4445 Πότερον
3196 4375 3292 4444 τῆς
3322 4375 3633 4444 ἐπιστήμης

2058 4471 2269 4540 καὶτῆς
2296 4469 2638 4532 διδασκαλίας
2661 4468 2756 4521 τοῦ
2783 4468 3138 4539 συγγραφέως
3172 4467 3440 4537 φθονήσας
3471 4469 3627 4536 ἡμῖν,

2057 4565 2168 4624 τοῖς
2222 4562 2425 4633 ταύτης
2473 4561 2778 4631 ἐφιεμένοις
2826 4561 2919 4612 καὶ
2973 4558 3346 4629 γλιχομένοις;
3407 4559 3477 4610 ’Ἡ
3535 4557 3630 4611 τὸν

2061 4654 2260 4708 σκοπὸν
2302 4656 2395 4707 καὶ
2427 4653 2524 4723 τὴν
2553 4652 2808 4706 ὑπόθεσιν
2840 4649 3253 4721 ἀποκρύψασθαι
3289 4642 3626 4719 βουλόμενος,

2057 4747 2132 4810 ὡς
2155 4747 2219 4816 δὴ
2253 4745 2413 4809 εὐθύς
2451 4764 2509 4798 τε
2555 4747 2645 4799 καὶ
2679 4748 2742 4798 ἐκ
2784 4743 3006 4816 πρώτης
3055 4743 3308 4814 ἐπιϐολῆς
3353 4741 3629 4812 ἐμφανοῦς

2059 4839 2152 4890 κα).
2183 4837 2346 4908 δήλης
2377 4840 2488 4900 τοῖς
2512 4837 2919 4906 ἐπευξαμένοις
2958 4834 3454 4904 καταστησομένης,
3491 4833 3626 4885 κάν-

2060 4928 2246 4983 τεῦθεν
2273 4929 2555 5002 διαδρᾶσαι
2594 4929 2700 4981 τῶν
2739 4925 3326 5003 δραματουργηθέντων
3359 4925 3448 4978 τὸν
3477 4925 3630 4994 ἐλεγ-

2060 5039 2170 5092 χον.
2207 5021 2263 5074 Id
2285 5029 2403 5075 est:
2435 5021 2517 5073 Ad
2553 5019 2762 5089 prolata
2794 5021 3091 5074 testimonia
3119 5019 3256 5088 quod
3285 5019 3493 5082 attinet,
3521 5034 3626 5070 non

2059 5116 2192 5168 satis
2225 5113 2461 5168 constitit
2495 5113 2667 5179 nobis,
2696 5113 2820 5184 quid
2853 5115 3158 5180 faceremus.
3188 5111 3450 5164 Miramur
3485 5111 3625 5164 enim

2061 5204 2208 5258 ualde
2234 5212 2282 5255 et
2323 5203 2731 5272 obstupescimus
2753 5245 2768 5269 ,
2813 5202 3050 5271 quisquis
3092 5201 3179 5254 ille
3211 5212 3287 5253 est
3318 5200 3406 5270 qui
3435 5216 3496 5252 ea
3525 5214 3621 5252 ea:-

2059 5298 2271 5366 cerpsit,
2304 5313 2397 5351 cur
2429 5296 2567 5365 ipsos
2599 5296 2757 5349 libros
2790 5311 2892 5347 non
2918 5295 3138 5347 miserit.
3168 5293 3252 5346 Au
3283 5293 3409 5361 quia
3445 5291 3617 5344 scien-

2060 5389 2188 5440 tiam
2208 5389 2605 5456 doctrinamque
2627 5386 2770 5438 itlius
2793 5383 3000 5437 laudati
3028 5384 3298 5453 scriptoris
3315 5380 3617 5451 optantibus

2059 5481 2205 5543 nobis
2248 5480 2764 5548 desiderantibusque
2813 5477 3044 5530 invidit?
3089 5480 3169 5531 An
3219 5477 3342 5546 quia
3394 5485 3618 5530 mentem

2057 5665 2487 5800 ν’(ῗίἳῗἨιδιον.
2521 5734 2616 5787 lib.
2651 5750 2748 5795 vn,
2773 5748 2822 5788 c.
2852 5732 2904 5794 6,
2933 5747 2986 5800 p.
3013 5746 3085 5785 ιιι.
3117 5728 3220 5784 305
3243 5746 3260 5786 :
3287 5709 3295 5718 ’

2151 5737 2241 5799 61)
2284 5737 2487 5789 Histor.
2521 5737 2616 5787 lib.
2651 5750 2748 5795 vn,
2773 5748 2822 5788 c.
2852 5737 2904 5794 6,
2933 5747 2986 5800 p.
3013 5746 3064 5782 m

2128 5737 2244 5876 $62)
2287 5805 2428 5859 Hist.
2464 5804 2588 5858 ραις
2625 5804 2718 5859 lib.
2745 5820 2797 5869 v,
2831 5819 2947 5873 cap.
2981 5801 3072 5855 27.
