4058 6386
318 455 340 508 1
351 454 457 508 365

1466 452 1746 511 ΝΟΤΙῘῙΊᾹ
1788 451 1875 506 ET
1916 450 2367 509 FRAGMENTA.

3424 460 3561 515 mea

318 574 551 629 auctoris
582 586 1043 647 argumentumque
1069 578 1258 643 operis,
1284 578 1421 648 quod
1458 581 1519 631 ab
1558 578 1667 648 ipso
1696 575 1875 629 statim

1985 591 2205 647 γραμμα
2266 578 2569 649 εὑρίσκεῖαι
2626 582 2680 633 ὲν
2743 581 2899 633 πέντε
2956 580 3177 650 βιὸλίοις
3237 581 3559 653 διηρημέκεον

315 669 534 723 exordio
562 667 767 723 evidens
797 670 1233 739 manifestumque
1266 670 1545 723 lectoribus
1574 671 1880 733 exstitisset,

318 760 604 828 occultare,
650 772 804 834 atque
835 764 910 816 ita
962 764 1260 832 [acinorum
1300 779 1514 815 suorum
1554 764 1805 815 indicium
1835 771 1883 814 et

317 854 692 907 convictionem
728 856 899 909 vitare
927 856 1093 909 voluit
1118 856 1140 909 .9
1167 864 1270 908 etc.
1303 853 1457 921 Quod
1496 855 1540 909 si
1568 854 1799 924 denique
1828 854 1882 906 in

317 946 584 1017 originem
620 947 847 1001 istorum
881 963 1127 1001 errorum
1153 949 1313 1017 paulo
1338 947 1579 1002 curatius
1608 946 1884 1016 inquirere

318 1038 567 1104 velimus,
610 1039 701 1108 qui
741 1038 975 1093 Macario
1018 1038 1248 1108 Magneti
1286 1049 1472 1093 nostro
1515 1039 1875 1108 imputantur,

317 1138 373 1183 et
394 1129 460 1184 de
483 1129 683 1199 quibus
704 1130 960 1201 deinceps
986 1130 1284 1184 disserendi
1314 1130 1466 1185 locus
1494 1131 1627 1195 erit;
1666 1131 1883 1199 majoris

318 1219 456 1275 forte
487 1221 667 1277 adhuc
724 1223 1089 1293 antiquitatis,
1136 1240 1298 1292 quam
1347 1223 1563 1293 quidem
1596 1223 1778 1276 saeculi
1825 1237 1881 1275 ιιι

317 1312 384 1367 ad
412 1311 573 1366 ﬁnem
606 1314 875 1382 vergentis
918 1315 1056 1367 ratio
1083 1315 1307 1384 patitur,
1354 1314 1499 1368 varia
1544 1313 1720 1383 colligi
1762 1327 1884 1382 pos-

316 1415 439 1459 sent
485 1404 721 1471 indicia,
772 1422 894 1475 quae
948 1407 1322 1473 superioribus
1365 1407 1696 1475 argumentis
1732 1404 1883 1471 haud

313 1511 508 1566 parum
553 1496 811 1552 adderent
865 1499 1100 1553 roboris.
1133 1497 1296 1553 Jubet
1327 1508 1505 1552 autem
1556 1496 1881 1562 necessitas,

316 1595 377 1643 ut
424 1587 567 1643 hanc
615 1588 1051 1657 disquisitionem
1100 1589 1166 1642 de
1226 1597 1381 1643 aetate
1430 1588 1670 1643 auctoris
1714 1587 1883 1642 nostri

316 1682 574 1737 ﬁniamus
624 1683 941 1752 mquissimo
996 1683 1234 1752 satisque
1272 1684 1498 1752 probato
1543 1680 1624 1735 Cl.
1660 1678 1883 1733 Joannis

314 1778 546 1833 Boivinii
577 1777 805 1847 judicio,
835 1776 979 1847 quod
1014 1793 1081 1831 ex
1105 1776 1441 1846 autograpbo
1470 1774 1569 1829 viri
1613 1784 1734 1843 post
1774 1771 1880 1826 fata

315 1871 627 1943 superstitis
657 1872 759 1927 hoc
794 1872 912 1926 loco
955 1872 1283 1942 subjungere
1329 1870 1474 1925 haud
1522 1870 1876 1941 injucundttm

1992 668 2124 739 πρὸς
2158 670 2416 741 Ἕλληνας
2452 673 2515 725 πὶ
2640 674 2696 725 ἐν
2730 677 2845 738 ταῖς
2882 676 3025 745 ρήσι.
3048 713 3062 728 .
3090 714 3101 725 .
3147 690 3212 744 με
3249 714 3261 726 .
3285 713 3297 726 .
3323 715 3335 726 .
3374 674 3402 725 λ
3434 714 3482 729 ..
3507 717 3517 727 .
3542 717 3556 730 .

1989 755 2047 810 ln
2084 756 2370 828 Nicephori
2417 763 2522 816 Ci’.
2575 764 2968 829 Antirrlteticis,
3003 780 3066 817 ex
3097 765 3297 833 quibus
3340 767 3561 833 potissi-

1991 867 2138 904 mum
2169 855 2406 909 auctoris
2433 856 2603 909 nostri
2639 855 2937 925 fragmenta
2964 856 3419 925 deprompsimus,
3448 858 3564 912 haec

1991 944 2216 1000 habetur
2245 947 2527 1017 inscriptio
2563 968 2574 1002 :
2608 948 2713 1002 Τοῦ
2745 950 2897 1018 ἁγίου
2926 950 3209 1021 Menapios
3250 953 3313 1003 ὲκ
3342 952 3440 1020 τῆς
3470 970 3560 1004 τε-

1989 1037 2190 1110 τάρτης
2224 1039 2405 1109 βίϐλου
2433 1042 2540 1096 τῶν
2579 1043 2992 1114 Ἀποκριτικῶν,
3024 1046 3195 1098 sancti
3238 1044 3466 1098 Macarii
3495 1060 3560 1100 ex

1990 1142 2175 1201 quarto
2204 1132 2337 1187 libro
2365 1134 2804 1205 Apocriticorum.
2850 1138 2905 1191 In
2938 1138 3059 1193 aliis
3104 1138 3383 1193 codicibus
3422 1154 3555 1193 mss.

1990 1225 2224 1280 citantur
2257 1226 2473 1281 Macarii
2523 1229 2898 1299 Ἀποκρίσεις;
2945 1230 3402 1299 quemadmodum
3454 1230 3558 1285 hoc

1990 1332 2128 1387 opus
2156 1319 2550 1389 apologcticum
2584 1335 2632 1373 e.
2660 1335 2709 1375 c.
2738 1321 2791 1374 in
2814 1321 2934 1375 eod.
2969 1319 3098 1390 Reg.
3128 1321 3281 1387 1986,
3309 1320 3402 1376 fol.
3428 1321 3554 1387 257,

1990 1424 2199 1463 necnon
2234 1411 2285 1463 in
2314 1411 2433 1465 cod.
2460 1412 2622 1476 9.955,
2650 1414 2892 1483 sequenti
2917 1416 3113 1482 gaudet
3139 1415 3294 1468 titulo
3325 1433 3334 1465 :
3366 1416 3559 1468 Μακα-

1993 1501 2105 1572 ρίου
2148 1500 2429 1572 Μάγνητος
2478 1505 2539 1556 ἐκ
2583 1504 2689 1557 τῶν
2725 1506 2859 1575 πρὸς
2890 1506 3154 1577 Ἕλληνας
3187 1507 3347 1560 αὑτοῦ
3394 1508 3554 1560 Ἀπο-

1990 1593 2242 1664 κρίσεων,
2276 1595 2325 1648 id
2355 1603 2434 1649 est
2466 1594 2690 1649 Macarii
2724 1596 2982 1666 Magnetis
3014 1615 3078 1652 ea:
3101 1599 3211 1668 ejus
3244 1600 3313 1653 ad
3344 1596 3551 1655 (ἔνατος

1989 1685 2290 1756 Responsis.
2324 1686 2397 1741 De
2434 1703 2543 1757 quo
2580 1690 2738 1743 titulo
2775 1691 2962 1745 audire
3007 1692 3153 1745 lubet
3188 1692 3361 1762 ipsum
3397 1691 3552 1748 Nice-

1990 1778 2223 1846 phorum
2262 1778 2334 1831 ita
2362 1779 2666 1848 loquentem
2708 1797 2719 1831 :
2748 1782 2819 1833 Τὸ
2844 1782 2899 1834 δὲ
2931 1782 3037 1835 τῶν
3078 1783 3466 1854 Ἀποκριτικῶν
3490 1786 3553 1838 ἐν

1989 1872 2053 1939 τῇ
2098 1871 2372 1943 ἐπιγραφῇ
2419 1873 2791 1943 προκείμενον,
2820 1874 3002 1945 ἐπειδὴ
3046 1874 3186 1929 κατὰ
3222 1876 3488 1949 διαφόρων
3519 1882 3550 1949 ἠ

315 1966 431 2020 fore
460 1966 874 2021 existimamus:
918 1980 1047 2018 sane
1090 1964 1133 2017 si
1168 1973 1397 2027 constet,
1424 1961 1718 2032 Magnetem
1754 1970 1877 2016 ante

1985 1960 2125 2025 λέξις
2172 1963 2582 2033 σημαινομένων
2633 1964 2891 2036 φέρεται,
2947 1964 3145 2029 ἱκανῶς
3191 1967 3554 2037 ἐπετάραττεν

314 2057 565 2128 Origenis
622 2067 864 2126 tempora
914 2056 1197 2121 floruisse,
1232 2065 1292 2109 ut
1334 2055 1552 2125 quidam
1602 2055 1879 2109 existinm—

314 2158 443 2205 runt
474 2149 607 2220 (65),
640 2148 890 2203 ﬂoruisse
932 2164 1053 2202 eum
1088 2163 1311 2203 necesse
1342 2156 1424 2203 est
1467 2163 1531 2201 ea
1558 2147 1672 2216 ipsa
1699 2157 1874 2210 astate,

314 2255 421 2309 qua
465 2240 747 2294 erroribus
803 2240 910 2294 illis
964 2256 1071 2293 non
1125 2239 1343 2295 defuere
1386 2239 1564 2308 magni
1603 2248 1873 2295 auctores.

316 2331 423 2386 Sed
451 2331 664 2385 interim
698 2331 825 2386 dum
859 2342 1021 2386 tantae
1048 2332 1329 2386 vetustatis
1378 2342 1693 2401 argumenta
1723 2332 1878 2387 nobis

315 2431 464 2478 certa
488 2433 797 2494 suppetant,
826 2425 995 2479 tutius
1032 2425 1192 2479 fuerit
1214 2441 1334 2478 cum
1380 2423 1683 2495 Nicephoro
1712 2425 1877 2493 patri—

315 2516 485 2571 archa
523 2527 576 2569 et
629 2516 751 2571 aliis
802 2514 1282 2570 lconomachorum
1327 2516 1653 2571 adversariis
1699 2515 1879 2570 Maea-

315 2606 459 2659 rium
505 2603 804 2676 Magnetem
835 2606 1033 2661 saeculo
1063 2606 1274 2675 integro
1308 2614 1542 2661 statuere
1579 2606 1874 2676 juniorem,

319 2707 381 2752 ut
406 2696 638 2769 Origene
667 2698 886 2767 quidem
929 2706 981 2752 et
1021 2696 1353 2754 Tertulliano
1387 2698 1673 2766 recentior,
1707 2697 1876 2752 Atha~

318 2788 476 2842 nasio
520 2795 699 2842 autem
737 2796 789 2842 et
835 2787 1050 2841 concilii
1094 2785 1296 2843 Nicceni
1351 2784 1603 2842 Patribus
1652 2786 1877 2856 aequalis

318 2880 599 2936 habeatur.

606 2969 634 3042 §
672 2968 810 3025 XIV.
849 2969 1073 3023 Macarii
1103 2969 1359 3040 Magnetis
1390 2970 1604 3039 scripta.

387 3065 713 3119 Accedimus
740 3080 884 3119 nunc
906 3064 971 3117 ad
1006 3063 1375 3117 recensiouem
1412 3062 1735 3131 scriptorum
1769 3061 1879 3116 Ma-

315 3157 450 3215 carii
485 3154 773 3225 Magnetis,
804 3171 1038 3226 quorum
1066 3155 1325 3209 hactenus
1348 3155 1489 3209 inter
1519 3155 1760 3212 eruditos
1789 3156 1878 3209 vix

315 3250 424 3305 ulla
455 3247 659 3303 exstitit
684 3246 968 3307 memoria,
996 3245 1192 3300 nedum
1218 3255 1359 3300 certa
1383 3244 1627 3315 quasdam
1658 3246 1876 3313 notitia;

315 3342 516 3413 quippe
545 3341 684 3395 inter
711 3338 1202 3394 vetustissimorum
1228 3345 1507 3392 auctorum
1529 3348 1877 3392 monumenta

315 3415 754 3501 deperdita'(62l)
806 3430 1086 3499 hucusque
1140 3429 1336 3499 injuria
1391 3438 1697 3499 temporum
1748 3429 1881 3484 deli-

315 3523 487 3578 tuisse
528 3523 640 3592 jam
693 3537 855 3591 supra
905 3521 1284 3575 indicavimus.
1322 3519 1387 3575 Et
1412 3520 1660 3591 quamvis
1691 3520 1877 3576 hodie-

319 3629 451 3668 num
479 3613 656 3667 adhuc
690 3613 895 3683 integra
930 3612 1102 3682 ipsius
1148 3628 1310 3681 opera
1342 3612 1409 3667 ad
1437 3627 1633 3667 manus
1666 3618 1880 3666 nostras
1928 3682 1933 3687 ι

316 3700 461 3759 haud
512 3705 897 3774 pervenerint,
941 3705 1177 3775 pretiosa
1229 3713 1408 3761 tamen
1457 3704 1879 3774 ἀποσπασμάτια

318 3798 744 3870 quamplurima,
772 3798 983 3868 aliaque
1002 3798 1245 3868 ejusdem
1271 3800 1550 3869 scriptoris
1578 3798 1879 3871 fragmenta

316 3890 385 3945 ad
408 3880 720 3945 doctrinam
745 3890 1165 3945 ecclesiasticam
1198 3905 1455 3960 perquam
1496 3891 1666 3952 utilia,
1693 3900 1879 3945 nostro

317 3980 532 4035 tandem
571 3980 771 4035 saeculo
812 3980 865 4034 in
904 3981 1363 4050 praestantissimis
1387 3981 1731 4037 bibliothecis
1763 3981 1879 4037 feli-

315 4071 452 4127 citer
492 4071 744 4139 inventa,
794 4087 823 4126 e
870 4080 951 4127 tot
998 4073 1319 4129 szeculorum
1369 4073 1604 4128 tenebris
1659 4074 1875 4129 demum

272 4158 285 4167 ’
314 4158 603 4214 emersisse
634 4160 1001 4230 maximopere
1036 4162 1352 4232 gaudemus.
1382 4161 1530 4231 Opus
1560 4162 1735 4232 ipsum
1774 4164 1876 4218 hu-

272 4242 279 4249 ’
310 4250 403 4320 jus
425 4252 719 4320 pervetusti
750 4253 985 4307 auctoris
1009 4253 1164 4307 titulo
1186 4253 1455 4324 Apologia:
1476 4254 1782 4325 evangelica:
1809 4257 1878 4309 ad

321 4341 693 4399 Theosthenem
731 4343 977 4399 adversus
1024 4346 1240 4414 gentiles
1286 4343 1556 4417 Evangelii
1584 4346 1877 4402 calumnia-

317 4443 453 4489 tores
496 4435 815 4506 insignitum
846 4436 1063 4506 quidem
1098 4435 1325 4506 legimus
1375 4453 1405 4492 a
1448 4436 1709 4493 Zacharia
1747 4438 1878 4494 Cre-

316 4526 482 4591 tensi,
512 4524 802 4593 Turrjano,
830 4525 1146 4594 Possevino,
1183 4528 1411 4599 aliisque
1436 4530 1828 4586 recentioribus
1862 4551 1873 4584 :

1984 2052 2090 2105 τῶν
2136 2052 2437 2106 ἀκουόντων
2488 2054 2583 2125 τὴν
2635 2055 2917 2127 αἴσθησιν,
2964 2057 3169 2111 ἔννοιαν
3211 2058 3255 2110 δ’
3285 2054 3376 2111 οὖν
3407 2060 3555 2127 ὅμως

1984 2144 2211 2196 ἐνταῦθα
2256 2147 2512 2217 παρεῖχεν
2538 2146 2614 2216 τῷ
2647 2148 3045 2218 ἐντυγχάνοντι,
3085 2149 3159 2213 ὠς
3191 2151 3283 2203 ἐπὶ
3314 2168 3554 2222 προηπο-

1986 2236 2234 2306 ρημένων
2260 2237 2292 2307 ἢ
2318 2238 2683 2309 προτεθέντων
2723 2241 2801 2303 εἰς
2844 2240 3064 2311 ζήτησιν
3109 2243 3369 2313 πρότερον
3396 2244 3555 2296 τινῶν

1983 2328 2154 2395 λόγων
2185 2329 2469 2397 ἐπάγεται,
2504 2328 2600 2400 τὴν
2637 2329 2788 2382 λύσιν
2834 2329 2867 2400 ἡ
2910 2332 3008 2402 τὴν
3051 2332 3323 2403 ἐπίκρισιν
3354 2334 3554 2387 τούτων

1978 2422 2415 2499 ρπαγοῳύουσα,
2449 2440 2501 2476 κ.
2545 2441 2595 2475 τ.
2635 2423 2683 2475 λ.
2722 2423 3160 2479 Arocnlrtcont'u
3188 2437 3362 2479 autem
3397 2443 3552 2480 voca-~

1985 2513 2184 2577 bulam,
2216 2514 2353 2584 quod
2377 2516 2429 2567 in
2461 2515 2615 2569 titulo
2656 2518 2908 2579 occurrit,
2936 2517 3060 2585 quia
3088 2518 3156 2570 ad
3187 2519 3357 2571 varias
3387 2520 3555 2588 signi-

1984 2603 2254 2671 ficationes
2297 2605 2627 2673 producitur,
2676 2616 2896 2660 mentem
2941 2608 3268 2687 audientium
3312 2625 3411 2661 non
3451 2626 3552 2677 pa-

1986 2710 2101 2748 rum
2138 2696 2407 2765 torquebat
2440 2696 2645 2751 :dabat
2676 2709 2849 2751 tamen
2894 2698 3075 2752 lectori
3119 2699 3253 2753 hanc
3296 2701 3555 2770 suspicio-

1985 2801 2124 2850 nem,
2159 2788 2417 2856 quasdam
2460 2788 2622 2856 fuisse
2663 2791 2975 2858 quaestiones
3016 2803 3137 2845 ante
3172 2800 3552 2858 controversas,

1984 2876 2060 2930 vel
2090 2876 2158 2930 ad
2189 2877 2586 2946 disceptandum
2624 2881 2943 2949 propositas,
2980 2879 3049 2933 ad
3082 2896 3211 2950 quas
3248 2882 3550 2935 vocabulum

1984 2967 2121 3020 illud
2150 2969 2448 3035 pertineret,
2483 2979 2531 3021 et
2557 2986 2780 3039 quarunt
2822 2972 2926 3024 sive
2958 2971 3267 3024 solutiOuem
3294 2973 3397 3026 sive
3427 2987 3553 3027 etca-

1986 3074 2100 3112 men
2134 3058 2410 3127 indicaret,
2434 3070 2538 3115 etc.
2570 3060 2701 3131 (65).

2078 3151 2105 3223 §
2136 3151 2252 3206 XV.
2286 3152 2494 3206 Notitia
2525 3154 2765 3207 codicum
2794 3171 2917 3209 mss.
2947 3158 3116 3225 operis
3145 3155 3464 3210 Macariani.

2057 3244 2275 3301 Exstitit
2308 3247 2436 3319 olim
2468 3247 2735 3317 integrum
2764 3263 2900 3319 opus
2923 3249 3315 3321 apologeticum
3344 3248 3555 3319 Magne-

1988 3339 2077 3403 tis,
2106 3338 2345 3408 quinque
2387 3326 2542 3393 libris
2587 3350 2863 3405 constans,
2894 3341 3035 3395 inter
3064 3355 3195 3395 mss.
3227 3341 3442 3395 codices
3468 3340 3552 3393 bi—

1988 3430 2270 3484 bliotheca:
2300 3428 2537 3496 Venetas,
2574 3445 2683 3500 quo
2716 3431 2899 3486 codice
2932 3447 2990 3487 se
3019 3447 3178 3486 usum
3206 3446 3325 3487 esse
3348 3432 3551 3500 passim

1988 3522 2272 3590 profitetur
2298 3519 2621 3585 Turrianus,
2668 3522 2795 3576 dum
2829 3522 2979 3577 varia
3028 3522 3224 3578 exinde
3259 3522 3556 3593 publicavit

1988 3623 2237 3683 excerpta
2265 3615 2459 3683 partim
2493 3613 2697 3677 Graece,
2740 3619 2938 3684 partim
2975 3614 3165 3671 Latine
3198 3624 3408 3670 tantum
3436 3615 3554 3669 edi-

1987 3714 2073 3773 ta._
2093 3702 2327 3759 Unicum
2367 3712 2577 3759 tantum
2610 3704 2783 3777 ipsius
2815 3704 2993 3759 locum
3021 3704 3201 3758 citabo
3223 3718 3289 3758 ex
3320 3712 3553 3758 tractatu

1986 3810 2086 3865 pro
2113 3794 2416 3851 canonibus
2459 3794 2688 3865 apostol.
2736 3805 2922 3849 contra
2955 3795 3363 3850 Centuriatores
3403 3793 3555 3865 Mag-

1986 3884 2132 3950 deb.,
2165 3884 2259 3938 lib.
2295 3899 2368 3948 Iv,
2408 3899 2459 3953 p.
2491 3900 2561 3937 ιιι.
2594 3884 2698 3938 517
2735 3885 2847 3955 (66)
2878 3903 2891 3937 :
2928 3867 3062 3938 Non.
3078 3885 3266 3955 pigebit
3297 3886 3380 3938 hic
3414 3901 3557 3953 repe-

1986 3986 2111 4041 tere,
2139 3975 2335 4044 inquit,
2365 3990 2481 4043 quae
2525 3991 2588 4028 ea:
2627 3976 2760 4028 libro
2789 3991 2821 4028 v
2866 3975 3126 4045 Magnetis
3173 3987 3357 4028 contra
3390 3974 3555 4029 Theo.

1986 4068 2215 4119 sthenem
2246 4067 2301 4118 in
2326 4066 2636 4136 Dogmatico
2660 4075 2839 4120 nostro
2861 4067 2923 4119 de
2951 4067 3338 4134 justiﬁcatione
3364 4065 3554 4121 Latine

1984 4160 2357 4227 interpretatus
2400 4174 2536 4222 sum,
2571 4174 2688 4211 cum
2715 4158 2778 4212 de
2818 4159 2921 4228 [ide
2964 4159 3190 4212 Abrahte
3222 4158 3547 4214 dissererem.

1987 4250 2045 4305 Si
2080 4254 2196 4321 quis
2221 4249 2404 4305 Graeca
2436 4251 2671 4319 conferre
2711 4251 2951 4317 voluerit,
2982 4251 3100 4303 inde
3134 4260 3295 4319 petat.
3324 4249 3552 4320 Scripsit

1984 4348 2068 4401 hic
2102 4355 2289 4400 auctor
2309 4353 2429 4397 ante
2467 4343 2609 4396 mille
2649 4352 2698 4397 et
2736 4343 3142 4414 quadringentos
3192 4361 3357 4398 annos
3386 4344 3549 4399 libros

1984 4442 2209 4511 quinque
2234 4438 2580 4509 apologeticos
2607 4455 2704 4507 pro
2730 4437 3034 4507 Evangelia,
3059 4439 3150 4508 qui
3193 4454 3352 4509 usque
3385 4439 3436 4492 in
3461 4439 3554 4492 Ito-

1984 4534 2222 4585 diernum
2252 4534 2390 4585 diem
2423 4533 2477 4584 in
2500 4531 2806 4584 bibliotheca
2841 4530 3030 4584 Veneta
3067 4542 3357 4585 servantur.
3383 4532 3554 4601 Cujus

318 4627 372 4673 et
416 4633 484 4673 ex
534 4619 805 4674 Turriano
860 4619 1137 4688 speciatim
1172 4629 1404 4687 constat,
1451 4623 1675 4692 quinque
1711 4621 1879 4678 fuisse
1913 4640 1955 4694 ο
1984 4624 2356 4679 testimonium
2392 4625 2437 4679 si
2464 4625 2556 4694 qui
2593 4634 2651 4680 ut
2680 4625 2796 4679 leve
2836 4639 2899 4678 ac
2930 4632 3244 4693 suspectum
3275 4624 3550 4695 rejiciunt,

315 4708 478 4764 libros
524 4709 934 4779 Ἀποκριτικῶν
974 4712 1088 4768 sive
1132 4711 1544 4782 Responsionum
1581 4714 1813 4783 scriptos
1846 4730 1876 4767 a

313 4798 562 4873 Magnete
594 4802 897 4858 hierarcha.
927 4801 1084 4869 Quod
1111 4812 1164 4859 et
1193 4803 1398 4859 diserto
1423 4805 1579 4876 longe
1608 4807 1880 4876 antiquio-

313 4895 391 4948 ris
423 4894 708 4963 scriptoris
742 4895 1096 4949 contirmatur
1129 4897 1436 4950 testimonio
1466 4897 1518 4951 in
1552 4897 1738 4952 codice
1772 4914 1875 4953 IIIS.

314 4984 655 5040 bibliotheca:
682 4984 862 5056 Regia:
890 4984 1213 5041 Parisiensis
1246 4988 1462 5058 optimae
1488 4997 1627 5044 noue
1654 4999 1707 5044 et
1740 4991 1879 5043 anti-

314 5076 542 5144 quitatis
568 5092 797 5132 numero
825 5078 984 5145 3502,
1012 5077 1105 5133 fol.
1149 5078 1277 5143 205,
1325 5080 1377 5133 in
1420 5095 1530 5149 quo
1569 5079 1636 5135 de
1663 5080 1817 5136 libris
1848 5097 1878 5135 a

313 5167 553 5223 Macario
605 5167 853 5240 Magnete
901 5171 1115 5240 scriptis
1165 5171 1281 5225 haec
1332 5171 1561 5240 paucula
1613 5171 1680 5226 ad
1726 5188 1877 5227 oram

317 5260 523 5317 codicis
550 5262 719 5316 minio
767 5270 954 5317 notata
984 5263 1254 5333 leguntur,
1298 5279 1418 5333 quae
1457 5265 1636 5334 quoad
1689 5265 1879 5320 ultima

313 5350 478 5405 verba
510 5352 795 5433 vetustatis
824 5351 954 5406 vitio
982 5353 1196 5422 penitus
1224 5351 1333 5407 fere
1360 5353 1641 5437 obliterata
1671 5354 1872 5409 inveni-

316 5457 440 5497 mus
483 5458 496 5495 :
534 5443 641 5497 Τοῦ
693 5444 978 5515 Μακαρίου
1026 5445 1315 5518 Μάγνητος
1366 5446 1460 5499 καὶ
1510 5444 1693 5517 ἕτερον
1747 5446 1878 5515 σύγ-

388 5595 502 5671 (63)
527 5596 739 5671 _Confer
773 5597 1039 5671 jqdicitim
1086 5597 1411 5671 'l‘illemontii
1445 5614 1510 5653 ex
1552 5599 1590 5651 l.
1626 5614 1675 5652 c.
1722 5614 1877 5668 repe-

320 5665 493 5740 titum'
526 5665 664 5740 in‘J.
697 5665 1039 5740 AJiFabricii
1089 5669 1299 5740 Delectu
1350 5665 1880 5740 argumentorum—de

319 5739 467 5791 verit.
501 5736 649 5807 relig.
681 5738 901 5806 (Πιερίδι,
931 5753 1053 5807 pag.
1090 5739 1177 5793 70.

390 5807 499 5888 (64)
523 5805 860 5888 Quapropter
890 5805 953 5863 et
989 5805 1038 5888 Ιἶ
1082 5809 1145 5863 Α.
1185 5808 1463 5888 ξοιπῑςὶυδ
1498 5813 1653 5888 hunc
1686 5819 1877 5888 aucto-

319 5893 431 5932 rem
480 5880 617 5932 inter
663 5880 956 5948 scriptores
1008 5880 1315 5949 deperditos
1352 5882 1534 5937 sccculi
1586 5897 1642 5934 ιιι
1685 5884 1877 5939 merito

1982 4714 2204 4769 credant
2246 4715 2435 4767 saltem
2482 4714 2720 4783 antiquis
2766 4713 3105 4768 bibliothecae
3144 4711 3363 4769 Venetae
3402 4725 3555 4769 cata-

1982 4805 2139 4874 logis,
2173 4820 2236 4858 ex
2270 4805 2468 4870 quibus
2502 4804 2847 4873 perspicitur,
2880 4804 3049 4858 libros
3092 4803 3215 4859 illos
3259 4804 3312 4858 in
3356 4804 3551 4859 biblio-

1980 4896 2135 4950 theca
2169 4893 2227 4947 D.
2261 4893 2422 4949 Marci
2468 4894 2655 4962 utique
2695 4903 3007 4949 asservatos
3049 4892 3252 4959 fuisse,
3303 4901 3550 4947 notatos-

1980 5002 2085 5057 que
2114 5002 2342 5042 numero
2375 4987 2439 5040 A.
2472 4987 2560 5050 H,
2594 4986 2757 5056 idque
2787 4988 2843 5039 in
2884 5002 3083 5057 papyro
3109 4997 3157 5041 et
3193 4988 3306 5039 sine
3331 4985 3547 5051 tabulis,

1981 5080 2034 5133 id
2071 5088 2173 5143 est,
2215 5079 2334 5133 sine
2378 5079 2634 5148 tegmine.
2671 5077 2886 5132 Similes
2935 5078 3207 5148 catalogos
3243 5077 3348 5131 hoc
3371 5077 3549 5144 ipsum

1980 5172 2386 5235 conﬁrmantes,
2415 5186 2585 5225 unum
2614 5164 2675 5223 in
2727 5169 2859 5224 bibl.
2895 5167 3060 5239 Regia
3088 5166 3287 5232 Paris.,
3318 5167 3547 5220 alterum

1980 5263 2034 5316 in
2078 5262 2412 5328 Colbertina,
2465 5276 2524 5317 se
2571 5260 2773 5316 vidisse
2819 5268 3052 5313 testatur
3108 5258 3177 5312 cl.
3233 5255 3546 5320 Boivinius;

1979 5354 2314 5425 proindeque
2354 5354 2498 5408 haud
2528 5351 2761 5415 dubitat,
2785 5351 2917 5419 quin
2944 5350 2981 5403 ii
3011 5349 3157 5412 libri,
3187 5347 3233 5402 si
3258 5346 3417 5401 hodie
3436 5361 3547 5401 non

1979 5447 2345 5517 reperiuntur,
2374 5445 2458 5498 vel
2502 5442 2645 5497 furto
2672 5441 2932 5511 perierint
2956 5481 2970 5507 ,
2997 5451 3057 5494 ut
3086 5440 3179 5494 alii
3215 5439 3543 5509 complures,

1978 5605 2161 5659 retulit
2200 5604 2255 5658 in
2304 5602 2628 5657 Bibliotheca
2654 5599 2859 5662 (ἔνατα,
2890 5598 2998 5651 vol.
3038 5596 3103 5657 V,
3143 5612 3193 5651 e.
3238 5597 3300 5661 l,
3326 5611 3380 5662 p.
3415 5597 3543 5653 276.

2051 5675 2161 5746 (65)
2188 5672 2387 5729 Confer
2410 5674 2573 5727 etiam
2599 5686 2719 5740 qua:
2753 5686 2913 5739 supra
2951 5669 3062 5739 jam
3097 5676 3209 5723 tum
3241 5667 3294 5722 in
3327 5667 3354 5738 ᾗ
3388 5668 3422 5724 8
3451 5670 3549 5723 ad-

1976 5745 2137 5800 ducta
2168 5754 2314 5799 sunt.

2052 5815 2160 5885 (66)
2195 5814 2336 5871 Edit.
2368 5812 2594 5870 Lutetia:
2630 5812 2785 5879 1573,
2815 5810 2974 5867 in-8°.
