4058 6376
546 405 685 462 1567

1841 395 2198 453 MACARIUS
2234 395 2535 453 MAGNES.

3659 400 3790 457 l368

3581 470 3609 487 δ

547 524 633 579 vel
677 524 786 579 situ
820 520 1127 592 consumpti
1162 520 1291 584 sint,
1337 521 1473 576 viles
1523 518 1731 575 scilicet
1761 519 1951 585 habiti,
1974 527 2027 572 et
2055 521 2124 572 ab
2155 525 2196 578 Α
2233 516 2520 587 Magnetis)
2563 533 2681 589 qua:
2725 532 2822 571 non
2872 518 3074 573 sincere
3120 528 3307 574 contra
3341 534 3524 575 sacras
3551 519 3798 591 imagines

547 617 686 688 ipsis
713 614 1139 671 bibliothecariis
1178 612 1428 684 neglecti,
1465 622 1749 683 propterea
1780 610 1926 681 quod
1959 611 2120 667 char-

550 707 693 763 taeei
731 715 785 762 et
833 705 973 760 male
1019 703 1310 774 compacti,
1346 713 1401 758 et
1448 702 1682 758 fortasse
1728 702 1905 757 mutili
1946 717 2012 758 ac
2044 702 2111 756 la-

548 799 661 855 ceri
699 810 875 855 erant.
908 796 1149 867 Eamque
1194 798 1365 868 ipsam
1397 812 1521 853 cum
1557 795 1803 851 Boivinio
1836 796 2125 865 opinamur

549 904 771 944 causam
813 887 1003 952 fuisse,
1041 904 1140 943 cur
1189 888 1242 942 in
1276 903 1371 943 eos
1412 888 1712 958 catalogos,
1753 887 1845 958 qui
1894 903 2039 943 nunc
2068 888 2121 941 in

546 980 874 1036 bibliotheca
922 978 1126 1035 Veneta
1177 989 1337 1048 sunt,
1391 995 1498 1034 non
1549 979 1704 1034 relati
1755 978 2022 1035 fuerunt:
2068 979 2123 1033 in

546 1072 746 1142 quibus
779 1073 984 1127 nullam
1015 1082 1230 1129 exstare
1257 1072 1521 1143 Magnetis
1554 1073 1908 1136 mentionem,
1938 1072 2122 1128 Boivi-

545 1165 697 1220 nium
722 1165 861 1219 olim
912 1164 1177 1219 docuerat
1220 1164 1336 1232 ipse
1381 1163 1829 1221 bibliothecarius
1863 1163 2123 1231 Venetus,

544 1255 955 1310 eruditissimus
1001 1254 1187 1310 Letus.
1225 1252 1383 1321 Quod
1429 1254 1572 1309 idem
1609 1255 1922 1325 nuperrime
1947 1256 2127 1311 adhuc

545 1362 611 1400 ex
634 1345 833 1401 litteris
879 1346 1185 1403 doctissimi
1226 1346 1512 1417 cujusdam
1560 1347 1745 1414 amici,
1780 1345 2022 1403 Venetiis
2047 1348 2130 1402 vi-

547 1447 657 1493 tam
692 1438 924 1509 agentis,
950 1454 1050 1509 ope
1079 1439 1410 1510 promotoris
1445 1446 1608 1509 atque
1645 1438 1864 1511 collegae
1899 1440 2128 1510 conjun—

546 1528 778 1584 ctissimi
829 1527 893 1583 Ι).
947 1528 1217 1584 Feuerlini
1281 1531 1680 1601 perspeximus.
1734 1530 1938 1587 Practer
1981 1532 2129 1587 hunc

546 1622 789 1677 codicem
824 1620 1114 1690 Venetam,
1147 1623 1239 1693 qui
1270 1638 1461 1678 omnes
1493 1624 1735 1693 quinque
1762 1624 1932 1680 libros
1968 1626 2129 1679 Ἀπο-

446 1722 455 1743 ³
546 1712 812 1784 κριτικῶν
846 1714 1132 1785 complecti
1157 1714 1381 1781 dicitur,
1427 1715 1481 1768 in
1524 1713 1776 1787 Catalogo
1807 1733 1934 1770 mss.
1964 1717 2128 1771 libro-

547 1823 666 1860 rum
718 1805 1044 1860 bibliotheca:
1099 1805 1391 1872 Vaticanw,
1430 1805 1523 1876 qui
1556 1806 1684 1861 olim
1725 1823 1890 1878 penes
1915 1809 2129 1879 episco-

2227 623 2480 680 usurpata
2506 621 2648 665 sunt.

2480 702 2507 775 §
2534 702 2674 758 XVI.
2710 703 2906 775 Scopas
2931 705 3249 775 scriptorum
3272 703 3554 777 Magnetis.

2306 792 2542 866 Scopum
2575 798 2740 852 totius
2766 798 2945 867 operis
2978 797 3197 853 Macarii
3233 799 3427 866 nostri,
3471 798 3540 854 de
3571 815 3679 870 quo
3704 817 3794 858 sn-

2227 901 2323 956 pra
2353 886 2467 956 jam
2509 894 2622 941 tum
2659 885 2686 959 §
2733 887 2765 941 9
2788 888 3061 957 .nonnulla
3094 888 3350 942 adnotata
3397 902 3523 943 esse
3553 891 3790 952 memini,

2227 978 2430 1047 optime
2471 977 2881 1048 dijudicandum
2929 993 3053 1033 esse
3099 978 3335 1033 arbitror
3362 994 3431 1033 ex
3468 977 3560 1032 illa
3592 977 3790 1034 descri-

2231 1069 2436 1141 ptione,
2468 1085 2631 1140 quam
2684 1068 3033 1139 Nicephorus
3071 1068 3380 1140 patriarcha
3421 1084 3547 1125 cum
3580 1062 3793 1140 reliquis

2234 1162 2592 1229 antistitibus,
2611 1162 2705 1233 qui
2724 1178 2936 1217 summa
2961 1178 3090 1217 cura
3120 1163 3221 1217 hoc
3251 1156 3513 1232 scripturn
3541 1161 3792 1235 Magnetis

2229 1254 2537 1325 perlegendi
2599 1264 2761 1325 atque
2817 1254 2963 1309 haud
3023 1252 3391 1325 perfunctorie
3446 1256 3785 1310 examinandi

2228 1362 2453 1403 causam
2482 1349 2741 1413 habuere,
2765 1357 3081 1419 sequentem
3113 1347 3168 1401 in
3201 1347 3424 1403 modum
3453 1347 3509 1402 in
3531 1349 3795 1403 Antirrhe-

2230 1442 2349 1495 ticis
2401 1439 2517 1496 suis
2561 1440 2859 1510 exposuit:
2909 1438 3188 1492 Θεοσθένει
3232 1437 3290 1492 δέ
3339 1456 3444 1493 τινι
3500 1442 3797 1511 προσφωνεί

2226 1536 2335 1590 τῶν
2363 1534 2501 1604 ἄγαν
2530 1532 2896 1587 εὐνουστάτων
2929 1531 3077 1604 αὑτῷ
3114 1531 3209 1585 καὶ
3255 1529 3457 1601 φίλων,
3489 1532 3583 1585 καὶ
3618 1530 3794 1603 ὥσπερ

2227 1628 2337 1683 τῶν
2364 1627 2539 1697 λόγων
2564 1627 2828 1700 διορθωτῇ
2869 1626 2963 1680 καὶ
3006 1627 3168 1699 κριτῇ
3202 1624 3520 1697 ὑπάρχοντι·
3548 1626 3576 1678 ὁ
3603 1624 3658 1678 δὲ
3683 1642 3797 1678 σκο-

2229 1722 2329 1784 πὸς
2356 1719 2502 1791 αὐτῷ
2541 1720 2643 1792 τῆς
2685 1718 3066 1793 πραγματείας
3099 1717 3242 1771 κατὰ
3280 1717 3546 1789 Ἑλλήνων
3573 1718 3796 1789 προάγε-

2229 1833 2339 1878 ται,
2368 1816 2462 1868 καὶ
2494 1812 2699 1867 τούτων
2733 1811 2965 1885 μάλιστα
2989 1812 3126 1884 πρός
3156 1829 3277 1865 τινα
3305 1810 3415 1865 τῶν
3447 1812 3510 1864 ὲκ
3535 1810 3635 1881 τῆς
3660 1811 3795 1882 Ἀρι-

544 1913 678 1968 pum
711 1895 1100 1953 Norvicensem
1129 1900 1182 1952 in
1208 1898 1401 1970 Anglia
1435 1897 1554 1964 fuit,
1587 1898 1832 1954 similiter
1860 1900 2124 1970 reperitur

2234 1905 2513 1971 στοτέλους
2541 1904 2820 1979 διατριϐῆς
2863 1906 2991 1959 ὄντα
3026 1903 3272 1976 ἐπιφέρει
3313 1902 3414 1969 τὰς
3441 1904 3793 1975 ἀντιρρήσεις,

550 1990 641 2045 hic
696 1990 889 2045 titulus
924 1990 1047 2044 libri
1079 1988 1409 2061 εΜάγνητος
1452 1993 1518 2045 ὲκ
1562 1991 1669 2046 τῶν
1697 1991 1834 2065 πρὸς
1863 1991 2130 2063 Ἕλληνας

549 2083 931 2156 ἀποκρίσεων,
973 2100 1134 2154 quem
1178 2101 1244 2140 ex
1292 2085 1393 2140 fide
1441 2095 1821 2157 excerptorum
1864 2084 1950 2141 Jo.
1994 2085 2125 2143 Ern.

552 2175 738 2232 Grabii
766 2176 873 2231 huc
902 2176 1250 2233 referendum
1298 2176 1580 2248 duximus,
1606 2188 1669 2236 ut
1707 2180 1950 2236 curatius
1976 2180 2127 2235 illum

551 2269 791 2325 codicem
836 2271 1195 2343 investigandi
1236 2272 1680 2330 subministretur
1712 2275 1951 2331 occasio.
1990 2272 2127 2329 Dum

551 2358 721 2432 igitur
758 2361 914 2431 plura
949 2376 1015 2417 ac
1048 2363 1282 2420 certiora
1311 2366 1378 2421 de
1410 2365 1624 2438 integro
1664 2381 1826 2437 opere
1868 2364 2132 2436 Magnetis

552 2452 846 2522 aliquando
899 2454 1201 2519 tradantur.
1246 2457 1518 2528 jacturam
1572 2459 1733 2514 istam
1786 2458 2131 2529 aliquatenus

552 2547 821 2603 resarcire
871 2547 1107 2618 juvabit,
1154 2549 1200 2605 si
1254 2551 1551 2622 pleniorem
1586 2550 2013 2625 fragmentorum
2063 2566 2130 2608 ex

553 2637 660 2692 hoc
692 2638 949 2694 thesauro
976 2639 1256 2711 deperdito
1289 2634 1669 2714 escerptorum
1720 2644 1967 2699 notitiam
2004 2659 2128 2699 cum

553 2728 770 2783 erudito
817 2729 951 2785 orbe
998 2731 1625 2802 communicaverimus,
1687 2732 2005 2806 fontesque,
2061 2750 2129 2791 ex

550 2820 754 2891 quibus
779 2820 886 2877 ista
924 2822 1144 2879 haurire
1181 2824 1357 2893 licuit,
1391 2825 1836 2882 indicaverimus.
1865 2826 2131 2884 Latebant

552 2914 760 2971 scilicet
806 2915 859 2970 in
894 2915 1239 2974 bibliothecis
1286 2933 1449 2989 opera
1485 2917 1542 2974 S.
1576 2917 1866 2990 Nicephori
1899 2921 2131 2991 patriar-

553 3009 671 3064 chae
699 3007 804 3065 CP.
840 3010 1168 3082 dogmatica,
1196 3016 1313 3069 slve
1340 3012 1491 3067 Libri
1518 3015 1849 3069 antirrltetici
1884 3031 1984 3087 pro
2025 3014 2131 3072 ﬁde

550 3101 851 3157 orthodoxa
875 3102 1137 3161 adversus
1165 3102 1654 3162 lconomachorum
1684 3105 1850 3163 falsas
1873 3108 2131 3164 crimina-

2229 2000 2385 2071 δόξης
2420 2000 2518 2072 μὲν
2559 1998 2668 2053 τῶν
2713 1998 3009 2071 μοναρχίαν
3040 1997 3449 2070 πρεσϐευόντων
3475 1996 3794 2068 ὑπάρχοντα,

2235 2092 2376 2165 μέγα
2406 2092 2463 2145 δὲ
2502 2091 2594 2145 ἐπὶ
2632 2089 2791 2163 σοφίᾳ
2834 2092 2900 2163 τῇ
2947 2088 3179 2163 θύραθεν
3221 2088 3558 2161 κεκτημένον
3587 2087 3645 2141 τὸ
3675 2086 3797 2158 c996-

2231 2202 2400 2259 νημα,
2431 2185 2527 2239 καὶ
2572 2183 2760 2247 δεινῶς
2804 2183 2905 2256 τὴν
2946 2183 3119 2255 ὀφρὺν
3148 2181 3290 2236 κατὰ
3325 2181 3438 2235 τῶν
3484 2180 3644 2252 ἱερῶν
3671 2181 3793 2233 ἀνα-

2234 2277 2453 2332 σπῶντα
2497 2276 2801 2345 δογμάτων,
2846 2275 3075 2339 καὶτοῖς
3125 2276 3190 2329 ὲκ
3226 2275 3328 2345 τῆς
3367 2273 3573 2338 οἰκείας
3613 2271 3792 2342 τέχνης

2232 2368 2530 2440 σοφίσμασι
2558 2384 2617 2436 τε
2647 2368 2742 2422 καὶ
2768 2366 3088 2439 πιθανότησι
3117 2365 3218 2436 τῆς
3251 2365 3553 2437 ἁπλότητος
3579 2364 3670 2418 τοῦ
3704 2380 3796 2435 μυ-

2232 2461 2454 2534 στηρίου
2502 2459 2595 2514 τοῦ
2639 2459 2760 2514 καθ’
2793 2459 2943 2531 ἡμᾶς
2984 2456 3556 2529 κατακομψευόμενον.
3590 2454 3645 2511 1d
3676 2463 3791 2511 est:

2232 2554 2506 2625 Scriptum
2547 2568 2698 2609 suum
2732 2559 2998 2621 nuncupat
3031 2549 3327 2624 (Macarius
3368 2547 3605 2621 Magnes)
3643 2546 3793 2601 Theo-

2231 2648 2401 2702 stheni
2439 2645 2651 2701 cuidam
2693 2644 3062 2699 amantissimo
3089 2642 3524 2713 charissimoque,
3564 2652 3611 2696 et
3653 2638 3792 2708 quasi

2229 2742 2489 2797 librorum
2539 2754 2754 2794 suorum
2795 2735 3122 2792 emendatori
3188 2749 3252 2787 ac
3311 2732 3511 2803 judici.
3561 2729 3790 2785 Instituti

2230 2849 2349 2888 vero
2380 2832 2551 2902 operis
2598 2845 2786 2900 scapus
2837 2838 3023 2881 contra
3057 2823 3267 2879 Graecos
3319 2823 3595 2893 dirigitur,
3642 2830 3690 2876 et
3732 2834 3790 2873 ea:

2231 2924 2471 2981 omnibus
2502 2939 2665 2978 unum
2692 2921 2923 2975 maxime
2949 2916 3291 2973 Aristotelica
3321 2915 3607 2986 disciplina
3631 2912 3790 2967 imbu-

2233 3026 2346 3072 tum
2377 3015 2612 3087 refellere
2650 3012 2938 3076 contendit,
2969 3010 3117 3064 illius
3147 3009 3357 3081 quidem
3391 3007 3649 3080 opinionis
3679 3004 3792 3074 fau-

2234 3119 2432 3177 torem,
2488 3123 2605 3178 qua:
2649 3104 3011 3159 monarchiam
3059 3101 3286 3167 statuit,
3334 3100 3581 3154 doctrina
3629 3105 3792 3150 autem

549 3193 727 3250 tiones
755 3203 808 3249 et
830 3210 1087 3265 perversa
1117 3196 1372 3268 dogmata
1387 3197 1524 3269 (67),
1543 3200 1598 3255 in
1627 3200 1829 3271 quibus
1853 3202 1993 3258 inter
2023 3201 2128 3257 alia
2156 3202 2198 3259 C
2232 3200 2460 3272 profana
2495 3197 2779 3263 tumidum,
2810 3204 2861 3251 et
2897 3195 2953 3249 in
2980 3209 3137 3248 sacra
3168 3192 3422 3262 dogmata
3455 3187 3680 3245 terribile
3706 3200 3791 3240 su-

546 3286 817 3357 reperitur
841 3286 1149 3359 Disputatio
1191 3290 1256 3345 de
1299 3290 1530 3346 Macarii
1578 3292 1845 3366 Magnetis
1891 3296 2130 3351 testimoo

548 3381 674 3447 niis,
707 3397 873 3450 quam
902 3397 967 3438 ex
1004 3383 1178 3439 tribus
1217 3382 1502 3441 codicibus
1536 3400 1669 3442 mss.
1711 3386 1929 3461 optime
1961 3394 2125 3453 notae,

549 3472 718 3546 Regio
746 3474 1063 3543 Parisiensi,
1094 3474 1412 3534 Colbertino
1454 3486 1508 3533 et
1536 3477 1873 3535 Coisliniano
1912 3479 2125 3535 descri-

546 3575 697 3638 ptam
744 3583 811 3623 ac
858 3568 1174 3625 ﬁdelissima
1230 3585 1363 3626 cura
1416 3571 1669 3628 collatam
1724 3572 2123 3628 exhibebimus.

545 3656 898 3743 Colbcrtiuus
949 3660 1119 3718 codex
1173 3662 1660 3731 membranaceus,
1709 3664 1869 3734 cujus
1921 3664 2129 3720 descri-

546 3749 710 3805 bendi
755 3752 968 3821 copiam
1019 3753 1090 3809 cl.
1147 3749 1233 3809 Jo'.
1283 3752 1532 3809 Boivinio
1581 3754 1697 3826 jam
1755 3763 1871 3811 tum
1926 3748 2127 3811 fecerat

548 3840 741 3913 Steph.
773 3842 1051 3913 Baluzius,
1074 3855 1421 3918 pervetustus
1461 3856 1565 3914 est,
1601 3864 1893 3915 annorum,
1921 3858 1981 3904 ut
2009 3848 2127 3919 opi-

547 3936 781 3992 nabatur
825 3937 1132 4008 Boivinins,
1161 3940 1552 4011 sagacissimus
1598 3942 1941 4013 antiquitatis
1982 3942 2126 3999 litte-

545 4027 708 4083 rariae
752 4040 1158 4100 perscrutator,
1208 4031 1380 4088 ferme
1431 4035 1890 4107 octingentorum.
1922 4036 2125 4106 Regius

545 4121 1001 4181 membranaceus
1051 4125 1228 4182 eidem
1257 4128 1431 4184 multo
1471 4129 1748 4184 recentior
1770 4137 1984 4184 aetatem
2018 4129 2124 4185 500

542 4225 816 4283 annorum
852 4231 963 4287 prae
1010 4231 1071 4273 se
1103 4215 1265 4283 ferre,
1295 4226 1349 4274 et
1372 4234 1438 4274 ex
1468 4219 1640 4291 priori
1674 4219 1979 4294 descriptus
2001 4236 2124 4280 esse

543 4304 776 4361 videtur.
812 4306 1185 4365 Coislinianus
1212 4310 1573 4382 bombycinus
1616 4312 1856 4383 quidem,
1885 4315 1980 4371 sed
2007 4316 2124 4371 exi-

544 4397 670 4454 mia;
713 4399 1072 4457 nihilominus
1121 4410 1285 4468 notas.
1328 4413 1383 4457 et
1427 4403 1708 4475 antiquus,
1756 4406 2009 4464 videlicet
2064 4425 2120 4464 χι

544 4488 763 4545 circiter
812 4494 1019 4560 saeculi,
1050 4493 1237 4563 judice
1281 4494 1451 4551 celeb.
1497 4494 1562 4551 D.
1615 4495 2021 4554 Montfauconio
2063 4501 2117 4555 in

541 4580 876 4638 Bibliotheca
900 4582 1250 4651 Coisliniana,
1280 4586 1401 4642 cod.
1436 4602 1589 4651 xcnt,
1616 4603 1739 4659 pag.
1772 4589 1893 4643 145.
1921 4588 1979 4645 ln
2014 4591 2120 4648 hac

541 4673 917 4745 Disputatione
944 4677 1093 4733 varia
1134 4679 1385 4750 leguntur
1415 4689 1668 4750 excerpta
1694 4696 1759 4737 ex
1791 4682 1945 4738 libris
1975 4683 2122 4754 Apo-

542 4769 747 4824 criticis
790 4769 1011 4827 Macarii
1048 4772 1161 4828 sive
1206 4788 1273 4829 ex
1321 4775 1442 4845 ejus
1486 4775 1718 4847 dialogis
1764 4793 1890 4833 cum
1930 4777 2120 4835 Graeco

539 4862 658 4917 sive
707 4862 926 4919 ethnico
975 4865 1325 4937 philosopho,
1377 4868 1580 4938 quibus
1620 4873 1901 4941 prtemissa
1951 4880 2038 4927 est
2088 4888 2119 4928 a

538 4953 846 5039 Nicephoro
884 4959 1189 5031 Ἐπίκρισις
1224 4961 1341 5031 ἤτοι
1374 4961 1701 5036 διασάφησις
1727 4964 1836 5019 τῶν
1868 4966 1966 5020 οὐκ
1994 4965 2121 5020 εὐα-

537 5049 647 5117 γῶς
678 5049 1047 5122 ὲκληφθεισῶν
1080 5054 1220 5107 κατὰ
1244 5053 1352 5108 τῶν
1382 5054 1543 5127 ἱερῶν
1590 5057 1814 5113 εἰκόνων
1848 5059 2116 5130 χρήσεων,

536 5143 804 5214 γενομένη
829 5144 978 5215 παρὰ
1004 5144 1113 5199 τῶν
1148 5145 1507 5217 προεστώτων
1539 5148 1633 5202 τοῦ
1660 5148 1822 5221 ὀρθοῦ
1858 5150 1958 5221 τῆς
1999 5152 2120 5205 Ἐκ-

536 5234 763 5306 κλησίας
793 5236 1086 5307 δόγματος,
1113 5238 1167 5292 ἰιι
1203 5248 1286 5293 est
1311 5258 1325 5293 :
1352 5240 1669 5294 Antistitum
1706 5242 2117 5296 ortltodoxorum

534 5327 797 5393 iudicium
825 5330 931 5384 sive
962 5330 1257 5385 declaratio
1288 5332 1353 5386 de
1376 5333 1688 5389 testimoniis
1719 5334 1864 5406 (scil.
1895 5334 2116 5391 Macarii

606 5573 719 5643 (67)
737 5576 924 5652 Cujus
950 5579 1133 5649 operis
1171 5580 1362 5652 inediti
1399 5593 1753 5652 conspectum
1780 5592 1946 5652 atque
1967 5585 2116 5639 elen-

534 5643 698 5698 chum
732 5643 961 5702 Parisiis
987 5643 1142 5704 anno
1172 5651 1310 5706 l705
1347 5643 1586 5710 vulgavit
1616 5651 1683 5707 Β.
1721 5652 1784 5708 Ρ.
1826 5643 2117 5710 Ᾱηεριπιυε

534 5710 860 5794 Eandurius,
906 5734 1073 5794 quem
1120 5720 1201 5794 B._
1224 5721 1281 5794 ..1)
1323 5722 1389 5776 A.
1438 5710 1721 5778 Fabricius
1776 5723 2117 5781 Bibliotheca:

536 5783 732 5860 Urgent
764 5785 992 5860 yolLVI,
1015 5803 1137 5860 pag.
1173 5790 1279 5844 640
1307 5806 1484 5860 seqq.,
1512 5794 1762 5851 inseruit.

605 5851 716 5921 (68)
764 5852 819 5908 ln
852 5851 1148 5912 Exercitui.
1181 5862 1356 5915 select.
1387 5851 1532 5931 'p'art.
1568 5874 1796 5932 poster.,
1827 5879 1948 5935 pag.
1987 5865 2112 5921 255.

2150 4542 2199 4603 Ι)

2229 3291 2505 3364 percilium
2555 3287 2903 3352 attollentem,
2932 3301 3143 3357 sumque
3171 3285 3305 3339 artis
3348 3282 3633 3353 fallacibus
3677 3293 3791 3333 con-

2229 3383 2576 3440 clusiunculis
2604 3379 3065 3451 probabilibusque
3102 3375 3645 3449 argumentationibus
3671 3371 3791 3426 sint-

2227 3479 2460 3549 plicitati
2493 3476 2615 3542 ﬁdei
2662 3484 2859 3530 nostra:
2890 3472 3219 3528 illudentem.
3253 3469 3465 3526 Exinde
3497 3469 3658 3539 igitur
3683 3463 3789 3537 pri—

2227 3586 2377 3625 mum
2426 3570 2480 3623 in
2509 3580 2766 3638 promptu
2815 3575 2900 3621 est
2930 3563 3327 3620 Theostbenem
3365 3577 3477 3618 non
3511 3559 3676 3616 fuisse
3703 3555 3797 3618 ad:

2226 3660 2526 3717 versarium
2573 3658 2792 3713 Macarii
2842 3656 3106 3727 Magnetis
3137 3670 3262 3710 cum
3311 3669 3425 3725 quo
3462 3654 3517 3709 in
3556 3652 3789 3720 disputa-

2229 3754 2375 3810 tione
2428 3768 2529 3808 sua
2563 3750 2928 3816 contenderit,
2967 3748 3063 3805 sed
3110 3747 3346 3803 amicum
3398 3745 3789 3805 charissimam,

2226 3846 2293 3902 ad
2328 3858 2491 3915 quem
2542 3858 2641 3898 ceu
2697 3840 2964 3912 Optimum
2996 3838 3235 3910 judicem
3283 3838 3595 3909 Apologiam
3642 3845 3787 3889 suam

2226 3953 2327 4010 pro
2356 3936 2606 3992 doctrina
2635 3933 2950 3990 Christiana
2997 3939 3188 3988 contra
3237 3930 3468 4002 gentiles
3514 3922 3788 3995 Evangelia

2225 4029 2626 4087 calumniantes
2660 4027 3012 4097 conscripsit,
3066 4025 3300 4097 ejusque
3342 4022 3552 4079 nomini
3580 4016 3784 4075 dicavit.

2225 4124 2455 4180 Fallitur
2484 4132 2771 4194 propterea
2805 4121 3110 4177 Turrianus
3153 4129 3269 4176 tum
3304 4121 3359 4176 in
3392 4118 3699 4192 praefatione
3725 4111 3787 4167 ad

2226 4216 2641 4273 Constitutiones
2674 4213 3017 4286 apostolicos,
3052 4223 3165 4269 tttm
3197 4213 3251 4267 in
3280 4212 3447 4268 lib..u
3474 4226 3573 4284 pro
3596 4208 3786 4280 episto-

2223 4311 2291 4366 lis
2322 4308 2662 4381 pontiticum,
2689 4323 2809 4380 cap.
2837 4308 2892 4373 5,
2918 4323 2973 4380 p.
3015 4323 3090 4362 m.
3133 4305 3237 4361 120
3286 4306 3342 4375 b,
3373 4306 3467 4378 qui
3502 4299 3787 4359 Theosthe-

2222 4421 2348 4461 nem
2406 4404 2560 4459 illum
2617 4412 2877 4472 tanquam
2930 4400 3316 4471 philosophum
3383 4393 3783 4467 Peripateticum

2223 4497 2418 4562 Celso,
2453 4495 2757 4566 Porphyrio
2810 4502 2866 4548 et
2912 4491 3162 4560 Juliano,
3208 4489 3508 4547 Christiani
3562 4481 3786 4542 nominis

2226 4588 2494 4653 hostibus,
2548 4600 2832 4658 perperam
2881 4584 3061 4656 jungit
3095 4601 3109 4638 :
3144 4583 3416 4654 simulque
3452 4581 3508 4636 in
3547 4574 3783 4633 eumdem
3820 4580 3823 4583 '

2224 4696 2468 4736 errorem
2500 4695 2529 4734 a
2563 4678 2836 4733 Turriano
2860 4676 3067 4732 inducti
3092 4684 3220 4732 sunt
3246 4674 3579 4738 Blondellus,
3606 4668 3785 4722 Alber-

2221 4774 2406 4839 tinus,
2439 4771 2689 4837 Caveas,
2724 4769 2992 4837 Sandius,
3025 4778 3081 4825 et
3122 4767 3293 4823 Wilh.
3337 4766 3468 4823 Ern.
3512 4758 3784 4818 Tenzelius

2225 4864 2362 4936 (68),
2409 4873 2719 4920 asserentes
2757 4862 3061 4934 Magnetem
3101 4860 3474 4916 Christianum
3513 4851 3782 4924 scripsisse

2222 4956 2485 5012 adversus
2551 4954 2952 5011 Theosthenem
3019 4954 3314 5025 gentilem,
3371 4942 3778 5016 discrepantiam

2219 5050 2679 5121 evangelistarum
2754 5058 2810 5104 et
2878 5048 2984 5103 alia
3048 5048 3104 5101 in
3155 5044 3463 5117 Evangeliis
3519 5043 3777 5096 notantem

2220 5142 2663 5211 Christianisque
2704 5141 3076 5212 objicientem.
3107 5139 3331 5195 Rectius
3378 5146 3555 5193 autem
3583 5127 3777 5183 Zacha-

2220 5236 2334 5290 rias
2358 5235 2636 5291 Cretensis
2661 5235 2791 5290 citat
2821 5233 3085 5305 Magnetis
3129 5231 3444 5301 Ἀπολογίαν
3485 5223 3576 5279 τοῦ
3621 5220 3781 5283 Εὐαγ’

2220 5327 2404 5396 γελίου
2452 5328 2590 5401 πρὸς
2631 5328 2931 5399 Θεοσθένη,
2982 5342 3144 5397 quem
3189 5334 3409 5382 secutus
3454 5326 3537 5375 est
3585 5314 3773 5368 Διιιοιιο

2220 5580 2547 5654 Conferatur
2567 5581 2730 5654 etiam
2756 5580 2806 5636 ι.
2835 5581 2899 5636 Α.
2925 5580 3158 5654 Fabricii
3206 5578 3475 5654 Salutaris
3495 5572 3589 5654 tu;
3613 5566 3780 5654 ξυᾳιξτ

2221 5653 2362 5722 ρι’ίίίν
2410 5668 2532 5723 Ρθίξ.
2569 5653 2691 5716 154,
2738 5663 2793 5707 et
2819 5668 2943 5707 ven.
2997 5652 3059 5707 D.
3103 5652 3389 5708 Moshcmii
3424 5646 3776 5723 Institutione!

2222 5718 2832 5778 ltistorim'Cltristiante
2875 5724 3215 5791 antiquioris,
3268 5738 3393 5779 saec.
3447 5731 3527 5784 tu,
3573 5718 3704 5784 pal‘l-
3737 5718 3773 5769 Ι,

2225 5793 2254 5862 §
2288 5793 2340 5861 7,
2367 5810 2418 5864 p.
2458 5793 2556 5849 2H
2592 5794 2850 5850 editionis
2885 5795 3230 5865 nuperrimae.
