4058 6390
379 414 517 471 i369

1559 410 1842 466 NOTlTlA
1877 411 1963 465 ΕΤ
2003 411 2443 468 FRAGMENTA.

3484 413 3622 468 1370

375 526 706 583 Passerinus
741 525 1042 598 Apparatus
1072 529 1210 582 sacri
1242 537 1372 584 tom.
1405 527 1471 592 Il,
1504 545 1557 599 p.
1587 545 1661 584 ιιι.
1699 529 1788 594 50,
1813 529 1948 584 scri-
1975 531 2020 590 Α
2052 530 2141 584 isti
2167 529 2378 584 Platoni
2410 545 2517 600 prae
2557 529 2766 584 caeteris
2816 528 3088 592 faverent,
3121 539 3174 582 et
3203 527 3285 581 vel
3314 526 3622 582 Platonico—

373 619 508 675 hens
541 619 608 672 de
635 617 912 688 Magnete:
932 618 1254 690 Evangelicaa
1284 621 1551 692 Apologia:
1581 621 1743 677 libros
1770 621 1947 676 Graece

373 711 584 778 scripsit
625 711 694 763 ad
729 709 1096 765 Theosthenem
1137 713 1382 767 adversus
1419 714 1634 784 gentiles
1677 713 1946 785 Evangelii

370 802 814 856 calumniatores.
849 801 1018 857 Porro
1048 819 1245 874 scopus
1278 806 1459 875 operis
1489 805 1720 860 refertur
1755 807 1820 861 ad
1847 823 1945 877 op-

373 895 696 962 pugnandos
726 894 964 961 Graecos,
1013 896 1402 966 spcciatimque
1445 897 1511 950 ad
1556 899 1946 952 confutandum

373 987 638 1039 celebrem
674 987 959 1055 quemdam
992 988 1111 1056 ejus
1152 988 1325 1042 aetatis
1360 988 1761 1058 philosophum,
1786 1006 1945 1060 quem

372 1074 713 1148 Nicephorus
746 1088 1030 1148 propterea
1072 1079 1413 1134 Aristotelica
1444 1081 1730 1149 disciplina
1771 1081 1946 1135 imbu-

369 1176 486 1224 tum
513 1171 779 1232 nominat,
816 1171 959 1240 quod
994 1172 1246 1225 insanum
1285 1172 1582 1227 dialectica:
1609 1173 1848 1228 studium
1881 1189 1945 1228 ex

374 1260 664 1316 Aristotele
709 1263 978 1325 hauserit,
1015 1264 1306 1332 multisque
1337 1264 1730 1320 subtilitatibus
1757 1264 1946 1335 logicis

375 1353 775 1422 simplicitatem
808 1354 1134 1409 Christianae
1175 1355 1298 1410 fidei
1329 1356 1401 1410 sit
1441 1357 1760 1411 insectatus.
1792 1355 1947 1413 Hunc

373 1461 500 1499 vero
530 1446 912 1515 philosophum
939 1445 1114 1516 ipsum
1141 1446 1310 1501 fuisse
1334 1445 1697 1518 Porphyrium
1725 1446 1943 1519 Syrum,

371 1553 466 1592 seu
506 1536 754 1608 Tyrium,
801 1538 1130 1593 acerrimum
1164 1539 1600 1593 Christianorum
1641 1540 1943 1608 inimicum,

369 1637 568 1700 praeter
603 1639 848 1684 exactam
883 1631 1058 1686 aztatis
1087 1631 1242 1701 juxta
1271 1640 1432 1701 atque
1463 1630 1724 1686 doctrinae
1747 1647 1946 1686 conve-

370 1721 652 1787 nientiam,
689 1723 918 1776 suadent
939 1723 1196 1792 plurima,
1228 1739 1348 1793 qua:
1380 1723 1434 1776 in
1467 1722 1782 1794 fragmentis
1810 1723 1946 1778 scri-

368 1821 586 1884 ptorum
639 1812 859 1866 Macarii
915 1813 1181 1884 Magnetis
1237 1825 1566 1883 occurrunt,
1615 1816 1758 1870 haud
1813 1831 1944 1871 sane

370 1905 670 1974 spernenda
727 1905 940 1960 indicia.
1006 1905 1161 1971 Quod
1189 1905 1233 1960 si
1270 1906 1414 1961 enim
1457 1908 1632 1962 aetatis
1679 1907 1944 1962 rationem

369 1999 740 2061 attendamus,
767 2014 929 2068 supra
957 1999 1068 2068 jam
1116 2007 1226 2052 tum
1258 1999 1692 2054 demonstratum
1723 2008 1828 2065 est,
1866 2000 1945 2053 vi-

371 2092 518 2147 xisse
548 2091 854 2163 Magnetem
892 2103 1138 2146 nostrum
1183 2091 1329 2145 circa
1375 2093 1610 2147 medium
1638 2093 1721 2147 vel
1755 2093 1944 2147 saltem

371 2182 531 2236 linem
579 2182 760 2237 saeculi
791 2197 912 2236 tera:
944 2182 1264 2237 Christianas
1313 2182 1476 2236 tertii.
1511 2184 1686 2252 Atque
1715 2183 1781 2237 de
1819 2182 1949 2238 Por-

367 2275 564 2344 phyrio
614 2275 815 2344 pariter
863 2283 1098 2340 constat,
1146 2289 1269 2328 eum
1301 2273 1370 2328 50
1414 2289 1588 2328 annos
1637 2282 1823 2327 natum
1880 2273 1947 2328 ab

369 2375 514 2420 anno
561 2364 766 2421 Christi
797 2365 903 2419 265
946 2364 1134 2420 Romae
1191 2364 1362 2420 fuisse
1405 2364 1601 2419 Plotini
1637 2365 1945 2435 phil030phi

369 2454 633 2511 Platonici
675 2457 976 2510 auditorem
999 2495 1012 2519 ,
1048 2455 1356 2525 ibidemque
1386 2455 1802 2525 septuagenario
1827 2470 1945 2508 ma-

256 2590 262 2595 .
363 2547 536 2617 jorem
570 2563 714 2602 anno
742 2546 944 2602 Christi
985 2547 1090 2602 505
1122 2547 1262 2602 diem
1293 2544 1491 2601 obiisse
1518 2545 1650 2616 (69).
1687 2545 1947 2612 Quamvis

371 2640 536 2709 igitur
567 2638 904 2710 Porphyrius
954 2653 1100 2692 anno
1150 2649 1272 2708 post
1317 2637 1541 2692 Adriani
1588 2638 1796 2692 obitum
1843 2637 1947 2691 {20

372 2729 575 2798 floruit,
627 2731 791 2786 istum
845 2739 1027 2785 tamen
1084 2731 1464 2801 imperatorem
1511 2731 1857 2800 potissimum
1891 2731 1946 2785 in

371 2822 740 2892 disputatione
770 2839 870 2878 sua
901 2822 975 2876 De
1002 2823 1311 2877 monarchia
1337 2823 1517 2878 divina
1550 2823 1603 2876 in
1637 2823 1945 2892 exemplum

371 2913 690 2984 imperantis
738 2915 1048 2970 monarchae
1103 2917 1324 2971 adducit
1389 2931 1514 2970 cum
1580 2929 1645 2970 eo
1708 2924 1947 2984 tempore

368 3005 595 3060 Adriani
623 3007 885 3060 memoria
919 3006 1097 3062 adhuc
1127 3007 1349 3076 vigeret,
1389 3007 1625 3061 maxime
1653 3006 1794 3076 apud
1828 3005 1947 3076 phi-

369 3095 646 3165 losophos,
699 3112 836 3165 quos
879 3097 968 3151 ille
1011 3096 1066 3151 in
1121 3098 1302 3152 aulam
1361 3098 1570 3167 primus
1629 3097 1946 3163 introduxit,

2049 638 2168 676 rum
2219 623 2300 676 vel
2347 620 2810 694 Pythagoreorum
2859 620 3274 690 appellationem
3311 619 3622 674 affectarent

2050 713 2183 784 (7‘2).
2214 712 2349 766 Cum
2398 727 2562 781 porro
2613 709 2952 781 Nicephorus
2999 710 3160 765 istum
3203 710 3619 780 philosophum,

2049 815 2234 859 contra
2270 821 2430 876 quem
2465 804 2733 858 Macarius
2763 804 3002 872 scripsit,
3043 804 3147 858 hoc
3178 805 3491 858 charactere
3521 803 3618 856 de-

2049 896 2244 965 signat,
2277 896 2419 966 quod
2465 895 2628 949 fuerit
2670 895 2915 948 doctrina
2951 895 3177 963 profana
3221 894 3452 947 tumidus
3480 903 3528 946 et
3563 894 3618 946 in

2047 1005 2200 1041 sacra
2227 988 2475 1056 dogmata
2505 986 2736 1039 terribile
2772 985 3111 1054 supercilium
3155 983 3400 1037 attollens
3433 997 3451 1036 :
3480 982 3617 1036 Poru

2047 1082 2240 1154 phyrio
2271 1083 2458 1151 utique
2498 1095 2604 1133 non
2652 1079 2885 1133 sublime
2911 1079 3085 1132 solum
3119 1094 3182 1132 ac
3210 1078 3445 1130 validum
3472 1077 3622 1145 inge-

2048 1173 2198 1225 nium
2236 1170 2424 1235 fuisse,
2458 1170 2552 1225 sed
2583 1178 2636 1223 et
2677 1169 2970 1224 vehemens
3020 1178 3181 1238 atque
3211 1168 3405 1237 'aliquo
3437 1166 3621 1224 furore

2048 1263 2365 1330 admistum,
2391 1279 2458 1317 ex
2493 1264 2712 1333 scriptis
2745 1263 2918 1332 ipsius
2949 1260 3332 1330 superstitibus
3365 1259 3495 1314 satis
3521 1274 3621 1328 ap-

2050 1366 2222 1426 paret.
2253 1357 2594 1426 Quapropter
2620 1365 2674 1410 et
2701 1355 2934 1410 Eusebio
2959 1354 3071 1424 (75)
3103 1353 3325 1406 τοιαῦτα
3350 1369 3623 1422 κατακομ-

2047 1451 2229 1522 πήσας
2251 1451 2472 1514 dicitur,
2501 1450 2549 1503 id
2584 1459 2687 1512 est,
2715 1447 2858 1518 quod
2887 1448 2952 1501 ad
2988 1447 3189 1501 fastum
3218 1456 3270 1500 et
3302 1446 3622 1499 ostentatio-

2047 1560 2168 1598 nem
2210 1543 2372 1598 vcrba
2406 1559 2503 1597 sua
2528 1543 2897 1611 composuerit
2926 1562 2939 1596 :
2972 1550 3024 1596 et
3061 1541 3117 1594 S.
3144 1540 3344 1610 Cyrillo
3375 1538 3486 1608 (74)
3518 1554 3618 1592 au-

2046 1635 2126 1690 dit
2174 1637 2202 1689 ὁ
2245 1635 2450 1706 Θρασὺς
2497 1634 2618 1687 καθ’
2648 1633 2804 1704 ἡμῶν
2852 1633 3180 1705 Πορφύριος.
3231 1630 3414 1700 Neque
3458 1631 3619 1683 aliam

2046 1743 2147 1798 ego
2177 1743 2397 1782 causam
2437 1725 2604 1781 fuisse
2637 1725 2867 1780 dixerim
2904 1726 3144 1794 (perapte
3191 1723 3374 1778 scribit
3409 1721 3622 1776 llolste-

2048 1821 2172 1874 nius
2204 1820 2240 1874 1.
2272 1835 2320 1874 c.
2350 1835 2403 1889 p.
2435 1818 2585 1887 254),
2629 1817 2802 1872 rabidi
2853 1817 2998 1871 illius
3027 1815 3168 1879 odii,
3209 1831 3317 1884 quo
3358 1815 3621 1869 adversus

2048 1911 2411 1967 Christianam
2441 1910 2754 1978 religionem
2802 1923 2912 1978 prae
2951 1907 3158 1962 caeteris
3197 1905 3428 1972 furebat,
3457 1897 3619 1975 quam

2047 2003 2190 2074 quod
2220 2003 2437 2056 animus
2479 2009 2609 2054 atrae
2642 1999 2766 2052 bilis
2799 1997 3066 2051 fermento
3106 2005 3351 2066 turgens,
3374 2005 3426 2050 et
3453 1995 3620 2049 nimia

2045 2093 2367 2147 eruditionis
2419 2089 2572 2159 copia
2624 2086 2847 2144 inﬂatus
2912 2087 3265 2154 semetipsum
3344 2101 3453 2139 non
3523 2100 3616 2138 ra-

2045 2194 2215 2257 peret.
2267 2181 2588 2252 Opinionem
2675 2188 2917 2234 nostram
2993 2178 3274 2232 confirmat
3323 2177 3618 2240 doctrinae,

2046 2292 2209 2345 quam
2242 2276 2466 2330 tradidit
2506 2273 2875 2346 Porphyrius,
2914 2287 3038 2327 cum
3071 2269 3285 2341 placitis
3314 2267 3622 2338 philosophi

2047 2366 2339 2422 Macariani
2389 2367 2747 2437 comparatio.
2809 2364 2982 2434 Hujus
3048 2363 3195 2416 enim
3257 2361 3504 2415 doctrina
3561 2360 3624 2414 de

2047 2461 2355 2516 monarchia
2402 2460 2616 2524 divina,
2661 2473 2823 2527 quam
2872 2456 3142 2510 Macarius
3183 2453 3402 2525 Magnes
3449 2453 3626 2522 impn-

2047 2563 2195 2624 gnat,
2231 2553 2284 2606 in
2331 2567 2397 2606 eo
2445 2552 2744 2606 consistit:
2787 2549 2957 2606 Deum
3009 2551 3227 2620 proprie
3269 2545 3621 2599 monarcham

2049 2642 2191 2696 haud
2236 2641 2341 2696 dici
2389 2655 2584 2711 posse,
2623 2641 2730 2696 nisi
2765 2641 3058 2709 imperaret
3099 2639 3232 2704 diis;
3281 2635 3424 2690 istud
3478 2634 3622 2688 enim

2048 2732 2385 2801 majestatem
2422 2731 2659 2784 divinam
2708 2730 3094 2798 cmlestemque
3138 2743 3201 2782 ac
3243 2739 3508 2780 summam
3541 2722 3626 2777 di-

2048 2823 2306 2893 gnitatem
2339 2823 2534 2876 decere
2564 2836 2578 2873 :
2609 2835 2749 2891 quos
2779 2835 2905 2874 vero
2936 2817 3233 2873 Christiani
3276 2815 3496 2884 angelos
3523 2829 3624 2866 vo-

2047 2925 2192 2980 cant,
2222 2915 2315 2985 qui
2347 2931 2447 2970 nec
2477 2915 2610 2984 pati,
2650 2930 2749 2969 nec
2775 2914 2935 2978 mori,
2983 2929 3082 2968 nec
3121 2912 3395 2982 corrumpi
3433 2920 3624 2964 natura

2049 3023 2146 3062 sua
2173 3016 2425 3077 possunt,
2450 3023 2564 3074 eos,
2591 3007 2720 3076 quia
2766 3006 3040 3060 Divinitati
3083 3004 3368 3076 propiores
3409 3011 3557 3067 sunt,
3593 3017 3624 3056 a

2049 3101 2339 3171 gentilibus
2365 3101 2497 3154 deos
2526 3100 2806 3170 appellari.
2840 3098 3016 3168 Atque
3061 3099 3174 3152 haec
3204 3105 3394 3151 exacte
3426 3109 3625 3149 conve-

369 3196 421 3242 et
456 3186 921 3244 familiarissimos
971 3189 1179 3243 habuit.
1227 3191 1374 3243 Inter
1422 3191 1762 3245 characteres
1792 3189 1948 3244 istius
1975 3227 2016 3284 ε
2051 3193 2349 3247 niuntcum
2381 3191 2667 3262 Porphyrii
2697 3191 2988 3255 sententia,
3025 3190 3116 3260 qui
3153 3190 3307 3259 juxta
3339 3204 3461 3241 cum
3503 3187 3625 3241 aliis

369 3280 716 3351 philosophi,
788 3297 912 3335 cum
995 3297 1102 3351 quo
1143 3281 1375 3352 Magneti
1443 3291 1630 3336 nostro
1689 3297 1778 3338 res
1821 3291 1940 3349 est,

367 3367 706 3440 Nicephorus
738 3371 957 3440 quidem
997 3372 1271 3438 observat,
1295 3387 1420 3444 eum
1452 3372 1797 3428 Aristotelica
1825 3374 1945 3443 phi-

369 3459 616 3531 losophia
666 3461 936 3515 imbutum
987 3460 1192 3530 fuisse;
1225 3465 1371 3534 quod
1416 3472 1594 3518 tamen
1645 3462 1946 3534 Porphyrio

369 3555 694 3625 phil050pho
739 3552 1020 3610 Platonico
1071 3556 1493 3627 haudquaquam
1538 3557 1833 3612 convenire
1861 3559 1946 3612 vi-

370 3645 583 3701 deatur.
632 3645 833 3700 Verum
883 3656 1035 3703 tanto
1080 3649 1324 3706 veritatis
1373 3650 1556 3706 studio
1612 3649 1951 3723 Porphyrius

376 3739 652 3803 excelluit,
683 3747 743 3793 ut
785 3754 895 3794 non
926 3749 1129 3796 temere
1161 3741 1229 3797 ad
1273 3757 1438 3796 unam
1473 3742 1712 3812 aliquam
1747 3752 1949 3797 sectam

375 3833 612 3887 velutad
641 3833 926 3902 scopulum
974 3833 1282 3900 adhzeserit,
1318 3848 1417 3888 nec
1447 3833 1712 3903 juraverit
1753 3834 1807 3888 in
1852 3849 1950 3888 cu—

369 3923 628 3994 jusquam
661 3924 906 3994 magistri
938 3924 1123 3979 verba.
1165 3924 1385 3978 Interim
1420 3925 1558 3979 duos
1587 3925 1692 3978 sibi
1736 3925 1954 3995 potissi-

377 4031 526 4070 mum
570 4015 807 4084 elegerat
856 4014 1056 4080 duces,
1105 4027 1341 4083 quorum
1389 4014 1616 4084 vestigia
1663 4022 1950 4082 premeret,

375 4105 654 4161 Platonem
684 4113 848 4176 atque
875 4103 1244 4171 Aristotelem,
1275 4118 1414 4174 quos
1443 4103 1495 4157 in
1541 4103 1829 4173 praecipuis
1858 4103 1956 4158 do-

378 4201 567 4256 ctrina:
607 4199 878 4268 capitibus
909 4198 1050 4252 inter
1095 4211 1155 4252 se
1196 4195 1509 4251 consentire
1544 4196 1758 4266 prolixo
1794 4209 1956 4264 opere

378 4293 720 4365 probandum
737 4298 1048 4362 susceperat
1070 4288 1303 4358 (70-71).
1319 4289 1396 4344 Ita
1413 4303 1646 4358 namque
1662 4287 1826 4343 refert
1839 4283 1958 4341 Sui-

377 4386 508 4453 das,
558 4383 918 4456 Porphyrium
968 4380 1298 4448 defendisse,
1349 4395 1514 4434 unam
1551 4393 1672 4434 esse
1715 4378 1956 4435 Platonis

2050 3282 2387 3354 philosophis
2428 3282 2699 3351 ejusmodi
2748 3281 3036 3336 πολυοεῖαν
3073 3281 3454 3344 venerabatur,
3483 3283 3623 3350 qua,

2047 3386 2106 3431 ut
2131 3374 2349 3430 Maximi
2379 3374 2525 3448 Tyrii
2557 3375 2736 3429 verbis
2776 3383 2899 3428 utar
2944 3374 3054 3444 (75)
3074 3417 3089 3441 ,
3120 3372 3283 3427 Deum
3311 3389 3420 3428 esse
3462 3388 3624 3426 unum

2047 3470 2340 3532 statuebat,
2369 3485 2537 3539 regem
2560 3471 2791 3523 omnium
2823 3480 2868 3522 et
2895 3467 3134 3529 Patrem,
3165 3465 3358 3518 multos
3385 3481 3500 3518 vero
3535 3463 3634 3517 ad-

2047 3559 2187 3613 ditos
2220 3575 2329 3613 esse
2359 3559 2480 3613 deos
2513 3560 2666 3626 alios,
2703 3561 2792 3630 qui
2824 3560 3053 3630 supremi
3097 3557 3244 3611 illius
3291 3557 3392 3626 ﬁlii
3419 3557 3546 3621 sint,
3574 3558 3624 3610 ει

2048 3651 2201 3720 quasi
2233 3652 2288 3703 in
2312 3652 2529 3720 imperio
2569 3651 2802 3723 collega.
2838 3651 3114 3721 Legantur
3143 3648 3427 3720 Porphyrii
3464 3648 3627 3702 verba
3677 3721 3680 3728 ι

2050 3755 2115 3794 ex
2151 3741 2246 3797 lib.
2298 3757 2338 3796 ιι
2385 3741 2462 3796 De
2495 3741 2836 3806 abstinentia,
2883 3759 2937 3812 p.
2987 3757 3061 3796 ιιι.
3113 3740 3215 3808 50,
3271 3741 3395 3796 edit.
3428 3739 3629 3794 (ιι-τιναῆ

2051 3831 2381 3888 Florentinze
2427 3843 2480 3888 et
2537 3832 2809 3889 Eusebius
2857 3833 2935 3887 De
2980 3833 3370 3904 prwparatione
3419 3847 3626 3901 evang.,

2052 3926 2148 3980 lib.
2181 3942 2255 3991 IV,
2284 3941 2403 3996 cap.
2433 3926 2521 3992 49,
2565 3942 2621 3996 p.
2652 3942 2727 3980 ιιι.
2775 3924 2914 3991 166ς
2963 3941 3086 3979 cum
3132 3925 3334 3994 quibus
3379 3923 3629 3979 conferre

2049 4017 2224 4089 juvat,
2256 4033 2378 4087 quae
2408 4033 2473 4072 ex
2524 4017 2750 4087 reliquis
2799 4015 3084 4087 Porphyrii
3135 4016 3351 4085 scriptis
3385 4017 3528 4070 hanc
3571 4016 3625 4070 in

2051 4122 2166 4161 rem
2209 4107 2436 4168 adduxit
2491 4106 2718 4163 Huetius
2761 4108 2814 4162 in
2871 4107 3262 4172 Qutestionibus
3310 4107 3626 4175 Alnctanis,

2051 4215 2107 4270 p.
2134 4216 2209 4256 ιιι.
2246 4199 2348 4254 108
2371 4215 2525 4270 seqq.
2553 4199 2684 4266 Quae
2712 4199 2973 4271 peculiari
3009 4214 3172 4269 opera
3213 4198 3388 4254 fusius
3417 4206 3628 4269 pertra-

1998 4315 2001 4318 -
2053 4291 2246 4347 ctanda
2289 4300 2483 4359 erunt,
2530 4307 2654 4347 cum
2703 4292 2818 4362 ipsa
2871 4291 3316 4362 Θεολογυύμενα
3363 4290 3628 4361 Magnetis

2052 4381 2522 4452 pet-lustrabimus.
2553 4381 2795 4438 Similem
2825 4397 3153 4437 consensum
3179 4382 3467 4437 verborum
3494 4381 3629 4437 Por-

377 4489 432 4537 et
462 4478 770 4534 Aristotelis
799 4485 1002 4534 sectam
1041 4493 1055 4531 :
1083 4476 1227 4531 unde
1257 4489 1378 4528 cum
1406 4473 1691 4543 utriusque
1720 4472 1960 4543 philoso—
2057 4473 2232 4544 phyrii
2261 4472 2337 4527 De
2365 4474 2685 4544 imaginibus
2719 4475 2938 4528 deorum
2970 4473 3104 4545 (76),
3135 4474 3314 4544 qualia
3345 4491 3411 4530 ex
3436 4490 3502 4529 eo
3532 4473 3628 4529 ad-

377 4574 522 4646 phiaa
550 4586 705 4642 aeque
735 4571 943 4641 peritus
972 4577 1135 4636 esset,
1163 4567 1507 4622 Aristotelica
1537 4567 1738 4634 ubique
1767 4563 1950 4618 Plato-
1983 4567 2026 4623 Ι)
2055 4565 2211 4620 duxit
2236 4565 2503 4622 Eusebius
2535 4567 2670 4638 (77),
2693 4567 2980 4622 observare
3011 4567 3194 4622 licebit
3223 4582 3346 4621 cum
3388 4568 3475 4633 iis,
3507 4582 3629 4638 qua:

378 4664 520 4720 nicis
553 4662 863 4718 admiscuit.
895 4660 1050 4728 Quod
1079 4670 1132 4715 et
1167 4660 1393 4714 Proclus
1419 4658 1513 4713 lib.
1546 4658 1640 4712 lin
1674 4656 1951 4722 Timarum,

378 4774 434 4828 p.
473 4757 562 4821 18,
592 4763 843 4821 testatur,
882 4754 972 4808 ubi
1008 4754 1084 4808 ait
1121 4751 1477 4824 Porphyrium
1516 4747 1955 4823 Περιπατητικὰς

380 4849 664 4912 ἀποδόσεις
687 4847 1098 4919 παρεσφέροντα
1123 4844 1270 4898 λύειν
1314 4843 1410 4908 τὰς
1441 4842 1789 4907 Πλατωνικὰς
1823 4843 1953 4895 ἀπο-

383 4941 526 5014 ρίας.
561 4941 737 5009 Atque
785 4939 891 4992 hoc
932 4936 1267 4992 liberrimum
1303 4935 1718 5005 philosophandi
1760 4949 1953 5003 genus,

381 5031 527 5105 quod
563 5030 726 5101 paulo
757 5039 882 5083 ante
935 5028 1003 5082 ab
1042 5025 1331 5080 Ammonio
1378 5025 1749 5079 Alexandrino
1780 5023 1956 5078 fuerat

384 5123 777 5184 introductum,
803 5121 1040 5174 maxime
1070 5121 1392 5189 probaverat
1415 5116 1770 5188 Porphyrius,
1801 5115 1957 5169 adeo-

387 5232 495 5288 que
526 5217 594 5272 ad
642 5215 874 5271 classem
907 5211 1299 5268 Eclecticorum
1336 5209 1526 5265 referri
1577 5208 1796 5274 maluit,
1832 5208 1958 5263 licet

460 5445 569 5516 (69)
607 5444 726 5498 Vid.
762 5441 1233 5516 LucmAHolstcnii
1258 5441 1392 5516 diss.
1425 5440 1646 5516 erila
1666 5448 1717 5494 et
1741 5439 1954 5516 scriptis

391 5509 695 5637 Po'rph'vgrii,
740 5530 862 5582 cap.
913 5513 982 5580 2,
1025 5514 1079 5568 in
1131 5512 1372 5566 Fabricii
1425 5510 1678 5565 Bibliotlt.
1729 5509 1952 5577 Grteca,

391 5588 498 5640 vol.
531 5587 547 5638 l
603 5630 616 5640 .
645 5602 696 5640 ι).
720 5583 824 5639 217
854 5600 968 5640 seu.

391 5600 498 5642 vel.
531 5600 616 5648 Iv,
645 5602 696 5648 p.
720 5600 820 5639 'zu
854 5600 968 5648 seq.

465 5601 498 5640 ι.
531 5601 616 5648 ιγ,
645 5602 696 5655 p.
720 5601 820 5639 zu
854 5601 968 5653 seq.

464 5656 676 5724 (70-7!)
705 5653 934 5708 Nolante
960 5652 1091 5724 Luc.
1115 5651 1394 5724 ﬂolstenio
1426 5653 1462 5707 1.
1491 5667 1538 5708 c.
1565 5667 1620 5722 p.
1648 5651 1778 5724 255.

464 5721 574 5797 (72)
604 5721 761 5780 Cenf.
793 5724 973 5797 Celeb.
1119 5723 1403 5797 Moshemii
1448 5721 1583 5797 diss.
1632 5721 1956 5797 Qeturbata

394 5793 487 5880 per
515 5796 823 5880 recentiores
842 5793 1144 5880 Platonico:
1174 5793 1548 5880 Ecclesia,-§”2
1573 5801 1626 5880 et
1645 5793 1698 5880 ἵ)2
1722 5793 1957 5880 itemque

395 5861 452 5924 in
487 5867 628 5922 not-is
665 5866 728 5921 ad
754 5865 1067 5921 Cudworthi
1100 5861 1341 5934 Systema
1374 5861 1745 5931 intéllectuale,
1773 5879 1826 5933 p.
1852 5863 1957 5917 642

2055 4660 2108 4714 in
2135 4660 2307 4715 Graeci
2334 4659 2640 4730 philosophi
2670 4661 3142 4730 argumentatione
3185 4676 3283 4730 pro
3322 4661 3626 4716 idololatria

2056 4753 2109 4807 in
2149 4752 2516 4822 disputatione
2572 4751 2792 4806 Macarii
2850 4753 3021 4806 nostri
3087 4753 3452 4820 reperiuntur.
3516 4751 3626 4807 Nec

2055 4842 2238 4896 minus
2269 4858 2354 4901 ea,
2386 4858 2507 4912 quae
2535 4841 2805 4896 Macarius
2846 4842 3066 4912 Magnes
3099 4843 3235 4896 libro
3269 4858 3329 4896 ιιι
3371 4843 3628 4908 Ἀποκρι-

2065 4930 2245 4984 τικῶν
2276 4933 2340 4986 de
2358 4933 2640 4987 sacrificiis
2663 4941 2712 4986 et
2748 4932 2813 4986 de
2848 4932 3185 4986 daemonibus
3214 4933 3470 5000 disputat,
3501 4947 3623 4986 cum

2056 5025 2278 5078 oraculo
2303 5025 2586 5094 Apollinis,
2613 5027 2758 5094 quod
2790 5025 3057 5080 Eusebius
3079 5042 3142 5079 ex
3170 5025 3452 5095 Porphyrii
3487 5024 3626 5078 libro

2055 5115 2249 5184 λογίων
2284 5117 2600 5187 φιλοσοφίας
2627 5117 2811 5172 retulit
2854 5116 2985 5187 (78),
3022 5115 3254 5185 perfecte
3286 5115 3620 5183 conspirant.

2055 5207 2200 5263 Nihil
2253 5212 2528 5281 apertius,
2580 5224 2743 5280 quam
2789 5208 2934 5278 quod
2983 5207 3050 5262 ad
3098 5205 3380 5277 Porphyrii
3426 5204 3626 5275 placita

2056 5451 2109 5498 et
2131 5441 2254 5497 682.

2127 5514 2239 5582 (75)
2273 5511 2516 5582 Ρνωραν.
2545 5526 2725 5582 evang.
2752 5509 2846 5582 lib.
2883 5524 2967 5569 ιιι,
2993 5506 3199 5582 capi].

2129 5576 2239 5653 (76)
2272 5576 2430 5638 Ιλὶι).ἰ
2469 5591 2651 5653 contra
2676 5576 2972 5653 Iulianum.
3001 5576 3178 5653 p.728.

2127 5646 2242 5721 (75)
2273 5653 2352 5706 Ex
2387 5653 2603 5706 dissert.
2621 5651 2683 5721 Al,
2713 5666 2764 5718 p.
2795 5665 2868 5721 ιιι,
2901 5648 2932 5700 6
2955 5649 3082 5721 edit.
3115 5646 3338 5721 Davisii.
3427 5705 3442 5713 _

2268 5721 2426 5798 Conf.
2459 5721 2592 5776 Luc.
2620 5719 2934 5798 Holstenius
2966 5719 3002 5771 l.
3033 5733 3082 5772 c.
3111 5733 3178 5798 p._
3199 5719 3318 5798 268.
3365 5786 3376 5798 _
3406 5785 3418 5798 ι

2157 5786 2243 5860 77)
2285 5793 2521 5859 Prwpar.
2555 5808 2732 5860 euang.
2759 5791 2852 5843 lib.
2885 5806 2963 5853 ιιι,
2990 5786 3122 5857 cap.
3147 5789 3178 5860 7
3207 5789 3274 5844 ab
3305 5786 3482 5844 initia.

2157 5797 2243 5860 77)
2285 5797 2521 5859 Prwpar.
2555 5808 2732 5860 euang.
2760 5797 2852 5843 lib.
2885 5806 2963 5853 ιιι,
2990 5804 3110 5857 cap.
3147 5797 3178 5841 7

2130 5797 2242 5934 (78)
2275 5862 2512 5919 Ρνίευιτ.
2550 5878 2729 5932 evang.
2767 5861 2859 5916 lib.
2892 5876 2962 5928 iv,
2999 5874 3118 5929 cap.
3149 5858 3199 5913 7.
