4058 6376
479 427 607 481 1371

1744 394 2102 486 MACA'mus
2142 429 2441 487 MAGNES.

3567 436 3712 487 i372

471 546 787 615 respiciant,
822 548 915 617 qui
956 548 1105 603 solus
1135 546 1246 603 fere
1279 564 1345 603 ex
1382 549 1659 619 gentilium
1699 550 2034 620 philosophis
2064 556 2107 610 A
2137 551 2246 605 tius
2270 550 2636 622 polyarchiam
2667 551 2891 606 deorum
2926 549 3361 622 gentilium,cum
3390 549 3710 604 monarchia

468 637 861 693 sacrificiorum
907 640 1201 710 primordia
1247 642 1573 711 investigare
1605 658 1894 713 aggressus
1926 653 2029 707 est,

462 737 522 785 Et
552 728 668 797 ipse
699 729 916 784 demum
945 731 1322 801 pervulgatum
1356 732 1636 804 gentilium
1669 747 1910 787 errorem
1944 734 2035 801 ju-

468 820 694 891 gulavit,
731 820 860 875 dum
906 822 1172 877 sacrificia
1211 832 1264 878 ct
1305 824 1660 878 mactationes
1701 839 1731 878 a
1759 840 1884 879 vera
1918 826 2033 896 pie-

468 918 577 967 tate
601 911 772 965 aliena
802 926 944 978 esse,
976 928 1302 984 crassosque
1333 930 1396 969 ac
1427 916 1737 971 materiales
1759 916 2031 974 daemones

466 1020 586 1060 esse
608 1006 997 1075 pronuntiavit,
1027 1006 1119 1076 qui
1150 1007 1451 1062 hostiarum
1477 1024 1728 1079 vaporem
1764 1008 2032 1065 foetidum-

463 1110 570 1164 que
620 1094 864 1150 nidorem
918 1106 1205 1167 expetant;
1254 1099 1333 1153 uti
1383 1109 1610 1154 testatur
1660 1099 2030 1158 Theodoretus

465 1183 777 1257 Therbpeut.
820 1203 984 1244 serm.
1038 1189 1084 1241 7.
1140 1190 1359 1245 Accedit
1393 1206 1576 1262 porro,
1649 1194 1795 1263 quod
1853 1194 2030 1263 philo-

462 1279 667 1348 sophus
717 1279 827 1343 ille,
863 1295 988 1335 cum
1039 1297 1145 1351 quo
1194 1282 1531 1338 conﬂictatur
1563 1284 1859 1352 Macarius,
1902 1288 2030 1342 reli-

461 1368 639 1438 gionis
671 1369 995 1425 Christianae
1035 1381 1089 1427 et
1136 1371 1430 1443 Scriptura:
1460 1386 1785 1445 sacrrevtum
1817 1379 2026 1435 Veteris

459 1471 574 1514 tum
627 1458 761 1516 Novi
818 1462 1146 1520 Testamenti
1193 1466 1360 1535 probe
1412 1484 1615 1539 gnarus
1661 1468 1842 1526 fuerit.
1891 1471 2016 1526 Fre-

460 1563 688 1623 quenter
715 1570 841 1610 eum
872 1558 937 1611 ad
968 1556 1263 1627 Scriptura:
1295 1576 1463 1616 sacra:
1492 1563 1800 1619 testimonia
1834 1581 2026 1634 provo-

461 1662 585 1701 care
614 1648 893 1717 videmus,
926 1650 1174 1720 interque
1220 1652 1325 1706 alia
1378 1655 1657 1722 Speciatim
1713 1657 1780 1710 ad
1832 1656 2020 1711 Matth.

460 1747 596 1799 xxn,
624 1736 715 1800 29,
744 1736 845 1802 '50;
884 1738 1053 1793 Exod.
1083 1755 1232 1806 xxxr,
1266 1740 1366 1806 18;
1398 1741 1533 1799 Gen.
1566 1761 1719 1813 xvm,
1755 1746 1820 1800 16
1845 1762 2019 1815 seqq.;

459 1822 632 1881 Exod.
684 1844 829 1894 xxn,
871 1829 977 1896 28;
1021 1831 1220 1901 quibus
1271 1835 1549 1902 gentilium
1590 1838 1907 1894 idololatriae
1938 1839 2022 1894 fu-

2136 641 2377 710 supremi
2406 639 2658 697 Numinis
2682 642 2782 695 hac
2812 642 3020 695 ratione
3045 641 3336 695 conciliare
3354 639 3579 694 annisus
3602 649 3707 704 est,

2134 733 2280 802 quod
2322 733 2617 788 monarcha
2645 749 2752 787 non
2782 734 2869 797 sit,
2909 735 2999 803 qui
3028 733 3176 788 solus
3219 740 3321 799 est,
3354 732 3446 785 sed
3474 734 3566 800 qui
3602 732 3711 784 im-

2132 832 2282 894 perat
2334 825 2517 891 solus;
2553 839 2653 879 nec
2685 824 2827 880 Deus
2857 825 3071 896 proprie
3107 824 3404 879 monarcha
3441 823 3707 879 dicendus

2133 916 2222 980 sit,
2270 917 2375 971 nisi
2412 917 2703 987 imperaret
2734 917 2859 981 diis,
2889 918 2981 987 qui
3015 917 3259 971 eamdem
3291 931 3415 971 cum
3447 930 3512 970 co
3539 915 3706 970 hahe-

2131 1017 2252 1062 rent
2286 1016 2553 1062 naturam.
2585 1009 2717 1078 Cap.
2752 1010 2785 1063 5
2810 1008 3184 1078 complectitur
3226 1007 3590 1078 fragmentum
3639 1023 3700 1072 ιι,

2131 1096 2245 1151 sive
2272 1099 2680 1167 responsionem
2713 1097 2934 1153 Macarii
2967 1100 3035 1152 ad
3076 1113 3140 1153 ea
3174 1113 3294 1167 quae
3324 1097 3546 1152 Grzecus
3578 1098 3701 1167 phi-

2129 1185 2390 1255 IOSOphus
2433 1187 2500 1242 de
2554 1188 2868 1243 monarchia
2916 1187 3098 1242 divina
3138 1188 3508 1257 disputaverat
3533 1206 3545 1241 :
3575 1187 3697 1243 scil.

2126 1293 2250 1339 non
2283 1279 2361 1333 rei
2407 1294 2474 1335 ex
2517 1280 2756 1346 nomine,
2793 1280 2884 1334 sed
2933 1281 3169 1336 nominis
3207 1296 3273 1335 ex
3315 1296 3373 1335 re
3417 1280 3697 1336 veritatem

2126 1371 2383 1439 pendere,
2422 1379 2585 1441 atque
2628 1373 2929 1442 apostolum
2974 1372 3202 1428 Paulum
3252 1372 3426 1427 lCor.
3459 1388 3555 1428 vnt
3607 1388 3700 1428 ve-

2125 1474 2241 1512 ram
2298 1460 2635 1515 divinitatem
2690 1461 2758 1514 ah
2810 1461 3158 1534 homonymia
3210 1478 3514 1525 secernere,
3563 1463 3696 1518 dum

2124 1566 2310 1605 verum
2343 1551 2510 1607 Deum
2534 1555 2767 1609 essentia
2801 1554 2965 1609 Deum
2994 1570 3115 1610 esse
3136 1556 3352 1625 preprie
3376 1554 3693 1621 Dominum,

2124 1643 2260 1698 alios
2292 1653 2470 1698 autem
2502 1645 2794 1715 improprie
2821 1655 2876 1701 et
2904 1646 3122 1701 nomine
3157 1655 3367 1700 tantum
3412 1647 3542 1702 deos
3587 1648 3695 1702 dici

2123 1735 2332 1790 asserit.
2354 1735 2484 1806 Cap.
2511 1737 2543 1790 4
2569 1737 2785 1791 exhibet
2814 1736 3173 1808 fragmentum
3206 1754 3292 1804 lli,
3322 1738 3376 1791 in
3405 1754 3514 1807 quo
3544 1740 3695 1793 sisti-

2125 1836 2212 1880 tur
2239 1824 2409 1881 Graeci
2442 1827 2747 1897 philosophi
2775 1828 3170 1897 argumentatio
3217 1843 3315 1897 pro
3363 1828 3692 1913 idololatria,

458 1932 585 1971 cum
631 1918 796 1973 veluti
831 1921 1102 1978 obducere
1150 1929 1391 1983 tentavit.
1432 1929 1629 1999 Ecquis
1661 1947 1789 1985 vero
1826 1932 2009 1998 nescit,

2123 1917 2286 1987 petita
2312 1930 2378 1971 ex
2407 1916 2732 1972 testimoniis
2762 1916 3054 1986 Scriptura:
3078 1931 3266 1981 sacrae,
3301 1897 3695 1986 speciatimque

458 2006 814 2081 Porphyrium
853 2014 995 2069 inter
1040 2032 1152 2072 sua:
1194 2021 1366 2075 artatis
1395 2021 1741 2091 phiIOSophos
1770 2023 1823 2076 in
1852 2025 2021 2080 sacris

457 2098 651 2154 litteris
680 2104 1108 2161 versatissimum
1137 2107 1344 2164 fuisse?
1375 2126 1533 2180 quem
1565 2127 1671 2167 non
1702 2111 1904 2167 Mosem
1928 2106 2020 2168 so-

455 2192 590 2257 lum,
628 2194 719 2249 sed
754 2195 1059 2253 universam
1094 2198 1150 2253 S.
1182 2199 1514 2271 Scripturam
1542 2204 1758 2259 assidua
1794 2206 2021 2262 lectione

454 2284 691 2349 trivisse,
740 2296 793 2341 et
841 2288 894 2341 in
944 2290 1321 2348 subvertendis
1353 2294 1549 2350 divinis
1591 2297 1825 2351 oraculis
1855 2299 2017 2352 vehe-

452 2384 660 2432 menter
687 2380 997 2435 exercuisse
1024 2382 1320 2453 ingenium,
1340 2401 1447 2441 non
1478 2403 1587 2443 uno
1606 2388 1725 2443 loco
1753 2378 2019 2444 testantur

451 2464 717 2524 Eusebius
763 2468 897 2542 (79),
936 2471 1307 2531 Theodorctus
1352 2476 1487 2549 (80),
1534 2487 1699 2550 atque
1748 2479 2014 2554 Hierony-

452 2573 572 2614 mus
606 2560 737 2631 (8l).
774 2560 882 2619 Nec
912 2564 1048 2620 adeo
1082 2567 1303 2633 mirum,
1338 2569 1482 2638 quod
1514 2577 1568 2624 et
1598 2585 1808 2625 sacram
1844 2571 2016 2627 Evan-

449 2648 709 2715 geliorum
742 2652 1024 2708 historiam
1057 2655 1331 2723 falsitatis,
1362 2659 1739 2714 inconstantia:
1759 2700 1772 2724 ,
1802 2669 1857 2715 et
1884 2677 2015 2717 con-

449 2740 783 2798 tradictionis
817 2747 1172 2811 accusaverit,
1205 2763 1435 2819 eamque
1465 2764 1572 2803 non
1596 2766 1626 2804 a
1658 2749 1785 2816 Deo,
1818 2751 1909 2806 sed
1945 2752 2014 2808 ab

449 2830 760 2889 hominibus
784 2834 1078 2904 profectam
1104 2853 1223 2894 esse
1249 2840 1612 2896 calumniatus
1642 2841 1710 2896 sit
1744 2858 1757 2893 :
1790 2842 1841 2896 id
1867 2843 2012 2913 quod

446 2934 617 2988 pauca
663 2921 754 2976 illa
807 2923 1106 2996 fragmenta
1140 2942 1206 2981 ex
1251 2928 1406 2984 libris
1434 2930 1606 2999 ipsius
1636 2939 1821 2985 contra
1850 2930 2012 2985 Chri-

446 3010 654 3068 stianos
682 3014 898 3086 scriptis
927 3017 1268 3081 confirmant,
1300 3034 1421 3088 qua:
1446 3020 1662 3091 collegit
1684 3006 1859 3078 Lucas
1883 3019 2012 3076 Hol-

445 3101 653 3161 stenius
685 3104 722 3159 l.
754 3121 804 3161 c.
839 3121 958 3178 cap.
1005 3108 1091 3175 M,
1139 3125 1259 3180 pag.
1294 3110 1399 3165 ‘274
1438 3126 1589 3182 seqq.
1628 3110 1781 3167 Unde
1826 3114 2008 3171 nullus

2123 2009 2244 2064 loco
2277 2008 2510 2064 Matthazi
2541 2025 2659 2078 cap.
2690 2025 2825 2074 xxn,
2855 2008 2945 2072 ‘29,
2989 2008 3080 2075 50,
3126 2020 3176 2063 et
3218 2007 3390 2064 Exod.
3419 2026 3569 2075 xxxi,
3600 2010 3690 2075 l8,

2120 2115 2184 2154 ex
2216 2099 2415 2169 quibus
2458 2099 2678 2171 angelos
2710 2099 2822 2153 sive
2851 2098 2982 2152 deos
3029 2106 3274 2152 naturam
3317 2099 3518 2154 habere
3551 2100 3693 2155 divi-

2120 2208 2267 2259 nam,
2298 2191 2465 2246 Deum
2514 2206 2641 2245 vero
2684 2190 2882 2245 habere
2909 2188 3110 2260 digitos
3148 2190 3451 2261 colligebat.
3486 2189 3615 2260 Cap.
3656 2191 3691 2245 5

2118 2282 2465 2352 subjungitur
2500 2282 2858 2352 fragmentum
2889 2297 2963 2347 ιν,
3012 2281 3067 2334 in
3097 2296 3207 2350 quo
3234 2279 3503 2336 Macarius
3535 2282 3691 2351 obje-

2117 2384 2201 2430 cta
2230 2374 2349 2429 loca
2389 2373 2684 2444 Scriptura:
2712 2374 2968 2435 vindicat,
3001 2382 3053 2427 et
3080 2367 3329 2427 naturam
3357 2373 3693 2443 incorrupti-

2116 2464 2339 2520 bilitatis
2388 2473 2549 2535 atque
2592 2463 3015 2518 immortalitatis
3068 2462 3403 2533 angelorum.
3462 2464 3593 2533 quin
3631 2473 3690 2520 et

2116 2555 2522 2611 similitudinem
2546 2571 2669 2611 cum
2702 2570 2955 2623 supremo
2983 2553 3215 2609 Numine
3242 2555 3484 2624 exponit.
3507 2557 3686 2626 Atque

2114 2647 2168 2701 in
2228 2648 2332 2703 hoc
2383 2646 2691 2702 testimonio
2742 2645 2963 2701 Macarii
3012 2645 3275 2717 Magnetis
3326 2648 3684 2717 pervertendo

2116 2740 2356 2797 fraudem
2390 2741 2862 2797 lconomachorum
2886 2742 3227 2812 potissimum
3246 2754 3514 2799 versatam
3539 2760 3699 2812 esse,-

2112 2833 2321 2904 prolixe
2343 2842 2737 2889 commemorat
2767 2831 3123 2902 Nicephorus.
3158 2833 3291 2905 Cap.
3323 2834 3356 2889 6
3393 2835 3686 2891 adducitur

2084 2912 2472 2994 fragmentum
2506 2940 2559 2990 v,
2593 2924 2647 2978 in
2678 2939 2787 2995 quo
2819 2924 3227 2981 laudatissimus
3258 2938 3449 2987 auctor
3498 2938 3686 2982 noster

2110 3015 2384 3070 irridendo
2406 3015 2853 3086 explodendoque
2876 3015 3282 3071 idololatrarum
3311 3017 3678 3085 stoliditatem,

2108 3117 2258 3163 muto
2292 3107 2547 3178 ﬁgmento
2600 3123 2786 3179 preces
2836 3107 3262 3175 admoventium,
3293 3110 3425 3179 quin
3468 3126 3598 3165 saxo
3627 3120 3683 3166 et

444 3193 651 3263 dubita,
682 3195 772 3251 illa
812 3199 999 3268 etiam,
1041 3216 1162 3270 quae
1198 3201 1416 3273 Magnes
1443 3202 1583 3259 libro
1615 3219 1652 3259 ιι
1691 3213 1745 3261 et
1775 3221 1803 3258 v
1848 3206 2009 3260 Ἀπο-
2033 3236 2074 3296 C
2108 3199 2255 3271 ligno
2299 3199 2510 3255 Numen
2545 3201 2804 3256 incubare
2834 3201 3208 3265 statuentium,
3238 3200 3677 3258 Christianorum

440 3285 717 3354 κριτικῶν
748 3299 937 3346 contra
983 3293 1257 3362 gentilem,
1287 3293 1703 3363 discrepantiam
1734 3296 2006 3367 evangeli-

441 3385 649 3433 starum
675 3389 729 3434 et
752 3381 860 3435 alia
890 3383 1048 3438 nobis
1076 3384 1214 3439 falso
1239 3385 1292 3438 in
1317 3383 1607 3456 Evangelia
1634 3387 2002 3455 ohjicientem,

441 3469 679 3539 scripsit,
708 3471 833 3527 huic
857 3473 961 3542 ipsi
991 3473 1290 3547 Porphyrio
1322 3477 1491 3532 fuisse
1524 3479 1790 3547 opposita.

549 3560 768 3630 §XVIL
813 3563 1061 3635 Analysis
1104 3568 1517 3638 fragmentorum
1552 3570 1893 3624 ineditorum.

508 3649 645 3706 Cum
680 3652 744 3707 R.
774 3653 836 3711 P.
870 3656 1159 3714 Anselmus
1183 3659 1490 3716 Bandurius
1518 3662 1619 3716 levi
1642 3662 1897 3731 penicillo
1918 3677 2008 3732 ge-

439 3743 641 3798 neralia
669 3753 875 3802 tantum
904 3749 1079 3819 capita
1104 3751 1267 3822 hujus
1297 3761 1557 3808 tractatus
1593 3753 1779 3808 inediti
1811 3753 2006 3825 attige-

440 3836 509 3891 rit
542 3836 676 3908 (82),
701 3839 844 3895 haud
865 3840 961 3897 abs
986 3858 1044 3897 re
1065 3844 1188 3909 erit,
1216 3843 1263 3899 si
1286 3844 1615 3900 succinctam
1639 3844 1796 3900 istius
1820 3845 2007 3914 dispu-

437 3930 676 3999 tationis,
693 3948 815 4001 qua:
829 3933 1128 4003 fragmenta
1140 3934 1401 4007 Magnetis
1422 3929 2002 4008 nostri’complectitur,

436 4022 826 4093 subjungamus
856 4027 1121 4098 analysin,
1158 4036 1217 4083 ut
1244 4038 1356 4083 tum
1386 4030 1499 4099 ipsa
1525 4031 1762 4086 auctoris
1794 4033 2004 4085 Θεολο-

434 4114 711 4184 τούμενα,
736 4125 849 4171 tum
879 4132 946 4172 ex
975 4117 1173 4186 quibus
1199 4119 1351 4175 libris
1384 4120 1795 4189 Ἀποκριτικῶν
1822 4137 1885 4177 ea
1913 4123 2003 4179 de-

433 4214 650 4276 sumpta
681 4208 811 4275 sint,
847 4209 1127 4279 aliquanto
1154 4212 1379 4282 propius
1405 4213 1669 4283 dispicere
1696 4190 1996 4283 possimus.

433 4293 489 4351 lu
520 4300 784 4368 prommio
825 4310 1099 4370 monetur,
1132 4319 1238 4358 non
1272 4318 1394 4359 esse
1429 4312 1630 4359 temere
1652 4305 1872 4360 cuilibet
1902 4306 2000 4361 do-

432 4388 618 4442 ctrinae
650 4389 995 4456 credendum,
1043 4390 1139 4446 sed
1167 4392 1219 4446 ei
1253 4399 1459 4447 tantum
1498 4407 1620 4463 qua:
1646 4394 1818 4451 sacris
1848 4393 1997 4449 Scri-

432 4477 605 4546 pturis
637 4492 876 4548 congrua
912 4480 1002 4535 sit.
1037 4479 1139 4536 Ubi
1187 4483 1349 4537 simul
1376 4483 1443 4537 de
1471 4483 1611 4537 mala
1632 4471 1638 4480 ’
1663 4482 1767 4538 fide
1811 4482 1997 4539 lcono-

2109 3292 2267 3345 tidem
2318 3306 2507 3361 puram
2555 3290 2794 3346 declarat
2843 3306 2897 3347 et
2943 3292 3012 3346 ah
3053 3294 3202 3346 omni
3235 3303 3499 3349 creatura:
3530 3295 3680 3349 cultu

2106 3382 2440 3448 immunem;
2471 3390 2525 3436 et
2557 3380 2897 3437 Christianos
2930 3383 3109 3451 potius
3156 3383 3212 3436 in
3258 3384 3313 3437 id
3363 3384 3681 3439 incumbere

2102 3473 2320 3540 aSSerit,
2354 3482 2413 3527 ut
2461 3474 2757 3544 angelicam
2803 3474 2968 3527 vitam
3010 3475 3309 3553 imitentur,
3339 3492 3447 3530 non
3498 3487 3681 3532 autem

2116 3564 2275 3634 lignis
2307 3575 2362 3620 et
2393 3566 2540 3620 saxis
2573 3565 2788 3635 aliaque
2835 3566 3059 3621 materia
3106 3565 3296 3622 effictis
3345 3569 3679 3639 imaginibus

2104 3665 2339 3711 mentem
2372 3656 2604 3711 habeant
2643 3657 2885 3711 infixam.
2920 3655 2997 3711 Ex
3028 3657 3228 3727 quibus
3257 3659 3436 3715 verbis
3464 3660 3681 3715 antisti-

2106 3759 2185 3805 tes
2239 3749 2526 3804 orthodoxi
2582 3765 2688 3804 una
2742 3764 2865 3804 cum
2926 3747 3229 3818 Nicephoro
3288 3749 3679 3807 lconomachos

2104 3850 2425 3911 coarguunt,
2457 3855 2763 3896 sermonem
2812 3839 3022 3894 auctori
3074 3848 3263 3893 nostro
3297 3854 3406 3893 non
3436 3855 3556 3894 esse
3602 3841 3675 3895 de

2104 3931 2431 4002 imaginibus
2459 3932 2648 3997 sacris,
2676 3947 2863 3987 verum
2894 3932 2961 3987 de
2987 3931 3263 4001 gentilium
3293 3932 3471 3988 idolis.
3497 3932 3678 3999 Quam

2102 4026 2156 4078 in
2184 4041 2294 4079 rem
2328 4041 2446 4095 cap.
2475 4026 2508 4082 8
2539 4026 2716 4081 adhuc
2739 4026 2900 4081 aliam
2931 4022 3184 4084 fraudem‘
3210 4029 3335 4083 huic
3363 4030 3676 4084 testimonio

2099 4115 2361 4188 Magnetis
2382 4119 2449 4172 ah
2473 4119 2782 4174 adversario
2812 4112 3013 4174 illatam
3048 4120 3357 4187 observant,
3388 4122 3533 4192 quod
3564 4123 3676 4177 sci-

2098 4208 2224 4264 licet
2255 4218 2377 4279 post
2408 4211 2500 4265 illa
2527 4211 2807 4281 scriptoris
2824 4212 2987 4266 verba
3021 4230 3033 4264 :
3068 4208 3191 4265 Non
3215 4222 3390 4265 autem
3416 4214 3673 4284 imagines

2097 4300 2307 4353 illorum
2339 4302 2820 4372 efﬁngensurursus
2860 4318 2921 4356 ex
2968 4303 3212 4357 oratione
3254 4304 3583 4360 subtraxerit
3608 4306 3675 4360 il-

2096 4392 2202 4446 lam
2237 4392 2544 4474 formulam,
2581 4394 2656 4459 ὡς
2690 4396 2797 4468 φὴς
2823 4396 3005 4462 αὐτός,
3038 4407 3092 4450 ut
3120 4397 3230 4466 ipse
3259 4397 3372 4461 ais;
3405 4412 3512 4467 qua
3544 4398 3671 4468 qui-

2097 4485 2218 4538 dem
2254 4500 2360 4539 non
2414 4487 2765 4555 semetipsum
2820 4480 3116 4543 introducit
3173 4489 3519 4558 loquentem,
3575 4491 3670 4545 sed

432 4569 749 4623 machorum
775 4569 1082 4638 disseritur,
1108 4572 1202 4643 qui
1229 4574 1534 4629 testimonia
1565 4584 1757 4630 trunca
1783 4591 1846 4629 ac
1874 4590 1994 4629 mu-
2025 4583 2069 4638 ι)
2098 4575 2268 4631 δι’ωεί
2299 4577 2609 4647 philosophi
2638 4578 2933 4649 impugnat
2954 4581 3287 4649 opinionem.
3323 4580 3669 4637 lconomachi

430 4658 544 4725 tila,
589 4659 675 4714 vix
727 4660 978 4717 indicatis
1031 4665 1367 4727 auctoribus,
1423 4667 1783 4721 examinanda
1834 4665 1991 4722 Nice-

427 4748 598 4818 phoro
634 4749 912 4805 miserant.
949 4752 1079 4821 Cap.
1114 4754 1139 4807 1
1177 4755 1287 4825 agit
1334 4756 1615 4826 speciatim
1656 4756 1724 4812 de
1771 4754 1991 4811 Macarii

428 4839 760 4909 Apocriticis,
794 4842 1225 4915 testimoniisque
1275 4847 1398 4901 inde
1447 4849 1698 4918 sumptis.
1730 4845 1833 4903 Ubi
1878 4848 1992 4918 pri-

424 4946 572 4985 mum
616 4931 941 5002 disquiritur
967 4935 1033 4989 de
1060 4938 1431 5007 manuscripto
1474 4940 1659 4993 codice
1688 4941 1990 4995 vetustissi-

423 5036 532 5087 mo,
568 5022 625 5076 in
654 5037 762 5092 quo
794 5024 1208 5081 continebantur
1235 5028 1537 5096 Apocritica
1566 5028 1805 5096 Macarii,
1842 5031 1991 5086 deiu-

421 5116 486 5169 de
539 5115 609 5170 de
655 5114 775 5185 ipso
821 5125 1063 5186 auctore,
1097 5120 1250 5190 eujas
1285 5119 1466 5184 fuerit,
1494 5129 1547 5175 et
1596 5137 1706 5191 quo
1747 5130 1988 5192 tempore

338 5202 353 5211 ”
420 5203 636 5269 vixerit,
657 5219 867 5259 necnon
894 5205 962 5260 de
992 5222 1156 5278 scopo
1186 5209 1357 5278 ipsius
1375 5211 1554 5280 operis
1579 5213 1643 5264 ad
1670 5226 1985 5281 oppugnan-

418 5288 516 5343 dos
542 5288 760 5345 Graecos
792 5290 1004 5347 directi.
1041 5294 1175 5365 Cap.
1207 5295 1242 5349 2
1278 5299 1597 5367 proponitur
1625 5297 1985 5368 fragmentum

416 5380 649 5449 primum
678 5398 745 5438 ex
772 5381 1085 5453 Apocrilicis
1114 5388 1357 5457 Macarii,
1389 5390 1533 5462 quo'd
1567 5393 1807 5448 continet
1839 5393 1987 5449 Grae-

416 5472 464 5527 ci
496 5473 801 5544 philosOphi
849 5484 904 5530 et
948 5475 1249 5535 idololatra:
1278 5482 1440 5538 verba
1488 5484 1556 5539 ad
1595 5483 1889 5540 Macarium
1922 5487 1986 5541 de

417 5569 732 5624 monarchia
757 5569 961 5639 divina,
992 5573 1189 5643 quippe
1222 5576 1315 5645 qui
1346 5577 1744 5643 monarchiam,
1780 5578 1859 5633 vel
1890 5594 1984 5649 po-

630 5714 870 5797 Erwpar.
897 5738 1076 5795 eva‘ng.
1112 5725 1287 5797 lih._x,
1312 5743 1427 5797 cap.
1457 5730 1506 5784 9.

487 5784 601 5854 (80)
635 5784 1170 5854 Ther-aperitqscrm.
1206 5794 1255 5847 7.

488 5850 598 5927 (8|)
636 5850 693 5906 ln
718 5850 1071 5955 epistola-dm
1109 5864 1174 5916 ad
1206 5863 1631 5923 Pammachium.
1659 5868 1815 5925 Conf.
1843 5870 1983 5927 Ten-

2092 4669 2238 4723 enim
2289 4671 2541 4739 mutilum
2590 4686 2654 4725 ac
2700 4679 3016 4727 truncatum
3065 4674 3401 4744 protulerant
3443 4673 3669 4730 Macarii

2090 4761 2486 4828 testimonium,
2519 4764 2918 4835 supprimentes
2948 4765 3212 4836 quidquid
3246 4769 3435 4821 earum
3470 4782 3670 4838 propo-

2090 4854 2194 4908 sito
2242 4870 2407 4925 scopo
2454 4856 2594 4911 haud
2626 4858 2950 4944 “ponducere
2977 4859 3152 4914 visum
3187 4857 3289 4913 fuit
3322 4877 3335 4913 :
3364 4859 3493 4915 hinc
3518 4877 3670 4929 quae.

2090 4943 2215 4997 dam
2256 4938 2310 4996 in
2343 4938 2805 5015 medio,qu§edam
2830 4948 2887 5001 in
2928 4947 3033 5002 fine
3058 4948 3319 5037 ogationis
3347 4950 3666 5016 omiserant,

2088 5047 2210 5101 qua:
2241 5032 2537 5104 imaginum
2583 5051 2861 5091 sacrarum
2891 5032 3204 5093 defensores
3251 5039 3481 5095 sollicita
3529 5056 3666 5098 cura

2089 5123 2385 5192 supplenda
2420 5124 2710 5183 duxerunt.
2735 5127 2868 5198 Cap.
2892 5127 2925 5182 8
2949 5127 3224 5198 profertur
3247 5129 3609 5202 fragmentum
3629 5134 3666 5188 6

2086 5214 2307 5280 eth-in
2335 5230 2445 5285 quo
2470 5216 2536 5271 de
2565 5216 2875 5273 Ahrahamo
2899 5228 2952 5273 et
2978 5220 3183 5291 angelis
3209 5221 3277 5277 ah
3294 5236 3360 5278 eo
3385 5224 3519 5279 visis
3540 5226 3664 5295 agi-

2085 5311 2233 5357 tatur
2281 5306 2532 5387 quzestip.
2566 5306 2679 5364 Etsi
2710 5308 2769 5362 in
2792 5308 3031 5363 humana
3064 5318 3124 5365 ut
3156 5311 3447 5381 plurimum
3479 5315 3663 5384 specie

2086 5393 2214 5448 olim
2271 5395 2447 5466 angeli
2497 5409 2884 5467 apparuerunt,
2934 5408 3172 5455 attamen
3226 5418 3337 5458 non
3388 5404 3443 5459 id
3479 5405 3662 5474 ipsum

2083 5499 2258 5553 erant,
2292 5488 2438 5558 quod
2470 5491 2797 5559 apparebat;
2847 5492 2939 5547 sed
2975 5493 3124 5563 quod
3151 5503 3326 5558 erant,
3359 5496 3414 5550 id
3445 5497 3657 5553 visibile

2087 5595 2193 5634 non
2262 5589 2397 5637 erat.
2449 5581 2782 5659 Quapropter
2848 5583 3188 5642 Abrahamus
3265 5602 3491 5656 eorum,
3559 5592 3656 5660 qui

2084 5735 2520 5814 zcliLExcrci'at.
2562 5737 2784 5804 Select.,
2821 5749 2960 5811 part.
2986 5753 3233 5814 poster”
3279 5761 3332 5814 p.
3363 5746 3470 5801 255
3500 5760 3653 5814 seqq.

2158 5805 2270 5873 (82)
2314 5807 2687 5887 inrauspectu
2719 5805 2942 5881 opt-rum
2979 5805 3035 5868 S.
3070 5805 3357 5885 Nicephori
3386 5831 3548 5887 supra
3574 5805 3656 5871 bi.

2086 5882 2215 5944 tato,
2250 5890 2302 5946 p.
2339 5876 2442 5929 670
2474 5876 2587 5949 seq.
