4058 6364
257 415 397 472 1575

1430 415 1708 472 NOTITIA
1749 417 1834 471 ΕΤ
1878 417 2312 473 FRAGMENTA.

3334 419 3466 471 I374

252 533 358 588 visi
391 541 564 598 erant,
599 547 696 586 nec
752 534 983 603 speciem
1038 534 1308 604 exprimit,
1337 550 1436 590 nec
1465 537 1816 592 simulacrum
1850 547 1892 599 Α
1925 539 2079 607 plane
2111 539 2367 606 Magnetis
2397 538 2566 590 nostri
2603 537 2968 591 testimonium
3012 550 3096 590 me
3133 534 3324 605 legisse
3358 552 3467 588 me-

253 623 471 693 sculpit,
509 639 606 677 nec
642 623 927 695 imaginem
961 627 1015 678 in
1049 627 1242 679 tabella
1285 628 1486 696 pingit;
1530 644 1651 682 cum
1705 646 1810 682 non

251 717 467 770 deceret
499 716 882 785 patriarcham,
919 718 1026 772 Deo
1051 719 1306 783 amicum,
1342 719 1619 773 hominum
1656 721 1811 775 istius

251 808 428 862 aetatis
466 808 967 876 superstitiosorum
1014 810 1184 863 errori
1217 810 1489 864 addictum
1539 825 1679 876 esse,
1730 811 1811 864 in-

251 908 415 953 eunte
461 898 573 954 fere
606 899 930 953 idololatria.
989 899 1240 955 Succedit
1289 901 1354 955 de
1402 902 1589 955 eodem
1645 917 1808 972 argu-

251 998 436 1044 mento
483 989 842 1060 fragmentum
885 1007 1001 1057 \‘lll,
1048 993 1102 1046 in
1149 1007 1257 1062 quo
1304 991 1566 1047 Macarius
1613 992 1810 1048 Graecis

249 1081 542 1150 exprobrat
569 1083 1032 1151 impudentissima
1059 1085 1282 1138 deorum
1311 1100 1532 1139 suorum
1562 1083 1699 1139 facta
1726 1095 1807 1140 at-

250 1188 357 1240 que
409 1173 693 1228 simulacra
728 1193 740 1227 :
776 1176 1224 1244 quemadmodum
1269 1193 1386 1246 cap.
1419 1177 1450 1229 9
1495 1178 1809 1245 producitur

252 1263 609 1333 fragmentum
648 1282 722 1331 ιιι,
760 1267 813 1318 in
865 1281 974 1335 quo
1019 1277 1208 1322 auctor
1253 1272 1461 1336 probat,
1499 1284 1595 1324 nec
1624 1269 1808 1322 mundi

246 1354 534 1420 elementa,
564 1365 783 1423 terram,
818 1373 1037 1426 aquam,
1071 1374 1270 1425 aerem,
1306 1360 1436 1414 deos
1464 1360 1644 1414 vocari
1678 1374 1806 1428 pos-

247 1460 347 1511 se;
391 1461 489 1502 nec
532 1449 713 1513 astris,
744 1447 838 1503 sed
869 1447 996 1515 Deo,
1031 1449 1124 1518 qui
1159 1450 1249 1503 illa
1272 1465 1300 1504 e
1324 1451 1460 1505 coelo
1505 1449 1805 1518 suspendit,

246 1551 409 1590 suum
447 1536 649 1592 cultum
681 1537 946 1608 integrum
981 1555 1100 1594 esse
1125 1541 1478 1605 servandum;
1511 1541 1680 1594 multo
1706 1540 1808 1592 mi-

247 1644 353 1681 nus
379 1637 557 1681 autem
606 1629 911 1688 simulacris
944 1632 1024 1685 vel
1055 1633 1247 1686 statuis
1269 1631 1512 1685 divinum
1547 1631 1805 1685 honorem

244 1734 368 1773 esse
399 1721 783 1788 praestandum,
818 1737 938 1776 cum
971 1738 1056 1778 res
1095 1723 1402 1776 inanimatae
1436 1738 1533 1776 nec
1563 1721 1804 1784 honoris,

248 1825 349 1864 nec
379 1811 718 1864 contumeliae
749 1828 966 1867 sensum
1003 1813 1168 1866 ullum
1203 1814 1446 1881 accipere
1465 1810 1802 1882 possint.Ubi

245 1900 410 1956 simul
462 1901 623 1955 verba
668 1901 832 1957 Mosis
870 1921 882 1955 :
920 1903 1036 1957 Diis
1082 1920 1180 1957 nou
1218 1904 1513 1966 maledicos,
1549 1903 1804 1966 vindicat,

245 1987 391 2056 quod
419 1987 485 2044 de
517 1989 622 2044 diis
663 2007 821 2045 sensu
863 1993 1171 2045 carentibus
1218 2008 1323 2045 non
1371 1992 1577 2060 possint
1617 1991 1803 2060 accipi.

247 2079 325 2133 Ex
375 2081 574 2150 quibus
629 2085 882 2138 omnibus
939 2082 1274 2153 Nicephorus
1332 2082 1586 2149 ostendit,
1639 2092 1805 2138 totam

245 2172 466 2228 Macarii
494 2176 663 2228 nostri
690 2175 1106 2244 disputationem
1137 2191 1243 2229 non
1275 2176 1542 2246 pertinere
1571 2176 1636 2229 ad
1673 2175 1806 2230 ima-

245 2265 399 2334 gines
425 2265 626 2320 Christi
655 2267 738 2320 vel
763 2276 1096 2332 sanctorum,
1133 2268 1223 2321 sed
1261 2267 1326 2320 ad
1354 2266 1607 2336 profanas
1637 2267 1808 2336 genti-

245 2356 379 2410 lium
408 2355 632 2411 deorum
665 2357 947 2427 imagines.
981 2356 1112 2426 Cap.
1144 2357 1208 2411 IO
1254 2359 1430 2412 adhuc
1459 2358 1804 2428 subjungitur

245 2446 495 2500 ultimum
521 2446 738 2501 Macarii
763 2447 1141 2517 fragmentum,
1168 2462 1234 2502 ex
1262 2447 1438 2516 primo
1465 2447 1704 2516 ejusdem
1735 2447 1804 2500 li-

244 2537 330 2592 bri
362 2537 772 2606 Apocriticorum
805 2554 1051 2593 sermone
1081 2539 1254 2608 capite
1292 2547 1444 2593 sexto
1473 2539 1717 2607 petitum,
1751 2539 1805 2592 in

244 2643 355 2697 quo
399 2644 522 2683 eum
549 2629 614 2683 de
649 2629 940 2695 miraculis,
985 2646 1105 2700 quae
1154 2646 1184 2684 a
1227 2631 1446 2685 Christo
1477 2630 1617 2686 facta
1656 2640 1802 2697 sunt,

245 2735 404 2789 agere
436 2719 598 2775 refert
627 2719 992 2790 NICt'pIIOI'IIS;
1025 2724 1412 2793 spcciatimque
1443 2724 1613 2794 ipsius
1650 2725 1803 2778 testi-

246 2808 490 2862 monium
538 2809 605 2864 de
643 2809 897 2865 Berenice
929 2812 1207 2866 immundo
1233 2813 1512 2882 sanguinis
1542 2813 1804 2883 proﬂuvio

243 2898 560 2962 laborante,
596 2907 649 2953 et
691 2915 722 2953 a
771 2898 1054 2955 Servatore
1104 2917 1199 2970 per
1237 2902 1529 2957 salutarem
1581 2904 1805 2959 fimbriae

243 2989 418 3058 ipsius
446 2997 648 3044 tactum
674 2991 997 3047 miraculose
1024 3002 1210 3047 sanata
1235 2993 1472 3061 adducit,
1499 2995 1654 3064 cujus
1677 2994 1801 3050 facti

244 3079 538 3150 imaginem
571 3081 766 3136 mulier
813 3098 919 3137 tere
967 3099 1278 3153 expressam
1308 3087 1540 3158 posteris
1571 3087 1803 3142 tradide-

243 3173 312 3227 rit
337 3171 468 3245 (85).
499 3171 630 3244 Cap.
663 3175 718 3230 II
758 3175 1059 3230 antistitum
1091 3172 1362 3232 ’Ecclesiaa
1393 3178 1590 3248 quibus
1635 3193 1796 3248 praee-

242 3272 327 3317 rat
361 3262 718 3334 Nicephorus,
751 3254 1002 3335 panditur
1023 3265 1286 3335 judicium
1315 3269 1381 3324 de
1407 3271 1658 3325 doctrina
1690 3271 1800 3325 Ma-

241 3353 395 3417 carii,
425 3370 550 3409 eum
579 3355 786 3410 scilicet
829 3371 936 3409 non
983 3356 1037 3409 in
1065 3358 1318 3414 omnibus
1352 3360 1523 3416 sacris
1549 3359 1805 3417 Ecclesiae

239 3443 585 3512 dogmatibus
618 3443 785 3501 fuisse
833 3445 1214 3513 orthodoxum,
1268 3449 1362 3504 sed
1410 3466 1621 3508 errores
1667 3468 1804 3507 non-

241 3531 422 3586 nullos
450 3546 575 3586 cum
601 3531 932 3599 Manichaais,
967 3535 1182 3592 Arianis
1207 3547 1259 3592 et
1287 3536 1517 3608 Origene
1547 3541 1804 3597 habuisse

240 3637 584 3688 communes,
620 3625 1008 3695 specialimque
1052 3628 1237 3694 istum,
1265 3630 1409 3700 quod
1444 3647 1636 3701 ptenaa,
1667 3647 1804 3702 quas

243 3715 425 3784 impiis
458 3715 772 3771 hominibus
798 3717 942 3774 Deus
989 3723 1227 3776 minatus
1255 3733 1337 3776 est
1367 3737 1431 3778 ac
1460 3725 1799 3794 praeparavit,

238 3807 401 3860 finem
430 3805 558 3860 olim
590 3805 854 3863 habiturae
880 3813 1007 3864 sint.
1035 3811 1166 3880 Cap.
1229 3815 1296 3868 12
1321 3813 1625 3870 contiuctur
1684 3815 1799 3885 epi-

239 3898 396 3969 logus
459 3898 879 3968 disputationis,
937 3901 991 3954 in
1051 3918 1160 3970 quo
1209 3902 1475 3957 antistites
1519 3904 1802 3959 orthodoxi

238 3991 674 4046 Christianorum
735 3994 978 4058 cultum,
1041 3990 1204 4065 quem
1255 3996 1580 4065 imaginibus
1632 3999 1802 4054 sacris

240 4093 519 4154 prmstant,
553 4099 582 4138 a
615 4083 845 4154 profano
875 4086 1152 4155 gentilium
1178 4088 1326 4142 cultu
1351 4087 1711 4158 distinguunt,
1737 4106 1800 4145 ea

239 4178 459 4246 quidem
510 4178 746 4242 ratione,
782 4187 839 4231 ut
887 4177 956 4232 ab
1003 4167 1329 4247 imaginibus
1356 4162 1439 4232 ad
1484 4180 1801 4250 archetypos

163 4291 168 4294 ·
239 4287 336 4340 per
380 4271 644 4326 infinitam
691 4271 847 4340 quasi
893 4271 1166 4332 notionem
1215 4287 1382 4325 manu
1423 4271 1801 4340 'ducantur,et

243 4364 502 4418 memoria
546 4364 790 4434 ipsorum
835 4380 900 4418 eo
947 4363 1279 4432 splendidius
1327 4365 1610 4431 excitetur,
1641 4373 1801 4436 atque

239 4469 449 4520 eorum,
478 4458 572 4525 qui
605 4457 854 4511 ardenter
880 4464 1063 4510 amant
1095 4465 1150 4510 et
1180 4457 1390 4512 sincera
1421 4458 1523 4513 lide
1552 4458 1796 4527 credunt,

243 4546 442 4602 animis
472 4556 625 4602 tanto
656 4547 818 4602 altius
849 4548 1122 4618 inligatur.
1265 4529 1276 4542 “

272 4659 302 4732 ς
330 4659 516 4718 XVIII.
556 4660 772 4716 Summa
805 4644 1218 4731 fragmentoruui
1245 4675 1307 4714 ea:
1335 4677 1482 4731 opere
1512 4660 1769 4732 Magnetis

897 4733 1175 4789 editorum.
1338 4749 1342 4753 ·
1428 4793 1432 4798 ’

309 4819 468 4877 Hisce
495 4820 814 4893 fragmentis
844 4815 1262 4892 Apocriticorum
1287 4821 1507 4895 Macarii
1535 4821 1799 4893 Magnetis

241 4910 504 4966 hactenus
520 4901 754 4975 incditis,
777 4928 1006 4981 quorum
1025 4913 1236 4966 brevem
1263 4894 1424 4966 modo
1449 4894 1798 4966 exhibuimus

221 5004 512 5076 'analysin,
552 5021 699 5060 nunc
730 5005 928 5075 pariter
960 5003 1364 5058 aunumeranda
1394 5013 1552 5058 erunt
1587 5003 1796 5074 reliqua

239 5079 396 5151 istius
421 5097 600 5166 operis
634 5097 896 5174 deperditi
919 5095 1365 5166 dmonaopdria,
1396 5111 1516 5164 quae
1538 5111 1566 5149 a
1599 5094 1792 5150 Franc.

236 5185 524 5255 Turriano,
553 5187 756 5244 Thoma
779 5187 957 5253 Bozio,
975 5187 1093 5244 Jod.
1127 5188 1342 5252 Coccio,
1367 5200 1418 5244 et
1435 5189 1554 5245 aliis
1575 5189 1797 5259 quibus—

235 5279 362 5333 dam
395 5280 784 5336 recentioribus
825 5280 1202 5348 scriptoribus,
1234 5282 1425 5350 partim
1451 5263 1654 5335 Iatine
1681 5289 1798 5334 tan-

236 5377 374 5435 tum,
398 5369 593 5438 partim
631 5377 856 5437 utraque
881 5369 1061 5433 lingua
1089 5369 1230 5434 edita
1259 5377 1405 5431 sunt,
1433 5378 1485 5422 et
1513 5369 1639 5422 hinc
1670 5368 1797 5422 inde

237 5460 482 5530 dispersa
513 5461 780 5530 leguntur.
815 5459 891 5514 Ex
920 5461 1057 5522 libro
1092 5478 1105 5514 I
1137 5461 1552 5528 Apocriticorum
1586 5461 1790 5514 nullum

336 5607 427 5682 85)
455 5608 602 5682 _Vide
631 5627 792 5682 supra
817 5612 881 5666 ad
915 5611 944 5682 ᾗ
976 5613 1059 5667 10.

335 5677 664 5755 ἓξξλῐιίὺηιι,
697 5677 1064 5755 I_’ro_cpistolis
1097 5686 1436 5755 pontiﬁcum,
1481 5701 1600 5755 cap.
1633 5687 1686 5748 5,
1738 5703 1788 5754 p.

244 5748 483 5880 2E7g2fllé
512 5752 656 5876 8edit.
708 5748 902 5824 Paris},
951 5768 1012 5808 cx
1055 5748 1270 5815 ofﬁcina
1322 5748 1792 5812 δρυάδιδΝἱιιρΙ-ἱὶί

1841 1876 1880 1928 Β

1913 630 2082 694 mini;
2121 631 2220 684 nisi
2262 629 2404 698 quod
2432 631 2569 682 inter
2590 628 2848 681 ἀνέκδοτα
2886 626 3048 681 modo
3079 627 3308 681 indicata
3353 627 3466 679 {ra-

1913 731 2184 791 gmentum
2233 735 2264 772 x
2319 735 2382 774 ex
2429 721 2600 790 primo
2626 720 2864 788 ejusdem
2897 718 3018 772 libri
3064 716 3469 785 Ἀποκριτικῶν

1913 826 2159 864 sermone
2189 811 2416 878 ejusque
2457 809 2628 878 capite
2667 818 2819 862 sexto
2859 808 3232 875 depromptum
3264 806 3465 860 refera—

1913 911 2015 954 tur.
2037 901 2111 954 Ex
2135 901 2272 953 libro
2291 916 2325 952 ιι
2349 908 2400 952 ct
2420 915 2449 952 ι’
2465 897 2867 965 Ἀποκριτικῶν
2888 899 3016 952 citat
3036 897 3332 951 Turrianus
3353 897 3464 967 (84)

1909 1008 1972 1046 ea
2003 991 2262 1061 Magnetis
2288 991 2470 1056 verba,
2521 990 2716 1059 quibus
2759 989 3032 1043 ethnicum
3059 988 3460 1058 phi1050phum,

1910 1083 2328 1151 discrepantiam
2377 1081 2826 1151 evangelistarum
2859 1080 3178 1134 Christianis
3208 1079 3466 1148 objicien-

1910 1183 2037 1236 tem,
2064 1173 2328 1237 confutat,
2377 1173 2760 1242 speciatimque
2801 1172 2942 1226 dicta
2983 1171 3272 1241 Scriptura:
3295 1169 3360 1224 N.
3397 1169 3457 1224 Τ.

1910 1265 2096 1319 Matth.
2150 1280 2317 1329 xxvu,
2370 1265 2468 1330 48;
2506 1265 2666 1318 Marc.
2700 1281 2789 1328 xv,
2839 1265 2938 1330 Q5;
2970 1262 3099 1319 Luc.
3153 1279 3309 1326 χχιιι,
3355 1264 3461 1328 '56;

1907 1357 2064 1414 Joan.
2096 1374 2211 1424 xxx,
2234 1357 2324 1421 29,
2349 1358 2620 1422 conciliat,
2645 1357 2958 1412 existimans
2985 1357 3266 1410 historiam
3297 1371 3460 1410 evan-

1907 1453 2133 1524 gelicam
2177 1452 2326 1506 omni
2363 1449 2672 1519 suspicione
2705 1451 2994 1503 carituram
3023 1464 3174 1516 esse,
3207 1449 3250 1502 si
3286 1449 3461 1502 littera

1907 1544 2148 1599 historiae
2177 1558 2283 1596 non
2313 1543 2548 1608 curiosa,
2578 1542 2669 1596 sed
2713 1541 2935 1610 simplex
2982 1541 3325 1610 reperiretur.
3383 1538 3460 1592 Ex

1907 1631 2046 1686 libro
2077 1646 2135 1684 ιιι
2181 1630 2352 1696 varia,
2401 1645 2571 1698 eaque
2625 1630 2858 1683 maxime
2889 1630 3259 1684 memorabilia
3286 1622 3462 1684 nobis

1906 1729 2224 1776 conservata
2255 1729 2381 1775 sunt
2407 1719 2624 1774 Macarii
2651 1717 2908 1789 Magnetis
2930 1728 3296 1785 monumenta,
3325 1719 3463 1773 inter

1907 1828 2027 1881 qua:
2066 1812 2406 1879 potissimum
2429 1809 2627 1864 eminet
2648 1810 3135 1864 luculentissimum
3179 1810 3346 1879 ipsius
3385 1819 3462 1862 te-

1911 1905 2224 1958 stimonium
2255 1903 2320 1956 de
2348 1917 2473 1956 vera
2499 1902 2782 1971 praesentia
2805 1901 3052 1970 corporis
3091 1909 3146 1954 et
3184 1901 3462 1970 sanguinis

1908 1993 2110 2048 Christi
2142 1995 2193 2048 in
2222 1993 2279 2048 S.
2309 1993 2677 2048 Eucharistia:
2715 1995 2826 2046 Οὐκ
2853 1992 2966 2045 ἐστι
2992 1993 3323 2064 Εὐχαριστία
3368 1993 3462 2046 τύ-

1910 2105 2006 2148 πος
2039 2085 2130 2138 τοῦ
2172 2085 2418 2154 σώματος
2447 2085 2539 2136 καὶ
2562 2084 2655 2136 τοῦ
2686 2085 2933 2155 αἵματος,
2963 2086 3099 2155 ὅπερ
3122 2085 3260 2147 τινὲς
3300 2088 3463 2158 ὲρῤα-

1905 2177 2156 2247 quanam
2183 2174 2563 2245 πεπηρωμένοι
2592 2175 2679 2228 τὸν
2709 2175 2852 2240 νοῦν,
2887 2175 3084 2245 μᾶλλον
3113 2175 3166 2228 δὲ
3196 2176 3463 2246 σῶμα’καὶ

1906 2262 2067 2336 αἷμα·
2099 2264 2200 2319 hoc
2227 2272 2307 2318 est
2331 2280 2344 2317 :
2374 2262 2709 2317 Eucharistia
2734 2279 2835 2316 non
2860 2273 2935 2316 est
2963 2275 3114 2333 typus
3142 2263 3246 2332 (vel
3267 2267 3460 2336 figura)

1905 2360 2134 2426 corporis
2184 2366 2232 2410 et
2284 2356 2573 2426 sanguinis,
2626 2357 2764 2424 quod
2801 2357 3016 2426 quidam
3064 2358 3292 2426 fabulati
3337 2370 3460 2412 sunt

1906 2459 2070 2503 mente
2100 2450 2261 2517 capti,
2294 2449 2382 2502 sed
2409 2448 2578 2516 potius
2601 2464 2785 2516 corpus
2818 2456 2867 2500 et
2904 2450 3137 2517 sanguis.
3189 2450 3458 2519 [ntegrum

1905 2551 2085 2594 autem
2117 2541 2278 2609 hujus
2302 2540 2405 2594 loci
2445 2548 2752 2592 contextum
2793 2553 2900 2592 non
2923 2537 3221 2593 Turrianus
3252 2548 3460 2594 tantum

1903 2649 1968 2687 ex
1986 2633 2170 2687 codice
2192 2631 2528 2686 bibliotheca:
2551 2629 2767 2684 Veneta:
2789 2631 2841 2682 in
2872 2631 3102 2684 diversis
3132 2631 3282 2686 libris
3309 2633 3462 2686 exhi-

1904 2725 2040 2792 buit,
2078 2740 2265 2778 verum
2299 2734 2351 2778 et
2389 2721 2626 2778 Thomas
2653 2721 2847 2776 Bozius
2867 2722 3204 2792 Eugubinus,
3236 2740 3462 2794 congre-

1904 2817 2133 2887 gationis
2159 2815 2396 2872 Oratorii
2430 2816 2724 2886 presbyter,
2759 2814 2836 2868 De
2872 2816 3034 2884 signis
3067 2815 3314 2870 Ecclesia:
3341 2817 3458 2880 Dei,

1902 2919 2049 2965 tomo
2074 2908 2138 2975 Il,
2169 2909 2262 2964 lib.
2286 2925 2396 2973 xlv,
2423 2923 2476 2977 p.
2516 2908 2576 2961 71
2603 2907 2997 2981 (85),eumdem
3031 2908 3233 2975 locum,
3279 2920 3459 2963 muta-

1906 3001 1973 3055 tis
2004 3001 2130 3054 hinc
2157 2999 2280 3055 inde
2319 2999 2641 3069 quibusdam
2688 2999 2932 3065 vocibus,
2965 3014 3030 3053 ex
3073 2999 3179 3053 alio
3227 2999 3459 3069 quodam

1904 3093 2049 3147 fonte
2073 3089 2408 3147 bibliotheca:
2439 3091 2662 3145 Achillis
2689 3090 2843 3145 Statii
2873 3091 3162 3160 produxit;
3201 3107 3360 3160 quem
3409 3104 3462 3147 ct

1902 3182 2140 3238 Jodocus
2164 3181 2391 3235 (Ioccius
2420 3181 2472 3234 in
2502 3179 2766 3234 Thesauro
2798 3180 3073 3245 catholico,
3110 3181 3203 3234 lib.
3236 3198 3310 3244 vi,
3338 3197 3462 3235 ncc-

1904 3288 2008 3328 non
2042 3271 2217 3327 Julius
2243 3270 2428 3326 Catsar
2450 3271 2780 3341 Bulengcrus
2810 3271 2863 3324 in
2887 3271 3124 3326 Diatribe
3149 3273 3182 3325 5
3208 3272 3273 3326 ad
3296 3271 3461 3325 Excr-

1902 3367 2176 3420 citationes
2205 3364 2274 3420 Is.
2316 3365 2620 3419 Casauboni
2652 3365 2908 3420 adversus
2932 3363 3242 3429 Baronium,
3263 3363 3462 3432 aliique

1903 3458 2073 3511 secuti
2107 3467 2249 3511 sunt.
2279 3454 2356 3508 Ex
2384 3455 2572 3509 eodem
2609 3454 2746 3508 libro
2784 3469 2844 3508 ιιι
2895 3454 3312 3523 Apocriticorum
3361 3470 3460 3507 no-

1903 3547 2083 3602 tabilis
2111 3555 2194 3601 est
2214 3547 2365 3601 locus
2391 3547 2458 3600 de
2487 3545 2770 3600 sacrificiis
2799 3545 3136 3600 daemonibus
3181 3545 3461 3614 gentiliqu

1903 3638 2191 3703 mactatis;
2223 3638 2288 3691 ad
2314 3654 2476 3708 quem
2508 3638 2651 3691 idem
2679 3635 2979 3691 Turrianus
3012 3636 3064 3688 in
3095 3635 3188 3689 lib.
3227 3651 3321 3703 pro
3359 3633 3464 3688 Ca-

1901 3731 2138 3786 nonibus
2165 3738 2339 3799 apost.
2373 3740 2561 3784 contra
2583 3729 2805 3783 Centur.
2834 3728 3078 3800 Magdeb.
3100 3768 3113 3794 ,
3141 3729 3232 3782 lib.
3270 3745 3306 3793 ι,
3339 3712 3457 3797 cap.

1901 3825 1955 3888 5,
1981 3841 2032 3894 p.
2059 3841 2131 3880 m.
2166 3826 2252 3889 15,
2276 3834 2551 3894 provocat,
2581 3825 2806 3894 ipsaque
2835 3823 3100 3895 Magnetis
3125 3825 3306 3890 verba,
3333 3825 3460 3892 qui-

1905 3915 2298 3969 bus-decretum
2331 3913 2689 3983 apostolicum
2721 3913 2840 3967 Act.
2866 3929 2956 3977 xv,
2987 3914 3077 3978 ‘20,
3102 3913 3167 3967 de
3197 3914 3461 3982 sanguine

1901 4015 1953 4060 et
1981 4004 2246 4059 sutl‘ocato
2273 4003 2617 4058 immolatitio
2645 4003 2896 4072 explicat,
2926 4003 3114 4056 Latine
3137 4011 3340 4056 tantum
3363 4002 3460 4054 ad-

1901 4095 2069 4150 ducit.
2105 4094 2316 4159 Quibus
2363 4107 2620 4165 praztcrea
2643 4095 2885 4148 addenda
2918 4102 3044 4148 sunt
3099 4108 3163 4148 ea
3196 4093 3459 4162 Magnetis

1903 4185 2232 4248 testimonia,
2265 4184 2582 4254 quwGrsece
2603 4184 2842 4254 vulgavit
2873 4183 3172 4238 Turrianus
3201 4183 3256 4236 in
3297 4183 3460 4236 scho-

1901 4275 1986 4329 liis
2011 4274 2359 4344 apologeticis
2389 4273 2589 4329 Graecis
2612 4275 2679 4328 ad
2704 4273 3115 4328 Constitutiones
3140 4271 3457 4342 apostolicus

1899 4368 2190 4425 Clementis
2224 4368 2452 4423 Romani
2498 4369 2681 4425 Graece
2717 4370 2890 4424 editas
2926 4368 3164 4423 Venetiis
3200 4369 3359 4435 1565,
3400 4383 3454 4437 p.

1900 4476 1974 4516 m.
2010 4459 2134 4516 182.
2178 4459 2254 4518 Ex
2288 4459 2425 4514 libro
2477 4475 2530 4514 1v
2557 4460 2928 4531 Apologiarum
2961 4459 3223 4529 Magnetis
3275 4459 3458 4512 itidem

1826 4561 1870 4615 Ι)
1897 4551 2344 4620 ἀποσπασμάτιον
2374 4553 2589 4621 aliquod
2627 4551 2964 4608 conservavit
3005 4551 3306 4606 Turrianus
3350 4549 3458 4603 Pro

1899 4645 2050 4711 epist.
2097 4643 2432 4712 pontiﬁcum,
2469 4633 2564 4696 lib.
2599 4660 2658 4710 ιι,
2685 4659 2735 4698 c.
2773 4643 2858 4708 15,
2895 4659 2947 4713 p.
2978 4658 3050 4697 m.
3084 4643 3215 4704 154,
3250 4643 3339 4695 ubi
3374 4659 3460 4696 ra-

1899 4733 2101 4788 tionem
2139 4733 2316 4788 reddit
2363 4732 2630 4788 Macarius
2658 4749 2755 4788 cur
2806 4732 3006 4787 Paulus
3037 4747 3095 4787 se
3125 4731 3328 4801 alioqui
3374 4732 3459 4783 vi-

1898 4832 2112 4878 ventem
2130 4824 2360 4878 mortuis
2385 4823 2503 4893 (vel
2528 4826 2728 4896 potius,
2759 4825 2845 4889 iis,
2888 4825 2975 4892 qui
3009 4824 3194 4877 victuri
3243 4833 3364 4875 sunt
3406 4824 3459 4875 in

1897 4917 1980 4968 die
1993 4915 2208 4986 judicii)
2229 4914 2340 4986 (86)
2362 4918 2796 4971 annumeraverit
2821 4915 2839 4968 I
2862 4915 3052 4970 Thess.
3079 4931 3154 4980 Iv,
3183 4915 3242 4968 l7
3266 4931 3278 4965 :
3305 4912 3459 4967 Οὕτω
3529 4968 3532 4975 ,

1898 4990 2025 5076 γάρ,
2068 5005 2264 5075 inquit,
2296 5006 2361 5060 ἄν
2381 5023 2463 5068 τις
2493 5005 2818 5076 φιλέταιρος,
2845 5005 2938 5058 καὶ
2971 5005 3080 5059 τῶν
3127 5002 3458 5073 ὁμοστοίχων

1898 5096 2122 5164 ἀγαπῶν
2152 5095 2250 5167 τὴν
2293 5094 2607 5163 συγγένειαν
2631 5095 2805 5147 δοκεῖ·
2854 5094 2906 5147 id
2931 5102 3048 5147 est:
3081 5092 3171 5145 Sic
3191 5092 3328 5144 enim
3372 5089 3454 5155 ﬁt,

1899 5199 1954 5237 ut
2018 5185 2259 5239 uideatur
2303 5186 2496 5255 aliquis
2536 5187 2753 5250 amicos,
2808 5183 2991 5254 quibus
3021 5199 3074 5238 se
3123 5188 3453 5240 annumerat,

1899 5295 2104 5349 eosque,
2134 5280 2223 5349 qui
2246 5279 2328 5331 sui
2355 5278 2555 5332 ordinis
2576 5289 2717 5341 sunt,
2747 5277 2981 5346 diligere.
3005 5273 3124 5339 Quo
3153 5272 3457 5328 testimonio

1897 5386 2020 5425 cum
2055 5371 2367 5424 abuteretur
2396 5371 2694 5426 Turrianus
2731 5371 2797 5423 ad
2829 5365 3204 5421 vindicandam
3241 5364 3456 5434 γνησιόι

1897 5477 2034 5531 τητα
2070 5461 2312 5530 epistola:
2335 5459 2858 5532 pseudo-Clementis
2885 5459 2950 5513 ad
2967 5457 3223 5512 Jacobum
3245 5455 3456 5524 cpisco-

1990 5617 2083 5685 85’)
2114 5616 2254 5685 ﬁdit.
2280 5617 2471 5672 Colon.
2499 5616 2719 5685 Agripp.
2754 5613 2910 5685 1526.
2935 5615 2986 5666 4.

1990 5617 2060 5670 85’
2157 5617 2254 5681 dit.
2280 5617 2471 5672 Colon.
2499 5617 2540 5669 A
2581 5617 2719 5685 ripp.
2754 5617 2910 5670 1626.
2935 5617 2986 5666 4.

1872 5693 1903 5743 ἢ
1967 5617 2083 5755 (86)
2110 5617 2228 5742 ξω.
2257 5687 2518 5755 Blondelli
2547 5632 3024 5744 g’seudoclsidorus
3066 5691 3113 5736 et
3160 5681 3452 5739 Turrianus

1898 5747 2202 5828 copulantes
2230 5797 2243 5813 .
2268 5747 2491 5828 ι).”55.’
