4058 6430
573 426 710 484 I375

1840 427 2196 486 MACARIUS
2232 429 2534 487 MAGNES.

3659 430 3806 488 1578

574 561 703 617 pum
738 540 1276 616 'iierosolymitanum
1305 544 1419 615 jam
1450 553 1563 599 tum
1592 556 1865 601 mortuum
1891 549 2135 603 conscri-
2163 551 2211 609 Α
2237 558 2361 605 ante
2411 538 2798 605 deliberatione
2850 547 3088 619 supremi
3153 545 3448 613 Creatoris,
3513 561 3625 602 non
3682 547 3808 603 solo

574 648 697 708 ptze,
742 637 899 707 quasi
950 636 1087 691 nihil
1135 636 1440 702 interesset,
1469 639 1819 692 annumerari
1866 640 2133 694 viventem
2234 641 2418 706 verbo,
2439 643 2749 697 utrcmterae
2771 651 3051 708 creaturae,
3078 640 3253 696 factus
3278 640 3367 695 sit.
3393 637 3587 693 Filium
3618 649 3807 692 autem

574 730 824 795 mortuis,
859 743 927 783 an
963 739 1237 782 mortuum
1261 728 1598 793 viventibus;
1628 728 1795 784 David
1828 728 2137 807 qundellus

574 835 629 876 In
661 818 1113 873 l’seudo-lsidoro
1139 829 1187 873 et
1219 818 1480 874 Turriano
1510 821 1906 890 vapulantibus,
1951 838 2006 894 p.
2041 825 2132 887 55,

573 912 777 966 ιιάιιιιξο
805 912 968 966 verba
1001 910 1219 965 Macarii
1263 909 1526 981 Magnetis
1575 913 1903 982 respondet:
1958 911 2137 983 Ignoti

571 1002 821 1056 hactenus
852 1003 1085 1057 auctoris
1111 1003 1426 1055 sententiam
1453 1019 1555 1056 non
1597 1003 1975 1071 improbamus,
2004 1000 2138 1056 nihil

573 1096 693 1149 inde
740 1093 1004 1147 Turriana
1037 1094 1312 1162 praesidii;
1366 1091 1564 1148 Paulus
1599 1094 1737 1147 enim
1763 1102 2027 1148 mortuum
2063 1094 2142 1146 vi-

573 1186 805 1239 ventibus
853 1201 958 1238 non
1003 1183 1390 1251 annumeravit,
1444 1201 1534 1238 nec
1591 1185 1842 1239 viventem
1888 1184 2145 1253 mortuis,

572 1276 712 1345 quod
748 1276 799 1328 in
829 1264 1322 1343 pseudo-Clemente
1352 1276 1703 1346 coarguimus.

644 1364 721 1419 Ex
757 1366 894 1421 libro
917 1382 951 1421 v
976 1367 1209 1436 denique
1240 1366 1466 1436 ejusque
1498 1368 1603 1421 tine
1647 1366 1915 1436 prolixum
1960 1365 2142 1431 Maca-

574 1456 641 1511 rii
664 1457 928 1528 Magnetis
965 1458 1330 1529 fragmentum
1362 1458 1437 1512 De
1464 1459 1568 1529 ﬁde
1604 1457 1834 1511 Abralue
1857 1499 1871 1524 ,
1928 1457 1985 1512 in
2035 1472 2144 1529 quo

575 1551 643 1606 de
674 1552 984 1607 arctissimo
1016 1551 1234 1607 vinculo
1257 1550 1377 1605 ﬁdei
1409 1562 1572 1621 atque
1621 1565 1847 1621 operum
1895 1549 2139 1619 disserit,

577 1643 763 1699 Graece
776 1654 829 1700 et
852 1644 1043 1700 Latine
1066 1644 1297 1700 inseruit
1317 1644 1620 1701 Tun-ianus
1643 1644 1794 1715 operi
1811 1659 1911 1700 suo
1931 1645 2150 1715 dogma-

576 1736 688 1792 tico
717 1735 794 1790 De
815 1737 1223 1806 justi/icatione,
1248 1735 1434 1791 Romae
1460 1737 1588 1791 1551
1625 1737 1790 1792 edito.
1822 1736 1976 1803 Quod
1995 1736 2148 1791 dein-

579 1842 708 1897 ceps
738 1827 879 1882 inter
910 1827 1356 1898 Θεολογούμενα
1376 1827 1615 1883 auctoris
1645 1818 1916 1882 nostriad
1945 1826 2147 1881 articu-

2237 729 2331 786 Dei
2365 709 2732 802 unig'enitum,
2776 747 2939 802 quem
2983 730 3133 786 Patri
3190 729 3510 800 ἰσοδύναμον
3552 738 3609 784 et
3631 729 3813 799 Λόγον

2238 822 2595 878 ὑποστατικὺν
2624 838 2745 879 esse
2775 822 2992 887 asserit,
3011 823 3383 878 consiliarium
3418 821 3571 875 illum
3634 819 3815 875 fuisse

2238 915 2553 985 pronuntiat
2591 930 2700 986 quo
2727 914 2888 970 Pater
2920 914 2974 968 in
3008 913 3336 969 formatione
3380 912 3620 968 hominis
3671 925 3819 967 usus

2239 1009 2328 1063 sit.
2359 1006 2587 1074 Quando
2635 1021 2799 1077 porro
2852 1006 3082 1076 primum
3121 1005 3399 1060 hominem
3441 1005 3496 1058 in
3541 1004 3815 1056 mundum

2240 1110 2498 1169 tanquam
2528 1114 2705 1170 regem
2736 1097 3127 1163 introductum,
3157 1105 3210 1151 et
3254 1097 3321 1151 ad
3368 1094 3462 1150 Dei
3517 1095 3816 1164 imaginem

2243 1190 2445 1246 factum
2498 1205 2619 1246 esse
2660 1190 2870 1255 scribit,
2901 1192 3040 1245 hanc
3061 1187 3474 1244 similitudinem
3531 1185 3676 1255 regis
3703 1199 3821 1237 non
3862 1217 3873 1225 .

2243 1282 2296 1336 in
2332 1296 2571 1353 purpura
2600 1291 2653 1336 et
2685 1291 2897 1351 sceptro
2940 1291 2994 1335 et
3022 1280 3325 1335 diademate
3360 1278 3554 1348 quaerit
3577 1318 3592 1343 ,
3627 1275 3724 1333 sed
3759 1274 3824 1328 in

2244 1383 2442 1428 ornatu
2473 1372 3024 1444 incorruptibilitatis,
3058 1369 3480 1425 immortalitatis
3506 1383 3571 1423 ac
3597 1366 3823 1421 virtutis

2246 1466 2509 1531 collocat;
2542 1473 2601 1519 ut
2639 1465 2916 1519 brevitatis
2948 1477 3114 1519 causa
3160 1472 3355 1517 caetera
3405 1476 3551 1515 nunc
3586 1457 3825 1541 'silentio

2246 1567 2584 1626 praeteream.
2630 1555 2711 1610 Ex
2742 1572 2993 1611 sermone
3035 1555 3104 1609 17
3152 1555 3206 1609 in
3255 1552 3488 1608 Genesin
3523 1548 3827 1622 singularis

2247 1647 2467 1703 Macarii
2494 1647 2665 1703 nostri
2690 1648 2743 1701 in
2775 1662 2999 1703 censum
3033 1643 3496 1715 venitexplicatio
3517 1642 3585 1697 de
3616 1640 3829 1696 tunicis

2247 1738 2505 1809 pelliceis,
2540 1738 2741 1808 quibus
2769 1737 3015 1792 Adamus
3040 1745 3095 1792 et
3114 1735 3225 1789 Eva
3253 1746 3379 1804 post
3400 1735 3613 1803 lapsum
3641 1729 3830 1814 induti

2251 1828 2434 1884 fuere:
2462 1844 2584 1899 quae
2608 1828 2774 1884 verba
2809 1843 2919 1882 non
2951 1827 3265 1882 historicam
3287 1866 3300 1889 ,
3337 1825 3429 1880 sed
3474 1823 3832 1894 allegoricam

579 1919 691 1974 lum
721 1920 789 1975 de
818 1920 922 1975 lide
948 1927 1003 1975 et
1024 1918 1415 1989 justilicatione
1459 1918 1601 1974 haud
1644 1918 1892 1973 intimum
1920 1932 2152 1987 occupa-
2186 1907 2225 1960 Β
2255 1923 2521 1978 rationem
2558 1921 2785 1976 innuere
2806 1919 2961 1990 juxta
2989 1934 3113 1974 cum
3137 1918 3261 1973 aliis
3287 1914 3691 1985 antiquioribus
3729 1928 3833 1967 ar—

580 2011 661 2066 bit
689 2010 902 2065 locum:
957 2011 1047 2065 ubi
1082 2011 1246 2066 simul
1274 2011 1508 2082 singula,
1552 2025 1674 2081 quae
1725 2009 1888 2066 modo
1921 2009 2150 2080 allegata

581 2109 729 2163 sunt,
760 2099 1059 2170 fragmenta
1088 2101 1141 2156 in
1172 2101 1374 2158 classes
1397 2117 1526 2158 suas
1554 2103 1864 2173 redigenda,
1887 2111 1941 2158 et
1968 2102 2037 2158 ab
2060 2117 2155 2158 ex-

581 2192 922 2262 ceptionibus
953 2192 1388 2248 adversariorum
1419 2193 1739 2250 vindicanda
1779 2201 1959 2249 erunt.

660 2302 688 2375 §
724 2300 869 2358 XIX.
901 2302 1134 2359 Macarii
1176 2304 1438 2375 Magnetis
1471 2321 1733 2361 sermones
1774 2307 1829 2361 in
1863 2303 2087 2361 Genesin

1281 2376 1489 2430 inediti.

656 2461 855 2522 Praeter
912 2466 1154 2538 quinque
1212 2468 1350 2524 istos
1396 2467 1566 2523 libros
1631 2466 2038 2536 Ἀποκριτικῶν
2088 2466 2156 2525 ad

583 2553 984 2614 Tlteostheuem
1017 2567 1207 2615 contra
1232 2559 1460 2631 gentiles
1493 2559 1768 2631 Evangelii
1794 2559 2155 2615 calumniato-

584 2667 696 2715 res,
741 2665 976 2721 quorum
1024 2650 1289 2705 hactenus
1318 2662 1573 2721 excerpta
1597 2650 1844 2720 quaedam
1884 2650 2156 2715 dedimus,

584 2740 884 2810 scripserat
935 2740 1099 2796 etiam
1136 2739 1409 2795 Macarius
1452 2740 1675 2812 Magnes
1727 2741 2156 2805 commentarios,

584 2846 704 2897 seu,
737 2842 797 2888 ut
825 2832 929 2887 fert
945 2834 1160 2899 titulus,
1194 2850 1457 2889 sermones
1490 2835 1549 2888 in
1578 2832 1823 2901 Genesin,
1853 2833 1946 2904 qui
1979 2842 2032 2887 et
2056 2832 2159 2902 ipsi

584 2925 652 2979 ad
683 2925 788 2979 hoc
817 2940 993 2995 usque
1011 2933 1225 2996 tempus
1246 2926 1474 2983 eruditis
1501 2926 1672 2996 ignoti
1700 2922 1940 2979 fuerunt.
1957 2923 2159 2979 Horum

587 3032 905 3073 sermonum
930 3015 1238 3089 fragmenta
1282 3035 1349 3075 ex
1400 3017 1820 3074 eminentissimi
1870 3018 2161 3073 cardinalis

588 3106 849 3163 Ottoboni
873 3112 1245 3180 manuscripto
1265 3111 1451 3167 codice
1474 3111 1793 3180 deprompta
1823 3108 1889 3163 R.
1916 3109 1978 3166 Ρ.
2006 3108 2159 3165 Dom.

592 3198 978 3269 Stephanotius
1005 3201 1071 3256 ad
1094 3201 1534 3258 laudatissimum
1563 3200 1663 3255 Dn.
1691 3198 1999 3255 Boivinium
2030 3204 2161 3254 mss.

588 3290 770 3362 Regia
798 3292 1139 3349 bibliothecae
1189 3292 1517 3351 Parisiensis
1551 3278 1830 3350 custodem
1870 3292 2165 3347 transmitti

587 3384 833 3441 curavit:
875 3384 969 3455 qui
1014 3386 1204 3441 eadem
1254 3385 1445 3442 Latine
1481 3400 1636 3441 versa
1668 3394 1833 3456 atque
1881 3383 2165 3439 emendata

590 3490 717 3530 cum
772 3476 896 3532 aliis
953 3474 1274 3546 fragmentis
1325 3475 1571 3547 ejusdem
1614 3473 1857 3529 auctoris
1886 3472 1941 3527 in
1989 3471 2165 3527 lucem

592 3567 754 3624 edere
780 3568 1158 3636 constituerat,
1186 3569 1291 3624 nisi
1320 3574 1648 3639 praematura
1682 3580 1831 3621 mors
1858 3563 1986 3619 huic
2006 3562 2166 3618 insti-

599 3669 717 3721 tuto
753 3659 965 3714 obicem
993 3662 1286 3731 posuisset.
1324 3659 1480 3715 Haud
1517 3659 1661 3714 ultra
1708 3657 1992 3712 historiam
2023 3669 2174 3710 crea-

599 3749 766 3804 tionis
809 3758 864 3803 et
893 3749 1077 3819 lapsus
1110 3749 1393 3805 hominum
1443 3763 1504 3804 se
1545 3746 1844 3803 extendunt
1880 3745 1999 3800 ista:
2025 3759 2175 3800 com-

599 3840 964 3895 mentationes
997 3838 1290 3913 Magnetis,
1339 3840 1394 3895 in
1425 3839 1626 3911 quibus
1657 3838 1800 3894 inter
1843 3836 1948 3892 alia
1993 3834 2175 3891 excel-

597 3932 823 3993 lentiam
868 3933 1106 3991 hominis
1157 3934 1284 3990 inde
1340 3932 1713 3999 demonstrat,
1768 3930 1916 4004 quod
1981 3929 2169 3986 habita

2256 2015 2487 2072 bitratus
2513 2025 2630 2082 est;
2653 2016 2719 2070 de
2739 2029 2847 2085 qua
2875 2012 3128 2084 opinione
3150 2010 3380 2067 inferius
3409 2008 3566 2080 plura
3592 2006 3835 2063 dicenda

2256 2114 2437 2164 erunt.

2576 2197 2604 2270 §
2632 2197 2749 2253 XX.
2776 2197 3059 2254 Conclusio
3088 2193 3499 2250 dissertationis.

2329 2290 2696 2347 Constitntum
2716 2290 2934 2360 quidem
2964 2287 3164 2353 fuerat,
3182 2285 3301 2356 ipsa
3382 2280 3838 2351 Θεολοττούμενα

2261 2383 2481 2440 Macarii
2506 2382 2791 2453 Magnetis,
2835 2396 2956 2453 quae
3001 2395 3069 2435 ex
3121 2376 3440 2448 fragmentis
3469 2374 3714 2445 ejusdem
3764 2372 3838 2427 ab

2263 2476 2484 2533 interitu
2510 2474 2800 2530 vindicatis
2829 2471 3006 2543 colligi
3047 2477 3321 2542 poterant,
3343 2468 3533 2524 eadem
3582 2465 3686 2520 hac
3720 2464 3839 2520 dis-

2263 2569 2561 2627 sertatione
2593 2565 2898 2637 inaugurali
2937 2564 3197 2619 exhibere
3235 2562 3291 2617 in
3335 2574 3464 2617 suas
3497 2560 3704 2614 classes
3747 2571 3842 2610 re-

2263 2658 2441 2724 dacta,
2477 2668 2536 2713 ut
2574 2673 2639 2712 ex
2692 2656 2760 2711 iis
2795 2669 2997 2710 nexum
3027 2653 3267 2723 aliquem
3320 2650 3582 2706 doctrinae
3616 2646 3841 2702 theolo-

2265 2750 2399 2823 gicae
2433 2748 2597 2818 hujus
2635 2748 2875 2803 auctoris
2921 2745 3232 2817 perspicere
3280 2742 3487 2799 liceret.
3519 2740 3658 2795 Cum
3701 2753 3845 2794 vero

2264 2848 2462 2911 praeter
2491 2839 2801 2909 Opinionem
2844 2847 2993 2893 tanta
3039 2836 3174 2891 mihi
3218 2834 3449 2891 subnata
3478 2832 3551 2888 sit
3577 2828 3849 2886 dicendo-

2264 2948 2386 2988 rum
2418 2931 2596 3001 copia,
2624 2945 2746 3001 quae
2781 2940 3041 3001 angustus
3063 2926 3461 2984 dissertationis
3493 2924 3696 2978 limites
3721 2922 3845 2992 jam

2267 3032 2381 3079 tum
2415 3021 3085 3094 prattergressa.videtur;
3112 3020 3240 3075 etin
3276 3024 3596 3089 argumento
3624 3028 3655 3068 a
3686 3014 3848 3069 nullo

2267 3117 2607 3172 eruditorum
2634 3116 2896 3171 hactenus
2921 3122 3189 3184 occupato
3229 3110 3457 3182 singulae
3483 3109 3852 3163 circumstan-

2268 3207 2357 3262 tiae
2381 3207 2542 3261 altius
2586 3207 2925 3277 aliqu-autum
2978 3204 3313 3275 repetendae,
3343 3216 3552 3272 suoque
3599 3198 3851 3271 pondere

2267 3296 2598 3353 aestimandae
2612 3305 2827 3352 essent:
2853 3294 3141 3366 specialem
3166 3294 3481 3364 dogmatum
3507 3302 3671 3360 atque
3691 3303 3855 3344 erro-

2270 3404 2392 3443 rum
2416 3388 2660 3444 auctoris
2704 3388 2879 3444 nostri
2925 3386 3404 3459 pertractationem
3440 3384 3608 3438 altera
3652 3382 3854 3450 dispu-

2269 3483 2470 3537 tatione
2515 3481 2837 3551 complecti,
2866 3481 2948 3535 vel
2980 3480 3027 3535 si
3078 3478 3487 3535 convenientius
3551 3470 3625 3530 ita
3661 3475 3851 3529 visum

2272 3572 2457 3640 fuerit,
2487 3589 2595 3628 una
2626 3588 2750 3630 cum
2793 3573 2928 3645 ipsis
2968 3572 3152 3641 operis
3195 3569 3457 3641 deperditi
3498 3567 3854 3637 lra‘g‘mentis,

2278 3677 2535 3736 tanquam
2565 3665 2769 3721 relictis
2799 3681 2862 3720 ex
2886 3662 3177 3733 naufragio
3205 3660 3403 3716 tabulis
3422 3700 3436 3723 ,
3478 3656 3698 3729 publico
3721 3672 3857 3711 eru-

2276 3757 2515 3813 ditorum
2558 3755 2829 3812 desiderio
2862 3752 3282 3821 satisfacturus,
3330 3750 3517 3807 Graece
3549 3763 3615 3804 ac
3654 3747 3858 3803 Latine

2275 3866 2550 3923 esponere
2580 3849 2725 3906 haud
2751 3848 3089 3922 reiragabor.

608 4152 3848 4193 W—

1736 4325 2533 4476 DlSSERTATIQ
2633 4324 2765 4423 ll,

1228 4491 1371 4597 Quae
1422 4524 1818 4597 θεολογούμενα
1841 4522 2074 4578 auctoris
2099 4536 2161 4578 ex

2262 4520 2426 4591 opriis
2453 4518 2619 4590 ipsius
2648 4517 2862 4587 scriptis
2890 4515 3122 4589 exponit.

1191 4822 1583 4887 ΡΒᾸΞῬΑΤΙΟ.
1596 4882 1601 4887 .

678 4927 966 4998 lnterrupti
1021 4924 1263 4989 laboris,
1319 4924 1414 4995 qui
1472 4924 1528 4978 in
1574 4921 1910 4995 explicandis
1953 4921 2179 4978 Macarii

607 5025 872 5098 Magnetis
917 5021 1356 5093 Θεολογουμένοις
1383 5031 1655 5100 versatur,
1688 5021 1733 5077 si
1765 5036 1961 5076 causas
1988 5021 2177 5090 requi-

607 5119 706 5182 ris,
741 5114 935 5170 Lector
964 5113 1241 5177 benevole,
1277 5112 1392 5167 haec
1425 5112 1539 5167 sola
1572 5112 1710 5168 forte
1742 5110 1999 5177 sulliciet,
2032 5110 2180 5181 quod

609 5208 839 5264 certiora
870 5206 1116 5277 quaedam
1148 5205 1214 5259 de
1239 5203 1608 5259 monumentis
1631 5203 1794 5272 hujus
1816 5203 2057 5258 auctoris
2080 5202 2179 5257 de-

613 5301 806 5371 perditi
854 5300 1119 5355 hactenus
1155 5313 1221 5353 ex
1269 5298 1438 5352 italiae
1468 5296 1783 5363 regionibus
1825 5305 2178 5364 exspectave-

609 5391 751 5457 rim,
781 5390 894 5460 jam
920 5405 1049 5444 vero
1085 5399 1197 5444 tum
1230 5405 1260 5444 a
1292 5379 1644 5443 celeberrimo
1697 5385 1746 5441 J.
1786 5385 1974 5441 Lamio
2003 5388 2057 5440 in
2086 5384 2186 5440 De-

612 5481 752 5537 liciis
803 5482 1129 5535 eruditorum
1190 5479 1477 5535 Florentiae
1523 5478 1661 5533 1758
1704 5477 1898 5545 editis,
1957 5485 2070 5531 tum
2115 5491 2183 5530 ex

616 5572 897 5642 splendido
925 5573 1181 5643 Catalogo
1216 5573 1559 5627 bibliothecae
1604 5569 1822 5625 Veneta:
1867 5568 1930 5622 D.
1978 5566 2181 5635 Marci,

618 5666 712 5736 qui
740 5680 902 5735 opera
942 5665 1012 5719 M.
1061 5670 1187 5720 Ant.
1217 5662 1449 5719 Zanettii
1475 5673 1528 5718 et
1554 5661 1775 5717 Antonii
1810 5659 2183 5729 Bonojoannis

618 5755 774 5828 jussu
818 5765 1041 5811 senatus
1068 5744 1259 5811 Veneti
1306 5764 1592 5810 contextus
1635 5753 1946 5823 nuperrime
1986 5750 2186 5821 prodiit

624 5844 786 5907 {740.
815 5846 946 5903 satis
972 5846 1194 5903 edoctus
1225 5847 1327 5903 sim
1350 5886 1366 5913 ,
1398 5846 1532 5900 nihil
1559 5842 1857 5915 quidquam
1879 5842 1945 5900 de
1978 5841 2186 5913 integro

2210 4831 2257 4889 D
2286 4840 2449 4898 opere
2476 4820 2739 4895 Magnetis
2765 4819 3003 4876 Venetiis
3046 4816 3281 4888 amplius
3304 4817 3552 4886 reperiri,
3586 4817 3681 4871 sed
3711 4817 3862 4872 codi-

2278 4933 2396 4974 cem
2431 4916 2582 4972 illum
2607 4955 2623 4979 ,
2674 4929 2783 4984 quo
2822 4911 3020 4966 Franc.
3059 4908 3362 4963 Turrianus
3390 4908 3520 4961 olim
3556 4922 3692 4963 usus
3736 4917 3859 4971 est,

2282 5009 2550 5084 probabili
2580 5007 2900 5077 conjectura
2928 5004 2983 5058 in
3008 4999 3324 5070 Hispaniam
3361 4999 3685 5054 translatum
3712 5013 3862 5053 esse.

2279 5103 2357 5160 lta
2382 5102 2525 5158 enim
2566 5100 2821 5154 laudatus
2848 5093 3104 5159 Lamius,
3139 5100 3424 5162 postquam
3457 5092 3509 5144 in
3540 5084 3866 5160 prmfatione

2281 5194 2411 5250 tomi
2439 5192 2505 5247 lV
2532 5190 2854 5245 Deliciarum
2887 5199 3110 5242 suarum
3154 5198 3206 5253 p.
3235 5183 3302 5238 l9
3322 5225 3336 5250 ,
3373 5181 3703 5236 Turrianum
3736 5180 3867 5248 qui-

2284 5288 2406 5344 dem
2454 5283 2604 5340 nulla
2656 5283 2806 5336 venia
2844 5281 3061 5351 dignum
3106 5293 3227 5334 esse
3257 5276 3497 5340 dixerat,
3529 5274 3674 5344 quod
3719 5288 3865 5344 Opus

2284 5379 2548 5451 Magnetis
2577 5393 2608 5433 a
2635 5391 2694 5431 se
2725 5375 2925 5455 lectum
2959 5386 3068 5425 non
3104 5369 3355 5433 ediderit,
3382 5381 3485 5421 nec
3513 5367 3723 5422 locum.
3765 5367 3864 5422 ubi

2285 5479 2558 5537 exstaret,
2600 5464 2937 5530 indicaverit,
2969 5461 3288 5519 sententiam
3326 5474 3480 5515 suam
3506 5466 3695 5528 postea
3730 5472 3862 5511 mu-

2285 5565 2416 5620 tavit
2442 5563 2496 5617 in
2523 5557 2840 5631 prmfatione
2877 5554 3007 5610 tomi
3037 5552 3104 5606 IX
3137 5553 3214 5623 (in
3252 5566 3362 5621 quo
3392 5549 3612 5603 Maximi
3641 5548 3868 5618 Margu-

2290 5654 2365 5709 nii
2394 5650 2636 5722 epistola:
2662 5644 2951 5713 habentur)
2979 5658 3032 5713 p.
3065 5640 3136 5697 29
3162 5642 3235 5696 ita
3267 5641 3510 5696 scribens
3542 5655 3555 5691 :
3590 5636 3693 5693 Sed
3732 5653 3866 5692 num

2288 5743 2494 5799 Iesuita
2535 5738 2827 5814 Turrianus
2873 5734 3143 5790 mendax?
3181 5732 3354 5787 Absit.
3406 5728 3508 5786 Sed
3549 5730 3597 5784 si
3634 5730 3868 5784 mendax

2294 5852 2394 5892 non
2416 5845 2513 5905 est,
2537 5843 2674 5889 certe
2704 5831 2904 5887 codices
2931 5828 3147 5901 quidam
3173 5826 3495 5881 bibliothecae
3534 5822 3753 5880 Venetis.
3774 5823 3868 5878 ἁν-
