  <div class='ocr_page' id='page_1' title='image "/cluster/home/n/w/nwhite01/storage/ocr_20150623/10/coo.31924054872894/700.png"; bbox 0 0 4058 6364; ppageno 0'>
   <div class='ocr_carea' id='block_1_1' title="bbox 208 448 340 504">
    <p class='ocr_par' dir='ltr' id='par_1_1' title="bbox 208 448 340 504">
     <span class='ocr_line' id='line_1_1' title="bbox 208 448 340 504; baseline 0 -3"><span class='ocrx_word' id='word_1_1' title='bbox 208 448 340 504; x_wconf 79' lang='grc'><strong>1577</strong></span> 
     </span>
    </p>
   </div>
   <div class='ocr_carea' id='block_1_2' title="bbox 1379 441 2264 500">
    <p class='ocr_par' dir='ltr' id='par_1_2' title="bbox 1379 441 2264 500">
     <span class='ocr_line' id='line_1_2' title="bbox 1379 441 2264 500; baseline 0.002 -3"><span class='ocrx_word' id='word_1_2' title='bbox 1379 442 1657 498; x_wconf 79' lang='lat' dir='ltr'><strong><em>NOTITIA</em></strong></span> <span class='ocrx_word' id='word_1_3' title='bbox 1695 442 1781 498; x_wconf 83' lang='lat' dir='ltr'><strong><em>ET</em></strong></span> <span class='ocrx_word' id='word_1_4' title='bbox 1820 441 2264 500; x_wconf 77' lang='lat' dir='ltr'><strong><em>FRAGMENTA.</em></strong></span> 
     </span>
    </p>
   </div>
   <div class='ocr_carea' id='block_1_3' title="bbox 3302 449 3440 512">
    <p class='ocr_par' dir='ltr' id='par_1_3' title="bbox 3302 449 3440 512">
     <span class='ocr_line' id='line_1_3' title="bbox 3302 449 3440 512; baseline 0.058 -8"><span class='ocrx_word' id='word_1_5' title='bbox 3302 449 3440 512; x_wconf 76' lang='grc'><strong>1578</strong></span> 
     </span>
    </p>
   </div>
   <div class='ocr_carea' id='block_1_4' title="bbox 204 563 3442 641">
    <p class='ocr_par' dir='ltr' id='par_1_4' title="bbox 204 563 3442 641">
     <span class='ocr_line' id='line_1_4' title="bbox 204 563 3442 641; baseline 0.003 -22"><span class='ocrx_word' id='word_1_6' title='bbox 204 567 399 637; x_wconf 79' lang='lat' dir='ltr'><strong><em>perditi</em></strong></span> <span class='ocrx_word' id='word_1_7' title='bbox 432 575 575 622; x_wconf 89' lang='lat' dir='ltr'><strong><em>sunt.</em></strong></span> <span class='ocrx_word' id='word_1_8' title='bbox 620 564 722 620; x_wconf 84' lang='lat' dir='ltr'><strong><em>Ille</em></strong></span> <span class='ocrx_word' id='word_1_9' title='bbox 768 566 927 620; x_wconf 86' lang='lat' dir='ltr'><strong><em>etiam</em></strong></span> <span class='ocrx_word' id='word_1_10' title='bbox 962 563 1111 620; x_wconf 90' lang='lat' dir='ltr'><strong><em>venia</em></strong></span> <span class='ocrx_word' id='word_1_11' title='bbox 1145 564 1368 636; x_wconf 86' lang='lat' dir='ltr'><strong><em>dignus;</em></strong></span> <span class='ocrx_word' id='word_1_12' title='bbox 1398 582 1521 618; x_wconf 88' lang='lat' dir='ltr'><strong><em>nam</em></strong></span> <span class='ocrx_word' id='word_1_13' title='bbox 1562 567 1609 619; x_wconf 94' lang='lat' dir='ltr'><strong><em>si</em></strong></span> <span class='ocrx_word' id='word_1_14' title='bbox 1654 565 1773 618; x_wconf 79' lang='lat' dir='ltr'><strong><em>Ma-</em></strong></span> <span class='ocrx_word' id='word_1_15' title='bbox 1800 571 1845 629; x_wconf 76' lang='grc' dir='ltr'>Α</span> <span class='ocrx_word' id='word_1_16' title='bbox 1872 566 2228 635; x_wconf 79' lang='lat' dir='ltr'><strong><em>expediundis</em></strong></span> <span class='ocrx_word' id='word_1_17' title='bbox 2273 567 2502 638; x_wconf 81' lang='lat' dir='ltr'><strong><em>singulis</em></strong></span> <span class='ocrx_word' id='word_1_18' title='bbox 2546 569 2887 639; x_wconf 80' lang='lat' dir='ltr'><strong><em>argumentis</em></strong></span> <span class='ocrx_word' id='word_1_19' title='bbox 2929 569 3250 641; x_wconf 87' lang='lat' dir='ltr'><strong><em>dogmaticis</em></strong></span> <span class='ocrx_word' id='word_1_20' title='bbox 3297 571 3442 628; x_wconf 82' lang='lat' dir='ltr'><strong>haud</strong></span> 
     </span>
    </p>
   </div>
   <div class='ocr_carea' id='block_1_5' title="bbox 204 643 1770 731">
    <p class='ocr_par' dir='ltr' id='par_1_5' title="bbox 204 643 1770 731">
     <span class='ocr_line' id='line_1_5' title="bbox 204 643 1770 731; baseline 0 -19"><span class='ocrx_word' id='word_1_21' title='bbox 204 661 370 731; x_wconf 86' lang='lat' dir='ltr'><strong><em>gnetis</em></strong></span> <span class='ocrx_word' id='word_1_22' title='bbox 409 675 536 727; x_wconf 88' lang='lat' dir='ltr'><strong><em>opus</em></strong></span> <span class='ocrx_word' id='word_1_23' title='bbox 587 676 617 712; x_wconf 91' lang='lat' dir='ltr'><strong><em>a</em></strong></span> <span class='ocrx_word' id='word_1_24' title='bbox 659 676 711 713; x_wconf 89' lang='lat' dir='ltr'><strong><em>se</em></strong></span> <span class='ocrx_word' id='word_1_25' title='bbox 751 659 942 713; x_wconf 91' lang='lat' dir='ltr'><strong><em>lectum</em></strong></span> <span class='ocrx_word' id='word_1_26' title='bbox 995 659 1207 712; x_wconf 86' lang='lat' dir='ltr'><strong><em>minime</em></strong></span> <span class='ocrx_word' id='word_1_27' title='bbox 1248 656 1452 726; x_wconf 81' lang='lat' dir='ltr'><strong><em>edidit,</em></strong></span> <span class='ocrx_word' id='word_1_28' title='bbox 1495 643 1669 712; x_wconf 65' lang='lat' dir='ltr'><strong><em>iumen</em></strong></span> <span class='ocrx_word' id='word_1_29' title='bbox 1714 659 1770 712; x_wconf 87' lang='lat' dir='ltr'><strong><em>in</em></strong></span> 
     </span>
    </p>
   </div>
   <div class='ocr_carea' id='block_1_6' title="bbox 216 750 1769 820">
    <p class='ocr_par' dir='ltr' id='par_1_6' title="bbox 216 750 1769 820">
     <span class='ocr_line' id='line_1_6' title="bbox 216 750 1769 820; baseline -0.001 -15"><span class='ocrx_word' id='word_1_30' title='bbox 216 750 410 806; x_wconf 83' lang='lat' dir='ltr'><strong><em>Veneta</em></strong></span> <span class='ocrx_word' id='word_1_31' title='bbox 441 750 749 804; x_wconf 71' lang='lat' dir='ltr'><strong><em>bibliotheca</em></strong></span> <span class='ocrx_word' id='word_1_32' title='bbox 783 760 990 804; x_wconf 78' lang='lat' dir='ltr'><strong><em>exstare</em></strong></span> <span class='ocrx_word' id='word_1_33' title='bbox 1027 751 1197 816; x_wconf 71' lang='lat' dir='ltr'><strong><em>dixit,</em></strong></span> <span class='ocrx_word' id='word_1_34' title='bbox 1246 758 1431 804; x_wconf 86' lang='lat' dir='ltr'><strong><em>contra</em></strong></span> <span class='ocrx_word' id='word_1_35' title='bbox 1461 766 1619 820; x_wconf 87' lang='lat' dir='ltr'><strong><em>quam</em></strong></span> <span class='ocrx_word' id='word_1_36' title='bbox 1664 750 1769 819; x_wconf 85' lang='lat' dir='ltr'><strong><em>ipse</em></strong></span> 
     </span>
    </p>
   </div>
   <div class='ocr_carea' id='block_1_7' title="bbox 202 841 1768 896">
    <p class='ocr_par' dir='ltr' id='par_1_7' title="bbox 202 841 1768 896">
     <span class='ocr_line' id='line_1_7' title="bbox 202 841 1768 896; baseline -0.001 0"><span class='ocrx_word' id='word_1_37' title='bbox 202 841 330 896; x_wconf 91' lang='lat' dir='ltr'><strong><em>olim</em></strong></span> <span class='ocrx_word' id='word_1_38' title='bbox 357 842 801 896; x_wconf 70' lang='lat' dir='ltr'><strong><em>existimaveram.</em></strong></span> <span class='ocrx_word' id='word_1_39' title='bbox 856 841 1041 896; x_wconf 85' lang='lat' dir='ltr'><strong><em>Verum</em></strong></span> <span class='ocrx_word' id='word_1_40' title='bbox 1075 857 1212 895; x_wconf 90' lang='lat' dir='ltr'><strong><em>nunc</em></strong></span> <span class='ocrx_word' id='word_1_41' title='bbox 1245 841 1447 895; x_wconf 86' lang='lat' dir='ltr'><strong><em>tantum</em></strong></span> <span class='ocrx_word' id='word_1_42' title='bbox 1486 841 1660 894; x_wconf 89' lang='lat' dir='ltr'><strong><em>dicam</em></strong></span> <span class='ocrx_word' id='word_1_43' title='bbox 1690 857 1768 894; x_wconf 90' lang='lat' dir='ltr'><strong><em>me</em></strong></span> 
     </span>
    </p>
   </div>
   <div class='ocr_carea' id='block_1_8' title="bbox 202 933 1768 1005">
    <p class='ocr_par' dir='ltr' id='par_1_8' title="bbox 202 933 1768 1005">
     <span class='ocr_line' id='line_1_8' title="bbox 202 933 1768 1005; baseline 0.001 -17"><span class='ocrx_word' id='word_1_44' title='bbox 202 934 500 1005; x_wconf 80' lang='lat' dir='ltr'><strong><em>suspicari,</em></strong></span> <span class='ocrx_word' id='word_1_45' title='bbox 550 950 678 1003; x_wconf 86' lang='lat' dir='ltr'><strong><em>opus</em></strong></span> <span class='ocrx_word' id='word_1_46' title='bbox 721 933 854 987; x_wconf 85' lang='lat' dir='ltr'><strong><em>illud</em></strong></span> <span class='ocrx_word' id='word_1_47' title='bbox 897 933 1158 1004; x_wconf 83' lang='lat' dir='ltr'><strong><em>Magnetis</em></strong></span> <span class='ocrx_word' id='word_1_48' title='bbox 1196 933 1702 990; x_wconf 80' lang='lat' dir='ltr'><strong><em>desideratissimam</em></strong></span> <span class='ocrx_word' id='word_1_49' title='bbox 1740 951 1768 989; x_wconf 87' lang='lat' dir='ltr'><strong><em>e</em></strong></span> 
     </span>
    </p>
   </div>
   <div class='ocr_carea' id='block_1_9' title="bbox 202 1026 1769 1097">
    <p class='ocr_par' dir='ltr' id='par_1_9' title="bbox 202 1026 1769 1097">
     <span class='ocr_line' id='line_1_9' title="bbox 202 1026 1769 1097; baseline 0.001 -17"><span class='ocrx_word' id='word_1_50' title='bbox 202 1027 515 1082; x_wconf 79' lang='lat' dir='ltr'><strong><em>bibliotheca</em></strong></span> <span class='ocrx_word' id='word_1_51' title='bbox 559 1026 750 1080; x_wconf 87' lang='lat' dir='ltr'><strong><em>Veneta</em></strong></span> <span class='ocrx_word' id='word_1_52' title='bbox 801 1027 856 1080; x_wconf 86' lang='lat' dir='ltr'><strong><em>in</em></strong></span> <span class='ocrx_word' id='word_1_53' title='bbox 901 1026 1198 1097; x_wconf 83' lang='lat' dir='ltr'><strong><em>Hispanam</em></strong></span> <span class='ocrx_word' id='word_1_54' title='bbox 1230 1026 1288 1082; x_wconf 91' lang='lat' dir='ltr'><strong><em>S.</em></strong></span> <span class='ocrx_word' id='word_1_55' title='bbox 1319 1026 1594 1082; x_wconf 84' lang='lat' dir='ltr'><strong><em>Laurentii</em></strong></span> <span class='ocrx_word' id='word_1_56' title='bbox 1638 1026 1769 1082; x_wconf 87' lang='lat' dir='ltr'><strong><em>Sco-</em></strong></span> 
     </span>
    </p>
   </div>
   <div class='ocr_carea' id='block_1_10' title="bbox 202 1114 1765 1191">
    <p class='ocr_par' dir='ltr' id='par_1_10' title="bbox 202 1114 1765 1191">
     <span class='ocr_line' id='line_1_10' title="bbox 202 1114 1765 1191; baseline 0 -19"><span class='ocrx_word' id='word_1_57' title='bbox 202 1114 447 1173; x_wconf 83' lang='lat' dir='ltr'><strong><em>rialensis</em></strong></span> <span class='ocrx_word' id='word_1_58' title='bbox 488 1118 856 1172; x_wconf 81' lang='lat' dir='ltr'><strong><em>bibliothecam</em></strong></span> <span class='ocrx_word' id='word_1_59' title='bbox 898 1119 1217 1191; x_wconf 82' lang='lat' dir='ltr'><strong><em>translatum</em></strong></span> <span class='ocrx_word' id='word_1_60' title='bbox 1271 1118 1434 1188; x_wconf 78' lang='lat' dir='ltr'><strong><em>fuisse</em></strong></span> <span class='ocrx_word' id='word_1_61' title='bbox 1479 1135 1597 1172; x_wconf 90' lang='lat' dir='ltr'><strong><em>cum</em></strong></span> <span class='ocrx_word' id='word_1_62' title='bbox 1641 1119 1765 1173; x_wconf 86' lang='lat' dir='ltr'><strong><em>aliis</em></strong></span> 
     </span>
    </p>
   </div>
   <div class='ocr_carea' id='block_1_11' title="bbox 172 1203 1762 1281">
    <p class='ocr_par' dir='ltr' id='par_1_11' title="bbox 172 1203 1762 1281">
     <span class='ocr_line' id='line_1_11' title="bbox 172 1203 1762 1281; baseline 0.001 -16"><span class='ocrx_word' id='word_1_63' title='bbox 172 1203 490 1277; x_wconf 82' lang='lat' dir='ltr'><strong><em>codicibus,</em></strong></span> <span class='ocrx_word' id='word_1_64' title='bbox 520 1227 647 1281; x_wconf 83' lang='lat' dir='ltr'><strong><em>quos</em></strong></span> <span class='ocrx_word' id='word_1_65' title='bbox 677 1210 802 1264; x_wconf 83' lang='lat' dir='ltr'><strong><em>illuc</em></strong></span> <span class='ocrx_word' id='word_1_66' title='bbox 828 1211 954 1264; x_wconf 91' lang='lat' dir='ltr'><strong><em>olim</em></strong></span> <span class='ocrx_word' id='word_1_67' title='bbox 990 1213 1328 1266; x_wconf 72' lang='lat' dir='ltr'><strong><em>transmissos</em></strong></span> <span class='ocrx_word' id='word_1_68' title='bbox 1356 1212 1518 1281; x_wconf 78' lang='lat' dir='ltr'><strong><em>fuisse</em></strong></span> <span class='ocrx_word' id='word_1_69' title='bbox 1560 1212 1762 1266; x_wconf 84' lang='lat' dir='ltr'><strong><em>rescivi.</em></strong></span> 
     </span>
    </p>
   </div>
   <div class='ocr_carea' id='block_1_12' title="bbox 198 1301 1766 1360">
    <p class='ocr_par' dir='ltr' id='par_1_12' title="bbox 198 1301 1766 1360">
     <span class='ocr_line' id='line_1_12' title="bbox 198 1301 1766 1360; baseline 0.002 -4"><span class='ocrx_word' id='word_1_70' title='bbox 198 1301 474 1359; x_wconf 84' lang='lat' dir='ltr'><strong><em>Fortassis</em></strong></span> <span class='ocrx_word' id='word_1_71' title='bbox 520 1304 658 1358; x_wconf 90' lang='lat' dir='ltr'><strong><em>inter</em></strong></span> <span class='ocrx_word' id='word_1_72' title='bbox 697 1318 792 1358; x_wconf 91' lang='lat' dir='ltr'><strong><em>eos</em></strong></span> <span class='ocrx_word' id='word_1_73' title='bbox 823 1303 1034 1359; x_wconf 78' lang='lat' dir='ltr'><strong><em>codices</em></strong></span> <span class='ocrx_word' id='word_1_74' title='bbox 1083 1303 1234 1360; x_wconf 87' lang='lat' dir='ltr'><strong><em>fuere</em></strong></span> <span class='ocrx_word' id='word_1_75' title='bbox 1273 1305 1328 1358; x_wconf 87' lang='lat' dir='ltr'><strong>hi</strong></span> <span class='ocrx_word' id='word_1_76' title='bbox 1368 1303 1491 1358; x_wconf 85' lang='lat' dir='ltr'><strong><em>libri</em></strong></span> <span class='ocrx_word' id='word_1_77' title='bbox 1545 1303 1766 1360; x_wconf 85' lang='lat' dir='ltr'><strong><em>Macarii</em></strong></span> 
     </span>
    </p>
   </div>
   <div class='ocr_carea' id='block_1_13' title="bbox 199 1393 1765 1469">
    <p class='ocr_par' dir='ltr' id='par_1_13' title="bbox 199 1393 1765 1469">
     <span class='ocr_line' id='line_1_13' title="bbox 199 1393 1765 1469; baseline 0.003 -20"><span class='ocrx_word' id='word_1_78' title='bbox 199 1395 492 1467; x_wconf 63' lang='lat' dir='ltr'><strong><em>Magnetis,</em></strong></span> <span class='ocrx_word' id='word_1_79' title='bbox 509 1411 648 1466; x_wconf 93' lang='lat' dir='ltr'><strong><em>quos</em></strong></span> <span class='ocrx_word' id='word_1_80' title='bbox 675 1393 946 1464; x_wconf 70' lang='lat' dir='ltr'><strong><em>Hispania</em></strong></span> <span class='ocrx_word' id='word_1_81' title='bbox 965 1397 1176 1468; x_wconf 78' lang='lat' dir='ltr'><strong><em>legatus</em></strong></span> <span class='ocrx_word' id='word_1_82' title='bbox 1202 1397 1309 1452; x_wconf 90' lang='lat' dir='ltr'><strong><em>don</em></strong></span> <span class='ocrx_word' id='word_1_83' title='bbox 1335 1397 1500 1469; x_wconf 85' lang='lat' dir='ltr'><strong><em>Diego</em></strong></span> <span class='ocrx_word' id='word_1_84' title='bbox 1524 1396 1765 1454; x_wconf 88' lang='lat' dir='ltr'><strong><em>Hurtado</em></strong></span> 
     </span>
    </p>
   </div>
   <div class='ocr_carea' id='block_1_14' title="bbox 197 1488 1764 1560">
    <p class='ocr_par' dir='ltr' id='par_1_14' title="bbox 197 1488 1764 1560">
     <span class='ocr_line' id='line_1_14' title="bbox 197 1488 1764 1560; baseline 0.001 -17"><span class='ocrx_word' id='word_1_85' title='bbox 197 1489 250 1543; x_wconf 91' lang='lat' dir='ltr'><strong><em>di</em></strong></span> <span class='ocrx_word' id='word_1_86' title='bbox 282 1488 576 1542; x_wconf 85' lang='lat' dir='ltr'><strong><em>Mendozza</em></strong></span> <span class='ocrx_word' id='word_1_87' title='bbox 596 1505 661 1543; x_wconf 84' lang='lat' dir='ltr'><strong><em>ex</em></strong></span> <span class='ocrx_word' id='word_1_88' title='bbox 688 1490 1014 1546; x_wconf 75' lang='lat' dir='ltr'><strong><em>bibliotheca</em></strong></span> <span class='ocrx_word' id='word_1_89' title='bbox 1040 1489 1241 1546; x_wconf 86' lang='lat' dir='ltr'><strong><em>Veneta</em></strong></span> <span class='ocrx_word' id='word_1_90' title='bbox 1272 1490 1528 1558; x_wconf 88' lang='lat' dir='ltr'><strong><em>abstulit;</em></strong></span> <span class='ocrx_word' id='word_1_91' title='bbox 1560 1490 1626 1545; x_wconf 89' lang='lat' dir='ltr'><strong><em>de</em></strong></span> <span class='ocrx_word' id='word_1_92' title='bbox 1654 1505 1764 1560; x_wconf 93' lang='lat' dir='ltr'><strong><em>quo</em></strong></span> 
     </span>
    </p>
   </div>
   <div class='ocr_carea' id='block_1_15' title="bbox 193 1581 1763 1653">
    <p class='ocr_par' dir='ltr' id='par_1_15' title="bbox 193 1581 1763 1653">
     <span class='ocr_line' id='line_1_15' title="bbox 193 1581 1763 1653; baseline 0.003 -19"><span class='ocrx_word' id='word_1_93' title='bbox 193 1581 434 1650; x_wconf 74' lang='lat' dir='ltr'><strong><em>graviter</em></strong></span> <span class='ocrx_word' id='word_1_94' title='bbox 462 1583 821 1650; x_wconf 84' lang='lat' dir='ltr'><strong><em>conqueritur</em></strong></span> <span class='ocrx_word' id='word_1_95' title='bbox 849 1582 1179 1639; x_wconf 89' lang='lat' dir='ltr'><strong><em>Domenicus</em></strong></span> <span class='ocrx_word' id='word_1_96' title='bbox 1211 1582 1413 1639; x_wconf 86' lang='lat' dir='ltr'><strong><em>Molino</em></strong></span> <span class='ocrx_word' id='word_1_97' title='bbox 1450 1583 1504 1637; x_wconf 94' lang='lat' dir='ltr'><strong><em>in</em></strong></span> <span class='ocrx_word' id='word_1_98' title='bbox 1536 1583 1763 1653; x_wconf 87' lang='lat' dir='ltr'><strong><em>epistola</em></strong></span> 
     </span>
    </p>
   </div>
   <div class='ocr_carea' id='block_1_16' title="bbox 197 1672 1764 1746">
    <p class='ocr_par' dir='ltr' id='par_1_16' title="bbox 197 1672 1764 1746">
     <span class='ocr_line' id='line_1_16' title="bbox 197 1672 1764 1746; baseline 0.001 -18"><span class='ocrx_word' id='word_1_99' title='bbox 197 1672 441 1730; x_wconf 85' lang='lat' dir='ltr'><strong><em>Venetiis</em></strong></span> <span class='ocrx_word' id='word_1_100' title='bbox 470 1674 537 1729; x_wconf 86' lang='lat' dir='ltr'><strong><em>ad</em></strong></span> <span class='ocrx_word' id='word_1_101' title='bbox 567 1673 830 1730; x_wconf 82' lang='lat' dir='ltr'><strong><em>Joannem</em></strong></span> <span class='ocrx_word' id='word_1_102' title='bbox 864 1675 1159 1731; x_wconf 84' lang='lat' dir='ltr'><strong><em>Meursium</em></strong></span> <span class='ocrx_word' id='word_1_103' title='bbox 1191 1676 1328 1730; x_wconf 75' lang='grc'><strong><em>1622</em></strong></span> <span class='ocrx_word' id='word_1_104' title='bbox 1374 1677 1574 1746; x_wconf 90' lang='lat' dir='ltr'><strong><em>scripta</em></strong></span> <span class='ocrx_word' id='word_1_105' title='bbox 1595 1717 1609 1740; x_wconf 88' lang='lat'><strong><em>,</em></strong></span> <span class='ocrx_word' id='word_1_106' title='bbox 1643 1691 1764 1746; x_wconf 65' lang='lat' dir='ltr'><strong><em>quae</em></strong></span> 
     </span>
    </p>
   </div>
   <div class='ocr_carea' id='block_1_17' title="bbox 193 1765 1760 1836">
    <p class='ocr_par' dir='ltr' id='par_1_17' title="bbox 193 1765 1760 1836">
     <span class='ocr_line' id='line_1_17' title="bbox 193 1765 1760 1836; baseline 0.003 -18"><span class='ocrx_word' id='word_1_107' title='bbox 193 1765 468 1834; x_wconf 90' lang='lat' dir='ltr'><strong><em>reperitur</em></strong></span> <span class='ocrx_word' id='word_1_108' title='bbox 507 1765 648 1821; x_wconf 88' lang='lat' dir='ltr'><strong><em>inter</em></strong></span> <span class='ocrx_word' id='word_1_109' title='bbox 688 1766 948 1836; x_wconf 85' lang='lat' dir='ltr'><strong><em>epistolas</em></strong></span> <span class='ocrx_word' id='word_1_110' title='bbox 984 1765 1292 1836; x_wconf 81' lang='lat' dir='ltr'><strong><em>Marquardi</em></strong></span> <span class='ocrx_word' id='word_1_111' title='bbox 1335 1765 1494 1821; x_wconf 89' lang='lat' dir='ltr'><strong><em>Gudii</em></strong></span> <span class='ocrx_word' id='word_1_112' title='bbox 1526 1783 1556 1821; x_wconf 93' lang='lat' dir='ltr'><strong><em>a</em></strong></span> <span class='ocrx_word' id='word_1_113' title='bbox 1592 1767 1760 1823; x_wconf 88' lang='lat' dir='ltr'><strong><em>celeb.</em></strong></span> 
     </span>
    </p>
   </div>
   <div class='ocr_carea' id='block_1_18' title="bbox 192 1855 1764 1930">
    <p class='ocr_par' dir='ltr' id='par_1_18' title="bbox 192 1855 1764 1930">
     <span class='ocr_line' id='line_1_18' title="bbox 192 1855 1764 1930; baseline 0.002 -19"><span class='ocrx_word' id='word_1_114' title='bbox 192 1855 356 1914; x_wconf 84' lang='lat' dir='ltr'><strong><em>Petro</em></strong></span> <span class='ocrx_word' id='word_1_115' title='bbox 388 1857 700 1912; x_wconf 86' lang='lat' dir='ltr'><strong><em>Burmanno</em></strong></span> <span class='ocrx_word' id='word_1_116' title='bbox 724 1859 900 1914; x_wconf 86' lang='lat' dir='ltr'><strong><em>editas</em></strong></span> <span class='ocrx_word' id='word_1_117' title='bbox 957 1876 1011 1930; x_wconf 91' lang='lat' dir='ltr'><strong><em>p.</em></strong></span> <span class='ocrx_word' id='word_1_118' title='bbox 1051 1860 1175 1926; x_wconf 87' lang='grc'><strong>150,</strong></span> <span class='ocrx_word' id='word_1_119' title='bbox 1207 1859 1328 1914; x_wconf 87' lang='grc'><strong>151.</strong></span> <span class='ocrx_word' id='word_1_120' title='bbox 1364 1858 1618 1929; x_wconf 88' lang='lat' dir='ltr'><strong><em>Spectant</em></strong></span> <span class='ocrx_word' id='word_1_121' title='bbox 1658 1860 1764 1914; x_wconf 91' lang='lat' dir='ltr'><strong><em>huc</em></strong></span> 
     </span>
    </p>
   </div>
   <div class='ocr_carea' id='block_1_19' title="bbox 192 1949 1764 2022">
    <p class='ocr_par' dir='ltr' id='par_1_19' title="bbox 192 1949 1764 2022">
     <span class='ocr_line' id='line_1_19' title="bbox 192 1949 1764 2022; baseline -0.001 -16"><span class='ocrx_word' id='word_1_122' title='bbox 192 1951 540 2022; x_wconf 88' lang='lat' dir='ltr'><strong><em>potissimum</em></strong></span> <span class='ocrx_word' id='word_1_123' title='bbox 604 1952 882 2021; x_wconf 88' lang='lat' dir='ltr'><strong><em>sequentia</em></strong></span> <span class='ocrx_word' id='word_1_124' title='bbox 938 1951 1098 2006; x_wconf 90' lang='lat' dir='ltr'><strong><em>verba</em></strong></span> <span class='ocrx_word' id='word_1_125' title='bbox 1149 1969 1164 2006; x_wconf 89' lang='lat'><strong>:</strong></span> <span class='ocrx_word' id='word_1_126' title='bbox 1225 1949 1370 2004; x_wconf 74' lang='lat' dir='ltr'><strong><em>Fari)</em></strong></span> <span class='ocrx_word' id='word_1_127' title='bbox 1427 1951 1516 2004; x_wconf 87' lang='lat' dir='ltr'><strong><em>che</em></strong></span> <span class='ocrx_word' id='word_1_128' title='bbox 1568 1963 1764 2022; x_wconf 86' lang='lat' dir='ltr'><strong><em>quanto</em></strong></span> 
     </span>
    </p>
   </div>
   <div class='ocr_carea' id='block_1_20' title="bbox 193 2043 1764 2115">
    <p class='ocr_par' dir='ltr' id='par_1_20' title="bbox 193 2043 1764 2115">
     <span class='ocr_line' id='line_1_20' title="bbox 193 2043 1764 2115; baseline -0.001 -18"><span class='ocrx_word' id='word_1_129' title='bbox 193 2048 369 2115; x_wconf 88' lang='lat' dir='ltr'><strong><em>prima</em></strong></span> <span class='ocrx_word' id='word_1_130' title='bbox 401 2047 448 2098; x_wconf 91' lang='lat' dir='ltr'><strong><em>vi</em></strong></span> <span class='ocrx_word' id='word_1_131' title='bbox 474 2045 637 2114; x_wconf 87' lang='lat' dir='ltr'><strong><em>capiti</em></strong></span> <span class='ocrx_word' id='word_1_132' title='bbox 671 2043 710 2097; x_wconf 86' lang='lat' dir='ltr'><strong><em>il</em></strong></span> <span class='ocrx_word' id='word_1_133' title='bbox 739 2044 980 2114; x_wconf 86' lang='lat' dir='ltr'><strong><em>catalogo</em></strong></span> <span class='ocrx_word' id='word_1_134' title='bbox 1020 2044 1098 2098; x_wconf 81' lang='lat' dir='ltr'><strong><em>de’</em></strong></span> <span class='ocrx_word' id='word_1_135' title='bbox 1122 2043 1245 2097; x_wconf 90' lang='lat' dir='ltr'><strong><em>libri</em></strong></span> <span class='ocrx_word' id='word_1_136' title='bbox 1280 2043 1462 2107; x_wconf 85' lang='lat' dir='ltr'><strong><em>Greci,</em></strong></span> <span class='ocrx_word' id='word_1_137' title='bbox 1496 2045 1585 2097; x_wconf 91' lang='lat' dir='ltr'><strong><em>che</em></strong></span> <span class='ocrx_word' id='word_1_138' title='bbox 1625 2043 1764 2097; x_wconf 88' lang='lat' dir='ltr'><strong><em>nella</em></strong></span> 
     </span>
    </p>
   </div>
   <div class='ocr_carea' id='block_1_21' title="bbox 193 2134 1764 2205">
    <p class='ocr_par' dir='ltr' id='par_1_21' title="bbox 193 2134 1764 2205">
     <span class='ocr_line' id='line_1_21' title="bbox 193 2134 1764 2205; baseline -0.002 -16"><span class='ocrx_word' id='word_1_139' title='bbox 193 2135 440 2205; x_wconf 86' lang='lat' dir='ltr'><strong><em>pubblica</em></strong></span> <span class='ocrx_word' id='word_1_140' title='bbox 472 2135 783 2189; x_wconf 78' lang='lat' dir='ltr'><strong><em>bibliotheca</em></strong></span> <span class='ocrx_word' id='word_1_141' title='bbox 823 2135 870 2188; x_wconf 87' lang='lat' dir='ltr'><strong><em>si</em></strong></span> <span class='ocrx_word' id='word_1_142' title='bbox 906 2135 1206 2199; x_wconf 89' lang='lat' dir='ltr'><strong><em>ritrovano;</em></strong></span> <span class='ocrx_word' id='word_1_143' title='bbox 1248 2135 1289 2187; x_wconf 86' lang='lat' dir='ltr'><strong><em>li</em></strong></span> <span class='ocrx_word' id='word_1_144' title='bbox 1336 2134 1484 2205; x_wconf 87' lang='lat' dir='ltr'><strong><em>quali</em></strong></span> <span class='ocrx_word' id='word_1_145' title='bbox 1509 2137 1631 2205; x_wconf 77' lang='lat' dir='ltr'><strong><em>pero</em></strong></span> <span class='ocrx_word' id='word_1_146' title='bbox 1662 2150 1764 2188; x_wconf 88' lang='lat' dir='ltr'><strong><em>non</em></strong></span> 
     </span>
    </p>
   </div>
   <div class='ocr_carea' id='block_1_22' title="bbox 193 2227 1763 2298">
    <p class='ocr_par' dir='ltr' id='par_1_22' title="bbox 193 2227 1763 2298">
     <span class='ocr_line' id='line_1_22' title="bbox 193 2227 1763 2298; baseline 0.001 -15"><span class='ocrx_word' id='word_1_147' title='bbox 193 2244 322 2283; x_wconf 83' lang='lat' dir='ltr'><strong><em>sono</em></strong></span> <span class='ocrx_word' id='word_1_148' title='bbox 367 2228 491 2280; x_wconf 88' lang='lat' dir='ltr'><strong><em>tutti</em></strong></span> <span class='ocrx_word' id='word_1_149' title='bbox 523 2227 682 2298; x_wconf 87' lang='lat' dir='ltr'><strong><em>quelli</em></strong></span> <span class='ocrx_word' id='word_1_150' title='bbox 702 2269 716 2292; x_wconf 94' lang='lat'><strong><em>,</em></strong></span> <span class='ocrx_word' id='word_1_151' title='bbox 743 2227 834 2281; x_wconf 89' lang='lat' dir='ltr'><strong><em>che</em></strong></span> <span class='ocrx_word' id='word_1_152' title='bbox 861 2227 954 2280; x_wconf 89' lang='lat' dir='ltr'><strong><em>dal</em></strong></span> <span class='ocrx_word' id='word_1_153' title='bbox 982 2227 1223 2282; x_wconf 81' lang='lat' dir='ltr'><strong><em>cardinal</em></strong></span> <span class='ocrx_word' id='word_1_154' title='bbox 1281 2227 1546 2282; x_wconf 86' lang='lat' dir='ltr'><strong><em>Benevone</em></strong></span> <span class='ocrx_word' id='word_1_155' title='bbox 1574 2229 1763 2298; x_wconf 80' lang='lat' dir='ltr'><strong><em>furono</em></strong></span> 
     </span>
    </p>
   </div>
   <div class='ocr_carea' id='block_1_23' title="bbox 191 2320 1762 2390">
    <p class='ocr_par' dir='ltr' id='par_1_23' title="bbox 191 2320 1762 2390">
     <span class='ocr_line' id='line_1_23' title="bbox 191 2320 1762 2390; baseline 0.001 -16"><span class='ocrx_word' id='word_1_156' title='bbox 191 2320 410 2374; x_wconf 88' lang='lat' dir='ltr'><strong><em>lasciati</em></strong></span> <span class='ocrx_word' id='word_1_157' title='bbox 453 2321 594 2373; x_wconf 86' lang='lat' dir='ltr'><strong><em>nella</em></strong></span> <span class='ocrx_word' id='word_1_158' title='bbox 629 2320 965 2374; x_wconf 81' lang='lat' dir='ltr'><strong><em>serenissima</em></strong></span> <span class='ocrx_word' id='word_1_159' title='bbox 991 2321 1326 2390; x_wconf 89' lang='lat' dir='ltr'><strong><em>repubblica,</em></strong></span> <span class='ocrx_word' id='word_1_160' title='bbox 1360 2337 1452 2390; x_wconf 85' lang='lat' dir='ltr'><strong><em>per</em></strong></span> <span class='ocrx_word' id='word_1_161' title='bbox 1491 2321 1581 2375; x_wconf 79' lang='lat' dir='ltr'><strong><em>ché</em></strong></span> <span class='ocrx_word' id='word_1_162' title='bbox 1614 2323 1762 2376; x_wconf 90' lang='lat' dir='ltr'><strong><em>molti</em></strong></span> 
     </span>
    </p>
   </div>
   <div class='ocr_carea' id='block_1_24' title="bbox 191 2410 1762 2484">
    <p class='ocr_par' dir='ltr' id='par_1_24' title="bbox 191 2410 1762 2484">
     <span class='ocr_line' id='line_1_24' title="bbox 191 2410 1762 2484; baseline 0 -17"><span class='ocrx_word' id='word_1_163' title='bbox 191 2413 335 2484; x_wconf 83' lang='lat' dir='ltr'><strong><em>dein</em></strong></span> <span class='ocrx_word' id='word_1_164' title='bbox 373 2410 608 2481; x_wconf 76' lang='lat' dir='ltr'><strong><em>migliozi</em></strong></span> <span class='ocrx_word' id='word_1_165' title='bbox 629 2412 674 2466; x_wconf 91' lang='lat' dir='ltr'><strong><em>si</em></strong></span> <span class='ocrx_word' id='word_1_166' title='bbox 703 2413 968 2465; x_wconf 90' lang='lat' dir='ltr'><strong><em>ritrovano</em></strong></span> <span class='ocrx_word' id='word_1_167' title='bbox 1002 2413 1310 2481; x_wconf 87' lang='lat' dir='ltr'><strong><em>trasportati</em></strong></span> <span class='ocrx_word' id='word_1_168' title='bbox 1347 2413 1398 2466; x_wconf 92' lang='lat' dir='ltr'><strong><em>in</em></strong></span> <span class='ocrx_word' id='word_1_169' title='bbox 1428 2411 1642 2483; x_wconf 83' lang='lat' dir='ltr'><strong><em>Spagna</em></strong></span> <span class='ocrx_word' id='word_1_170' title='bbox 1684 2416 1762 2467; x_wconf 92' lang='lat' dir='ltr'><strong><em>ri-</em></strong></span> 
     </span>
    </p>
   </div>
   <div class='ocr_carea' id='block_1_25' title="bbox 191 2502 1764 2574">
    <p class='ocr_par' dir='ltr' id='par_1_25' title="bbox 191 2502 1764 2574">
     <span class='ocr_line' id='line_1_25' title="bbox 191 2502 1764 2574; baseline 0.002 -17"><span class='ocrx_word' id='word_1_171' title='bbox 191 2506 330 2574; x_wconf 84' lang='lat' dir='ltr'><strong><em>posti</em></strong></span> <span class='ocrx_word' id='word_1_172' title='bbox 358 2504 496 2558; x_wconf 88' lang='lat' dir='ltr'><strong><em>nella</em></strong></span> <span class='ocrx_word' id='word_1_173' title='bbox 524 2502 740 2557; x_wconf 85' lang='lat' dir='ltr'><strong><em>libreria</em></strong></span> <span class='ocrx_word' id='word_1_174' title='bbox 763 2505 905 2574; x_wconf 89' lang='lat' dir='ltr'><strong><em>regia</em></strong></span> <span class='ocrx_word' id='word_1_175' title='bbox 930 2503 1022 2558; x_wconf 84' lang='lat' dir='ltr'><strong><em>all‘</em></strong></span> <span class='ocrx_word' id='word_1_176' title='bbox 1051 2503 1350 2571; x_wconf 86' lang='lat' dir='ltr'><strong><em>Escuriale,</em></strong></span> <span class='ocrx_word' id='word_1_177' title='bbox 1394 2506 1569 2559; x_wconf 90' lang='lat' dir='ltr'><strong><em>rubati</em></strong></span> <span class='ocrx_word' id='word_1_178' title='bbox 1593 2506 1663 2559; x_wconf 90' lang='lat' dir='ltr'><strong><em>da</em></strong></span> <span class='ocrx_word' id='word_1_179' title='bbox 1693 2523 1764 2560; x_wconf 88' lang='lat' dir='ltr'><strong><em>un</em></strong></span> 
     </span>
    </p>
   </div>
   <div class='ocr_carea' id='block_1_26' title="bbox 192 2595 1764 2667">
    <p class='ocr_par' dir='ltr' id='par_1_26' title="bbox 192 2595 1764 2667">
     <span class='ocr_line' id='line_1_26' title="bbox 192 2595 1764 2667; baseline 0.004 -19"><span class='ocrx_word' id='word_1_180' title='bbox 192 2597 447 2650; x_wconf 84' lang='lat' dir='ltr'><strong><em>scelerato</em></strong></span> <span class='ocrx_word' id='word_1_181' title='bbox 476 2595 702 2664; x_wconf 79' lang='lat' dir='ltr'><strong><em>infame,</em></strong></span> <span class='ocrx_word' id='word_1_182' title='bbox 747 2597 1112 2650; x_wconf 84' lang='lat' dir='ltr'><strong><em>ambassiador</em></strong></span> <span class='ocrx_word' id='word_1_183' title='bbox 1141 2595 1446 2667; x_wconf 84' lang='lat' dir='ltr'><strong><em>Spagnuolo</em></strong></span> <span class='ocrx_word' id='word_1_184' title='bbox 1486 2601 1764 2654; x_wconf 90' lang='lat' dir='ltr'><strong><em>nominato</em></strong></span> 
     </span>
    </p>
   </div>
   <div class='ocr_carea' id='block_1_27' title="bbox 195 2687 1764 2762">
    <p class='ocr_par' dir='ltr' id='par_1_27' title="bbox 195 2687 1764 2762">
     <span class='ocr_line' id='line_1_27' title="bbox 195 2687 1764 2762; baseline 0 -18"><span class='ocrx_word' id='word_1_185' title='bbox 195 2691 299 2744; x_wconf 86' lang='lat' dir='ltr'><strong><em>don</em></strong></span> <span class='ocrx_word' id='word_1_186' title='bbox 341 2688 506 2759; x_wconf 87' lang='lat' dir='ltr'><strong><em>Diego</em></strong></span> <span class='ocrx_word' id='word_1_187' title='bbox 551 2687 798 2742; x_wconf 84' lang='lat' dir='ltr'><strong><em>llurtado</em></strong></span> <span class='ocrx_word' id='word_1_188' title='bbox 821 2689 878 2742; x_wconf 86' lang='lat' dir='ltr'><strong><em>di</em></strong></span> <span class='ocrx_word' id='word_1_189' title='bbox 913 2689 1223 2757; x_wconf 79' lang='lat' dir='ltr'><strong><em>Mendozza,</em></strong></span> <span class='ocrx_word' id='word_1_190' title='bbox 1269 2691 1308 2744; x_wconf 89' lang='lat' dir='ltr'><strong><em>il</em></strong></span> <span class='ocrx_word' id='word_1_191' title='bbox 1350 2691 1506 2762; x_wconf 85' lang='lat' dir='ltr'><strong><em>quale</em></strong></span> <span class='ocrx_word' id='word_1_192' title='bbox 1535 2691 1764 2746; x_wconf 83' lang='lat' dir='ltr'><strong><em>harendo</em></strong></span> 
     </span>
    </p>
   </div>
   <div class='ocr_carea' id='block_1_28' title="bbox 193 2781 1764 2853">
    <p class='ocr_par' dir='ltr' id='par_1_28' title="bbox 193 2781 1764 2853">
     <span class='ocr_line' id='line_1_28' title="bbox 193 2781 1764 2853; baseline 0.002 -19"><span class='ocrx_word' id='word_1_193' title='bbox 193 2782 394 2836; x_wconf 84' lang='lat' dir='ltr'><strong><em>havuta</em></strong></span> <span class='ocrx_word' id='word_1_194' title='bbox 429 2790 626 2834; x_wconf 84' lang='lat' dir='ltr'><strong><em>cortese</em></strong></span> <span class='ocrx_word' id='word_1_195' title='bbox 656 2781 857 2834; x_wconf 74' lang='lat' dir='ltr'><strong><em>licenza</em></strong></span> <span class='ocrx_word' id='word_1_196' title='bbox 880 2782 1176 2852; x_wconf 87' lang='lat' dir='ltr'><strong><em>da&#39;signori</em></strong></span> <span class='ocrx_word' id='word_1_197' title='bbox 1223 2799 1255 2836; x_wconf 91' lang='lat' dir='ltr'><strong><em>a</em></strong></span> <span class='ocrx_word' id='word_1_198' title='bbox 1277 2783 1426 2853; x_wconf 86' lang='lat' dir='ltr'><strong><em>quali</em></strong></span> <span class='ocrx_word' id='word_1_199' title='bbox 1451 2800 1541 2837; x_wconf 91' lang='lat' dir='ltr'><strong><em>era</em></strong></span> <span class='ocrx_word' id='word_1_200' title='bbox 1583 2800 1764 2838; x_wconf 90' lang='lat' dir='ltr'><strong><em>racco—</em></strong></span> 
     </span>
    </p>
   </div>
   <div class='ocr_carea' id='block_1_29' title="bbox 193 2865 1740 2948">
    <p class='ocr_par' dir='ltr' id='par_1_29' title="bbox 193 2865 1740 2948">
     <span class='ocr_line' id='line_1_29' title="bbox 193 2865 1740 2948; baseline 0.003 -20"><span class='ocrx_word' id='word_1_201' title='bbox 193 2875 452 2928; x_wconf 83' lang='lat' dir='ltr'><strong><em>mandata</em></strong></span> <span class='ocrx_word' id='word_1_202' title='bbox 497 2873 552 2928; x_wconf 92' lang='lat' dir='ltr'><strong><em>la</em></strong></span> <span class='ocrx_word' id='word_1_203' title='bbox 586 2865 886 2928; x_wconf 68' lang='lat' dir='ltr'><strong><em>cura&#39;della</em></strong></span> <span class='ocrx_word' id='word_1_204' title='bbox 915 2876 1258 2944; x_wconf 82' lang='lat' dir='ltr'><strong><em>bibliotheca,</em></strong></span> <span class='ocrx_word' id='word_1_205' title='bbox 1297 2879 1352 2932; x_wconf 88' lang='lat' dir='ltr'><strong><em>di</em></strong></span> <span class='ocrx_word' id='word_1_206' title='bbox 1383 2889 1531 2948; x_wconf 86' lang='lat' dir='ltr'><strong><em>pater</em></strong></span> <span class='ocrx_word' id='word_1_207' title='bbox 1559 2889 1740 2934; x_wconf 88' lang='lat' dir='ltr'><strong><em>entrar</em></strong></span> 
     </span>
    </p>
   </div>
   <div class='ocr_carea' id='block_1_30' title="bbox 190 2967 1762 3039">
    <p class='ocr_par' dir='ltr' id='par_1_30' title="bbox 190 2967 1762 3039">
     <span class='ocr_line' id='line_1_30' title="bbox 190 2967 1762 3039; baseline 0.004 -18"><span class='ocrx_word' id='word_1_208' title='bbox 190 2969 251 3021; x_wconf 86' lang='lat' dir='ltr'><strong><em>ed</em></strong></span> <span class='ocrx_word' id='word_1_209' title='bbox 272 2969 420 3027; x_wconf 81' lang='lat' dir='ltr'><strong><em>useir</em></strong></span> <span class='ocrx_word' id='word_1_210' title='bbox 439 2985 470 3021; x_wconf 91' lang='lat' dir='ltr'><strong><em>a</em></strong></span> <span class='ocrx_word' id='word_1_211' title='bbox 493 2983 588 3020; x_wconf 90' lang='lat' dir='ltr'><strong><em>suo</em></strong></span> <span class='ocrx_word' id='word_1_212' title='bbox 613 2967 822 3037; x_wconf 86' lang='lat' dir='ltr'><strong><em>piaeere</em></strong></span> <span class='ocrx_word' id='word_1_213' title='bbox 852 2985 943 3038; x_wconf 87' lang='lat' dir='ltr'><strong><em>per</em></strong></span> <span class='ocrx_word' id='word_1_214' title='bbox 980 2970 1178 3039; x_wconf 82' lang='lat' dir='ltr'><strong><em>leggere</em></strong></span> <span class='ocrx_word' id='word_1_215' title='bbox 1198 2987 1224 3023; x_wconf 94' lang='lat' dir='ltr'><strong><em>e</em></strong></span> <span class='ocrx_word' id='word_1_216' title='bbox 1249 2971 1504 3038; x_wconf 86' lang='lat' dir='ltr'><strong><em>studiare,</em></strong></span> <span class='ocrx_word' id='word_1_217' title='bbox 1533 2989 1637 3027; x_wconf 86' lang='lat' dir='ltr'><strong><em>non</em></strong></span> <span class='ocrx_word' id='word_1_218' title='bbox 1676 2990 1762 3028; x_wconf 85' lang='lat' dir='ltr'><strong><em>es-</em></strong></span> 
     </span>
    </p>
   </div>
   <div class='ocr_carea' id='block_1_31' title="bbox 190 3061 1764 3135">
    <p class='ocr_par' dir='ltr' id='par_1_31' title="bbox 190 3061 1764 3135">
     <span class='ocr_line' id='line_1_31' title="bbox 190 3061 1764 3135; baseline 0.003 -21"><span class='ocrx_word' id='word_1_219' title='bbox 190 3061 352 3115; x_wconf 85' lang='lat' dir='ltr'><strong><em>sendo</em></strong></span> <span class='ocrx_word' id='word_1_220' title='bbox 395 3061 465 3114; x_wconf 89' lang='lat' dir='ltr'><strong><em>da</em></strong></span> <span class='ocrx_word' id='word_1_221' title='bbox 501 3061 736 3113; x_wconf 88' lang='lat' dir='ltr'><strong><em>ministri</em></strong></span> <span class='ocrx_word' id='word_1_222' title='bbox 769 3062 1004 3115; x_wconf 87' lang='lat' dir='ltr'><strong><em>assistito</em></strong></span> <span class='ocrx_word' id='word_1_223' title='bbox 1023 3101 1038 3126; x_wconf 88' lang='lat'><strong><em>,</em></strong></span> <span class='ocrx_word' id='word_1_224' title='bbox 1065 3079 1156 3131; x_wconf 89' lang='lat' dir='ltr'><strong><em>per</em></strong></span> <span class='ocrx_word' id='word_1_225' title='bbox 1181 3063 1271 3115; x_wconf 76' lang='lat' dir='ltr'><strong><em>ehé</em></strong></span> <span class='ocrx_word' id='word_1_226' title='bbox 1291 3079 1392 3116; x_wconf 87' lang='lat' dir='ltr'><strong><em>non</em></strong></span> <span class='ocrx_word' id='word_1_227' title='bbox 1419 3065 1466 3117; x_wconf 92' lang='lat' dir='ltr'><strong><em>si</em></strong></span> <span class='ocrx_word' id='word_1_228' title='bbox 1487 3081 1764 3135; x_wconf 84' lang='lat' dir='ltr'><strong><em>presuppo-</em></strong></span> 
     </span>
    </p>
   </div>
   <div class='ocr_carea' id='block_1_32' title="bbox 189 3151 1758 3222">
    <p class='ocr_par' dir='ltr' id='par_1_32' title="bbox 189 3151 1758 3222">
     <span class='ocr_line' id='line_1_32' title="bbox 189 3151 1758 3222; baseline 0.004 -18"><span class='ocrx_word' id='word_1_229' title='bbox 189 3168 321 3206; x_wconf 86' lang='lat' dir='ltr'><strong><em>neva</em></strong></span> <span class='ocrx_word' id='word_1_230' title='bbox 357 3151 410 3204; x_wconf 86' lang='lat' dir='ltr'><strong><em>in</em></strong></span> <span class='ocrx_word' id='word_1_231' title='bbox 446 3167 601 3205; x_wconf 87' lang='lat' dir='ltr'><strong><em>uomo</em></strong></span> <span class='ocrx_word' id='word_1_232' title='bbox 628 3151 683 3204; x_wconf 84' lang='lat' dir='ltr'><strong><em>di</em></strong></span> <span class='ocrx_word' id='word_1_233' title='bbox 709 3169 808 3206; x_wconf 89' lang='lat' dir='ltr'><strong><em>sua</em></strong></span> <span class='ocrx_word' id='word_1_234' title='bbox 849 3153 1154 3208; x_wconf 66' lang='lat' dir='ltr'><strong><em>condicione</em></strong></span> <span class='ocrx_word' id='word_1_235' title='bbox 1205 3171 1310 3208; x_wconf 88' lang='lat' dir='ltr'><strong><em>una</em></strong></span> <span class='ocrx_word' id='word_1_236' title='bbox 1341 3155 1590 3211; x_wconf 78' lang='lat' dir='ltr'><strong><em>bossezza</em></strong></span> <span class='ocrx_word' id='word_1_237' title='bbox 1617 3157 1723 3210; x_wconf 86' lang='lat' dir='ltr'><strong><em>tale</em></strong></span> <span class='ocrx_word' id='word_1_238' title='bbox 1743 3199 1758 3222; x_wconf 91' lang='lat'><strong><em>,</em></strong></span> 
     </span>
    </p>
   </div>
   <div class='ocr_carea' id='block_1_33' title="bbox 187 3245 1763 3354">
    <p class='ocr_par' dir='ltr' id='par_1_33' title="bbox 187 3245 1759 3304">
     <span class='ocr_line' id='line_1_33' title="bbox 187 3245 1759 3304; baseline 0.004 -7"><span class='ocrx_word' id='word_1_239' title='bbox 187 3246 241 3297; x_wconf 88' lang='lat' dir='ltr'><strong><em>in</em></strong></span> <span class='ocrx_word' id='word_1_240' title='bbox 266 3246 471 3298; x_wconf 86' lang='lat' dir='ltr'><strong><em>diverse</em></strong></span> <span class='ocrx_word' id='word_1_241' title='bbox 501 3245 633 3298; x_wconf 89' lang='lat' dir='ltr'><strong><em>volte</em></strong></span> <span class='ocrx_word' id='word_1_242' title='bbox 655 3245 872 3300; x_wconf 87' lang='lat' dir='ltr'><strong><em>levando</em></strong></span> <span class='ocrx_word' id='word_1_243' title='bbox 902 3247 1043 3301; x_wconf 88' lang='lat' dir='ltr'><strong><em>dalle</em></strong></span> <span class='ocrx_word' id='word_1_244' title='bbox 1081 3248 1246 3301; x_wconf 87' lang='lat' dir='ltr'><strong><em>tavole</em></strong></span> <span class='ocrx_word' id='word_1_245' title='bbox 1267 3250 1562 3304; x_wconf 89' lang='lat' dir='ltr'><strong><em>incatenate</em></strong></span> <span class='ocrx_word' id='word_1_246' title='bbox 1591 3249 1640 3304; x_wconf 89' lang='lat' dir='ltr'><strong><em>le</em></strong></span> <span class='ocrx_word' id='word_1_247' title='bbox 1669 3267 1759 3303; x_wconf 88' lang='lat' dir='ltr'><strong><em>co-</em></strong></span> 
     </span>
    </p>
   </div>
   <div class='ocr_carea' id='block_1_34' title="bbox 1867 3245 2587 3354">
    <p class='ocr_par' dir='ltr' id='par_1_34' title="bbox 1867 3267 2587 3341">
     <span class='ocr_line' id='line_1_34' title="bbox 1867 3267 2587 3341; baseline 0.004 -21"><span class='ocrx_word' id='word_1_248' title='bbox 1867 3267 2018 3332; x_wconf 77' lang='grc' dir='ltr'>τάξει</span> <span class='ocrx_word' id='word_1_249' title='bbox 2083 3271 2554 3341; x_wconf 76' lang='grc' dir='ltr'><strong><em>προκαθεζόμενος</em></strong></span> <span class='ocrx_word' id='word_1_250' title='bbox 2571 3313 2587 3337; x_wconf 88' lang='grc'><strong><em>,</em></strong></span> 
     </span>
    </p>
   </div>
   <div class='ocr_carea' id='block_1_35' title="bbox 185 3339 1757 3412">
    <p class='ocr_par' dir='ltr' id='par_1_35' title="bbox 185 3339 1757 3412">
     <span class='ocr_line' id='line_1_35' title="bbox 185 3339 1757 3412; baseline 0.004 -22"><span class='ocrx_word' id='word_1_251' title='bbox 185 3339 320 3400; x_wconf 86' lang='lat' dir='ltr'><strong><em>dici,</em></strong></span> <span class='ocrx_word' id='word_1_252' title='bbox 339 3354 366 3392; x_wconf 92' lang='lat' dir='ltr'><strong><em>e</em></strong></span> <span class='ocrx_word' id='word_1_253' title='bbox 390 3340 727 3408; x_wconf 86' lang='lat' dir='ltr'><strong><em>riponendovi</em></strong></span> <span class='ocrx_word' id='word_1_254' title='bbox 751 3350 899 3394; x_wconf 89' lang='lat' dir='ltr'><strong><em>carta</em></strong></span> <span class='ocrx_word' id='word_1_255' title='bbox 915 3339 986 3394; x_wconf 87' lang='lat' dir='ltr'><strong><em>da</em></strong></span> <span class='ocrx_word' id='word_1_256' title='bbox 1006 3343 1252 3408; x_wconf 89' lang='lat' dir='ltr'><strong><em>straccio,</em></strong></span> <span class='ocrx_word' id='word_1_257' title='bbox 1273 3343 1319 3396; x_wconf 88' lang='lat' dir='ltr'><strong><em>si</em></strong></span> <span class='ocrx_word' id='word_1_258' title='bbox 1340 3344 1490 3412; x_wconf 79' lang='lat' dir='ltr'><strong><em>porto</em></strong></span> <span class='ocrx_word' id='word_1_259' title='bbox 1519 3343 1560 3396; x_wconf 89' lang='lat' dir='ltr'><strong><em>il</em></strong></span> <span class='ocrx_word' id='word_1_260' title='bbox 1587 3343 1757 3396; x_wconf 89' lang='lat' dir='ltr'><strong><em>buono</em></strong></span> 
     </span>
    </p>
   </div>
   <div class='ocr_carea' id='block_1_36' title="bbox 183 3429 1760 3504">
    <p class='ocr_par' dir='ltr' id='par_1_36' title="bbox 183 3429 1760 3504">
     <span class='ocr_line' id='line_1_36' title="bbox 183 3429 1760 3504; baseline 0.003 -20"><span class='ocrx_word' id='word_1_261' title='bbox 183 3429 231 3484; x_wconf 78' lang='lat' dir='ltr'><strong><em>el</em></strong></span> <span class='ocrx_word' id='word_1_262' title='bbox 278 3431 554 3501; x_wconf 88' lang='lat' dir='ltr'><strong><em>migliore;</em></strong></span> <span class='ocrx_word' id='word_1_263' title='bbox 586 3448 745 3485; x_wconf 68' lang='lat' dir='ltr'><strong><em>sensa</em></strong></span> <span class='ocrx_word' id='word_1_264' title='bbox 769 3431 858 3484; x_wconf 85' lang='lat' dir='ltr'><strong><em>che</em></strong></span> <span class='ocrx_word' id='word_1_265' title='bbox 883 3449 976 3501; x_wconf 89' lang='lat' dir='ltr'><strong><em>per</em></strong></span> <span class='ocrx_word' id='word_1_266' title='bbox 1009 3432 1101 3486; x_wconf 82' lang='lat' dir='ltr'><strong><em>all’</em></strong></span> <span class='ocrx_word' id='word_1_267' title='bbox 1139 3434 1270 3488; x_wconf 88' lang='lat' dir='ltr'><strong><em>hora</em></strong></span> <span class='ocrx_word' id='word_1_268' title='bbox 1299 3475 1311 3497; x_wconf 92' lang='lat'><strong><em>,</em></strong></span> <span class='ocrx_word' id='word_1_269' title='bbox 1354 3450 1381 3488; x_wconf 88' lang='lat' dir='ltr'><strong><em>e</em></strong></span> <span class='ocrx_word' id='word_1_270' title='bbox 1429 3451 1520 3504; x_wconf 88' lang='lat' dir='ltr'><strong><em>per</em></strong></span> <span class='ocrx_word' id='word_1_271' title='bbox 1541 3433 1760 3504; x_wconf 86' lang='lat' dir='ltr'><strong><em>qualche</em></strong></span> 
     </span>
    </p>
   </div>
   <div class='ocr_carea' id='block_1_37' title="bbox 191 3523 1761 3595">
    <p class='ocr_par' dir='ltr' id='par_1_37' title="bbox 191 3523 1761 3595">
     <span class='ocr_line' id='line_1_37' title="bbox 191 3523 1761 3595; baseline 0.003 -21"><span class='ocrx_word' id='word_1_272' title='bbox 191 3532 362 3591; x_wconf 69' lang='lat' dir='ltr'><strong><em>tempe</em></strong></span> <span class='ocrx_word' id='word_1_273' title='bbox 395 3523 528 3590; x_wconf 87' lang='lat' dir='ltr'><strong><em>dopo</em></strong></span> <span class='ocrx_word' id='word_1_274' title='bbox 570 3523 760 3577; x_wconf 86' lang='lat' dir='ltr'><strong><em>aleuno</em></strong></span> <span class='ocrx_word' id='word_1_275' title='bbox 784 3541 838 3578; x_wconf 88' lang='lat' dir='ltr'><strong><em>se</em></strong></span> <span class='ocrx_word' id='word_1_276' title='bbox 860 3541 922 3578; x_wconf 89' lang='lat' dir='ltr'><strong><em>ne</em></strong></span> <span class='ocrx_word' id='word_1_277' title='bbox 944 3525 1233 3590; x_wconf 88' lang='lat' dir='ltr'><strong><em>avvedesse,</em></strong></span> <span class='ocrx_word' id='word_1_278' title='bbox 1276 3524 1338 3578; x_wconf 73' lang='lat' dir='ltr'><strong><em>ne</em></strong></span> <span class='ocrx_word' id='word_1_279' title='bbox 1360 3527 1406 3580; x_wconf 85' lang='lat' dir='ltr'><strong><em>si</em></strong></span> <span class='ocrx_word' id='word_1_280' title='bbox 1430 3525 1642 3580; x_wconf 90' lang='lat' dir='ltr'><strong><em>sarebbe</em></strong></span> <span class='ocrx_word' id='word_1_281' title='bbox 1669 3542 1761 3595; x_wconf 87' lang='lat' dir='ltr'><strong><em>per</em></strong></span> 
     </span>
    </p>
   </div>
   <div class='ocr_carea' id='block_1_38' title="bbox 186 3615 1760 3688">
    <p class='ocr_par' dir='ltr' id='par_1_38' title="bbox 186 3615 1760 3688">
     <span class='ocr_line' id='line_1_38' title="bbox 186 3615 1760 3688; baseline 0.003 -20"><span class='ocrx_word' id='word_1_282' title='bbox 186 3623 473 3668; x_wconf 88' lang='lat' dir='ltr'><strong><em>avventura</em></strong></span> <span class='ocrx_word' id='word_1_283' title='bbox 497 3615 712 3670; x_wconf 85' lang='lat' dir='ltr'><strong><em>credulo</em></strong></span> <span class='ocrx_word' id='word_1_284' title='bbox 757 3616 798 3669; x_wconf 91' lang='lat' dir='ltr'><strong><em>il</em></strong></span> <span class='ocrx_word' id='word_1_285' title='bbox 837 3618 982 3686; x_wconf 79' lang='lat' dir='ltr'><strong><em>furto</em></strong></span> <span class='ocrx_word' id='word_1_286' title='bbox 1015 3618 1148 3688; x_wconf 80' lang='lat' dir='ltr'><strong><em>[atto</em></strong></span> <span class='ocrx_word' id='word_1_287' title='bbox 1191 3618 1262 3672; x_wconf 87' lang='lat' dir='ltr'><strong><em>da</em></strong></span> <span class='ocrx_word' id='word_1_288' title='bbox 1289 3618 1404 3684; x_wconf 88' lang='lat' dir='ltr'><strong><em>lui,</em></strong></span> <span class='ocrx_word' id='word_1_289' title='bbox 1447 3635 1503 3673; x_wconf 85' lang='lat' dir='ltr'><strong><em>se</em></strong></span> <span class='ocrx_word' id='word_1_290' title='bbox 1543 3617 1584 3672; x_wconf 88' lang='lat' dir='ltr'><strong><em>il</em></strong></span> <span class='ocrx_word' id='word_1_291' title='bbox 1625 3619 1760 3687; x_wconf 78' lang='lat' dir='ltr'><strong><em>[atto</em></strong></span> 
     </span>
    </p>
   </div>
   <div class='ocr_carea' id='block_1_39' title="bbox 185 3706 1762 3782">
    <p class='ocr_par' dir='ltr' id='par_1_39' title="bbox 185 3706 1762 3782">
     <span class='ocr_line' id='line_1_39' title="bbox 185 3706 1762 3782; baseline 0.003 -23"><span class='ocrx_word' id='word_1_292' title='bbox 185 3717 357 3762; x_wconf 88' lang='lat' dir='ltr'><strong><em>stesso</em></strong></span> <span class='ocrx_word' id='word_1_293' title='bbox 383 3723 483 3760; x_wconf 88' lang='lat' dir='ltr'><strong><em>non</em></strong></span> <span class='ocrx_word' id='word_1_294' title='bbox 509 3706 560 3760; x_wconf 91' lang='lat' dir='ltr'><strong><em>lo</em></strong></span> <span class='ocrx_word' id='word_1_295' title='bbox 587 3707 856 3778; x_wconf 84' lang='lat' dir='ltr'><strong><em>palesava,</em></strong></span> <span class='ocrx_word' id='word_1_296' title='bbox 882 3726 910 3764; x_wconf 87' lang='lat' dir='ltr'><strong><em>e</em></strong></span> <span class='ocrx_word' id='word_1_297' title='bbox 938 3727 1042 3765; x_wconf 85' lang='lat' dir='ltr'><strong><em>non</em></strong></span> <span class='ocrx_word' id='word_1_298' title='bbox 1072 3711 1122 3765; x_wconf 92' lang='lat' dir='ltr'><strong><em>lo</em></strong></span> <span class='ocrx_word' id='word_1_299' title='bbox 1144 3711 1310 3782; x_wconf 87' lang='lat' dir='ltr'><strong><em>palesi</em></strong></span> <span class='ocrx_word' id='word_1_300' title='bbox 1341 3721 1478 3766; x_wconf 88' lang='lat' dir='ltr'><strong><em>tutta</em></strong></span> <span class='ocrx_word' id='word_1_301' title='bbox 1501 3713 1650 3778; x_wconf 86' lang='lat' dir='ltr'><strong><em>via,e</em></strong></span> <span class='ocrx_word' id='word_1_302' title='bbox 1669 3728 1762 3782; x_wconf 83' lang='lat' dir='ltr'><strong><em>per</em></strong></span> 
     </span>
    </p>
   </div>
   <div class='ocr_carea' id='block_1_40' title="bbox 187 3799 1762 3874">
    <p class='ocr_par' dir='ltr' id='par_1_40' title="bbox 187 3799 1762 3874">
     <span class='ocr_line' id='line_1_40' title="bbox 187 3799 1762 3874; baseline 0.004 -22"><span class='ocrx_word' id='word_1_303' title='bbox 187 3799 379 3853; x_wconf 83' lang='lat' dir='ltr'><strong><em>adesse</em></strong></span> <span class='ocrx_word' id='word_1_304' title='bbox 408 3815 437 3853; x_wconf 85' lang='lat' dir='ltr'><strong><em>e</em></strong></span> <span class='ocrx_word' id='word_1_305' title='bbox 477 3816 569 3869; x_wconf 86' lang='lat' dir='ltr'><strong><em>per</em></strong></span> <span class='ocrx_word' id='word_1_306' title='bbox 606 3816 807 3870; x_wconf 89' lang='lat' dir='ltr'><strong><em>sempre</em></strong></span> <span class='ocrx_word' id='word_1_307' title='bbox 841 3818 935 3856; x_wconf 82' lang='lat' dir='ltr'><strong><em>con</em></strong></span> <span class='ocrx_word' id='word_1_308' title='bbox 959 3813 1137 3858; x_wconf 87' lang='lat' dir='ltr'><strong><em>eterna</em></strong></span> <span class='ocrx_word' id='word_1_309' title='bbox 1163 3821 1260 3857; x_wconf 89' lang='lat' dir='ltr'><strong><em>sua</em></strong></span> <span class='ocrx_word' id='word_1_310' title='bbox 1282 3805 1535 3874; x_wconf 84' lang='lat' dir='ltr'><strong><em>infamia,</em></strong></span> <span class='ocrx_word' id='word_1_311' title='bbox 1565 3817 1762 3859; x_wconf 88' lang='lat' dir='ltr'><strong><em>mentre</em></strong></span> 
     </span>
    </p>
   </div>
   <div class='ocr_carea' id='block_1_41' title="bbox 186 3890 1761 3967">
    <p class='ocr_par' dir='ltr' id='par_1_41' title="bbox 186 3890 1761 3967">
     <span class='ocr_line' id='line_1_41' title="bbox 186 3890 1761 3967; baseline 0.004 -21"><span class='ocrx_word' id='word_1_312' title='bbox 186 3893 230 3947; x_wconf 83' lang='lat' dir='ltr'><strong><em>si</em></strong></span> <span class='ocrx_word' id='word_1_313' title='bbox 260 3892 460 3946; x_wconf 84' lang='lat' dir='ltr'><strong><em>vedono</em></strong></span> <span class='ocrx_word' id='word_1_314' title='bbox 490 3890 538 3946; x_wconf 90' lang='lat' dir='ltr'><strong><em>le</em></strong></span> <span class='ocrx_word' id='word_1_315' title='bbox 580 3893 750 3946; x_wconf 89' lang='lat' dir='ltr'><strong><em>codici</em></strong></span> <span class='ocrx_word' id='word_1_316' title='bbox 779 3909 874 3946; x_wconf 87' lang='lat' dir='ltr'><strong><em>con</em></strong></span> <span class='ocrx_word' id='word_1_317' title='bbox 901 3893 940 3946; x_wconf 92' lang='lat' dir='ltr'><strong><em>il</em></strong></span> <span class='ocrx_word' id='word_1_318' title='bbox 969 3911 1118 3948; x_wconf 88' lang='lat' dir='ltr'><strong><em>nome</em></strong></span> <span class='ocrx_word' id='word_1_319' title='bbox 1147 3905 1196 3949; x_wconf 91' lang='lat' dir='ltr'><strong><em>et</em></strong></span> <span class='ocrx_word' id='word_1_320' title='bbox 1235 3913 1391 3967; x_wconf 91' lang='lat' dir='ltr'><strong><em>segno</em></strong></span> <span class='ocrx_word' id='word_1_321' title='bbox 1413 3897 1467 3950; x_wconf 87' lang='lat' dir='ltr'><strong><em>di</em></strong></span> <span class='ocrx_word' id='word_1_322' title='bbox 1494 3897 1761 3953; x_wconf 84' lang='lat' dir='ltr'><strong><em>Benevone</em></strong></span> 
     </span>
    </p>
   </div>
   <div class='ocr_carea' id='block_1_42' title="bbox 187 3985 1200 4060">
    <p class='ocr_par' dir='ltr' id='par_1_42' title="bbox 187 3985 1200 4060">
     <span class='ocr_line' id='line_1_42' title="bbox 187 3985 1200 4060; baseline 0.005 -22"><span class='ocrx_word' id='word_1_323' title='bbox 187 3986 330 4040; x_wconf 87' lang='lat' dir='ltr'><strong><em>nella</em></strong></span> <span class='ocrx_word' id='word_1_324' title='bbox 365 3985 581 4040; x_wconf 89' lang='lat' dir='ltr'><strong><em>libreria</em></strong></span> <span class='ocrx_word' id='word_1_325' title='bbox 611 3987 736 4040; x_wconf 82' lang='lat' dir='ltr'><strong><em>dell’</em></strong></span> <span class='ocrx_word' id='word_1_326' title='bbox 763 3985 1041 4042; x_wconf 86' lang='lat' dir='ltr'><strong><em>Escuriale</em></strong></span> <span class='ocrx_word' id='word_1_327' title='bbox 1066 3989 1200 4060; x_wconf 86' lang='grc'><strong>(87).</strong></span> 
     </span>
    </p>
   </div>
   <div class='ocr_carea' id='block_1_43' title="bbox 257 4080 1760 4152">
    <p class='ocr_par' dir='ltr' id='par_1_43' title="bbox 257 4080 1760 4152">
     <span class='ocr_line' id='line_1_43' title="bbox 257 4080 1760 4152; baseline 0.005 -19"><span class='ocrx_word' id='word_1_328' title='bbox 257 4080 710 4150; x_wconf 82' lang='lat' dir='ltr'><strong><em>Quandoquidem</em></strong></span> <span class='ocrx_word' id='word_1_329' title='bbox 743 4081 906 4152; x_wconf 82' lang='lat' dir='ltr'><strong><em>igitur</em></strong></span> <span class='ocrx_word' id='word_1_330' title='bbox 933 4083 1135 4136; x_wconf 90' lang='lat' dir='ltr'><strong><em>nullam</em></strong></span> <span class='ocrx_word' id='word_1_331' title='bbox 1172 4098 1320 4152; x_wconf 90' lang='lat' dir='ltr'><strong><em>spem</em></strong></span> <span class='ocrx_word' id='word_1_332' title='bbox 1359 4084 1490 4137; x_wconf 89' lang='lat' dir='ltr'><strong><em>mihi</em></strong></span> <span class='ocrx_word' id='word_1_333' title='bbox 1519 4084 1760 4140; x_wconf 84' lang='lat' dir='ltr'><strong><em>relictam</em></strong></span> 
     </span>
    </p>
   </div>
   <div class='ocr_carea' id='block_1_44' title="bbox 185 4173 1758 4244">
    <p class='ocr_par' dir='ltr' id='par_1_44' title="bbox 185 4173 1758 4244">
     <span class='ocr_line' id='line_1_44' title="bbox 185 4173 1758 4244; baseline 0.001 -15"><span class='ocrx_word' id='word_1_334' title='bbox 185 4188 314 4229; x_wconf 87' lang='lat' dir='ltr'><strong><em>esse</em></strong></span> <span class='ocrx_word' id='word_1_335' title='bbox 353 4173 602 4228; x_wconf 79' lang='lat' dir='ltr'><strong><em>videbam</em></strong></span> <span class='ocrx_word' id='word_1_336' title='bbox 638 4178 907 4244; x_wconf 88' lang='lat' dir='ltr'><strong><em>integrum</em></strong></span> <span class='ocrx_word' id='word_1_337' title='bbox 953 4189 1091 4243; x_wconf 87' lang='lat' dir='ltr'><strong><em>opus</em></strong></span> <span class='ocrx_word' id='word_1_338' title='bbox 1138 4175 1549 4242; x_wconf 80' lang='grc' dir='ltr'><strong><em>Ἀποκριτικῶν</em></strong></span> <span class='ocrx_word' id='word_1_339' title='bbox 1580 4193 1645 4231; x_wconf 81' lang='lat' dir='ltr'><strong><em>ex</em></strong></span> <span class='ocrx_word' id='word_1_340' title='bbox 1679 4187 1758 4230; x_wconf 84' lang='lat' dir='ltr'><strong><em>te-</em></strong></span> 
     </span>
    </p>
   </div>
   <div class='ocr_carea' id='block_1_45' title="bbox 189 4262 1761 4338">
    <p class='ocr_par' dir='ltr' id='par_1_45' title="bbox 189 4262 1761 4338">
     <span class='ocr_line' id='line_1_45' title="bbox 189 4262 1761 4338; baseline 0.001 -18"><span class='ocrx_word' id='word_1_341' title='bbox 189 4262 375 4330; x_wconf 73' lang='lat' dir='ltr'><strong><em>nebris</em></strong></span> <span class='ocrx_word' id='word_1_342' title='bbox 395 4265 643 4327; x_wconf 88' lang='lat' dir='ltr'><strong><em>eruendi,</em></strong></span> <span class='ocrx_word' id='word_1_343' title='bbox 670 4265 736 4318; x_wconf 89' lang='lat' dir='ltr'><strong><em>ad</em></strong></span> <span class='ocrx_word' id='word_1_344' title='bbox 767 4264 1063 4335; x_wconf 85' lang='lat' dir='ltr'><strong><em>fragmenta</em></strong></span> <span class='ocrx_word' id='word_1_345' title='bbox 1087 4265 1232 4321; x_wconf 89' lang='lat' dir='ltr'><strong><em>illius</em></strong></span> <span class='ocrx_word' id='word_1_346' title='bbox 1261 4266 1399 4320; x_wconf 86' lang='lat' dir='ltr'><strong><em>bene</em></strong></span> <span class='ocrx_word' id='word_1_347' title='bbox 1425 4266 1616 4334; x_wconf 89' lang='lat' dir='ltr'><strong><em>multa,</em></strong></span> <span class='ocrx_word' id='word_1_348' title='bbox 1639 4283 1761 4338; x_wconf 73' lang='lat' dir='ltr'><strong><em>qua:</em></strong></span> 
     </span>
    </p>
   </div>
   <div class='ocr_carea' id='block_1_46' title="bbox 189 4356 1764 4428">
    <p class='ocr_par' dir='ltr' id='par_1_46' title="bbox 189 4356 1764 4428">
     <span class='ocr_line' id='line_1_46' title="bbox 189 4356 1764 4428; baseline 0.001 -16"><span class='ocrx_word' id='word_1_349' title='bbox 189 4374 256 4413; x_wconf 83' lang='lat' dir='ltr'><strong><em>ex</em></strong></span> <span class='ocrx_word' id='word_1_350' title='bbox 293 4357 464 4412; x_wconf 87' lang='lat' dir='ltr'><strong><em>tribus</em></strong></span> <span class='ocrx_word' id='word_1_351' title='bbox 493 4357 774 4412; x_wconf 81' lang='lat' dir='ltr'><strong><em>codicibus</em></strong></span> <span class='ocrx_word' id='word_1_352' title='bbox 795 4373 927 4413; x_wconf 89' lang='lat' dir='ltr'><strong><em>mss.</em></strong></span> <span class='ocrx_word' id='word_1_353' title='bbox 953 4356 1238 4427; x_wconf 84' lang='lat' dir='ltr'><strong><em>Nicephori</em></strong></span> <span class='ocrx_word' id='word_1_354' title='bbox 1269 4359 1591 4428; x_wconf 80' lang='lat' dir='ltr'><strong><em>patriarchae</em></strong></span> <span class='ocrx_word' id='word_1_355' title='bbox 1617 4359 1764 4413; x_wconf 85' lang='lat' dir='ltr'><strong><em>Con-</em></strong></span> 
     </span>
    </p>
   </div>
   <div class='ocr_carea' id='block_1_47' title="bbox 189 4450 1764 4521">
    <p class='ocr_par' dir='ltr' id='par_1_47' title="bbox 189 4450 1764 4521">
     <span class='ocr_line' id='line_1_47' title="bbox 189 4450 1764 4521; baseline 0.001 -15"><span class='ocrx_word' id='word_1_356' title='bbox 189 4452 692 4521; x_wconf 86' lang='lat' dir='ltr'><strong><em>stantinopolitani,</em></strong></span> <span class='ocrx_word' id='word_1_357' title='bbox 741 4451 957 4521; x_wconf 87' lang='lat' dir='ltr'><strong><em>alioque</em></strong></span> <span class='ocrx_word' id='word_1_358' title='bbox 1003 4452 1132 4506; x_wconf 90' lang='lat' dir='ltr'><strong><em>item</em></strong></span> <span class='ocrx_word' id='word_1_359' title='bbox 1181 4453 1368 4507; x_wconf 89' lang='lat' dir='ltr'><strong><em>codice</em></strong></span> <span class='ocrx_word' id='word_1_360' title='bbox 1417 4467 1520 4504; x_wconf 88' lang='lat' dir='ltr'><strong><em>ms.</em></strong></span> <span class='ocrx_word' id='word_1_361' title='bbox 1581 4450 1764 4507; x_wconf 88' lang='lat' dir='ltr'><strong><em>Italico</em></strong></span> 
     </span>
    </p>
   </div>
   <div class='ocr_carea' id='block_1_48' title="bbox 189 4543 1760 4615">
    <p class='ocr_par' dir='ltr' id='par_1_48' title="bbox 189 4543 1760 4615">
     <span class='ocr_line' id='line_1_48' title="bbox 189 4543 1760 4615; baseline -0.001 -17"><span class='ocrx_word' id='word_1_362' title='bbox 189 4544 486 4598; x_wconf 83' lang='lat' dir='ltr'><strong><em>cardinalis</em></strong></span> <span class='ocrx_word' id='word_1_363' title='bbox 531 4543 791 4599; x_wconf 88' lang='lat' dir='ltr'><strong><em>Ottoboni</em></strong></span> <span class='ocrx_word' id='word_1_364' title='bbox 828 4543 955 4599; x_wconf 91' lang='lat' dir='ltr'><strong><em>hinc</em></strong></span> <span class='ocrx_word' id='word_1_365' title='bbox 985 4544 1108 4598; x_wconf 87' lang='lat' dir='ltr'><strong><em>ind&#39;e</em></strong></span> <span class='ocrx_word' id='word_1_366' title='bbox 1133 4544 1376 4614; x_wconf 85' lang='lat' dir='ltr'><strong><em>dispersa</em></strong></span> <span class='ocrx_word' id='word_1_367' title='bbox 1418 4545 1760 4615; x_wconf 86' lang='lat' dir='ltr'><strong><em>collegeram,</em></strong></span> 
     </span>
    </p>
   </div>
   <div class='ocr_carea' id='block_1_49' title="bbox 1799 1937 1840 1991">
    <p class='ocr_par' dir='ltr' id='par_1_49' title="bbox 1799 1937 1840 1991">
     <span class='ocr_line' id='line_1_49' title="bbox 1799 1937 1840 1991; baseline 0 0"><span class='ocrx_word' id='word_1_368' title='bbox 1799 1937 1840 1991; x_wconf 85' lang='grc' dir='ltr'>Β</span> 
     </span>
    </p>
   </div>
   <div class='ocr_carea' id='block_1_50' title="bbox 1876 657 3445 730">
    <p class='ocr_par' dir='ltr' id='par_1_50' title="bbox 1876 657 3445 730">
     <span class='ocr_line' id='line_1_50' title="bbox 1876 657 3445 730; baseline 0.003 -19"><span class='ocrx_word' id='word_1_369' title='bbox 1876 657 2187 712; x_wconf 80' lang='lat' dir='ltr'><strong><em>sullecerint</em></strong></span> <span class='ocrx_word' id='word_1_370' title='bbox 2247 657 2645 729; x_wconf 80' lang='lat' dir='ltr'><strong><em>circumscripti</em></strong></span> <span class='ocrx_word' id='word_1_371' title='bbox 2681 660 3066 730; x_wconf 86' lang='lat' dir='ltr'><strong><em>disputationis</em></strong></span> <span class='ocrx_word' id='word_1_372' title='bbox 3110 661 3346 725; x_wconf 89' lang='lat' dir='ltr'><strong><em>limites,</em></strong></span> <span class='ocrx_word' id='word_1_373' title='bbox 3390 671 3445 717; x_wconf 87' lang='lat' dir='ltr'><strong><em>et</em></strong></span> 
     </span>
    </p>
   </div>
   <div class='ocr_carea' id='block_1_51' title="bbox 1874 748 3444 821">
    <p class='ocr_par' dir='ltr' id='par_1_51' title="bbox 1874 748 3444 821">
     <span class='ocr_line' id='line_1_51' title="bbox 1874 748 3444 821; baseline 0.004 -21"><span class='ocrx_word' id='word_1_374' title='bbox 1874 748 2119 816; x_wconf 66' lang='lat' dir='ltr'><strong><em>quaedam</em></strong></span> <span class='ocrx_word' id='word_1_375' title='bbox 2150 748 2326 804; x_wconf 90' lang='lat' dir='ltr'><strong><em>adhuc</em></strong></span> <span class='ocrx_word' id='word_1_376' title='bbox 2358 750 2635 818; x_wconf 88' lang='lat' dir='ltr'><strong><em>supersint</em></strong></span> <span class='ocrx_word' id='word_1_377' title='bbox 2655 748 2873 804; x_wconf 88' lang='lat' dir='ltr'><strong><em>Macarii</em></strong></span> <span class='ocrx_word' id='word_1_378' title='bbox 2893 750 3157 821; x_wconf 80' lang='lat' dir='ltr'><strong><em>Magnetis</em></strong></span> <span class='ocrx_word' id='word_1_379' title='bbox 3181 753 3444 807; x_wconf 75' lang='lat' dir='ltr'><strong><em>doctrina:</em></strong></span> 
     </span>
    </p>
   </div>
   <div class='ocr_carea' id='block_1_52' title="bbox 1873 839 3445 910">
    <p class='ocr_par' dir='ltr' id='par_1_52' title="bbox 1873 839 3445 910">
     <span class='ocr_line' id='line_1_52' title="bbox 1873 839 3445 910; baseline 0.003 -16"><span class='ocrx_word' id='word_1_380' title='bbox 1873 839 1939 894; x_wconf 87' lang='lat' dir='ltr'><strong><em>de</em></strong></span> <span class='ocrx_word' id='word_1_381' title='bbox 1963 840 2066 908; x_wconf 77' lang='lat' dir='ltr'><strong><em>fide</em></strong></span> <span class='ocrx_word' id='word_1_382' title='bbox 2081 841 2542 910; x_wconf 80' lang='lat' dir='ltr'><strong><em>etjusti/icatione,</em></strong></span> <span class='ocrx_word' id='word_1_383' title='bbox 2562 843 2628 897; x_wconf 87' lang='lat' dir='ltr'><strong><em>de</em></strong></span> <span class='ocrx_word' id='word_1_384' title='bbox 2644 842 3006 910; x_wconf 87' lang='lat' dir='ltr'><strong><em>Eucharistia,</em></strong></span> <span class='ocrx_word' id='word_1_385' title='bbox 3021 845 3086 898; x_wconf 88' lang='lat' dir='ltr'><strong><em>ad</em></strong></span> <span class='ocrx_word' id='word_1_386' title='bbox 3106 861 3330 898; x_wconf 84' lang='lat' dir='ltr'><strong><em>examen</em></strong></span> <span class='ocrx_word' id='word_1_387' title='bbox 3358 860 3445 898; x_wconf 86' lang='lat' dir='ltr'><strong><em>re-</em></strong></span> 
     </span>
    </p>
   </div>
   <div class='ocr_carea' id='block_1_53' title="bbox 1873 932 3445 1006">
    <p class='ocr_par' dir='ltr' id='par_1_53' title="bbox 1873 932 3445 1006">
     <span class='ocr_line' id='line_1_53' title="bbox 1873 932 3445 1006; baseline 0.006 -22"><span class='ocrx_word' id='word_1_388' title='bbox 1873 932 2147 999; x_wconf 67' lang='lat' dir='ltr'><strong><em>vocandae,</em></strong></span> <span class='ocrx_word' id='word_1_389' title='bbox 2185 933 2250 987; x_wconf 89' lang='lat' dir='ltr'><strong><em>de</em></strong></span> <span class='ocrx_word' id='word_1_390' title='bbox 2285 936 2660 988; x_wconf 85' lang='lat' dir='ltr'><strong><em>resurrectione</em></strong></span> <span class='ocrx_word' id='word_1_391' title='bbox 2697 944 2746 988; x_wconf 91' lang='lat' dir='ltr'><strong><em>et</em></strong></span> <span class='ocrx_word' id='word_1_392' title='bbox 2772 936 2875 988; x_wconf 81' lang='lat' dir='ltr'><strong><em>tita</em></strong></span> <span class='ocrx_word' id='word_1_393' title='bbox 2899 944 3094 990; x_wconf 69' lang='lat' dir='ltr'><strong><em>a’terna</em></strong></span> <span class='ocrx_word' id='word_1_394' title='bbox 3121 938 3328 1006; x_wconf 91' lang='lat' dir='ltr'><strong><em>primus</em></strong></span> <span class='ocrx_word' id='word_1_395' title='bbox 3359 937 3445 993; x_wconf 88' lang='lat' dir='ltr'><strong><em>his</em></strong></span> 
     </span>
    </p>
   </div>
   <div class='ocr_carea' id='block_1_54' title="bbox 1871 1021 3445 1098">
    <p class='ocr_par' dir='ltr' id='par_1_54' title="bbox 1871 1021 3445 1098">
     <span class='ocr_line' id='line_1_54' title="bbox 1871 1021 3445 1098; baseline 0.004 -22"><span class='ocrx_word' id='word_1_396' title='bbox 1871 1021 2088 1076; x_wconf 85' lang='lat' dir='ltr'><strong><em>dabitur</em></strong></span> <span class='ocrx_word' id='word_1_397' title='bbox 2120 1024 2271 1079; x_wconf 92' lang='lat' dir='ltr'><strong><em>locus</em></strong></span> <span class='ocrx_word' id='word_1_398' title='bbox 2301 1025 2354 1078; x_wconf 92' lang='lat' dir='ltr'><strong><em>in</em></strong></span> <span class='ocrx_word' id='word_1_399' title='bbox 2389 1027 2746 1080; x_wconf 86' lang='lat' dir='ltr'><strong><em>subsccutura</em></strong></span> <span class='ocrx_word' id='word_1_400' title='bbox 2780 1025 3171 1081; x_wconf 86' lang='lat' dir='ltr'><strong><em>Dissertatione</em></strong></span> <span class='ocrx_word' id='word_1_401' title='bbox 3200 1027 3296 1096; x_wconf 83' lang='lat' dir='ltr'><strong><em>lll,</em></strong></span> <span class='ocrx_word' id='word_1_402' title='bbox 3323 1044 3445 1098; x_wconf 66' lang='lat' dir='ltr'><strong><em>quae</em></strong></span> 
     </span>
    </p>
   </div>
   <div class='ocr_carea' id='block_1_55' title="bbox 1871 1113 3442 1186">
    <p class='ocr_par' dir='ltr' id='par_1_55' title="bbox 1871 1113 3442 1186">
     <span class='ocr_line' id='line_1_55' title="bbox 1871 1113 3442 1186; baseline 0.005 -20"><span class='ocrx_word' id='word_1_403' title='bbox 1871 1113 2165 1168; x_wconf 83' lang='lat' dir='ltr'><strong><em>Macarium</em></strong></span> <span class='ocrx_word' id='word_1_404' title='bbox 2221 1117 2286 1171; x_wconf 88' lang='lat' dir='ltr'><strong><em>de</em></strong></span> <span class='ocrx_word' id='word_1_405' title='bbox 2331 1118 2607 1172; x_wconf 88' lang='lat' dir='ltr'><strong><em>erroribus</em></strong></span> <span class='ocrx_word' id='word_1_406' title='bbox 2665 1133 2729 1172; x_wconf 88' lang='lat' dir='ltr'><strong><em>ac</em></strong></span> <span class='ocrx_word' id='word_1_407' title='bbox 2797 1119 2964 1173; x_wconf 63' lang='lat' dir='ltr'><strong><em>naevis</em></strong></span> <span class='ocrx_word' id='word_1_408' title='bbox 3019 1117 3442 1186; x_wconf 66' lang='lat' dir='ltr'><strong><em>Manichzeismi,</em></strong></span> 
     </span>
    </p>
   </div>
   <div class='ocr_carea' id='block_1_56' title="bbox 1871 1205 3444 1283">
    <p class='ocr_par' dir='ltr' id='par_1_56' title="bbox 1871 1205 3444 1283">
     <span class='ocr_line' id='line_1_56' title="bbox 1871 1205 3444 1283; baseline 0.007 -25"><span class='ocrx_word' id='word_1_409' title='bbox 1871 1205 2190 1271; x_wconf 88' lang='lat' dir='ltr'><strong><em>Arianismi,</em></strong></span> <span class='ocrx_word' id='word_1_410' title='bbox 2215 1206 2637 1278; x_wconf 86' lang='lat' dir='ltr'><strong><em>Origenianismi</em></strong></span> <span class='ocrx_word' id='word_1_411' title='bbox 2667 1219 2720 1265; x_wconf 89' lang='lat' dir='ltr'><strong><em>et</em></strong></span> <span class='ocrx_word' id='word_1_412' title='bbox 2755 1209 3190 1277; x_wconf 77' lang='lat' dir='ltr'><strong><em>Nestorianismi,</em></strong></span> <span class='ocrx_word' id='word_1_413' title='bbox 3211 1229 3444 1283; x_wconf 90' lang='lat' dir='ltr'><strong><em>quorum</em></strong></span> 
     </span>
    </p>
   </div>
   <div class='ocr_carea' id='block_1_57' title="bbox 1871 1284 2806 1373">
    <p class='ocr_par' dir='ltr' id='par_1_57' title="bbox 1871 1284 2806 1373">
     <span class='ocr_line' id='line_1_57' title="bbox 1871 1284 2806 1373; baseline 0.006 -21"><span class='ocrx_word' id='word_1_414' title='bbox 1871 1284 2218 1354; x_wconf 82' lang='lat' dir='ltr'><strong><em>insimulatus</em></strong></span> <span class='ocrx_word' id='word_1_415' title='bbox 2244 1299 2364 1367; x_wconf 90' lang='lat' dir='ltr'><strong><em>fuit,</em></strong></span> <span class='ocrx_word' id='word_1_416' title='bbox 2395 1302 2638 1357; x_wconf 87' lang='lat' dir='ltr'><strong><em>absolvet</em></strong></span> <span class='ocrx_word' id='word_1_417' title='bbox 2671 1302 2806 1373; x_wconf 90' lang='lat'><strong><em>(88).</em></strong></span> 
     </span>
    </p>
   </div>
   <div class='ocr_carea' id='block_1_58' title="bbox 1874 1431 3442 1508">
    <p class='ocr_par' dir='ltr' id='par_1_58' title="bbox 1874 1431 3442 1508">
     <span class='ocr_line' id='line_1_58' title="bbox 1874 1431 3442 1508; baseline 0.004 -21"><span class='ocrx_word' id='word_1_418' title='bbox 1874 1431 1902 1504; x_wconf 58' lang='grc' dir='ltr'>ᾗ</span> <span class='ocrx_word' id='word_1_419' title='bbox 1938 1432 1980 1489; x_wconf 89' lang='lat' dir='ltr'><strong><em>l.</em></strong></span> <span class='ocrx_word' id='word_1_420' title='bbox 2026 1431 2148 1508; x_wconf 67' lang='lat' dir='ltr'><strong><em>Non</em></strong></span> <span class='ocrx_word' id='word_1_421' title='bbox 2179 1436 2795 1508; x_wconf 12' lang='lat' dir='ltr'><strong><em>systemagaliquodged</em></strong></span> <span class='ocrx_word' id='word_1_422' title='bbox 2827 1436 3228 1508; x_wconf 80' lang='grc' dir='ltr'>Θεολογούμενα</span> <span class='ocrx_word' id='word_1_423' title='bbox 3258 1439 3442 1493; x_wconf 81' lang='lat' dir='ltr'><strong><em>saltem</em></strong></span> 
     </span>
    </p>
   </div>
   <div class='ocr_carea' id='block_1_59' title="bbox 1938 1505 3433 1577">
    <p class='ocr_par' dir='ltr' id='par_1_59' title="bbox 1938 1505 3433 1577">
     <span class='ocr_line' id='line_1_59' title="bbox 1938 1505 3433 1577; baseline 0.004 -22"><span class='ocrx_word' id='word_1_424' title='bbox 1938 1505 2342 1577; x_wconf 59' lang='lat' dir='ltr'><strong><em>exfragmentis</em></strong></span> <span class='ocrx_word' id='word_1_425' title='bbox 2385 1505 2618 1577; x_wconf 79' lang='lat' dir='ltr'><strong><em>Macarii</em></strong></span> <span class='ocrx_word' id='word_1_426' title='bbox 2636 1506 2908 1577; x_wconf 71' lang='lat' dir='ltr'><strong><em>Magnetis</em></strong></span> <span class='ocrx_word' id='word_1_427' title='bbox 2945 1505 3330 1577; x_wconf 83' lang='lat' dir='ltr'><strong><em>proponuntur.</em></strong></span> <span class='ocrx_word' id='word_1_428' title='bbox 3377 1540 3433 1550; x_wconf 91' lang='lat'><strong><em>—</em></strong></span> 
     </span>
    </p>
   </div>
   <div class='ocr_carea' id='block_1_60' title="bbox 1943 1572 3434 1647">
    <p class='ocr_par' dir='ltr' id='par_1_60' title="bbox 1943 1572 3434 1647">
     <span class='ocr_line' id='line_1_60' title="bbox 1943 1572 3434 1647; baseline 0.005 -21"><span class='ocrx_word' id='word_1_429' title='bbox 1943 1572 2061 1647; x_wconf 70' lang='grc' dir='ltr'>ςιι.</span> <span class='ocrx_word' id='word_1_430' title='bbox 2103 1573 2350 1647; x_wconf 64' lang='grc' dir='ltr'><strong><em>ΤΙιςοιοςὶ</em></strong></span> <span class='ocrx_word' id='word_1_431' title='bbox 2379 1578 2564 1630; x_wconf 85' lang='lat' dir='ltr'><strong><em>titulus</em></strong></span> <span class='ocrx_word' id='word_1_432' title='bbox 2594 1572 2828 1647; x_wconf 73' lang='lat' dir='ltr'><strong><em>Magneti</em></strong></span> <span class='ocrx_word' id='word_1_433' title='bbox 2863 1572 3162 1632; x_wconf 79' lang='lat' dir='ltr'><strong><em>vindicatus</em></strong></span> <span class='ocrx_word' id='word_1_434' title='bbox 3209 1597 3242 1633; x_wconf 90' lang='lat' dir='ltr'><strong><em>a</em></strong></span> <span class='ocrx_word' id='word_1_435' title='bbox 3281 1579 3434 1635; x_wconf 86' lang='lat' dir='ltr'><strong><em>Nice-</em></strong></span> 
     </span>
    </p>
   </div>
   <div class='ocr_carea' id='block_1_61' title="bbox 1939 1645 3442 1718">
    <p class='ocr_par' dir='ltr' id='par_1_61' title="bbox 1939 1645 3442 1718">
     <span class='ocr_line' id='line_1_61' title="bbox 1939 1645 3442 1718; baseline 0.006 -23"><span class='ocrx_word' id='word_1_436' title='bbox 1939 1645 2101 1718; x_wconf 84' lang='lat' dir='ltr'><strong><em>phoro</em></strong></span> <span class='ocrx_word' id='word_1_437' title='bbox 2138 1645 2249 1700; x_wconf 71' lang='grc' dir='ltr'><strong><em>ΟΡ.</em></strong></span> <span class='ocrx_word' id='word_1_438' title='bbox 2291 1645 2620 1718; x_wconf 69' lang='lat' dir='ltr'><strong><em>patriarcha.</em></strong></span> <span class='ocrx_word' id='word_1_439' title='bbox 2649 1645 2716 1688; x_wconf 51' lang='grc' dir='ltr'><strong><em>έ-</em></strong></span> <span class='ocrx_word' id='word_1_440' title='bbox 2745 1647 2772 1718; x_wconf 85' lang='lat'>§</span> <span class='ocrx_word' id='word_1_441' title='bbox 2799 1647 2886 1701; x_wconf 94' lang='lat' dir='ltr'><strong><em>lll.</em></strong></span> <span class='ocrx_word' id='word_1_442' title='bbox 2931 1649 3189 1704; x_wconf 85' lang='lat' dir='ltr'><strong><em>Doctrina</em></strong></span> <span class='ocrx_word' id='word_1_443' title='bbox 3240 1651 3303 1704; x_wconf 89' lang='lat' dir='ltr'><strong><em>de</em></strong></span> <span class='ocrx_word' id='word_1_444' title='bbox 3343 1669 3442 1704; x_wconf 86' lang='lat' dir='ltr'><strong><em>au-</em></strong></span> 
     </span>
    </p>
   </div>
   <div class='ocr_carea' id='block_1_62' title="bbox 1942 1717 3443 1790">
    <p class='ocr_par' dir='ltr' id='par_1_62' title="bbox 1942 1717 3443 1790">
     <span class='ocr_line' id='line_1_62' title="bbox 1942 1717 3443 1790; baseline 0.005 -23"><span class='ocrx_word' id='word_1_445' title='bbox 1942 1717 2188 1790; x_wconf 81' lang='lat' dir='ltr'><strong><em>ctoritate</em></strong></span> <span class='ocrx_word' id='word_1_446' title='bbox 2201 1718 2379 1772; x_wconf 87' lang='lat' dir='ltr'><strong><em>divina</em></strong></span> <span class='ocrx_word' id='word_1_447' title='bbox 2397 1717 2688 1786; x_wconf 78' lang='lat' dir='ltr'><strong><em>Scriptura:</em></strong></span> <span class='ocrx_word' id='word_1_448' title='bbox 2703 1717 2868 1774; x_wconf 65' lang='lat' dir='ltr'><strong><em>sacra:</em></strong></span> <span class='ocrx_word' id='word_1_449' title='bbox 2889 1730 3076 1773; x_wconf 88' lang='lat' dir='ltr'><strong><em>contra</em></strong></span> <span class='ocrx_word' id='word_1_450' title='bbox 3092 1721 3443 1790; x_wconf 81' lang='lat' dir='ltr'><strong><em>Porphyrium</em></strong></span> 
     </span>
    </p>
   </div>
   <div class='ocr_carea' id='block_1_63' title="bbox 1940 1785 2230 1841">
    <p class='ocr_par' dir='ltr' id='par_1_63' title="bbox 1940 1785 2230 1841">
     <span class='ocr_line' id='line_1_63' title="bbox 1940 1785 2230 1841; baseline 0.01 -3"><span class='ocrx_word' id='word_1_451' title='bbox 1940 1785 2230 1841; x_wconf 85' lang='lat' dir='ltr'><strong><em>vindicata.</em></strong></span> 
     </span>
    </p>
   </div>
   <div class='ocr_carea' id='block_1_64' title="bbox 1940 1896 3436 1966">
    <p class='ocr_par' dir='ltr' id='par_1_64' title="bbox 1940 1896 3436 1966">
     <span class='ocr_line' id='line_1_64' title="bbox 1940 1896 3436 1966; baseline 0.004 -15"><span class='ocrx_word' id='word_1_452' title='bbox 1940 1896 2156 1966; x_wconf 86' lang='lat' dir='ltr'><strong><em>Initium</em></strong></span> <span class='ocrx_word' id='word_1_453' title='bbox 2190 1900 2385 1957; x_wconf 89' lang='lat' dir='ltr'><strong><em>merito</em></strong></span> <span class='ocrx_word' id='word_1_454' title='bbox 2421 1900 2656 1958; x_wconf 89' lang='lat' dir='ltr'><strong><em>facimus</em></strong></span> <span class='ocrx_word' id='word_1_455' title='bbox 2685 1901 2754 1956; x_wconf 91' lang='lat' dir='ltr'><strong><em>ab</em></strong></span> <span class='ocrx_word' id='word_1_456' title='bbox 2788 1902 3116 1958; x_wconf 77' lang='lat' dir='ltr'><strong><em>auctoritate</em></strong></span> <span class='ocrx_word' id='word_1_457' title='bbox 3157 1912 3208 1959; x_wconf 91' lang='lat' dir='ltr'><strong><em>et</em></strong></span> <span class='ocrx_word' id='word_1_458' title='bbox 3252 1903 3436 1958; x_wconf 87' lang='lat' dir='ltr'><strong><em>divini-</em></strong></span> 
     </span>
    </p>
   </div>
   <div class='ocr_carea' id='block_1_65' title="bbox 1875 1991 3446 2066">
    <p class='ocr_par' dir='ltr' id='par_1_65' title="bbox 1875 1991 3446 2066">
     <span class='ocr_line' id='line_1_65' title="bbox 1875 1991 3446 2066; baseline 0.004 -22"><span class='ocrx_word' id='word_1_459' title='bbox 1875 1997 1982 2045; x_wconf 90' lang='lat' dir='ltr'><strong><em>tate</em></strong></span> <span class='ocrx_word' id='word_1_460' title='bbox 2031 1991 2326 2062; x_wconf 69' lang='lat' dir='ltr'><strong><em>Scriptum</em></strong></span> <span class='ocrx_word' id='word_1_461' title='bbox 2382 2009 2591 2059; x_wconf 65' lang='lat' dir='ltr'><strong><em>sacrae,</em></strong></span> <span class='ocrx_word' id='word_1_462' title='bbox 2652 2009 2818 2066; x_wconf 90' lang='lat' dir='ltr'><strong><em>quam</em></strong></span> <span class='ocrx_word' id='word_1_463' title='bbox 2867 1994 3102 2064; x_wconf 90' lang='lat' dir='ltr'><strong><em>scriptor</em></strong></span> <span class='ocrx_word' id='word_1_464' title='bbox 3156 2004 3340 2050; x_wconf 83' lang='lat' dir='ltr'><strong><em>noster</em></strong></span> <span class='ocrx_word' id='word_1_465' title='bbox 3392 1997 3446 2050; x_wconf 92' lang='lat' dir='ltr'><strong><em>in</em></strong></span> 
     </span>
    </p>
   </div>
   <div class='ocr_carea' id='block_1_66' title="bbox 1870 2083 3447 2156">
    <p class='ocr_par' dir='ltr' id='par_1_66' title="bbox 1870 2083 3447 2156">
     <span class='ocr_line' id='line_1_66' title="bbox 1870 2083 3447 2156; baseline 0.004 -20"><span class='ocrx_word' id='word_1_466' title='bbox 1870 2083 2292 2154; x_wconf 91' lang='lat' dir='ltr'><strong><em>quamplurimis</em></strong></span> <span class='ocrx_word' id='word_1_467' title='bbox 2359 2083 2653 2156; x_wconf 57' lang='lat' dir='ltr'><strong><em>Scriptura?</em></strong></span> <span class='ocrx_word' id='word_1_468' title='bbox 2718 2085 3004 2140; x_wconf 87' lang='lat' dir='ltr'><strong><em>divinioris</em></strong></span> <span class='ocrx_word' id='word_1_469' title='bbox 3055 2085 3190 2141; x_wconf 89' lang='lat' dir='ltr'><strong><em>locis</em></strong></span> <span class='ocrx_word' id='word_1_470' title='bbox 3269 2086 3447 2142; x_wconf 83' lang='lat' dir='ltr'><strong><em>citatis</em></strong></span> 
     </span>
    </p>
   </div>
   <div class='ocr_carea' id='block_1_67' title="bbox 1869 2176 3447 2250">
    <p class='ocr_par' dir='ltr' id='par_1_67' title="bbox 1869 2176 3447 2250">
     <span class='ocr_line' id='line_1_67' title="bbox 1869 2176 3447 2250; baseline 0.001 -22"><span class='ocrx_word' id='word_1_471' title='bbox 1869 2177 2114 2245; x_wconf 82' lang='lat' dir='ltr'><strong><em>agnoscit</em></strong></span> <span class='ocrx_word' id='word_1_472' title='bbox 2164 2176 2313 2246; x_wconf 90' lang='lat'><strong><em>(89),</em></strong></span> <span class='ocrx_word' id='word_1_473' title='bbox 2358 2178 2714 2247; x_wconf 83' lang='lat' dir='ltr'><strong><em>eamdemque</em></strong></span> <span class='ocrx_word' id='word_1_474' title='bbox 2743 2177 2944 2232; x_wconf 89' lang='lat' dir='ltr'><strong><em>diserte</em></strong></span> <span class='ocrx_word' id='word_1_475' title='bbox 2986 2176 3084 2249; x_wconf 83' lang='grc' dir='ltr'>τὴν</span> <span class='ocrx_word' id='word_1_476' title='bbox 3127 2176 3277 2230; x_wconf 83' lang='grc' dir='ltr'>θείαν</span> <span class='ocrx_word' id='word_1_477' title='bbox 3309 2177 3447 2250; x_wconf 89' lang='grc' dir='ltr'>Γρα-</span> 
     </span>
    </p>
   </div>
   <div class='ocr_carea' id='block_1_68' title="bbox 1868 2267 3448 2342">
    <p class='ocr_par' dir='ltr' id='par_1_68' title="bbox 1868 2267 3448 2342">
     <span class='ocr_line' id='line_1_68' title="bbox 1868 2267 3448 2342; baseline 0.001 -21"><span class='ocrx_word' id='word_1_478' title='bbox 1868 2267 1975 2338; x_wconf 64' lang='lat' dir='ltr'><strong><em>cpi);</em></strong></span> <span class='ocrx_word' id='word_1_479' title='bbox 2004 2267 2116 2340; x_wconf 89' lang='lat'><strong><em>(90)</em></strong></span> <span class='ocrx_word' id='word_1_480' title='bbox 2164 2277 2217 2324; x_wconf 90' lang='lat' dir='ltr'><strong><em>et</em></strong></span> <span class='ocrx_word' id='word_1_481' title='bbox 2253 2268 2411 2339; x_wconf 77' lang='grc' dir='ltr'>λόγον</span> <span class='ocrx_word' id='word_1_482' title='bbox 2451 2269 2586 2323; x_wconf 84' lang='grc' dir='ltr'>Θεοῦ</span> <span class='ocrx_word' id='word_1_483' title='bbox 2617 2269 2728 2342; x_wconf 87' lang='grc'><strong>(91)</strong></span> <span class='ocrx_word' id='word_1_484' title='bbox 2771 2269 3038 2340; x_wconf 87' lang='lat' dir='ltr'><strong><em>appellat,</em></strong></span> <span class='ocrx_word' id='word_1_485' title='bbox 3071 2278 3236 2340; x_wconf 90' lang='lat' dir='ltr'><strong><em>atque</em></strong></span> <span class='ocrx_word' id='word_1_486' title='bbox 3263 2268 3448 2324; x_wconf 86' lang='lat' dir='ltr'><strong><em>divina</em></strong></span> 
     </span>
    </p>
   </div>
   <div class='ocr_carea' id='block_1_69' title="bbox 1869 2359 3448 2432">
    <p class='ocr_par' dir='ltr' id='par_1_69' title="bbox 1869 2359 3448 2432">
     <span class='ocr_line' id='line_1_69' title="bbox 1869 2359 3448 2432; baseline 0.001 -19"><span class='ocrx_word' id='word_1_487' title='bbox 1869 2359 2040 2428; x_wconf 91' lang='lat' dir='ltr'><strong><em>ipsius</em></strong></span> <span class='ocrx_word' id='word_1_488' title='bbox 2074 2360 2293 2415; x_wconf 89' lang='lat' dir='ltr'><strong><em>oracula</em></strong></span> <span class='ocrx_word' id='word_1_489' title='bbox 2326 2361 2590 2418; x_wconf 84' lang='lat' dir='ltr'><strong><em>adversus</em></strong></span> <span class='ocrx_word' id='word_1_490' title='bbox 2655 2361 2938 2432; x_wconf 87' lang='lat' dir='ltr'><strong><em>gentilium</em></strong></span> <span class='ocrx_word' id='word_1_491' title='bbox 2992 2361 3448 2431; x_wconf 88' lang='lat' dir='ltr'><strong><em>philosophorum</em></strong></span> 
     </span>
    </p>
   </div>
   <div class='ocr_carea' id='block_1_70' title="bbox 1869 2451 3447 2523">
    <p class='ocr_par' dir='ltr' id='par_1_70' title="bbox 1869 2451 3447 2523">
     <span class='ocr_line' id='line_1_70' title="bbox 1869 2451 3447 2523; baseline 0 -17"><span class='ocrx_word' id='word_1_492' title='bbox 1869 2451 2172 2508; x_wconf 88' lang='lat' dir='ltr'><strong><em>calumnias</em></strong></span> <span class='ocrx_word' id='word_1_493' title='bbox 2196 2453 2410 2523; x_wconf 88' lang='lat' dir='ltr'><strong><em>egregie</em></strong></span> <span class='ocrx_word' id='word_1_494' title='bbox 2439 2451 2697 2507; x_wconf 86' lang='lat' dir='ltr'><strong><em>vindicat.</em></strong></span> <span class='ocrx_word' id='word_1_495' title='bbox 2724 2451 3067 2521; x_wconf 83' lang='lat' dir='ltr'><strong><em>Quapropter</em></strong></span> <span class='ocrx_word' id='word_1_496' title='bbox 3095 2459 3150 2507; x_wconf 89' lang='lat' dir='ltr'><strong><em>et</em></strong></span> <span class='ocrx_word' id='word_1_497' title='bbox 3167 2451 3294 2520; x_wconf 84' lang='lat' dir='ltr'><strong><em>jure</em></strong></span> <span class='ocrx_word' id='word_1_498' title='bbox 3326 2467 3447 2506; x_wconf 83' lang='lat' dir='ltr'><strong><em>rne-</em></strong></span> 
     </span>
    </p>
   </div>
   <div class='ocr_carea' id='block_1_71' title="bbox 1868 2541 3449 2613">
    <p class='ocr_par' dir='ltr' id='par_1_71' title="bbox 1868 2541 3449 2613">
     <span class='ocr_line' id='line_1_71' title="bbox 1868 2541 3449 2613; baseline 0.001 -17"><span class='ocrx_word' id='word_1_499' title='bbox 1868 2543 2083 2612; x_wconf 90' lang='lat' dir='ltr'><strong><em>ritoque</em></strong></span> <span class='ocrx_word' id='word_1_500' title='bbox 2131 2558 2162 2597; x_wconf 92' lang='lat' dir='ltr'><strong><em>a</em></strong></span> <span class='ocrx_word' id='word_1_501' title='bbox 2215 2541 2518 2613; x_wconf 84' lang='lat' dir='ltr'><strong><em>Nicephoro</em></strong></span> <span class='ocrx_word' id='word_1_502' title='bbox 2569 2543 2881 2613; x_wconf 88' lang='lat' dir='ltr'><strong><em>patriarcha</em></strong></span> <span class='ocrx_word' id='word_1_503' title='bbox 2945 2541 3053 2596; x_wconf 83' lang='lat' dir='ltr'><strong><em>CP.</em></strong></span> <span class='ocrx_word' id='word_1_504' title='bbox 3114 2541 3449 2612; x_wconf 88' lang='lat' dir='ltr'><strong><em>reliquisque</em></strong></span> 
     </span>
    </p>
   </div>
   <div class='ocr_carea' id='block_1_72' title="bbox 1869 2632 3446 2704">
    <p class='ocr_par' dir='ltr' id='par_1_72' title="bbox 1869 2632 3446 2704">
     <span class='ocr_line' id='line_1_72' title="bbox 1869 2632 3446 2704; baseline -0.001 -16"><span class='ocrx_word' id='word_1_505' title='bbox 1869 2633 2199 2690; x_wconf 87' lang='lat' dir='ltr'><strong><em>antistitibus</em></strong></span> <span class='ocrx_word' id='word_1_506' title='bbox 2237 2634 2552 2693; x_wconf 74' lang='lat' dir='ltr'><strong><em>orthodoxis</em></strong></span> <span class='ocrx_word' id='word_1_507' title='bbox 2593 2632 2840 2691; x_wconf 87' lang='lat' dir='ltr'><strong><em>laudatur</em></strong></span> <span class='ocrx_word' id='word_1_508' title='bbox 2867 2641 3126 2704; x_wconf 87' lang='lat' dir='ltr'><strong><em>tanquam</em></strong></span> <span class='ocrx_word' id='word_1_509' title='bbox 3175 2633 3406 2703; x_wconf 87' lang='lat' dir='ltr'><strong><em>scriptor</em></strong></span> <span class='ocrx_word' id='word_1_510' title='bbox 3429 2675 3446 2702; x_wconf 91' lang='lat'><strong><em>,</em></strong></span> 
     </span>
    </p>
   </div>
   <div class='ocr_carea' id='block_1_73' title="bbox 1868 2724 3448 2796">
    <p class='ocr_par' dir='ltr' id='par_1_73' title="bbox 1868 2724 3448 2796">
     <span class='ocr_line' id='line_1_73' title="bbox 1868 2724 3448 2796; baseline 0.001 -19"><span class='ocrx_word' id='word_1_511' title='bbox 1868 2725 1962 2795; x_wconf 90' lang='lat' dir='ltr'><strong><em>qui</em></strong></span> <span class='ocrx_word' id='word_1_512' title='bbox 2009 2724 2312 2779; x_wconf 89' lang='lat' dir='ltr'><strong><em>doctrinam</em></strong></span> <span class='ocrx_word' id='word_1_513' title='bbox 2366 2725 2737 2795; x_wconf 86' lang='lat' dir='ltr'><strong><em>evangelicam</em></strong></span> <span class='ocrx_word' id='word_1_514' title='bbox 2780 2733 3073 2782; x_wconf 88' lang='lat' dir='ltr'><strong><em>veneretur</em></strong></span> <span class='ocrx_word' id='word_1_515' title='bbox 3119 2734 3284 2796; x_wconf 87' lang='lat' dir='ltr'><strong><em>atque</em></strong></span> <span class='ocrx_word' id='word_1_516' title='bbox 3339 2725 3448 2779; x_wconf 84' lang='lat' dir='ltr'><strong><em>im-</em></strong></span> 
     </span>
    </p>
   </div>
   <div class='ocr_carea' id='block_1_74' title="bbox 1869 2814 3448 2888">
    <p class='ocr_par' dir='ltr' id='par_1_74' title="bbox 1869 2814 3448 2888">
     <span class='ocr_line' id='line_1_74' title="bbox 1869 2814 3448 2888; baseline 0.004 -20"><span class='ocrx_word' id='word_1_517' title='bbox 1869 2814 2093 2884; x_wconf 90' lang='lat' dir='ltr'><strong><em>pensius</em></strong></span> <span class='ocrx_word' id='word_1_518' title='bbox 2123 2815 2332 2880; x_wconf 83' lang='lat' dir='ltr'><strong><em>loveat;</em></strong></span> <span class='ocrx_word' id='word_1_519' title='bbox 2383 2816 2492 2870; x_wconf 91' lang='lat' dir='ltr'><strong><em>imo</em></strong></span> <span class='ocrx_word' id='word_1_520' title='bbox 2519 2816 2611 2887; x_wconf 87' lang='lat' dir='ltr'><strong><em>qui</em></strong></span> <span class='ocrx_word' id='word_1_521' title='bbox 2659 2817 2906 2888; x_wconf 88' lang='lat' dir='ltr'><strong><em>magistri</em></strong></span> <span class='ocrx_word' id='word_1_522' title='bbox 2940 2833 3167 2873; x_wconf 89' lang='lat' dir='ltr'><strong><em>munere</em></strong></span> <span class='ocrx_word' id='word_1_523' title='bbox 3192 2817 3448 2888; x_wconf 82' lang='lat' dir='ltr'><strong><em>fungens</em></strong></span> 
     </span>
    </p>
   </div>
   <div class='ocr_carea' id='block_1_75' title="bbox 1870 2901 3446 2977">
    <p class='ocr_par' dir='ltr' id='par_1_75' title="bbox 1870 2901 3446 2977">
     <span class='ocr_line' id='line_1_75' title="bbox 1870 2901 3446 2977; baseline 0.004 -21"><span class='ocrx_word' id='word_1_524' title='bbox 1870 2901 2072 2957; x_wconf 82' lang='lat' dir='ltr'><strong><em>fastum</em></strong></span> <span class='ocrx_word' id='word_1_525' title='bbox 2119 2919 2184 2958; x_wconf 91' lang='lat' dir='ltr'><strong><em>ac</em></strong></span> <span class='ocrx_word' id='word_1_526' title='bbox 2229 2913 2506 2975; x_wconf 83' lang='lat' dir='ltr'><strong><em>stuporem</em></strong></span> <span class='ocrx_word' id='word_1_527' title='bbox 2546 2921 2774 2971; x_wconf 87' lang='lat' dir='ltr'><strong><em>eorum,</em></strong></span> <span class='ocrx_word' id='word_1_528' title='bbox 2813 2907 2910 2977; x_wconf 90' lang='lat' dir='ltr'><strong><em>qui</em></strong></span> <span class='ocrx_word' id='word_1_529' title='bbox 2945 2918 3138 2962; x_wconf 87' lang='lat' dir='ltr'><strong><em>contra</em></strong></span> <span class='ocrx_word' id='word_1_530' title='bbox 3198 2909 3446 2963; x_wconf 89' lang='lat' dir='ltr'><strong><em>divinum</em></strong></span> 
     </span>
    </p>
   </div>
   <div class='ocr_carea' id='block_1_76' title="bbox 1868 2993 3449 3068">
    <p class='ocr_par' dir='ltr' id='par_1_76' title="bbox 1868 2993 3449 3068">
     <span class='ocr_line' id='line_1_76' title="bbox 1868 2993 3449 3068; baseline 0.003 -20"><span class='ocrx_word' id='word_1_531' title='bbox 1868 2993 2220 3066; x_wconf 86' lang='lat' dir='ltr'><strong><em>Evangelium</em></strong></span> <span class='ocrx_word' id='word_1_532' title='bbox 2289 2999 2644 3067; x_wconf 89' lang='lat' dir='ltr'><strong><em>pronuntiare</em></strong></span> <span class='ocrx_word' id='word_1_533' title='bbox 2706 2998 2940 3066; x_wconf 88' lang='lat' dir='ltr'><strong><em>audent,</em></strong></span> <span class='ocrx_word' id='word_1_534' title='bbox 3000 2999 3246 3056; x_wconf 79' lang='lat' dir='ltr'><strong><em>masculo</em></strong></span> <span class='ocrx_word' id='word_1_535' title='bbox 3318 3015 3449 3068; x_wconf 85' lang='lat' dir='ltr'><strong><em>pro-</em></strong></span> 
     </span>
    </p>
   </div>
   <div class='ocr_carea' id='block_1_77' title="bbox 1868 3088 3446 3163">
    <p class='ocr_par' dir='ltr' id='par_1_77' title="bbox 1868 3088 3446 3163">
     <span class='ocr_line' id='line_1_77' title="bbox 1868 3088 3446 3163; baseline 0.001 -21"><span class='ocrx_word' id='word_1_536' title='bbox 1868 3088 2122 3157; x_wconf 90' lang='lat' dir='ltr'><strong><em>scripsit,</em></strong></span> <span class='ocrx_word' id='word_1_537' title='bbox 2154 3097 2314 3159; x_wconf 89' lang='lat' dir='ltr'><strong><em>atque</em></strong></span> <span class='ocrx_word' id='word_1_538' title='bbox 2350 3089 2588 3144; x_wconf 70' lang='lat' dir='ltr'><strong><em>iulamim</em></strong></span> <span class='ocrx_word' id='word_1_539' title='bbox 2621 3091 2874 3160; x_wconf 80' lang='lat' dir='ltr'><strong><em>exposuit</em></strong></span> <span class='ocrx_word' id='word_1_540' title='bbox 2901 3110 2914 3146; x_wconf 94' lang='lat'>:</span> <span class='ocrx_word' id='word_1_541' title='bbox 2949 3090 3138 3163; x_wconf 79' lang='grc' dir='ltr'>Πολλῷ</span> <span class='ocrx_word' id='word_1_542' title='bbox 3165 3091 3221 3144; x_wconf 80' lang='grc' dir='ltr'><strong><em>δὲ</em></strong></span> <span class='ocrx_word' id='word_1_543' title='bbox 3256 3090 3446 3158; x_wconf 80' lang='grc' dir='ltr'><strong><em>πλέον,</em></strong></span> 
     </span>
    </p>
   </div>
   <div class='ocr_carea' id='block_1_78' title="bbox 1868 3174 3449 3255">
    <p class='ocr_par' dir='ltr' id='par_1_78' title="bbox 1868 3174 3449 3255">
     <span class='ocr_line' id='line_1_78' title="bbox 1868 3174 3449 3255; baseline 0.004 -25"><span class='ocrx_word' id='word_1_544' title='bbox 1868 3176 2074 3246; x_wconf 90' lang='lat' dir='ltr'><strong><em>inquit,</em></strong></span> <span class='ocrx_word' id='word_1_545' title='bbox 2122 3179 2150 3230; x_wconf 87' lang='grc' dir='ltr'>ὁ</span> <span class='ocrx_word' id='word_1_546' title='bbox 2198 3182 2547 3252; x_wconf 77' lang='grc' dir='ltr'><strong><em>συγγραφεὺς</em></strong></span> <span class='ocrx_word' id='word_1_547' title='bbox 2590 3174 2774 3245; x_wconf 71' lang='grc' dir='ltr'>οὗτος,</span> <span class='ocrx_word' id='word_1_548' title='bbox 2819 3182 2979 3255; x_wconf 76' lang='grc' dir='ltr'>εἴπερ</span> <span class='ocrx_word' id='word_1_549' title='bbox 3029 3185 3087 3238; x_wconf 83' lang='grc' dir='ltr'>ὲν</span> <span class='ocrx_word' id='word_1_550' title='bbox 3128 3182 3449 3237; x_wconf 77' lang='grc' dir='ltr'><strong><em>διδασκάλου</em></strong></span> 
     </span>
    </p>
   </div>
   <div class='ocr_carea' id='block_1_79' title="bbox 2638 3271 3448 3343">
    <p class='ocr_par' dir='ltr' id='par_1_79' title="bbox 2638 3271 3448 3343">
     <span class='ocr_line' id='line_1_79' title="bbox 2638 3271 3448 3343; baseline 0 -18"><span class='ocrx_word' id='word_1_551' title='bbox 2638 3271 2746 3325; x_wconf 83' lang='grc' dir='ltr'><strong><em>τῶν</em></strong></span> <span class='ocrx_word' id='word_1_552' title='bbox 2793 3271 3116 3343; x_wconf 82' lang='grc' dir='ltr'><strong><em>τολμώντων</em></strong></span> <span class='ocrx_word' id='word_1_553' title='bbox 3168 3273 3308 3326; x_wconf 80' lang='grc' dir='ltr'>κατὰ</span> <span class='ocrx_word' id='word_1_554' title='bbox 3354 3272 3448 3326; x_wconf 75' lang='grc' dir='ltr'>τοῦ</span> 
     </span>
    </p>
   </div>
   <div class='ocr_carea' id='block_1_80' title="bbox 1867 3359 3451 3438">
    <p class='ocr_par' dir='ltr' id='par_1_80' title="bbox 1867 3359 3451 3438">
     <span class='ocr_line' id='line_1_80' title="bbox 1867 3359 3451 3438; baseline 0.003 -25"><span class='ocrx_word' id='word_1_555' title='bbox 1867 3359 2010 3413; x_wconf 80' lang='grc' dir='ltr'>θείου</span> <span class='ocrx_word' id='word_1_556' title='bbox 2053 3361 2383 3430; x_wconf 76' lang='grc' dir='ltr'>Εὑαγγελίου</span> <span class='ocrx_word' id='word_1_557' title='bbox 2413 3364 2682 3416; x_wconf 77' lang='grc' dir='ltr'>ποιεῖσθαι</span> <span class='ocrx_word' id='word_1_558' title='bbox 2710 3363 2808 3436; x_wconf 85' lang='grc' dir='ltr'>τὴν</span> <span class='ocrx_word' id='word_1_559' title='bbox 2843 3365 3215 3438; x_wconf 72' lang='grc' dir='ltr'><strong><em>κατάρῤησιν,</em></strong></span> <span class='ocrx_word' id='word_1_560' title='bbox 3267 3364 3451 3436; x_wconf 83' lang='grc' dir='ltr'><strong><em>στηλι-</em></strong></span> 
     </span>
    </p>
   </div>
   <div class='ocr_carea' id='block_1_81' title="bbox 1863 3449 3448 3526">
    <p class='ocr_par' dir='ltr' id='par_1_81' title="bbox 1863 3449 3448 3526">
     <span class='ocr_line' id='line_1_81' title="bbox 1863 3449 3448 3526; baseline 0.004 -24"><span class='ocrx_word' id='word_1_561' title='bbox 1863 3449 2073 3504; x_wconf 84' lang='grc' dir='ltr'>τεύσειε</span> <span class='ocrx_word' id='word_1_562' title='bbox 2099 3451 2159 3504; x_wconf 87' lang='grc' dir='ltr'>τὸ</span> <span class='ocrx_word' id='word_1_563' title='bbox 2189 3452 2417 3524; x_wconf 78' lang='grc' dir='ltr'>σοϐαρόν</span> <span class='ocrx_word' id='word_1_564' title='bbox 2457 3470 2515 3506; x_wconf 80' lang='grc' dir='ltr'><strong><em>τε</em></strong></span> <span class='ocrx_word' id='word_1_565' title='bbox 2553 3454 2645 3508; x_wconf 74' lang='grc' dir='ltr'>καὶ</span> <span class='ocrx_word' id='word_1_566' title='bbox 2687 3453 2999 3526; x_wconf 77' lang='grc' dir='ltr'>ἔμπληκτον</span> <span class='ocrx_word' id='word_1_567' title='bbox 3029 3455 3160 3526; x_wconf 68' lang='grc'><strong>(92).</strong></span> <span class='ocrx_word' id='word_1_568' title='bbox 3189 3453 3448 3520; x_wconf 88' lang='lat' dir='ltr'><strong><em>Quando-</em></strong></span> 
     </span>
    </p>
   </div>
   <div class='ocr_carea' id='block_1_82' title="bbox 1867 3543 3452 3617">
    <p class='ocr_par' dir='ltr' id='par_1_82' title="bbox 1867 3543 3452 3617">
     <span class='ocr_line' id='line_1_82' title="bbox 1867 3543 3452 3617; baseline 0.003 -21"><span class='ocrx_word' id='word_1_569' title='bbox 1867 3543 2089 3613; x_wconf 91' lang='lat' dir='ltr'><strong><em>quidem</em></strong></span> <span class='ocrx_word' id='word_1_570' title='bbox 2119 3543 2282 3597; x_wconf 89' lang='lat' dir='ltr'><strong><em>etiam</em></strong></span> <span class='ocrx_word' id='word_1_571' title='bbox 2315 3546 2542 3614; x_wconf 86' lang='lat' dir='ltr'><strong><em>gentiles</em></strong></span> <span class='ocrx_word' id='word_1_572' title='bbox 2572 3546 2883 3617; x_wconf 86' lang='lat' dir='ltr'><strong><em>philosophi</em></strong></span> <span class='ocrx_word' id='word_1_573' title='bbox 2929 3548 3088 3602; x_wconf 90' lang='lat' dir='ltr'><strong><em>istius</em></strong></span> <span class='ocrx_word' id='word_1_574' title='bbox 3136 3547 3313 3602; x_wconf 62' lang='lat' dir='ltr'><strong><em>atatis</em></strong></span> <span class='ocrx_word' id='word_1_575' title='bbox 3342 3586 3358 3613; x_wconf 92' lang='lat'><strong><em>,</em></strong></span> <span class='ocrx_word' id='word_1_576' title='bbox 3395 3556 3452 3601; x_wconf 90' lang='lat' dir='ltr'><strong><em>et</em></strong></span> 
     </span>
    </p>
   </div>
   <div class='ocr_carea' id='block_1_83' title="bbox 1861 3638 3448 3710">
    <p class='ocr_par' dir='ltr' id='par_1_83' title="bbox 1861 3638 3448 3710">
     <span class='ocr_line' id='line_1_83' title="bbox 1861 3638 3448 3710; baseline 0.003 -22"><span class='ocrx_word' id='word_1_577' title='bbox 1861 3649 1928 3689; x_wconf 78' lang='lat' dir='ltr'><strong><em>ex</em></strong></span> <span class='ocrx_word' id='word_1_578' title='bbox 1975 3649 2167 3689; x_wconf 92' lang='lat' dir='ltr'><strong><em>eorum</em></strong></span> <span class='ocrx_word' id='word_1_579' title='bbox 2213 3652 2442 3692; x_wconf 89' lang='lat' dir='ltr'><strong><em>numero</em></strong></span> <span class='ocrx_word' id='word_1_580' title='bbox 2475 3639 2755 3708; x_wconf 87' lang='lat' dir='ltr'><strong><em>speciatim</em></strong></span> <span class='ocrx_word' id='word_1_581' title='bbox 2792 3638 3162 3710; x_wconf 81' lang='lat' dir='ltr'><strong><em>Porphyrius,</em></strong></span> <span class='ocrx_word' id='word_1_582' title='bbox 3193 3641 3259 3694; x_wconf 91' lang='lat' dir='ltr'><strong><em>ad</em></strong></span> <span class='ocrx_word' id='word_1_583' title='bbox 3291 3655 3448 3694; x_wconf 84' lang='lat' dir='ltr'><strong><em>ever-</em></strong></span> 
     </span>
    </p>
   </div>
   <div class='ocr_carea' id='block_1_84' title="bbox 1861 3725 3450 3801">
    <p class='ocr_par' dir='ltr' id='par_1_84' title="bbox 1861 3725 3450 3801">
     <span class='ocr_line' id='line_1_84' title="bbox 1861 3725 3450 3801; baseline 0.004 -21"><span class='ocrx_word' id='word_1_584' title='bbox 1861 3725 2079 3781; x_wconf 90' lang='lat' dir='ltr'><strong><em>tendam</em></strong></span> <span class='ocrx_word' id='word_1_585' title='bbox 2136 3726 2431 3799; x_wconf 81' lang='lat' dir='ltr'><strong><em>Scripturae</em></strong></span> <span class='ocrx_word' id='word_1_586' title='bbox 2481 3745 2652 3784; x_wconf 63' lang='lat' dir='ltr'><strong><em>saera</em></strong></span> <span class='ocrx_word' id='word_1_587' title='bbox 2695 3731 3074 3785; x_wconf 86' lang='lat' dir='ltr'><strong><em>auctoritatem</em></strong></span> <span class='ocrx_word' id='word_1_588' title='bbox 3145 3731 3450 3801; x_wconf 62' lang='lat' dir='ltr'><strong><em>sepissime</em></strong></span> 
     </span>
    </p>
   </div>
   <div class='ocr_carea' id='block_1_85' title="bbox 1862 3817 3449 3890">
    <p class='ocr_par' dir='ltr' id='par_1_85' title="bbox 1862 3817 3449 3890">
     <span class='ocr_line' id='line_1_85' title="bbox 1862 3817 3449 3890; baseline 0 -18"><span class='ocrx_word' id='word_1_589' title='bbox 1862 3831 2076 3872; x_wconf 84' lang='lat' dir='ltr'><strong><em>sacram</em></strong></span> <span class='ocrx_word' id='word_1_590' title='bbox 2128 3817 2540 3890; x_wconf 81' lang='lat' dir='ltr'><strong><em>Evangeliorum</em></strong></span> <span class='ocrx_word' id='word_1_591' title='bbox 2575 3819 2864 3875; x_wconf 88' lang='lat' dir='ltr'><strong><em>historiam</em></strong></span> <span class='ocrx_word' id='word_1_592' title='bbox 2919 3818 3176 3875; x_wconf 83' lang='lat' dir='ltr'><strong><em>falsitatis</em></strong></span> <span class='ocrx_word' id='word_1_593' title='bbox 3220 3828 3274 3873; x_wconf 88' lang='lat' dir='ltr'><strong><em>et</em></strong></span> <span class='ocrx_word' id='word_1_594' title='bbox 3316 3835 3449 3873; x_wconf 89' lang='lat' dir='ltr'><strong><em>con-</em></strong></span> 
     </span>
    </p>
   </div>
   <div class='ocr_carea' id='block_1_86' title="bbox 1862 3907 3444 3981">
    <p class='ocr_par' dir='ltr' id='par_1_86' title="bbox 1862 3907 3444 3981">
     <span class='ocr_line' id='line_1_86' title="bbox 1862 3907 3444 3981; baseline 0.001 -19"><span class='ocrx_word' id='word_1_595' title='bbox 1862 3907 2204 3964; x_wconf 90' lang='lat' dir='ltr'><strong><em>tradictionis</em></strong></span> <span class='ocrx_word' id='word_1_596' title='bbox 2230 3925 2459 3981; x_wconf 86' lang='lat' dir='ltr'><strong><em>arguere</em></strong></span> <span class='ocrx_word' id='word_1_597' title='bbox 2486 3911 2730 3966; x_wconf 86' lang='lat' dir='ltr'><strong><em>solebant</em></strong></span> <span class='ocrx_word' id='word_1_598' title='bbox 2761 3926 2774 3962; x_wconf 91' lang='lat'><strong>:</strong></span> <span class='ocrx_word' id='word_1_599' title='bbox 2811 3909 3110 3965; x_wconf 86' lang='lat' dir='ltr'><strong><em>Macarium</em></strong></span> <span class='ocrx_word' id='word_1_600' title='bbox 3138 3909 3444 3981; x_wconf 80' lang='lat' dir='ltr'><strong><em>Magnetem</em></strong></span> 
     </span>
    </p>
   </div>
   <div class='ocr_carea' id='block_1_87' title="bbox 1861 3999 3448 4071">
    <p class='ocr_par' dir='ltr' id='par_1_87' title="bbox 1861 3999 3448 4071">
     <span class='ocr_line' id='line_1_87' title="bbox 1861 3999 3448 4071; baseline 0.002 -20"><span class='ocrx_word' id='word_1_601' title='bbox 1861 3999 2167 4069; x_wconf 86' lang='lat' dir='ltr'><strong><em>apologiam</em></strong></span> <span class='ocrx_word' id='word_1_602' title='bbox 2205 3999 2480 4070; x_wconf 85' lang='lat' dir='ltr'><strong><em>Evangelii</em></strong></span> <span class='ocrx_word' id='word_1_603' title='bbox 2531 4003 2796 4056; x_wconf 78' lang='lat' dir='ltr'><strong><em>adversus</em></strong></span> <span class='ocrx_word' id='word_1_604' title='bbox 2827 4001 3110 4071; x_wconf 87' lang='lat' dir='ltr'><strong><em>gentilium</em></strong></span> <span class='ocrx_word' id='word_1_605' title='bbox 3143 4000 3448 4055; x_wconf 83' lang='lat' dir='ltr'><strong><em>calumnias</em></strong></span> 
     </span>
    </p>
   </div>
   <div class='ocr_carea' id='block_1_88' title="bbox 1862 4089 3444 4162">
    <p class='ocr_par' dir='ltr' id='par_1_88' title="bbox 1862 4089 3444 4162">
     <span class='ocr_line' id='line_1_88' title="bbox 1862 4089 3444 4162; baseline -0.001 -17"><span class='ocrx_word' id='word_1_606' title='bbox 1862 4091 2252 4161; x_wconf 87' lang='lat' dir='ltr'><strong><em>conscripsisse</em></strong></span> <span class='ocrx_word' id='word_1_607' title='bbox 2283 4101 2512 4146; x_wconf 89' lang='lat' dir='ltr'><strong><em>testatur</em></strong></span> <span class='ocrx_word' id='word_1_608' title='bbox 2538 4092 2653 4162; x_wconf 89' lang='lat' dir='ltr'><strong><em>ipsa</em></strong></span> <span class='ocrx_word' id='word_1_609' title='bbox 2687 4093 2970 4162; x_wconf 88' lang='lat' dir='ltr'><strong><em>inscriptio</em></strong></span> <span class='ocrx_word' id='word_1_610' title='bbox 3004 4089 3444 4158; x_wconf 79' lang='grc' dir='ltr'><strong><em>Ἀποκριτικῶν,</em></strong></span> 
     </span>
    </p>
   </div>
   <div class='ocr_carea' id='block_1_89' title="bbox 1862 4181 3447 4254">
    <p class='ocr_par' dir='ltr' id='par_1_89' title="bbox 1862 4181 3447 4254">
     <span class='ocr_line' id='line_1_89' title="bbox 1862 4181 3447 4254; baseline 0.001 -18"><span class='ocrx_word' id='word_1_611' title='bbox 1862 4181 2127 4250; x_wconf 88' lang='lat' dir='ltr'><strong><em>siquidem</em></strong></span> <span class='ocrx_word' id='word_1_612' title='bbox 2171 4181 2367 4238; x_wconf 87' lang='lat' dir='ltr'><strong><em>Franc.</em></strong></span> <span class='ocrx_word' id='word_1_613' title='bbox 2399 4181 2705 4238; x_wconf 88' lang='lat' dir='ltr'><strong><em>Turrianus</em></strong></span> <span class='ocrx_word' id='word_1_614' title='bbox 2733 4183 2982 4238; x_wconf 67' lang='lat' dir='ltr'><strong><em>Grmcum</em></strong></span> <span class='ocrx_word' id='word_1_615' title='bbox 3021 4183 3238 4237; x_wconf 89' lang='lat' dir='ltr'><strong><em>titulum</em></strong></span> <span class='ocrx_word' id='word_1_616' title='bbox 3279 4183 3447 4254; x_wconf 90' lang='lat' dir='ltr'><strong><em>hujus</em></strong></span> 
     </span>
    </p>
   </div>
   <div class='ocr_carea' id='block_1_90' title="bbox 1863 4271 3444 4345">
    <p class='ocr_par' dir='ltr' id='par_1_90' title="bbox 1863 4271 3444 4345">
     <span class='ocr_line' id='line_1_90' title="bbox 1863 4271 3444 4345; baseline -0.001 -18"><span class='ocrx_word' id='word_1_617' title='bbox 1863 4271 2044 4342; x_wconf 90' lang='lat' dir='ltr'><strong><em>operis</em></strong></span> <span class='ocrx_word' id='word_1_618' title='bbox 2093 4273 2167 4328; x_wconf 90' lang='lat' dir='ltr'><strong><em>ita</em></strong></span> <span class='ocrx_word' id='word_1_619' title='bbox 2214 4275 2471 4343; x_wconf 80' lang='lat' dir='ltr'><strong><em>exprimit</em></strong></span> <span class='ocrx_word' id='word_1_620' title='bbox 2512 4274 2666 4341; x_wconf 76' lang='lat'><strong><em>(95):</em></strong></span> <span class='ocrx_word' id='word_1_621' title='bbox 2710 4275 2796 4338; x_wconf 81' lang='grc' dir='ltr'><strong><em>Ὠς</em></strong></span> <span class='ocrx_word' id='word_1_622' title='bbox 2828 4273 2965 4344; x_wconf 59' lang='grc' dir='ltr'><strong><em>φησὶ</em></strong></span> <span class='ocrx_word' id='word_1_623' title='bbox 2995 4273 3225 4345; x_wconf 84' lang='grc' dir='ltr'><strong><em>Μάγνης</em></strong></span> <span class='ocrx_word' id='word_1_624' title='bbox 3271 4275 3300 4325; x_wconf 88' lang='grc' dir='ltr'>ὁ</span> <span class='ocrx_word' id='word_1_625' title='bbox 3335 4291 3444 4326; x_wconf 78' lang='grc' dir='ltr'><strong><em>πα·-</em></strong></span> 
     </span>
    </p>
   </div>
   <div class='ocr_carea' id='block_1_91' title="bbox 1862 4359 3447 4435">
    <p class='ocr_par' dir='ltr' id='par_1_91' title="bbox 1862 4359 3447 4435">
     <span class='ocr_line' id='line_1_91' title="bbox 1862 4359 3447 4435; baseline 0 -21"><span class='ocrx_word' id='word_1_626' title='bbox 1862 4361 2141 4426; x_wconf 81' lang='grc' dir='ltr'>λαιότατος</span> <span class='ocrx_word' id='word_1_627' title='bbox 2175 4364 2523 4434; x_wconf 73' lang='grc' dir='ltr'>συγγραφεὺς</span> <span class='ocrx_word' id='word_1_628' title='bbox 2552 4363 2610 4416; x_wconf 78' lang='grc' dir='ltr'><strong><em>ἐν</em></strong></span> <span class='ocrx_word' id='word_1_629' title='bbox 2637 4362 2713 4434; x_wconf 80' lang='grc' dir='ltr'><strong><em>τῷ</em></strong></span> <span class='ocrx_word' id='word_1_630' title='bbox 2746 4364 2916 4435; x_wconf 71' lang='grc' dir='ltr'>τρίτῳ</span> <span class='ocrx_word' id='word_1_631' title='bbox 2954 4362 3145 4432; x_wconf 76' lang='grc' dir='ltr'><strong><em>βιϐλίῳ</em></strong></span> <span class='ocrx_word' id='word_1_632' title='bbox 3181 4359 3288 4414; x_wconf 84' lang='grc' dir='ltr'><strong><em>τῶν</em></strong></span> <span class='ocrx_word' id='word_1_633' title='bbox 3317 4363 3447 4434; x_wconf 71' lang='grc' dir='ltr'>περὶ</span> 
     </span>
    </p>
   </div>
   <div class='ocr_carea' id='block_1_92' title="bbox 1863 4443 3446 4528">
    <p class='ocr_par' dir='ltr' id='par_1_92' title="bbox 1863 4443 3446 4528">
     <span class='ocr_line' id='line_1_92' title="bbox 1863 4443 3446 4528; baseline 0.001 -20"><span class='ocrx_word' id='word_1_634' title='bbox 1863 4455 2195 4523; x_wconf 79' lang='grc' dir='ltr'>Εὐαγγελὶου</span> <span class='ocrx_word' id='word_1_635' title='bbox 2239 4453 2544 4522; x_wconf 84' lang='grc' dir='ltr'><strong><em>ἀπολογιῶν</em></strong></span> <span class='ocrx_word' id='word_1_636' title='bbox 2579 4443 2716 4528; x_wconf 65' lang='grc' dir='ltr'><strong><em>πρὸς</em></strong></span> <span class='ocrx_word' id='word_1_637' title='bbox 2745 4454 3036 4526; x_wconf 75' lang='grc' dir='ltr'>Θεοσοὲνη.</span> <span class='ocrx_word' id='word_1_638' title='bbox 3082 4455 3160 4508; x_wconf 83' lang='lat' dir='ltr'><strong><em>Ac</em></strong></span> <span class='ocrx_word' id='word_1_639' title='bbox 3194 4454 3446 4510; x_wconf 82' lang='lat' dir='ltr'><strong><em>eumdem</em></strong></span> 
     </span>
    </p>
   </div>
   <div class='ocr_carea' id='block_1_93' title="bbox 1868 4545 3446 4615">
    <p class='ocr_par' dir='ltr' id='par_1_93' title="bbox 1868 4545 3446 4615">
     <span class='ocr_line' id='line_1_93' title="bbox 1868 4545 3446 4615; baseline 0.001 -17"><span class='ocrx_word' id='word_1_640' title='bbox 1868 4545 2088 4615; x_wconf 89' lang='lat' dir='ltr'><strong><em>quidem</em></strong></span> <span class='ocrx_word' id='word_1_641' title='bbox 2139 4546 2278 4600; x_wconf 85' lang='lat' dir='ltr'><strong><em>inter</em></strong></span> <span class='ocrx_word' id='word_1_642' title='bbox 2333 4545 2440 4599; x_wconf 87' lang='lat' dir='ltr'><strong><em>alia</em></strong></span> <span class='ocrx_word' id='word_1_643' title='bbox 2483 4545 2645 4600; x_wconf 90' lang='lat' dir='ltr'><strong><em>etiam</em></strong></span> <span class='ocrx_word' id='word_1_644' title='bbox 2694 4546 3002 4600; x_wconf 83' lang='lat' dir='ltr'><strong><em>istiusmodi</em></strong></span> <span class='ocrx_word' id='word_1_645' title='bbox 3050 4545 3446 4615; x_wconf 82' lang='lat' dir='ltr'><strong><em>discrepantias</em></strong></span> 
     </span>
    </p>
   </div>
   <div class='ocr_carea' id='block_1_94' title="bbox 189 4635 3444 4709">
    <p class='ocr_par' dir='ltr' id='par_1_94' title="bbox 189 4635 3444 4709">
     <span class='ocr_line' id='line_1_94' title="bbox 189 4635 3444 4709; baseline 0.002 -21"><span class='ocrx_word' id='word_1_646' title='bbox 189 4650 278 4691; x_wconf 89' lang='lat' dir='ltr'><strong><em>me</em></strong></span> <span class='ocrx_word' id='word_1_647' title='bbox 311 4635 508 4689; x_wconf 86' lang='lat' dir='ltr'><strong><em>iterum</em></strong></span> <span class='ocrx_word' id='word_1_648' title='bbox 535 4636 748 4691; x_wconf 77' lang='lat' dir='ltr'><strong><em>accinxi</em></strong></span> <span class='ocrx_word' id='word_1_649' title='bbox 770 4676 785 4700; x_wconf 92' lang='lat'><strong><em>,</em></strong></span> <span class='ocrx_word' id='word_1_650' title='bbox 815 4644 873 4689; x_wconf 89' lang='lat' dir='ltr'><strong><em>ut</em></strong></span> <span class='ocrx_word' id='word_1_651' title='bbox 905 4651 1139 4705; x_wconf 91' lang='lat' dir='ltr'><strong><em>quorum</em></strong></span> <span class='ocrx_word' id='word_1_652' title='bbox 1173 4637 1422 4690; x_wconf 88' lang='lat' dir='ltr'><strong><em>notitiam</em></strong></span> <span class='ocrx_word' id='word_1_653' title='bbox 1447 4636 1765 4691; x_wconf 88' lang='lat' dir='ltr'><strong><em>historieam</em></strong></span> <span class='ocrx_word' id='word_1_654' title='bbox 1796 4651 1840 4706; x_wconf 82' lang='grc' dir='ltr'><strong>ι)</strong></span> <span class='ocrx_word' id='word_1_655' title='bbox 1867 4638 2320 4709; x_wconf 86' lang='lat' dir='ltr'><strong><em>evangelistarum</em></strong></span> <span class='ocrx_word' id='word_1_656' title='bbox 2348 4638 2417 4694; x_wconf 88' lang='lat' dir='ltr'><strong><em>ab</em></strong></span> <span class='ocrx_word' id='word_1_657' title='bbox 2453 4637 2704 4692; x_wconf 91' lang='lat' dir='ltr'><strong><em>hostibus</em></strong></span> <span class='ocrx_word' id='word_1_658' title='bbox 2727 4637 3002 4708; x_wconf 84' lang='lat' dir='ltr'><strong><em>Evangelii</em></strong></span> <span class='ocrx_word' id='word_1_659' title='bbox 3035 4638 3280 4708; x_wconf 89' lang='lat' dir='ltr'><strong><em>objectas</em></strong></span> <span class='ocrx_word' id='word_1_660' title='bbox 3310 4639 3444 4694; x_wconf 71' lang='lat' dir='ltr'><strong><em>sub~</em></strong></span> 
     </span>
    </p>
   </div>
   <div class='ocr_carea' id='block_1_95' title="bbox 189 4726 1766 4798">
    <p class='ocr_par' dir='ltr' id='par_1_95' title="bbox 189 4726 1766 4798">
     <span class='ocr_line' id='line_1_95' title="bbox 189 4726 1766 4798; baseline 0.001 -18"><span class='ocrx_word' id='word_1_661' title='bbox 189 4735 243 4780; x_wconf 90' lang='lat' dir='ltr'><strong><em>et</em></strong></span> <span class='ocrx_word' id='word_1_662' title='bbox 275 4726 522 4781; x_wconf 91' lang='lat' dir='ltr'><strong><em>criticam</em></strong></span> <span class='ocrx_word' id='word_1_663' title='bbox 570 4729 624 4781; x_wconf 93' lang='lat' dir='ltr'><strong><em>in</em></strong></span> <span class='ocrx_word' id='word_1_664' title='bbox 660 4728 827 4798; x_wconf 91' lang='lat' dir='ltr'><strong><em>priori</em></strong></span> <span class='ocrx_word' id='word_1_665' title='bbox 854 4727 1247 4784; x_wconf 90' lang='lat' dir='ltr'><strong><em>Dissertatione</em></strong></span> <span class='ocrx_word' id='word_1_666' title='bbox 1283 4728 1538 4794; x_wconf 85' lang='lat' dir='ltr'><strong><em>dederam</em></strong></span> <span class='ocrx_word' id='word_1_667' title='bbox 1565 4769 1581 4796; x_wconf 93' lang='lat'><strong><em>,</em></strong></span> <span class='ocrx_word' id='word_1_668' title='bbox 1619 4743 1766 4782; x_wconf 88' lang='lat' dir='ltr'><strong><em>nunc</em></strong></span> 
     </span>
    </p>
   </div>
   <div class='ocr_carea' id='block_1_96' title="bbox 190 4816 1764 4888">
    <p class='ocr_par' dir='ltr' id='par_1_96' title="bbox 190 4816 1764 4888">
     <span class='ocr_line' id='line_1_96' title="bbox 190 4816 1764 4888; baseline 0.003 -19"><span class='ocrx_word' id='word_1_669' title='bbox 190 4816 354 4870; x_wconf 86' lang='lat' dir='ltr'><strong><em>etiam</em></strong></span> <span class='ocrx_word' id='word_1_670' title='bbox 387 4816 740 4885; x_wconf 86' lang='lat' dir='ltr'><strong><em>theologicam</em></strong></span> <span class='ocrx_word' id='word_1_671' title='bbox 775 4826 936 4888; x_wconf 89' lang='lat' dir='ltr'><strong><em>atque</em></strong></span> <span class='ocrx_word' id='word_1_672' title='bbox 977 4818 1296 4888; x_wconf 89' lang='lat' dir='ltr'><strong><em>polemicam</em></strong></span> <span class='ocrx_word' id='word_1_673' title='bbox 1325 4819 1540 4874; x_wconf 88' lang='lat' dir='ltr'><strong><em>duabus</em></strong></span> <span class='ocrx_word' id='word_1_674' title='bbox 1569 4820 1764 4874; x_wconf 89' lang='lat' dir='ltr'><strong><em>sectio-</em></strong></span> 
     </span>
    </p>
   </div>
   <div class='ocr_carea' id='block_1_97' title="bbox 191 4909 1765 4981">
    <p class='ocr_par' dir='ltr' id='par_1_97' title="bbox 191 4909 1765 4981">
     <span class='ocr_line' id='line_1_97' title="bbox 191 4909 1765 4981; baseline 0.001 -17"><span class='ocrx_word' id='word_1_675' title='bbox 191 4909 356 4965; x_wconf 88' lang='lat' dir='ltr'><strong><em>nibus</em></strong></span> <span class='ocrx_word' id='word_1_676' title='bbox 405 4911 787 4979; x_wconf 80' lang='lat' dir='ltr'><strong><em>pertcxendam</em></strong></span> <span class='ocrx_word' id='word_1_677' title='bbox 837 4926 1121 4976; x_wconf 89' lang='lat' dir='ltr'><strong><em>curarem;</em></strong></span> <span class='ocrx_word' id='word_1_678' title='bbox 1178 4927 1409 4981; x_wconf 91' lang='lat' dir='ltr'><strong><em>quarum</em></strong></span> <span class='ocrx_word' id='word_1_679' title='bbox 1470 4912 1644 4980; x_wconf 90' lang='lat' dir='ltr'><strong><em>prima</em></strong></span> <span class='ocrx_word' id='word_1_680' title='bbox 1698 4913 1765 4966; x_wconf 87' lang='lat' dir='ltr'><strong><em>de</em></strong></span> 
     </span>
    </p>
   </div>
   <div class='ocr_carea' id='block_1_98' title="bbox 192 4999 1767 5072">
    <p class='ocr_par' dir='ltr' id='par_1_98' title="bbox 192 4999 1767 5072">
     <span class='ocr_line' id='line_1_98' title="bbox 192 4999 1767 5072; baseline 0.001 -18"><span class='ocrx_word' id='word_1_681' title='bbox 192 5001 525 5071; x_wconf 85' lang='lat' dir='ltr'><strong><em>dogmatibus</em></strong></span> <span class='ocrx_word' id='word_1_682' title='bbox 550 5017 581 5056; x_wconf 91' lang='lat' dir='ltr'><strong><em>a</em></strong></span> <span class='ocrx_word' id='word_1_683' title='bbox 611 5001 847 5057; x_wconf 80' lang='lat' dir='ltr'><strong><em>Macario</em></strong></span> <span class='ocrx_word' id='word_1_684' title='bbox 872 4999 1117 5072; x_wconf 81' lang='lat' dir='ltr'><strong><em>Magnete</em></strong></span> <span class='ocrx_word' id='word_1_685' title='bbox 1145 5001 1442 5070; x_wconf 90' lang='lat' dir='ltr'><strong><em>propositis</em></strong></span> <span class='ocrx_word' id='word_1_686' title='bbox 1471 5003 1554 5056; x_wconf 87' lang='lat' dir='ltr'><strong><em>vel</em></strong></span> <span class='ocrx_word' id='word_1_687' title='bbox 1584 5001 1767 5056; x_wconf 84' lang='lat' dir='ltr'><strong><em>defen-</em></strong></span> 
     </span>
    </p>
   </div>
   <div class='ocr_carea' id='block_1_99' title="bbox 194 5092 1766 5162">
    <p class='ocr_par' dir='ltr' id='par_1_99' title="bbox 194 5092 1766 5162">
     <span class='ocr_line' id='line_1_99' title="bbox 194 5092 1766 5162; baseline 0.001 -16"><span class='ocrx_word' id='word_1_688' title='bbox 194 5092 302 5160; x_wconf 89' lang='lat' dir='ltr'><strong><em>sis,</em></strong></span> <span class='ocrx_word' id='word_1_689' title='bbox 347 5093 516 5148; x_wconf 88' lang='lat' dir='ltr'><strong><em>altera</em></strong></span> <span class='ocrx_word' id='word_1_690' title='bbox 547 5094 614 5148; x_wconf 92' lang='lat' dir='ltr'><strong><em>de</em></strong></span> <span class='ocrx_word' id='word_1_691' title='bbox 645 5093 912 5147; x_wconf 88' lang='lat' dir='ltr'><strong><em>erroribus</em></strong></span> <span class='ocrx_word' id='word_1_692' title='bbox 949 5109 1013 5148; x_wconf 92' lang='lat' dir='ltr'><strong><em>ac</em></strong></span> <span class='ocrx_word' id='word_1_693' title='bbox 1043 5094 1200 5146; x_wconf 76' lang='lat' dir='ltr'><strong><em>ntevis</em></strong></span> <span class='ocrx_word' id='word_1_694' title='bbox 1233 5093 1476 5162; x_wconf 89' lang='lat' dir='ltr'><strong><em>ejusdem</em></strong></span> <span class='ocrx_word' id='word_1_695' title='bbox 1516 5093 1599 5148; x_wconf 88' lang='lat' dir='ltr'><strong><em>vel</em></strong></span> <span class='ocrx_word' id='word_1_696' title='bbox 1639 5108 1766 5148; x_wconf 88' lang='lat' dir='ltr'><strong><em>vere</em></strong></span> 
     </span>
    </p>
   </div>
   <div class='ocr_carea' id='block_1_100' title="bbox 195 5183 1760 5255">
    <p class='ocr_par' dir='ltr' id='par_1_100' title="bbox 195 5183 1760 5255">
     <span class='ocr_line' id='line_1_100' title="bbox 195 5183 1760 5255; baseline 0.001 -18"><span class='ocrx_word' id='word_1_697' title='bbox 195 5187 280 5240; x_wconf 85' lang='lat' dir='ltr'><strong><em>vel</em></strong></span> <span class='ocrx_word' id='word_1_698' title='bbox 311 5184 452 5241; x_wconf 83' lang='lat' dir='ltr'><strong><em>falso</em></strong></span> <span class='ocrx_word' id='word_1_699' title='bbox 479 5185 759 5255; x_wconf 87' lang='lat' dir='ltr'><strong><em>imputatis</em></strong></span> <span class='ocrx_word' id='word_1_700' title='bbox 797 5184 1055 5239; x_wconf 88' lang='lat' dir='ltr'><strong><em>distincta</em></strong></span> <span class='ocrx_word' id='word_1_701' title='bbox 1083 5198 1247 5254; x_wconf 89' lang='lat' dir='ltr'><strong><em>opera</em></strong></span> <span class='ocrx_word' id='word_1_702' title='bbox 1275 5194 1418 5254; x_wconf 87' lang='lat' dir='ltr'><strong><em>aget.</em></strong></span> <span class='ocrx_word' id='word_1_703' title='bbox 1451 5183 1589 5239; x_wconf 89' lang='lat' dir='ltr'><strong><em>Cum</em></strong></span> <span class='ocrx_word' id='word_1_704' title='bbox 1628 5199 1760 5239; x_wconf 86' lang='lat' dir='ltr'><strong><em>vero</em></strong></span> 
     </span>
    </p>
   </div>
   <div class='ocr_carea' id='block_1_101' title="bbox 265 5409 1766 5486">
    <p class='ocr_par' dir='ltr' id='par_1_101' title="bbox 265 5409 1766 5486">
     <span class='ocr_line' id='line_1_101' title="bbox 265 5409 1766 5486; baseline -0.002 -18"><span class='ocrx_word' id='word_1_705' title='bbox 265 5412 381 5486; x_wconf 84' lang='grc'><strong>(87)</strong></span> <span class='ocrx_word' id='word_1_706' title='bbox 419 5409 930 5486; x_wconf 47' lang='lat' dir='ltr'><strong><em>Conieratunetiam</em></strong></span> <span class='ocrx_word' id='word_1_707' title='bbox 977 5409 1144 5464; x_wconf 82' lang='lat' dir='ltr'><strong><em>Andr.</em></strong></span> <span class='ocrx_word' id='word_1_708' title='bbox 1179 5410 1392 5466; x_wconf 88' lang='lat' dir='ltr'><strong><em>Schotti</em></strong></span> <span class='ocrx_word' id='word_1_709' title='bbox 1439 5410 1766 5466; x_wconf 85' lang='lat' dir='ltr'><strong><em>Bibliotheca</em></strong></span> 
     </span>
    </p>
   </div>
   <div class='ocr_carea' id='block_1_102' title="bbox 197 5480 982 5553">
    <p class='ocr_par' dir='ltr' id='par_1_102' title="bbox 197 5480 982 5553">
     <span class='ocr_line' id='line_1_102' title="bbox 197 5480 982 5553; baseline -0.005 -15"><span class='ocrx_word' id='word_1_710' title='bbox 197 5480 498 5553; x_wconf 64' lang='lat' dir='ltr'><strong><em>Hispaniae,</em></strong></span> <span class='ocrx_word' id='word_1_711' title='bbox 530 5499 581 5551; x_wconf 90' lang='lat' dir='ltr'><strong><em>p.</em></strong></span> <span class='ocrx_word' id='word_1_712' title='bbox 606 5498 697 5553; x_wconf 18' lang='lat' dir='ltr'><strong><em>Am.»</em></strong></span> <span class='ocrx_word' id='word_1_713' title='bbox 729 5480 834 5535; x_wconf 67' lang='grc'><strong>545</strong></span> <span class='ocrx_word' id='word_1_714' title='bbox 867 5495 982 5549; x_wconf 92' lang='lat' dir='ltr'><strong><em>seq.</em></strong></span> 
     </span>
    </p>
   </div>
   <div class='ocr_carea' id='block_1_103' title="bbox 263 5551 1767 5622">
    <p class='ocr_par' dir='ltr' id='par_1_103' title="bbox 263 5551 1767 5622">
     <span class='ocr_line' id='line_1_103' title="bbox 263 5551 1767 5622; baseline -0.001 -15"><span class='ocrx_word' id='word_1_715' title='bbox 263 5551 384 5622; x_wconf 81' lang='grc'><strong>(88)</strong></span> <span class='ocrx_word' id='word_1_716' title='bbox 435 5551 732 5606; x_wconf 86' lang='lat' dir='ltr'><strong><em>Promissis</em></strong></span> <span class='ocrx_word' id='word_1_717' title='bbox 777 5566 883 5605; x_wconf 91' lang='lat' dir='ltr'><strong><em>non</em></strong></span> <span class='ocrx_word' id='word_1_718' title='bbox 932 5551 1080 5605; x_wconf 89' lang='lat' dir='ltr'><strong><em>stetit</em></strong></span> <span class='ocrx_word' id='word_1_719' title='bbox 1123 5560 1348 5618; x_wconf 89' lang='lat' dir='ltr'><strong><em>auctor;</em></strong></span> <span class='ocrx_word' id='word_1_720' title='bbox 1414 5551 1506 5606; x_wconf 87' lang='lat' dir='ltr'><strong><em>sed</em></strong></span> <span class='ocrx_word' id='word_1_721' title='bbox 1549 5567 1655 5621; x_wconf 89' lang='lat' dir='ltr'><strong><em>qua</em></strong></span> <span class='ocrx_word' id='word_1_722' title='bbox 1698 5551 1767 5606; x_wconf 88' lang='lat' dir='ltr'><strong><em>de</em></strong></span> 
     </span>
    </p>
   </div>
   <div class='ocr_carea' id='block_1_104' title="bbox 223 5624 1763 5748">
    <p class='ocr_par' dir='ltr' id='par_1_104' title="bbox 223 5624 1763 5748">
     <span class='ocr_line' id='line_1_104' title="bbox 223 5624 1763 5748; baseline 0.001 -71"><span class='ocrx_word' id='word_1_723' title='bbox 223 5643 247 5672; x_wconf 82' lang='grc' dir='ltr'>.ι</span> <span class='ocrx_word' id='word_1_724' title='bbox 269 5642 364 5680; x_wconf 88' lang='lat' dir='ltr'><strong><em>usa</em></strong></span> <span class='ocrx_word' id='word_1_725' title='bbox 380 5639 508 5748; x_wconf 69' lang='lat' dir='ltr'><strong><em>,Pan</em></strong></span> <span class='ocrx_word' id='word_1_726' title='bbox 546 5630 723 5678; x_wconf 89' lang='lat' dir='ltr'><strong><em>morte</em></strong></span> <span class='ocrx_word' id='word_1_727' title='bbox 753 5631 1060 5692; x_wconf 70' lang='lat' dir='ltr'><strong><em>praeventus</em></strong></span> <span class='ocrx_word' id='word_1_728' title='bbox 1083 5663 1098 5688; x_wconf 93' lang='lat'><strong><em>,</em></strong></span> <span class='ocrx_word' id='word_1_729' title='bbox 1140 5625 1296 5678; x_wconf 90' lang='lat' dir='ltr'><strong><em>nobis</em></strong></span> <span class='ocrx_word' id='word_1_730' title='bbox 1345 5624 1763 5692; x_wconf 88' lang='lat' dir='ltr'><strong><em>incompertum.</em></strong></span> 
     </span>
     <span class='ocr_line' id='line_1_105' title="bbox 223 5709 569 5748; baseline 0 -3"><span class='ocrx_word' id='word_1_731' title='bbox 223 5710 357 5748; x_wconf 86' lang='lat' dir='ltr'><strong><em>.Dl&#39;l&#39;.</em></strong></span> <span class='ocrx_word' id='word_1_732' title='bbox 442 5709 569 5747; x_wconf 74' lang='lat' dir='ltr'><strong><em>nn.</em></strong></span> 
     </span>
    </p>
   </div>
   <div class='ocr_carea' id='block_1_105' title="bbox 221 5709 569 5748">
    <p class='ocr_par' dir='ltr' id='par_1_105' title="bbox 221 5709 569 5748">
     <span class='ocr_line' id='line_1_106' title="bbox 221 5709 569 5748; baseline 0 -3"><span class='ocrx_word' id='word_1_733' title='bbox 221 5710 265 5745; x_wconf 66' lang='grc' dir='ltr'><strong>,ο</strong></span> <span class='ocrx_word' id='word_1_734' title='bbox 285 5712 357 5748; x_wconf 83' lang='lat' dir='ltr'><strong><em>IT.</em></strong></span> <span class='ocrx_word' id='word_1_735' title='bbox 397 5709 569 5748; x_wconf 74' lang='lat' dir='ltr'><strong><em>I&#39;ATR.</em></strong></span> 
     </span>
    </p>
   </div>
   <div class='ocr_carea' id='block_1_106' title="bbox 273 5757 1766 5832">
    <p class='ocr_par' dir='ltr' id='par_1_106' title="bbox 273 5757 1766 5832">
     <span class='ocr_line' id='line_1_107' title="bbox 273 5757 1766 5832; baseline -0.001 -15"><span class='ocrx_word' id='word_1_736' title='bbox 273 5766 383 5832; x_wconf 76' lang='lat' dir='ltr'><strong><em>(8U)</em></strong></span> <span class='ocrx_word' id='word_1_737' title='bbox 428 5765 524 5816; x_wconf 75' lang='lat' dir='ltr'><strong><em>Ex.</em></strong></span> <span class='ocrx_word' id='word_1_738' title='bbox 572 5775 796 5832; x_wconf 67' lang='lat' dir='ltr'><strong><em>causa:</em></strong></span> <span class='ocrx_word' id='word_1_739' title='bbox 847 5757 1020 5832; x_wconf 79' lang='lat' dir='ltr'><strong><em>l_Cor.</em></strong></span> <span class='ocrx_word' id='word_1_740' title='bbox 1060 5776 1190 5826; x_wconf 87' lang='lat' dir='ltr'><strong><em>vm,</em></strong></span> <span class='ocrx_word' id='word_1_741' title='bbox 1224 5762 1293 5827; x_wconf 81' lang='lat'><strong>5;</strong></span> <span class='ocrx_word' id='word_1_742' title='bbox 1335 5760 1502 5816; x_wconf 80' lang='lat' dir='ltr'><strong><em>Marc.</em></strong></span> <span class='ocrx_word' id='word_1_743' title='bbox 1545 5778 1610 5827; x_wconf 77' lang='grc' dir='ltr'><strong>ν,</strong></span> <span class='ocrx_word' id='word_1_744' title='bbox 1661 5762 1766 5825; x_wconf 83' lang='grc'><strong><em>50;</em></strong></span> 
     </span>
    </p>
   </div>
   <div class='ocr_carea' id='block_1_107' title="bbox 201 5829 1768 5897">
    <p class='ocr_par' dir='ltr' id='par_1_107' title="bbox 201 5829 1768 5897">
     <span class='ocr_line' id='line_1_108' title="bbox 201 5829 1768 5897; baseline 0.003 -16"><span class='ocrx_word' id='word_1_745' title='bbox 201 5829 372 5886; x_wconf 78' lang='lat' dir='ltr'><strong><em>Matth</em></strong></span> <span class='ocrx_word' id='word_1_746' title='bbox 420 5848 556 5894; x_wconf 66' lang='grc' dir='ltr'>χχιι,</span> <span class='ocrx_word' id='word_1_747' title='bbox 582 5831 676 5894; x_wconf 70' lang='grc'><strong><em>29,</em></strong></span> <span class='ocrx_word' id='word_1_748' title='bbox 711 5830 812 5896; x_wconf 83' lang='grc'><strong><em>50;</em></strong></span> <span class='ocrx_word' id='word_1_749' title='bbox 843 5829 1014 5884; x_wconf 76' lang='lat' dir='ltr'><strong><em>Exod.</em></strong></span> <span class='ocrx_word' id='word_1_750' title='bbox 1046 5847 1194 5895; x_wconf 65' lang='grc' dir='ltr'>χχιιι,</span> <span class='ocrx_word' id='word_1_751' title='bbox 1220 5832 1321 5891; x_wconf 80' lang='grc'><strong><em>18;</em></strong></span> <span class='ocrx_word' id='word_1_752' title='bbox 1358 5832 1492 5887; x_wconf 85' lang='lat' dir='ltr'><strong><em>Gen.</em></strong></span> <span class='ocrx_word' id='word_1_753' title='bbox 1523 5848 1678 5897; x_wconf 84' lang='lat' dir='ltr'><strong><em>xvnt,</em></strong></span> <span class='ocrx_word' id='word_1_754' title='bbox 1702 5833 1768 5886; x_wconf 87' lang='grc'><strong>16</strong></span> 
     </span>
    </p>
   </div>
   <div class='ocr_carea' id='block_1_108' title="bbox 204 5898 1762 5974">
    <p class='ocr_par' dir='ltr' id='par_1_108' title="bbox 204 5898 1762 5974">
     <span class='ocr_line' id='line_1_109' title="bbox 204 5898 1762 5974; baseline 0.002 -19"><span class='ocrx_word' id='word_1_755' title='bbox 204 5912 358 5970; x_wconf 61' lang='lat' dir='ltr'><strong><em>aeq-3</em></strong></span> <span class='ocrx_word' id='word_1_756' title='bbox 388 5901 560 5956; x_wconf 76' lang='lat' dir='ltr'><strong><em>Exod.</em></strong></span> <span class='ocrx_word' id='word_1_757' title='bbox 593 5915 727 5968; x_wconf 81' lang='lat' dir='ltr'><strong><em>ml,</em></strong></span> <span class='ocrx_word' id='word_1_758' title='bbox 756 5901 867 5970; x_wconf 73' lang='lat'><strong><em>28;</em></strong></span> <span class='ocrx_word' id='word_1_759' title='bbox 899 5898 1006 5956; x_wconf 82' lang='lat' dir='ltr'><strong><em>Job</em></strong></span> <span class='ocrx_word' id='word_1_760' title='bbox 1038 5915 1094 5971; x_wconf 73' lang='grc' dir='ltr'><strong>ι,</strong></span> <span class='ocrx_word' id='word_1_761' title='bbox 1123 5901 1222 5969; x_wconf 82' lang='grc'><strong><em>11;</em></strong></span> <span class='ocrx_word' id='word_1_762' title='bbox 1253 5900 1388 5958; x_wconf 88' lang='lat' dir='ltr'><strong><em>Gen.</em></strong></span> <span class='ocrx_word' id='word_1_763' title='bbox 1429 5919 1492 5974; x_wconf 83' lang='grc' dir='ltr'>ι,</span> <span class='ocrx_word' id='word_1_764' title='bbox 1528 5919 1566 5958; x_wconf 92' lang='grc' dir='ltr'><strong><em>ιι</em></strong></span> <span class='ocrx_word' id='word_1_765' title='bbox 1595 5913 1649 5958; x_wconf 87' lang='lat' dir='ltr'><strong><em>et</em></strong></span> <span class='ocrx_word' id='word_1_766' title='bbox 1681 5919 1762 5958; x_wconf 87' lang='grc' dir='ltr'>ιιι.</span> 
     </span>
    </p>
   </div>
   <div class='ocr_carea' id='block_1_109' title="bbox 1867 4725 3446 4802">
    <p class='ocr_par' dir='ltr' id='par_1_109' title="bbox 1867 4725 3446 4802">
     <span class='ocr_line' id='line_1_110' title="bbox 1867 4725 3446 4802; baseline 0 -21"><span class='ocrx_word' id='word_1_767' title='bbox 1867 4726 1993 4782; x_wconf 89' lang='lat' dir='ltr'><strong><em>inde</em></strong></span> <span class='ocrx_word' id='word_1_768' title='bbox 2039 4729 2093 4781; x_wconf 91' lang='lat' dir='ltr'><strong><em>in</em></strong></span> <span class='ocrx_word' id='word_1_769' title='bbox 2128 4727 2233 4782; x_wconf 92' lang='lat' dir='ltr'><strong><em>isto</em></strong></span> <span class='ocrx_word' id='word_1_770' title='bbox 2279 4742 2441 4797; x_wconf 89' lang='lat' dir='ltr'><strong><em>opere</em></strong></span> <span class='ocrx_word' id='word_1_771' title='bbox 2487 4727 2840 4794; x_wconf 89' lang='lat' dir='ltr'><strong><em>conciliasse,</em></strong></span> <span class='ocrx_word' id='word_1_772' title='bbox 2883 4725 3166 4796; x_wconf 85' lang='lat' dir='ltr'><strong><em>nodosque</em></strong></span> <span class='ocrx_word' id='word_1_773' title='bbox 3206 4727 3446 4802; x_wconf 76' lang='lat' dir='ltr'><strong><em>maxime</em></strong></span> 
     </span>
    </p>
   </div>
   <div class='ocr_carea' id='block_1_110' title="bbox 1867 4819 3446 4891">
    <p class='ocr_par' dir='ltr' id='par_1_110' title="bbox 1867 4819 3446 4891">
     <span class='ocr_line' id='line_1_111' title="bbox 1867 4819 3446 4891; baseline 0 -17"><span class='ocrx_word' id='word_1_774' title='bbox 1867 4819 2195 4890; x_wconf 82' lang='lat' dir='ltr'><strong><em>impeditos,</em></strong></span> <span class='ocrx_word' id='word_1_775' title='bbox 2226 4819 2319 4891; x_wconf 92' lang='lat' dir='ltr'><strong><em>qui</em></strong></span> <span class='ocrx_word' id='word_1_776' title='bbox 2357 4819 2650 4875; x_wconf 89' lang='lat' dir='ltr'><strong><em>hodicnum</em></strong></span> <span class='ocrx_word' id='word_1_777' title='bbox 2703 4821 2884 4876; x_wconf 89' lang='lat' dir='ltr'><strong><em>adhuc</em></strong></span> <span class='ocrx_word' id='word_1_778' title='bbox 2916 4820 3257 4876; x_wconf 88' lang='lat' dir='ltr'><strong><em>eruditorum</em></strong></span> <span class='ocrx_word' id='word_1_779' title='bbox 3290 4821 3446 4890; x_wconf 84' lang='lat' dir='ltr'><strong><em>inge-</em></strong></span> 
     </span>
    </p>
   </div>
   <div class='ocr_carea' id='block_1_111' title="bbox 1868 4909 3444 4979">
    <p class='ocr_par' dir='ltr' id='par_1_111' title="bbox 1868 4909 3444 4979">
     <span class='ocr_line' id='line_1_112' title="bbox 1868 4909 3444 4979; baseline -0.001 -15"><span class='ocrx_word' id='word_1_780' title='bbox 1868 4909 1958 4964; x_wconf 89' lang='lat' dir='ltr'><strong><em>nia</em></strong></span> <span class='ocrx_word' id='word_1_781' title='bbox 1986 4918 2278 4978; x_wconf 89' lang='lat' dir='ltr'><strong><em>torquent,</em></strong></span> <span class='ocrx_word' id='word_1_782' title='bbox 2320 4909 2464 4964; x_wconf 90' lang='lat' dir='ltr'><strong><em>haud</em></strong></span> <span class='ocrx_word' id='word_1_783' title='bbox 2506 4909 2797 4965; x_wconf 88' lang='lat' dir='ltr'><strong><em>infeliciter</em></strong></span> <span class='ocrx_word' id='word_1_784' title='bbox 2823 4910 3055 4966; x_wconf 86' lang='lat' dir='ltr'><strong><em>solvisse</em></strong></span> <span class='ocrx_word' id='word_1_785' title='bbox 3083 4909 3444 4979; x_wconf 89' lang='lat' dir='ltr'><strong><em>deprehendi-</em></strong></span> 
     </span>
    </p>
   </div>
   <div class='ocr_carea' id='block_1_112' title="bbox 1871 4999 3438 5073">
    <p class='ocr_par' dir='ltr' id='par_1_112' title="bbox 1871 4999 3438 5073">
     <span class='ocr_line' id='line_1_113' title="bbox 1871 4999 3438 5073; baseline 0.001 -19"><span class='ocrx_word' id='word_1_786' title='bbox 1871 5016 2014 5056; x_wconf 91' lang='lat' dir='ltr'><strong><em>mus.</em></strong></span> <span class='ocrx_word' id='word_1_787' title='bbox 2041 4999 2212 5070; x_wconf 88' lang='lat' dir='ltr'><strong><em>Cujus</em></strong></span> <span class='ocrx_word' id='word_1_788' title='bbox 2252 5002 2330 5056; x_wconf 88' lang='lat' dir='ltr'><strong><em>rei</em></strong></span> <span class='ocrx_word' id='word_1_789' title='bbox 2356 5005 2662 5073; x_wconf 84' lang='lat' dir='ltr'><strong><em>exemplum</em></strong></span> <span class='ocrx_word' id='word_1_790' title='bbox 2694 5003 2936 5072; x_wconf 69' lang='lat' dir='ltr'><strong><em>prmbent</em></strong></span> <span class='ocrx_word' id='word_1_791' title='bbox 2965 5018 3051 5067; x_wconf 88' lang='lat' dir='ltr'><strong><em>ea,</em></strong></span> <span class='ocrx_word' id='word_1_792' title='bbox 3082 5016 3205 5070; x_wconf 63' lang='lat' dir='ltr'><strong><em>quae</em></strong></span> <span class='ocrx_word' id='word_1_793' title='bbox 3237 5000 3438 5056; x_wconf 84' lang='lat' dir='ltr'><strong><em>Franc.</em></strong></span> 
     </span>
    </p>
   </div>
   <div class='ocr_carea' id='block_1_113' title="bbox 1875 5091 3453 5164">
    <p class='ocr_par' dir='ltr' id='par_1_113' title="bbox 1875 5091 3453 5164">
     <span class='ocr_line' id='line_1_114' title="bbox 1875 5091 3453 5164; baseline -0.001 -18"><span class='ocrx_word' id='word_1_794' title='bbox 1875 5091 2178 5147; x_wconf 90' lang='lat' dir='ltr'><strong><em>Turriauus</em></strong></span> <span class='ocrx_word' id='word_1_795' title='bbox 2207 5092 2260 5146; x_wconf 91' lang='lat' dir='ltr'><strong><em>in</em></strong></span> <span class='ocrx_word' id='word_1_796' title='bbox 2293 5091 2606 5163; x_wconf 67' lang='lat' dir='ltr'><strong><em>Detensione</em></strong></span> <span class='ocrx_word' id='word_1_797' title='bbox 2645 5111 2739 5164; x_wconf 91' lang='lat' dir='ltr'><strong><em>pro</em></strong></span> <span class='ocrx_word' id='word_1_798' title='bbox 2769 5092 3056 5147; x_wconf 84' lang='lat' dir='ltr'><strong><em>canonibus</em></strong></span> <span class='ocrx_word' id='word_1_799' title='bbox 3087 5091 3453 5162; x_wconf 78' lang='lat' dir='ltr'><strong><em>apostolorum</em></strong></span> 
     </span>
    </p>
   </div>
   <div class='ocr_carea' id='block_1_114' title="bbox 1866 5181 3444 5258">
    <p class='ocr_par' dir='ltr' id='par_1_114' title="bbox 1866 5181 3444 5258">
     <span class='ocr_line' id='line_1_115' title="bbox 1866 5181 3444 5258; baseline 0 -18"><span class='ocrx_word' id='word_1_800' title='bbox 1866 5195 1917 5240; x_wconf 86' lang='lat' dir='ltr'><strong><em>et</em></strong></span> <span class='ocrx_word' id='word_1_801' title='bbox 1953 5185 2186 5255; x_wconf 86' lang='lat' dir='ltr'><strong><em>epistolis</em></strong></span> <span class='ocrx_word' id='word_1_802' title='bbox 2214 5186 2524 5256; x_wconf 78' lang='lat' dir='ltr'><strong><em>pontiﬁcum</em></strong></span> <span class='ocrx_word' id='word_1_803' title='bbox 2547 5228 2562 5254; x_wconf 94' lang='lat'><strong><em>,</em></strong></span> <span class='ocrx_word' id='word_1_804' title='bbox 2590 5186 2686 5241; x_wconf 88' lang='lat' dir='ltr'><strong><em>lib.</em></strong></span> <span class='ocrx_word' id='word_1_805' title='bbox 2718 5202 2796 5254; x_wconf 90' lang='grc' dir='ltr'>ιι,</span> <span class='ocrx_word' id='word_1_806' title='bbox 2827 5201 2877 5241; x_wconf 92' lang='lat' dir='ltr'><strong><em>c.</em></strong></span> <span class='ocrx_word' id='word_1_807' title='bbox 2911 5185 2965 5246; x_wconf 79' lang='lat'><strong><em>&#39;5.</em></strong></span> <span class='ocrx_word' id='word_1_808' title='bbox 2993 5201 3046 5255; x_wconf 88' lang='lat' dir='ltr'><strong><em>p.</em></strong></span> <span class='ocrx_word' id='word_1_809' title='bbox 3079 5200 3154 5238; x_wconf 91' lang='lat' dir='ltr'><strong><em>m.</em></strong></span> <span class='ocrx_word' id='word_1_810' title='bbox 3180 5181 3282 5238; x_wconf 74' lang='grc'><strong><em>120</em></strong></span> <span class='ocrx_word' id='word_1_811' title='bbox 3313 5187 3444 5258; x_wconf 80' lang='grc'><strong>(91),</strong></span> 
     </span>
    </p>
   </div>
   <div class='ocr_carea' id='block_1_115' title="bbox 1939 5410 2737 5484">
    <p class='ocr_par' dir='ltr' id='par_1_115' title="bbox 1939 5410 2737 5484">
     <span class='ocr_line' id='line_1_116' title="bbox 1939 5410 2737 5484; baseline -0.006 -15"><span class='ocrx_word' id='word_1_812' title='bbox 1939 5412 2052 5484; x_wconf 85' lang='grc'><strong>(90)</strong></span> <span class='ocrx_word' id='word_1_813' title='bbox 2094 5412 2151 5468; x_wconf 92' lang='lat' dir='ltr'><strong><em>ln</em></strong></span> <span class='ocrx_word' id='word_1_814' title='bbox 2187 5427 2389 5468; x_wconf 90' lang='lat' dir='ltr'><strong><em>comm.</em></strong></span> <span class='ocrx_word' id='word_1_815' title='bbox 2423 5411 2488 5466; x_wconf 89' lang='lat' dir='ltr'><strong><em>ad</em></strong></span> <span class='ocrx_word' id='word_1_816' title='bbox 2523 5410 2658 5466; x_wconf 86' lang='lat' dir='ltr'><strong><em>Gen.</em></strong></span> <span class='ocrx_word' id='word_1_817' title='bbox 2697 5427 2737 5464; x_wconf 91' lang='grc' dir='ltr'>ι.</span> 
     </span>
    </p>
   </div>
   <div class='ocr_carea' id='block_1_116' title="bbox 1943 5493 2616 5568">
    <p class='ocr_par' dir='ltr' id='par_1_116' title="bbox 1943 5493 2616 5568">
     <span class='ocr_line' id='line_1_117' title="bbox 1943 5493 2616 5568; baseline -0.006 -16"><span class='ocrx_word' id='word_1_818' title='bbox 1943 5499 2056 5568; x_wconf 91' lang='grc'><strong>(91)</strong></span> <span class='ocrx_word' id='word_1_819' title='bbox 2097 5496 2152 5551; x_wconf 85' lang='grc' dir='ltr'><strong>1η</strong></span> <span class='ocrx_word' id='word_1_820' title='bbox 2191 5497 2495 5566; x_wconf 76' lang='lat' dir='ltr'><strong><em>fragmento</em></strong></span> <span class='ocrx_word' id='word_1_821' title='bbox 2523 5493 2616 5548; x_wconf 84' lang='grc' dir='ltr'><strong><em>ΙΧ.</em></strong></span> 
     </span>
    </p>
   </div>
   <div class='ocr_carea' id='block_1_117' title="bbox 1942 5573 2848 5652">
    <p class='ocr_par' dir='ltr' id='par_1_117' title="bbox 1942 5573 2848 5652">
     <span class='ocr_line' id='line_1_118' title="bbox 1942 5573 2848 5652; baseline -0.001 -20"><span class='ocrx_word' id='word_1_822' title='bbox 1942 5582 2055 5652; x_wconf 75' lang='lat' dir='ltr'><strong><em>(lli!)</em></strong></span> <span class='ocrx_word' id='word_1_823' title='bbox 2099 5580 2216 5638; x_wconf 80' lang='lat' dir='ltr'><strong><em>Vid.</em></strong></span> <span class='ocrx_word' id='word_1_824' title='bbox 2245 5596 2366 5649; x_wconf 84' lang='lat' dir='ltr'><strong><em>cap.</em></strong></span> <span class='ocrx_word' id='word_1_825' title='bbox 2399 5579 2438 5634; x_wconf 84' lang='grc'><strong>6,</strong></span> <span class='ocrx_word' id='word_1_826' title='bbox 2460 5578 2749 5648; x_wconf 87' lang='lat' dir='ltr'><strong><em>fragment.</em></strong></span> <span class='ocrx_word' id='word_1_827' title='bbox 2778 5573 2848 5631; x_wconf 73' lang='grc' dir='ltr'>ν.</span> 
     </span>
    </p>
   </div>
   <div class='ocr_carea' id='block_1_118' title="bbox 1943 5656 3448 5736">
    <p class='ocr_par' dir='ltr' id='par_1_118' title="bbox 1943 5656 3448 5736">
     <span class='ocr_line' id='line_1_119' title="bbox 1943 5656 3448 5736; baseline -0.005 -17"><span class='ocrx_word' id='word_1_828' title='bbox 1943 5665 2056 5736; x_wconf 82' lang='grc'><strong>(95)</strong></span> <span class='ocrx_word' id='word_1_829' title='bbox 2114 5663 2172 5718; x_wconf 84' lang='grc' dir='ltr'><strong>1η</strong></span> <span class='ocrx_word' id='word_1_830' title='bbox 2221 5663 2448 5736; x_wconf 74' lang='lat' dir='ltr'><strong><em>scholiis</em></strong></span> <span class='ocrx_word' id='word_1_831' title='bbox 2505 5656 3448 5736; x_wconf 43' lang='lat' dir='ltr'><strong><em>apologeticisuad__anstitutior:es</em></strong></span> 
     </span>
    </p>
   </div>
   <div class='ocr_carea' id='block_1_119' title="bbox 1872 5727 3446 5861">
    <p class='ocr_par' dir='ltr' id='par_1_119' title="bbox 1872 5727 3446 5861">
     <span class='ocr_line' id='line_1_120' title="bbox 1872 5727 3446 5861; baseline -0.005 -70"><span class='ocrx_word' id='word_1_832' title='bbox 1872 5727 2227 5861; x_wconf 46' lang='lat' dir='ltr'><strong><em>(ignotorum</em></strong></span> <span class='ocrx_word' id='word_1_833' title='bbox 2265 5734 2451 5788; x_wconf 64' lang='lat' dir='ltr'><strong><em>Graece</em></strong></span> <span class='ocrx_word' id='word_1_834' title='bbox 2490 5727 2938 5788; x_wconf 51' lang='lat' dir='ltr'><strong><em>editas&#39;Veuetiis</em></strong></span> <span class='ocrx_word' id='word_1_835' title='bbox 2969 5728 3142 5794; x_wconf 78' lang='grc'><strong>1565,</strong></span> <span class='ocrx_word' id='word_1_836' title='bbox 3183 5727 3239 5789; x_wconf 70' lang='grc'><strong>4,</strong></span> <span class='ocrx_word' id='word_1_837' title='bbox 3279 5744 3331 5796; x_wconf 87' lang='lat' dir='ltr'><strong><em>p.</em></strong></span> <span class='ocrx_word' id='word_1_838' title='bbox 3373 5745 3446 5784; x_wconf 69' lang='grc' dir='ltr'>ιιι.</span> 
     </span>
    </p>
   </div>
   <div class='ocr_carea' id='block_1_120' title="bbox 1944 5892 3386 5973">
    <p class='ocr_par' dir='ltr' id='par_1_120' title="bbox 1944 5892 3386 5973">
     <span class='ocr_line' id='line_1_121' title="bbox 1944 5892 3386 5973; baseline -0.004 -16"><span class='ocrx_word' id='word_1_839' title='bbox 1944 5903 2058 5973; x_wconf 66' lang='lat' dir='ltr'><strong><em>(9t)</em></strong></span> <span class='ocrx_word' id='word_1_840' title='bbox 2098 5901 2240 5956; x_wconf 83' lang='lat' dir='ltr'><strong><em>Edit.</em></strong></span> <span class='ocrx_word' id='word_1_841' title='bbox 2273 5899 2452 5954; x_wconf 88' lang='lat' dir='ltr'><strong><em>Lutet.</em></strong></span> <span class='ocrx_word' id='word_1_842' title='bbox 2483 5899 2625 5971; x_wconf 86' lang='lat' dir='ltr'><strong><em>apud</em></strong></span> <span class='ocrx_word' id='word_1_843' title='bbox 2653 5897 2780 5955; x_wconf 88' lang='lat' dir='ltr'><strong><em>Scb.</em></strong></span> <span class='ocrx_word' id='word_1_844' title='bbox 2815 5896 3100 5953; x_wconf 75' lang='lat' dir='ltr'><strong><em>Nivellium</em></strong></span> <span class='ocrx_word' id='word_1_845' title='bbox 3142 5894 3300 5961; x_wconf 80' lang='grc'><strong>1575,</strong></span> <span class='ocrx_word' id='word_1_846' title='bbox 3330 5892 3386 5951; x_wconf 83' lang='grc'><strong><em>8.</em></strong></span> 
     </span>
    </p>
   </div>
  </div>
