4058 6412
521 474 658 532 1579

1798 461 2152 519 MACARIUS
2187 459 2491 518 MAGNES.

3615 456 3759 516 1580

520 602 574 648 et
606 606 673 646 ex
701 602 767 645 eo
794 586 853 643 Β.
896 585 946 641 J.
980 585 1098 640 Alb.
1142 583 1422 642 Fabricius
1452 586 1508 641 in
1550 584 1763 641 Delectu
1793 556 2073 656 argumen-
2104 596 2151 652 Α
2177 584 2267 639 hic
2317 583 2482 653 igitur
2545 580 2745 651 injuria
2800 562 3037 637 Macario
3089 576 3323 649 Magneti
3375 591 3407 630 a
3470 574 3754 630 Turriano

523 693 696 735 torum
744 688 794 734 et
834 678 1036 749 syllaba
1085 680 1400 747 scriptorum
1438 679 1502 732 de
1539 679 1753 737 ueritate
1804 677 2074 747 religionis

2177 675 2321 729 illata
2356 672 2432 740 (l)

522 773 866 838 Christiane,
896 786 952 841 p.
980 769 1085 835 65,
1120 785 1187 826 ex
1222 769 1458 826 Macario
1487 769 1731 845 Magnete
1758 778 1945 826 nostro
1976 782 2077 838 pro

2200 790 2205 855 ᾖ
2232 784 2320 840 1V.
2339 784 2415 839 De
2440 785 2592 838 modo
2624 782 3002 859 interpretandi
3027 779 3370 859 _Scripturam
3395 790 3626 843 sacram,
3653 776 3758 832 ad-

522 863 877 920 conciliandis
928 862 1381 933 evangelistarum
1444 861 1785 916 sermonibus
1838 860 2080 930 protule-

523 965 687 1010 runt:
722 952 839 1007 Ima
870 953 1069 1007 accedit
1100 954 1259 1007 etiam
1282 953 1381 1006 huc
1408 952 1699 1021 exemplum
1732 951 2080 1022 evangelista-

523 1063 641 1100 rum
672 1047 837 1118 (sunt
862 1046 1028 1100 verba
1064 1044 1313 1100 Turriani
1333 1044 1350 1113 )
1371 1086 1387 1112 ,
1412 1060 1540 1116 quos
1567 1044 1853 1114 aliquando
1883 1060 1985 1099 non
2018 1057 2083 1096 ea:

522 1141 638 1209 ipsa
665 1140 879 1193 veritate
903 1138 999 1206 rei,
1021 1138 1110 1193 sed
1133 1154 1198 1192 ea:
1220 1137 1360 1207 vulgi
1380 1136 1754 1191 consuetudine
1773 1144 1822 1190 et
1841 1135 2085 1205 opinione

476 1241 491 1249 '
523 1248 706 1286 nomen
733 1231 1015 1300 sumpsisse
1034 1270 1048 1293 ,
1083 1238 1269 1283 auctor
1296 1238 1373 1283 est
1404 1227 1667 1299 Magnetes
1703 1227 2083 1283 vetustissimus

523 1324 749 1393 scriptor
776 1319 1186 1387 ecclesiasticus,
1220 1318 1312 1374 lib.
1342 1335 1379 1373 ιι
1401 1327 1451 1373 et
1480 1336 1511 1372 v
1546 1335 1674 1390 quos
1698 1329 1882 1372 contra
1921 1316 2086 1371 Theo-

523 1414 755 1469 stlzenem
781 1412 1021 1484 gentilem
1066 1411 1178 1484 (95)
1210 1413 1617 1482 discrepantiam
1647 1412 2086 1483 evangelistarum

524 1514 572 1559 et
600 1504 709 1559 alia
737 1503 882 1558 nobis
914 1504 1051 1574 [also
1078 1504 1131 1557 in
1160 1500 1443 1572 Evangelia
1479 1497 1808 1570 objicientem
1856 1500 2084 1568 scripsit.

526 1598 615 1651 Ait
644 1599 811 1661 enim,
835 1613 929 1667 pro
954 1612 1013 1651 eo
1032 1637 1046 1662 ,
1071 1596 1207 1667 quod
1254 1611 1388 1649 unus
1425 1594 1742 1664 euangelista
1772 1592 1908 1646 dixit
1941 1590 2087 1663 (96).

530 1690 764 1743 «calamo
785 1691 1058 1760 spongiam
1080 1688 1761 1758 circumponentesidixisse
1774 1687 1937 1739 alium
1955 1685 2089 1755 (97),

524 1788 734 1848 propter
785 1777 1188 1833 similitudinem
1247 1776 1488 1840 arbusti,
1549 1794 1568 1827 ι
1597 1776 1817 1846 Ityssopa
1870 1775 2093 1828 circum-

525 1879 792 1939 ponentes,
816 1887 836 1921 ι
864 1886 984 1922 cum
1011 1864 2094 1937 dicendum,inquit,essettcalamoaltem

2542 870 2717 909 versus
2747 855 2982 907 eumdem
3021 851 3397 921 Porphyrium.

2250 952 2532 1024 Proposito
2575 967 2719 1007 nunc
2753 950 3046 1021 specimine
3095 950 3280 1020 aliquo
3322 948 3603 1019 exegetico
3637 944 3760 1000 Ma-

2182 1046 2313 1101 carii
2362 1043 2656 1115 Magnetis,
2698 1044 2751 1097 in
2802 1058 2913 1114 quo
2946 1042 3255 1098 dissensum
3291 1038 3755 1109 evangelistarum

2181 1151 2211 1190 a
2247 1135 2548 1206 Porphyrio
2570 1134 2850 1205 _objectum
2886 1132 3030 1188 haud
3073 1131 3274 1188 infelici
3303 1145 3473 1201 opera
3501 1145 3533 1186 a
3566 1129 3760 1185 divino

2188 1242 2358 1283 sacrae
2406 1225 2701 1296 Scripturae
2756 1226 2895 1280 libro
2961 1224 3174 1279 amoliri
3239 1221 3502 1289 tentavit;
3556 1220 3761 1292 paucis

2184 1316 2361 1370 adhuc
2385 1316 2769 1379 observamus,
2798 1312 3155 1383 Porphyrium
3187 1310 3623 1367 infensissimum
3662 1310 3755 1365 di-

2185 1407 2425 1477 sciplina:
2449 1405 2773 1462 Christianae
2803 1405 3048 1470 hostem,
3085 1418 3209 1458 cum
3252 1403 3402 1473 ipsas
3450 1416 3639 1458 sacras
3675 1401 3767 1456 lit-

2186 1504 2333 1550 teras
2348 1495 2652 1551 convellere
2669 1508 2779 1548 non
2800 1502 3003 1565 posset,
3022 1492 3256 1552 subinde
3278 1491 3443 1547 etiam
3459 1492 3762 1546 damnasse

2187 1587 2409 1643 modum
2440 1580 2829 1657 interpretandi
2863 1583 3189 1639 Christianis
3246 1581 3606 1653 scriptoribus
3640 1581 3765 1636 usi-

2190 1688 2359 1733 tatum
2379 1720 2393 1745 ,
2424 1693 2536 1748 quo
2560 1677 2710 1732 varia
2746 1674 3043 1755 Scriptura:
3070 1674 3316 1741 oracula,
3354 1673 3571 1729 arcanis
3598 1672 3767 1742 plena

2188 1769 2494 1838 mysteriis,
2531 1783 2694 1825 sensu
2721 1768 3045 1838 quandoque
3093 1767 3325 1837 mystico
3366 1775 3422 1821 et
3468 1764 3767 1836 allegorico

2191 1856 2461 1927 explicare
2505 1856 2766 1911 solebant.
2816 1853 2963 1909 Istud
3005 1854 3406 1913 commentandi
3458 1869 3629 1924 genus
3665 1867 3768 1923 per

466 2019 472 2025 ,
527 1961 665 2030 quod
693 1977 826 2015 unus
866 1959 1185 2031 evangelista
1221 1959 1332 2031 (98)
1360 1959 1526 2026 dixit,
1563 1977 1582 2010 ι
1618 1960 1825 2025 vinum,
1857 1977 1875 2009 ι
1907 1974 2090 2012 rursus
2123 1942 2165 2001 Β
2192 1948 2557 2017 expositiones
2584 1948 2789 2020 typicas
2817 1960 2871 2002 et
2901 1947 3220 2018 allegoricas
3248 1945 3612 2017 Porphyrium
3635 1959 3768 2014 gra-

527 2051 727 2103 dictum
756 2065 864 2103 esse
896 2067 914 2100 t
941 2061 1145 2103 acetum
1168 2049 1301 2123 (99),
1333 2068 1351 2101 ι
1391 2052 1448 2103 in
1472 2067 1623 2104 cruce
1646 2051 1729 2120 (ea:
1755 2049 1934 2104 eodem
1954 2051 2091 2103 enim

528 2157 649 2195 vase
676 2142 843 2210 posito
871 2141 1189 2208 hauserunt,
1226 2159 1343 2196 cum
1372 2151 1672 2212 perventum
1705 2153 1780 2197 est
1808 2142 1877 2195 ad
1899 2140 2092 2196 Calva—

530 2229 666 2283 rium
699 2241 746 2284 et
777 2231 832 2283 in
861 2231 1044 2301 cruce)
1073 2233 1393 2301 prtesertim,
1417 2233 1623 2304 inquit,
1666 2249 1784 2289 cum
1814 2232 1976 2304 legem
2012 2233 2099 2286 hi-'

529 2323 709 2377 storia:
745 2322 1072 2393 evangelista:
1109 2333 1391 2391 servarent,
1436 2323 1664 2395 nihilque
1708 2325 1855 2380 ultra
1900 2324 2094 2379 scribe-

530 2424 679 2481 rent,
724 2432 881 2485 quam
906 2416 1045 2486 quod
1086 2425 1208 2470 tunc
1250 2396 1521 2472 dicebatur
1560 2420 1616 2472 in
1640 2418 1735 2472 illo
1766 2418 1995 2473 tumultu
2033 2435 2095 2473 ac

530 2504 730 2574 furore.
765 2504 852 2559 Sic
881 2508 1018 2560 enim
1049 2508 1423 2562 existimarunt
1452 2492 1583 2578 fore,
1623 2518 1679 2563 ut
1707 2511 1931 2563 historia
1955 2512 2096 2564 omni

529 2599 827 2666 suspicione
849 2610 1071 2665 careret,
1094 2600 1142 2652 εἰ
1169 2598 1242 2670 μὴ
1260 2599 1676 2674 περιεργότερον
1692 2599 1804 2654 ἀλλ’
1827 2600 2096 2657 ἄπλαστον

529 2689 776 2763 εὑρεθείη
799 2689 898 2761 τῆς
926 2691 1165 2763 ἱστορίας
1187 2690 1248 2743 τὸ
1276 2692 1510 2762 γράμμα
1531 2731 1545 2756 ,
1591 2692 1647 2744 id
1692 2701 1799 2760 est,
1842 2694 1887 2746 si
1919 2693 2097 2748 littera

530 2782 766 2837 Itistorite
800 2798 901 2836 non
937 2783 1166 2849 curiosa,
1190 2782 1279 2835 sed
1312 2782 1534 2851 simplex
1568 2772 1921 2851 reperiretur;

601 2872 862 2939 Quamvis
901 2888 1032 2944 ergo
1079 2873 1421 2943 evangelistae
1454 2888 1521 2928 ex
1565 2864 1829 2929 sententia
1877 2873 2097 2930 Macarii

530 2962 795 3033 Magnetis
837 2963 1011 3034 legem
1067 2962 1311 3018 historia:
1354 2964 1723 3027 servaverint,
1769 2964 2100 3038 simplicitati

532 3054 824 3121 factorum,
851 3071 961 3109 non
990 3056 1291 3111 curiositati
1314 3054 1935 3129 indulgentes,nihilque
1956 3058 2098 3113 ultra

531 3147 849 3217 scripserint
868 3187 883 3213 ,
913 3163 1079 3219 quam
1108 3149 1254 3220 quod
1300 3150 1403 3205 ista
1430 3158 1587 3205 aetate
1623 3151 1985 3206 communiter
2016 3150 2100 3205 di-

533 3242 759 3313 cebatur
781 3241 839 3297 in
869 3240 962 3296 illo
990 3242 1225 3297 tumultu
1257 3258 1321 3297 ac
1347 3240 1532 3298 furore
1560 3243 1779 3313 populi;
1814 3242 1978 3298 nimis
2002 3258 2100 3297 au-

2193 2039 2330 2094 viter
2357 2040 2410 2093 in
2436 2038 2761 2095 Christianis
2794 2039 3065 2109 culpasse,
3108 2040 3262 2095 testis
3290 2048 3371 2094 est
3400 2037 3672 2094 Eusebius
3706 2036 3766 2091 in

2192 2131 2621 2188 luculentissimo
2650 2132 2744 2187 illo
2769 2132 2915 2196 loco,
2938 2146 3101 2203 quem
3127 2147 3192 2186 ex
3212 2129 3496 2202 Porphyrii
3526 2129 3667 2183 libro
3701 2143 3769 2182 ιιι

2192 2230 2381 2289 contra
2406 2220 2748 2278 Christianos
2777 2222 3004 2278 adduxit
3034 2222 3088 2277 in
3117 2221 3362 2277 Historia
3383 2220 3769 2299 ecclesiastica,

2191 2310 2286 2364 lib.
2318 2326 2400 2375 Vt,
2439 2325 2558 2380 cap.
2604 2310 2692 2365 19.
2757 2309 2974 2366 Nullum
3014 2311 3173 2381 plane
3212 2320 3296 2367 est
3325 2310 3550 2366 dubium
3575 2348 3591 2376 ,
3630 2309 3769 2379 quin

2193 2401 2462 2458 Macarius
2510 2410 2697 2457 noster
2744 2402 2798 2456 in
2870 2403 3079 2473 integro
3137 2417 3300 2473 opere
3357 2398 3774 2470 Ἆποκριτικῶν

2193 2494 2356 2548 etiam
2386 2480 2539 2559 hanc,
2567 2493 2928 2563 ignorantiam
2963 2507 3143 2547 rerum
3186 2507 3468 2548 sacrarum
3521 2490 3772 2547 callidis-

2197 2586 2337 2641 simo
2363 2584 2677 2639 adversario
2702 2583 2976 2648 retexerit,
3001 2599 3162 2654 quem
3186 2584 3424 2653 alioquin
3459 2599 3571 2639 non
3598 2583 3774 2638 latere

2195 2685 2445 2747 poterat,
2484 2676 2600 2746 ipsa
2627 2676 2909 2747 gentilium
2942 2691 3097 2731 sacra
3141 2676 3407 2732 abstrusis
3442 2677 3771 2747 plerumque

2196 2767 2460 2828 sensibus
2493 2767 2701 2837 repleta
2742 2780 2863 2823 esse
2890 2766 3003 2837 (2);
3037 2766 3163 2823 licet
3195 2767 3249 2821 in
3301 2766 3616 2839 fragmentis
3647 2768 3775 2839 ejus

2196 2858 2578 2929 superstitibus
2610 2859 2746 2913 nihil
2775 2860 3072 2930 quidquam
3102 2859 3323 2916 obvium
3351 2861 3457 2925 sit,
3517 2860 3661 2930 quod
3696 2860 3770 2915 ad

2196 2950 2361 3021 hujus
2382 2950 2685 3022 argumenti
2710 2950 3185 3021 pertractationem
3208 2949 3398 3006 referri
3421 2961 3590 3021 queat
3614 2965 3630 3003 :
3660 2951 3773 3006 nisi

2166 3047 2351 3118 ‘quod
2400 3043 2590 3102 au‘ctor
2633 3055 2820 3101 noster
2868 3045 2923 3100 in
2953 3046 3198 3101 oratione
3230 3061 3343 3099 χιιι
3394 3045 3450 3099 in
3494 3044 3771 3109 Genesin,

2198 3155 2324 3197 cum
2358 3139 2426 3195 de
2472 3138 2671 3194 tunicis
2696 3136 2935 3207 pelliceis
2961 3136 3264 3207 primorum
3301 3144 3586 3205 parentum
3623 3135 3774 3205 agit,

2200 3231 2342 3286 haud
2386 3231 2618 3286 obscure
2668 3236 2916 3292 asserat,
2950 3227 3177 3296 reperiri
3222 3227 3467 3297 quasdam
3516 3226 3573 3280 in
3623 3225 3777 3280 Scri-

531 3333 716 3388 dacter
741 3341 921 3388 tamen
946 3333 1140 3388 exinde
1171 3334 1374 3406 colligit
1402 3333 1726 3401 Turrianus,
1752 3349 1940 3389 sacros
1965 3333 2096 3388 scri-

2201 3333 2359 3394 ptura
2389 3337 2542 3378 sacra
2564 3361 2578 3385 ,
2614 3336 2730 3391 qua:
2786 3337 2888 3373 non
2918 3319 3203 3372 admittant
3246 3316 3556 3371 liistoricam
3605 3318 3767 3371 inter-

532 3436 714 3496 plores
752 3426 1047 3496 aliquando
1084 3442 1193 3481 non
1228 3442 1296 3482 ex
1334 3428 1452 3497 ipsa
1483 3427 1711 3482 veritate
1738 3428 1854 3493 rei,
1898 3427 1991 3482 sed
2033 3442 2101 3481 ex

531 3518 678 3587 vulgi
719 3517 1119 3573 consuetudine
1150 3526 1204 3572 et
1234 3518 1490 3588 opinione
1533 3535 1733 3574 nomen
1777 3519 2098 3588 sumpsisse.

536 3608 713 3675 Quam
764 3607 1318 3664 accommodationem
1371 3609 1663 3680 Scripturae
1720 3610 1788 3664 ad
1847 3624 2101 3665 erroneas

537 3701 821 3771 opiniones
854 3710 910 3756 et
943 3701 1364 3757 consuetudines
1400 3702 1543 3773 vulgi
1565 3743 1581 3768 ,
1614 3719 1739 3757 cum
1767 3704 1991 3759 veritate
2022 3706 2102 3761 rei

539 3800 845 3864 pugnantes
871 3836 884 3857 ,
916 3791 1232 3861 neutiquam
1262 3808 1386 3848 cum
1415 3794 1664 3863 superius
1692 3794 1852 3849 allata
1881 3793 2101 3866 Magne-

540 3887 611 3940 tis
640 3884 810 3938 nostri
850 3883 1293 3953 interpretatione
1345 3894 1508 3955 atque
1549 3886 1927 3941 conciliatione
1972 3903 2103 3943 cou-

536 3976 933 4044 venire,cuivis
956 3976 1071 4032 inec
1097 3978 1332 4046 penitius
1362 3979 1724 4034 consideranti
1757 3981 2101 4051 perspicuum

538 4079 622 4125 est
651 4087 664 4121 :
700 4070 969 4140 siquidem
997 4070 1099 4123 alia
1133 4070 1357 4126 omnino
1386 4072 1650 4126 censenda
1684 4082 1767 4127 est
1797 4088 2104 4129 accommo-

536 4162 684 4217 datio
708 4161 775 4216 ad
804 4162 1121 4232 p0pularem
1153 4177 1367 4232 usuque
1396 4172 1667 4233 receptam
1697 4165 1951 4234 loquendi
1993 4163 2103 4218 for-

538 4267 719 4316 mam,
756 4253 859 4306 alia
886 4268 1016 4307 vero
1066 4253 1131 4308 ad
1169 4252 1371 4309 indocti
1404 4254 1551 4324 vulgi
1596 4254 1910 4323 praejudicia
1942 4263 2105 4324 atque

538 4359 783 4413 errores,
815 4345 929 4400 sive
958 4345 1012 4399 in
1045 4345 1210 4401 rebus
1241 4346 1611 4409 naturalibus,
1647 4346 1762 4401 sive
1804 4345 2102 4414 historicis,

541 4437 657 4492 sive
700 4437 1036 4505 moralibus,
1082 4437 1197 4493 sive
1242 4436 1563 4510 theologicis
1594 4447 1900 4494 versentur.
1948 4438 2106 4493 Absit

2200 3415 2586 3484 pretationem,
2652 3416 2741 3465 sed
2800 3410 3137 3481 allegoricam
3199 3410 3457 3464 rationem
3502 3409 3721 3481 exigant
3751 3425 3774 3464 :

2213 3505 2428 3575 Ἐπειδὴ
2449 3504 2691 3574 ,‘inquit,
2721 3503 2781 3556 τὸ
2802 3502 2930 3573 περὶ
2960 3503 3066 3557 τῶν
3091 3500 3331 3573 χιτώνων
3358 3503 3458 3574 τὴν
3488 3503 3777 3575 ἱστορικὴν

2202 3596 2456 3665 ἐκφεύγει
2483 3596 2734 3661 διάνοιαν,
2761 3594 2851 3647 καὶ
2880 3596 3171 3666 ἀναγωγῆς
3202 3595 3356 3664 λόγον
3389 3596 3629 3660 ἀπαιτεῖ,
3664 3604 3773 3653 etc.

2204 3706 2231 3777 §
2257 3703 2321 3759 ν.
2357 3705 2607 3777 Doctrina
2622 3705 2698 3777 Ade
2727 3703 2853 3767 Deo,
2888 3713 2937 3777 et
2968 3721 3086 3777 uera
3118 3707 3433 3760 manare/tia:
3453 3707 3649 3760 diuina:
3690 3707 3779 3762 in-

2396 3775 2531 3839 dole,
2562 3774 2810 3828 adversus
2837 3775 3240 3845 polytlteismum
3266 3777 3562 3845 gentilium.

2271 3865 2329 3919 In
2401 3864 2700 3937 fragmento
2757 3864 2802 3918 ll
2869 3867 3046 3936 operis
3120 3865 3531 3947 Ἀποκριτικῶη
3592 3867 3807 3922 Deum‘~

2202 3959 2506 4013 rectissime
2537 3959 2611 4012 ita
2638 3958 2920 4024 describit,
2944 3958 3089 4028 quod
3121 3959 3271 4014 solus
3291 3958 3360 4014 sit
3385 3946 3652 4030 ἀγένητοέ
3678 3962 3777 4015 καὶ

2199 4048 2471 4114 δεσπόζων
2497 4048 2607 4102 τῶν
2632 4038 2895 4121 γενητῶν,
2921 4064 3023 4101 non
3050 4051 3254 4120 genitus
3283 4058 3332 4103 et
3360 4050 3416 4103 in
3436 4066 3545 4115 eos,
3569 4054 3657 4120 qui
3678 4068 3775 4121 ge-

2202 4143 2302 4197 niti
2324 4152 2464 4206 sunt,
2488 4143 2763 4212 imperium
2790 4142 3016 4207 habens;
3048 4150 3393 4212 mentemque
3422 4158 3575 4197 suam
3607 4145 3775 4211 paulo

2201 4244 2323 4305 post
2348 4235 2605 4290 disertius
2629 4234 2905 4303 explicans
2935 4232 3085 4287 addit
3114 4250 3126 4285 :
3158 4232 3288 4296 Θεὸς
3310 4233 3367 4285 δὲ
3400 4233 3558 4304 μόνος
3585 4236 3775 4306 ἄρχων

2202 4327 2296 4380 καὶ
2332 4326 2624 4398 μοναρχίαν
2649 4325 2786 4396 ἔχων
2813 4324 2953 4378 κατὰ
2984 4323 3239 4396 ἀλήθειαν
3270 4325 3513 4396 κυριεύει
3539 4326 3646 4379 τῶν
3678 4343 3780 4395 γε-

2203 4418 2399 4489 νητῶν,
2434 4419 2694 4489 ὑπάρχων
2726 4416 2985 4487 ἀγένητος
3005 4433 3017 4445 ·
3065 4418 3255 4487 κρατεῖ
3295 4415 3401 4469 τῶν
3434 4416 3774 4488 κτισμάτων,

527 4632 533 4651 ι
596 4634 723 4759 .395)
757 4634 904 4717 Lege
924 4636 1127 4705 potius,
1150 4637 1219 4690 ad
1241 4635 1609 4692 Theosthenem
1624 4647 1819 4718 Icontra
1834 4636 2097 4708 gentilem.
2132 4642 2177 4699 Ι)
2200 4614 2299 4696 aue
2321 4641 2457 4694 enim
2480 4638 2617 4708 quod
2648 4636 2902 4716 scriptum
2924 4644 3023 4717 est,
3046 4646 3202 4759 utique
3232 4635 3286 4688 in
3312 4635 3485 4714 prima
3502 4643 3603 4716 est
3624 4637 3776 4703 ροεὶ-

543 4701 609 4757 Vt
656 4745 669 4759 .
710 4704 849 4759 DISS.
882 4716 1065 4759 nostra
1098 4706 1139 4759 1.
1172 4707 1198 4759 8
1228 4708 1315 4759 16.
1350 4707 1464 4759 Sub
1492 4723 1710 4759 nomine
1742 4709 1948 4759 aentilis
1972 4722 2102 4759 vero
2207 4723 2315 4759 tum
2345 4709 2616 4759 verborum
2644 4707 2841 4759 fronte.
2871 4704 2926 4757 id
2953 4722 3087 4759 stam
3135 4714 3287 4758 catur
3308 4716 3355 4757 et
3406 4705 3636 4759 dicitur.
3680 4706 3776 4759 sed

596 4722 669 4759 ια.

710 4704 1139 4779 Dissfnostral,
1172 4707 1199 4779 §
1228 4708 1315 4761 16.
1350 4707 1464 4762 Sub
1492 4708 1710 4763 nomine
1742 4704 1948 4777 gentilis
1972 4722 2102 4761 vero

542 4774 900 4846 Porphyrium
957 4774 1195 4845 intelligi
1231 4786 1346 4832 tum
1392 4794 1459 4832 ex
1499 4779 1711 4832 ratione
1744 4774 1957 4841 aetatis,
1996 4792 2102 4844 qua

544 4846 801 4917 scripsit,
836 4853 950 4900 tum
981 4861 1067 4917 fex
1110 4848 1230 4902 aliis
1277 4848 1412 4903 locis
1456 4846 1882 4916 fragmentorum
1930 4848 2103 4917 ipsius

542 4915 837 4970 verisimile
865 4916 1126 4970 redditur.

612 4984 704 5054 (96
764 4984 950 5039 Matth.
983 5002 1152 5051 xxvn,
1183 4986 1279 5048 48;
1310 4986 1476 5051 Marc,
1507 5002 1595 5053 xv,
1631 4988 1719 5043 ⁸56.

612 4987 725 5125 (97)
761 5055 896 5125 an.
931 5070 1085 5121 χχιιι,
1119 5056 1404 5117 56:10am
1437 5073 1551 5123 χιχ,
1588 5058 1678 5113 29.

611 5055 724 5126 (97)
761 5055 896 5126 an.
931 5070 1085 5121 χχιιι,
1119 5056 1404 5117 56:10am
1437 5073 1551 5123 χιχ,
1588 5058 1678 5113 29.

611 5124 723 5194 (98)
760 5124 951 5195 Matth.
980 5142 1155 5187 xxv",
1188 5127 1279 5195 54,
1304 5128 1409 5193 48;
1441 5128 1607 5182 Marc.
1643 5143 1732 5193 xv,
1769 5127 1855 5183 2'5.

612 5196 724 5265 (99)
761 5194 921 5251 Joan.
953 5212 1063 5261 χιχ,
1093 5197 1187 5253 29.

613 5261 1076 5337 (i)'Contrarinni
1117 5266 1299 5335 potius
1340 5267 1537 5323 asserit
1580 5261 1852 5322 Macarius
1886 5265 2106 5337 Magnes

541 5335 603 5406 in
629 5334 931 5406 fragmento
964 5334 1006 5406 ll
1028 5334 1298 5406 Aex’libris
1329 5337 1773 5406 A‘Aszoxptttxtinc,
1819 5341 1946 5391 dum
1978 5334 2055 5389 ait
2088 5354 2102 5390 :

541 5405 617 5478 υἷι
650 5405 754 5475 μὴν
783 5405 925 5478 λέξις
951 5404 1212 5478 ρνόματος
1248 5404 1455 5478 βεϐαιοῖ
1478 5404 1539 5460 τὸ
1570 5408 1894 5478 λεγόμενον,
1928 5406 2042 5459 ἀλλ’
2068 5409 2102 5478 ἡ

542 5474 824 5547 φύσιςτοῦ
857 5474 1176 5547 πράγματος
1210 5474 1366 5547 κοροῖ
1394 5476 1492 5547 τὴν
1520 5474 1793 5547 ἀλήθειαν.
1842 5476 1895 5530 Ν
1900 5492 1964 5528 οη
1990 5474 2106 5547 vero

542 5546 769 5617 nominis
807 5546 1089 5617 appellatio
1116 5546 1295 5599 verum
1321 5546 1469 5616 efﬁcit
1494 5549 1571 5610 id,
1596 5546 1732 5617 quod
1761 5549 1981 5610 dicitur,
2014 5546 2104 5601 sed

541 5613 765 5686 ἕρσαι-εξ
805 5626 998 5668 natura
1025 5616 1273 5670 dictionis
1303 5613 1573 5671 ueritatem
1605 5613 1905 5686 conﬁrmat.

614 5682 692 5752 (2)
730 5682 846 5756 Qua
885 5685 952 5739 de
994 5699 1053 5739 re
1085 5686 1344 5756 legendus
1385 5688 1441 5740 in
1494 5688 1685 5756 primis
1705 5682 1809 5756 est
1833 5685 2106 5741 Arnobius

541 5752 640 5825 lib.
665 5767 701 5803 v
722 5753 984 5825 Adversus
1013 5752 1219 5823 gentes,
1250 5772 1305 5825 p.
1342 5772 1414 5810 ιιι.
1454 5752 1556 5811 179
1583 5772 1735 5825 seqq.
1785 5755 1974 5820 Erras,
2021 5757 2105 5810 in-

545 5822 685 5889 quit,
701 5832 764 5894 et_
779 5820 970 5894 laberis
985 5862 1001 5886 ,
1017 5820 1267 5894 satisque
1289 5835 1335 5878 te
1361 5841 1469 5878 esse
1492 5820 1815 5893 imperitum,
1836 5827 2106 5879 indoctum

535 5902 610 5971 ‘ac
634 5890 887 5942 rusticum
917 5892 1030 5959 ipsa
1062 5890 1233 5947 rerum
1264 5890 1603 5949 insectatione
1626 5890 1975 5951 demonstras.
1996 5894 2106 5971 Ne-

2207 4656 2299 4696 aue
2321 4654 2457 4694 enim
2480 4651 2616 4708 quoa
2648 4651 2902 4705 scriptum
2924 4651 3023 4701 est,
3046 4651 3099 4688 at
3140 4651 3202 4688 ue
3232 4652 3286 4688 tn
3312 4651 3485 4703 prima
3512 4651 3603 4703 est.
3624 4652 3776 4703 poss-

2207 4723 2315 4764 tum
2345 4709 2616 4763 verborum
2642 4707 2841 4775 fronte,
2871 4704 2926 4757 id
2953 4651 3287 4774 signiﬁcatur
3308 4716 3355 4775 et
3406 4705 3636 4771 dicitur,
3680 4706 3777 4760 sed

2206 4779 2506 4849 allegoricis
2541 4774 2773 4849 sensibus
2802 4786 2849 4829 et
2866 4775 3154 4849 AsubditivAis
3194 4774 3558 4849 intelliguntur
3590 4778 3775 4849 omnia

2208 4850 2301 4904 illa
2314 4843 2553 4903 secretis.
2581 4845 2768 4915 Itaque
2788 4846 2877 4915 qui
2895 4843 3217 4911 dicit,tCum
3244 4861 3340 4897 sua
3362 4843 3642 4897 concubuit
3666 4844 3775 4899 Ju-

2206 4921 2345 4989 piter
2369 4927 2559 4983 matre,
2582 4935 2600 4967 ι
2624 4933 2738 4989 non
2763 4917 2986 4989 incestas
3007 4915 3272 4989 signiﬁcat
3295 4923 3386 4989 aut
3422 4915 3775 4989 propudiosae

2219 4989 2428 5043 Veneris
2462 4987 2863 5055 complexiones,
2886 4986 2972 5039 sed
2995 4984 3299 5055 locem‘prg
3321 4984 3519 5051 pluvia,
3547 4999 3644 5052 pro
3670 4990 3774 5039 tel-

2208 5060 2321 5113 lure
2362 5053 2599 5111 Cererem
2626 5056 2894 5122 nominat,
2918 5064 3022 5110 etc.
3054 5053 3213 5107 Conf.
3241 5053 3611 5109 Theodoretus
3645 5071 3775 5108 con-

2208 5139 2291 5182 tra
2319 5128 2526 5182 ercos
2550 5140 2712 5180 serm.
2748 5141 2831 5187 ιιι,
2858 5140 2914 5194 p.
2946 5125 3016 5178 44
3055 5139 3210 5192 seq.;
3242 5122 3349 5194 Jul.
3381 5122 3653 5179 Firmicus
3691 5123 3775 5178 De

2206 5214 2383 5252 errore
2427 5197 2636 5267 profari.
2668 5193 3015 5267 religionum,
3046 5194 3263 5267 aliique.
3298 5193 3440 5267 Quin
3481 5195 3771 5267 et_ipsum

2203 5262 2562 5338 Porphyrium
2598 5281 2706 5338 non
2742 5262 2852 5318 uno
2876 5265 3016 5317 libro
3051 5262 3263 5317 Homeri
3294 5262 3513 5338 tabulas
3552 5262 3774 5338 integu-

2210 5332 2854 5406 menta'przrstantiorum
2885 5349 3006 5406 esse
3053 5348 3270 5406 rerum,
3316 5332 3372 5385 in
3403 5332 3601 5406 quibus
3628 5332 3772 5406 dog-

2207 5418 2351 5463 mata
2373 5402 2441 5462 de
2461 5405 2570 5460 Deo
2593 5406 2866 5472 rebusque
2903 5403 3213 5458 caelestibus
3241 5403 3461 5463 lateant,
3490 5402 3769 5469 docuisse,

2206 5479 2499 5532 ostendunt
2540 5476 2865 5539 Quazstiones
2894 5474 3011 5542 ejus
3053 5472 3381 5537 Homericae,
3432 5472 3648 5527 libellus
3688 5473 3772 5528 De

2206 5557 2357 5617 antro
2386 5547 2731 5617 nympharum
2768 5554 2833 5617 et
2863 5543 3084 5617 Moralis
3119 5544 3775 5617 interpretatio_erroru_m

2211 5613 2447 5687 Ulyssis',
2507 5613 2616 5687 imo
2665 5614 2937 5687 peculiare
2981 5613 3101 5687 ejus
3129 5614 3410 5687 _volutnen
3461 5613 3610 5687 _Ilepi.
3654 5613 3775 5687 fail;

2204 5681 2499 5758 ἀλληγορου
2509 5681 2681 5758 μένηέ
2704 5683 2967 5754 Ἐλλήνων
2995 5684 3089 5758 ποι]ζ
3113 5681 3423 5758 Αἰγυπτίων
3449 5681 3739 5758 ⁸Θεολογίας
3755 5724 3772 5747 ,

2206 5758 2284 5810 De
2310 5752 2593 5824 allegorica
2616 5752 2918 5809 Graecorum
2938 5761 2987 5807 et
3016 5752 3391 5824 Afgyptioru‘m
3417 5753 3697 5821 theoloyia,
3723 5770 3775 5807 SI

2207 5826 2343 5881 ﬁdes
2386 5821 2616 5880 Eusebio
2662 5825 2907 5879 habenda
2952 5833 3053 5878 est.
3098 5821 3259 5877 L‘om‘.
3310 5821 3675 5880 Cudworthus
3712 5824 3776 5878 in

2209 5897 2501 5966 Systemate
2528 5894 2892 5961 intellectuali,
2915 5908 2968 5964 p.
2999 5909 3074 5948 tn.
3099 5892 3223 5948 571.
