4058 6360
320 406 451 459 1581

1476 405 1757 462 ΝΟΤΙΤΙΑ
1794 404 1883 460 ΕΤ
1920 401 2368 461 FRAGMENTA.

3414 397 3556 453 1382

320 523 571 586 ἅκτιστος
596 521 669 575 ὢν
699 522 793 577 καὶ
823 523 1089 594 ἄναρχος,
1125 522 1185 576 οὑ
1216 522 1324 577 τῶν
1362 525 1582 596 ὁμοίων,
1607 508 1740 577 ἀλλὰ
1770 520 1878 575 τῶν

1987 518 2087 573 lius
2135 518 2465 585 monarchae,
2496 525 2650 573 tanto
2697 516 3025 573 luculentius
3057 533 3089 572 a
3114 515 3264 572 falsis
3297 516 3546 590 ﬁctisque

236 634 239 641 ·
319 612 586 683 ἀνομοίων
614 613 936 685 ἡγεμονεύει
959 614 1274 685 κηδόμενος.
1307 613 1422 669 Hoc
1455 626 1537 669 est
1570 634 1582 668 :
1622 614 1759 669 Deus
1795 631 1887 667 au-

320 713 422 757 tem
448 702 591 757 solus
624 705 899 773 imperium
938 722 1000 759 ac
1037 706 1395 760 monarchiam
1422 707 1636 768 habens,
1663 706 1763 770 iis,
1796 706 1884 774 qui

318 794 479 862 geniti
518 803 675 861 sunt,
708 810 808 846 non
830 795 1030 864 genitus
1063 804 1252 865 prwest
1272 837 1287 862 ,
1332 806 1600 863 creaturas
1624 796 1885 849 increatus

316 893 367 937 et
390 885 652 954 principio
682 901 861 938 carens
887 887 941 938 in
966 892 1219 955 potestate
1246 887 1417 951 habet,
1451 903 1513 940 ac
1538 903 1639 939 non
1662 885 1880 948 similes,

315 976 407 1029 sed
436 975 720 1030 dissimiles
741 978 986 1044 providus
1010 978 1163 1046 regit.
1184 975 1523 1047 Quapropter
1539 985 1592 1031 et
1611 976 1881 1040 eumdem,

316 1076 566 1137 respectu
595 1068 782 1122 habito
816 1069 881 1122 ad
912 1069 1329 1140 polytheismnm
1364 1067 1643 1139 gentilium
1669 1107 1683 1128 ,
1724 1066 1883 1138 μόνον

316 1158 567 1229 ἀληθινὸν
605 1159 840 1231 ἄρχοντα
867 1148 1033 1229 Θεῖν,
1076 1161 1247 1229 solum
1292 1177 1468 1215 verum
1501 1161 1883 1215 dominatorem

200 1296 213 1309 ,
318 1249 486 1303 Deum
528 1261 842 1321 nuncupat:
885 1238 1049 1321 quam
1092 1253 1314 1322 phrasin
1362 1238 1524 1321 atque
1566 1252 1741 1305 ideam
1789 1266 1882 1305 su-

316 1340 487 1407 premi
515 1338 767 1395 Numinis
795 1356 860 1394 ex
888 1340 1007 1409 ipso
1036 1340 1096 1394 Ι).
1137 1338 1304 1394 Paulo
1330 1339 1543 1409 repetiit
1572 1336 1592 1390 I
1620 1337 1761 1407 Tim.
1801 1352 1877 1401 vr,

316 1433 419 1494 15,
473 1432 567 1496 16,
616 1432 708 1487 ubi
754 1431 896 1488 Deus
937 1432 1168 1521 dicitur!
1206 1434 1235 1486 ὁ
1272 1430 1537 1521 μακάριρς
1578 1430 1673 1483 καὶ
1725 1428 1880 1498 μόνος

1987 609 2269 679 gentilium
2308 609 2415 663 diis
2447 608 2821 675 distingueret,
2864 606 3145 675 ipsamque
3193 604 3553 661 substantiam

1987 701 2054 755 ab
2109 699 2456 770 homonymia
2504 704 2848 762 secerneret,
2904 694 3339 751 Christianorum
3389 709 3557 754 causa

1986 791 2266 861 subjungit
2309 789 2679 844 testimonium
2715 787 2773 844 S.
2806 786 2960 841 Pauli
2994 802 3060 842 ex
3105 785 3126 840 l
3167 785 3295 841 Cor.
3333 803 3449 852 vm,
3499 788 3556 853 5,

1984 880 2039 947 6,
2069 881 2296 950 petitum
2326 898 2338 934 :
2368 879 2552 943 Οὕτως
2573 880 2602 932 ό
2645 878 2966 942 Ἀπόστολος
2988 878 3075 931 ἵνα
3098 877 3195 948 τὴν
3226 877 3391 942 ὅντως
3420 879 3559 933 διδά-

1985 971 2051 1045 ξῃ
2070 970 2335 1042 Θεότητα,
2358 972 2453 1026 καὶ
2479 971 2576 1041 τὴν
2598 970 2784 1024 οὐσίαν
2812 970 2877 1022 ὲκ
2901 968 3001 1039 τῆς
3026 968 3339 1039 ὁμωνυμίας
3361 969 3564 1041 διακρί-

1982 1077 2077 1124 νας
2127 1059 2341 1133 ὲλέγξῃ,
2389 1061 2484 1114 καὶ
2514 1062 2604 1114 τὸν
2639 1059 2736 1130 μὲν
2784 1060 2902 1113 κατ’
2930 1058 3117 1112 οὐσίαν
3149 1058 3301 1124 Θεὸν,
3337 1058 3430 1112 καὶ
3465 1076 3563 1113 κυ-

1985 1150 2115 1222 ρίως
2146 1150 2368 1220 Κύριον,
2410 1150 2535 1212 τοὺς
2566 1150 2622 1203 δὲ
2653 1152 2717 1221 τῇ
2758 1148 2903 1202 θέσει
2947 1147 3101 1211 θεοὺς
3133 1148 3227 1201 καὶ
3265 1148 3327 1201 οὑ
3358 1149 3562 1219 κυρίως

1981 1241 2047 1310 τῇ
2080 1239 2267 1310 κλήσει
2297 1238 2510 1311 μηνύσῃ
2540 1240 2653 1301 τοῖς
2683 1238 2969 1309 μαθηταῖς,
3002 1236 3135 1308 φησί
3157 1254 3170 1267 ⁸
3200 1238 3309 1292 Καὶ
3336 1238 3445 1309 γὰρ
3472 1240 3557 1292 ει-
3626 1248 3632 1254 ’

1982 1341 2094 1395 περ
2125 1327 2244 1381 εἰσί
2276 1328 2422 1391 θεοὶ,
2452 1325 2654 1395 ὥσπερ
2689 1322 2802 1381 οὖν
2832 1328 2947 1380 εἰσὶ
2980 1326 3079 1381 καὶ
3101 1328 3290 1396 κύριοι
3320 1328 3558 1407 πολλοὶ,

1979 1417 2115 1471 ἀλλ’
2148 1417 2290 1486 ἡμῖν
2318 1413 2406 1483 εἷς
2433 1416 2596 1483 Θεὸς,
2626 1417 2695 1482 ἐξ
2721 1413 2791 1472 οὗ
2836 1417 2907 1469 τὰ
2945 1416 3161 1481 πάντα,
3195 1417 3293 1471 καὶ
3323 1413 3411 1484 εἷς
3440 1420 3560 1472 Κύ-

314 1494 616 1594 δυνάστης,
648 1523 848 1599 quibus
881 1521 1061 1576 verbis
1089 1494 1877 1591 S.'Apostolus’argumentum

1987 1526 2103 1575 ριος
2151 1508 2403 1577 Ἰησοῦς,
2448 1503 2616 1564 δι’οὗ
2664 1512 2736 1562 τὰ
2776 1494 3172 1581 πάντα.
3202 1511 3349 1573 ὅπως
3388 1510 3557 1583 λέγει,

311 1630 457 1670 verae
494 1592 744 1678 deitatis,
788 1592 1199 1683 bmnipotentim
1231 1621 1393 1681 atque
1434 1610 1768 1665 monarchize
1798 1607 1880 1664 di-

311 1708 454 1762 vinae
483 1705 810 1776 suppeditat.
856 1706 1031 1776 Atque
1064 1704 1116 1759 id
1148 1705 1322 1774 ipsum
1351 1709 1435 1757 est
1453 1729 1480 1767 ,υ
1512 1699 1656 1770 quod
1701 1694 1879 1753 Maea-

314 1798 431 1853 rius
462 1806 646 1851 noster
672 1795 826 1866 juxta
861 1811 984 1851 cum
1015 1795 1137 1850 aliis
1171 1793 1422 1849 Patribus
1457 1790 1745 1861 primitivae
1775 1789 1879 1844 Ee-

315 1846 429 1853 --——
464 1846 635 1851 --ν--τ-
672 1846 826 1866 .—---—
868 1846 983 1851 νητ-
1016 1846 1134 1850 τ--η
1406 1846 1413 1847 κ
1459 1846 1475 1861 .

312 1889 495 1944 clesia:
540 1888 900 1941 monarchiam
946 1886 1043 1940 Dei
1075 1895 1268 1951 vocat,
1319 1885 1575 1939 nimirum
1614 1881 1877 1937 unitatem
1911 1846 1952 1905 Β

315 1988 478 2050 atque
502 1960 864 2049 prin'eipatum
895 1980 1005 2034 veri
1034 1988 1087 2034 et
1117 1977 1424 2033 essentialis
1460 1975 1576 2037 Dei,
1612 1975 1668 2029 in
1710 1988 1882 2043 oppo-

317 2070 518 2125 sitione
545 2070 612 2123 ad
644 2068 932 2123 πολυθεῖαν
958 2084 1050 2125 seu
1091 2067 1496 2123 multitudinem
1525 2066 1753 2121 deorum
1780 2063 1884 2119 fal-

308 2172 504 2219 sonum
538 2157 679 2231 apud
708 2148 959 2243 gentiles.

386 2272 416 2343 ᾗ
448 2270 535 2327 Vl.
577 2266 919 2343 Continuatio
941 2267 1174 2343 ejusdem
1211 2238 1523 2343 argumenti,
1553 2279 1617 2318 ex
1639 2263 1810 2319 verbis

711 2343 777 2396 D.
814 2335 971 2396 Pauli
1002 2337 1030 2390 1
1059 2337 1183 2392 Cor.
1215 2335 1333 2399 νιιι,
1365 2335 1419 2397 5,
1447 2335 1499 2389 6.

390 2435 840 2504 Quandoquidem
890 2434 1060 2504 igitur
1103 2428 1324 2487 Graecus
1367 2427 1469 2485 iste
1525 2425 1884 2500 philosophus

313 2544 443 2599 cum
496 2526 734 2582 Macario
783 2534 975 2582 nostro
1020 2525 1308 2594 disputans
1356 2537 1424 2577 ex
1478 2521 1886 2590 comparatione
1924 2574 1927 2575 ν

315 2619 539 2674 Adriani
572 2619 885 2691 monarchae
914 2632 1037 2673 cum
1070 2616 1182 2670 Deo
1225 2614 1515 2669 monarcha
1563 2613 1885 2676 afﬁrmabat,

316 2710 484 2765 Deum
525 2727 626 2764 non
660 2710 867 2779 proprie
905 2706 1240 2761 monarcham
1268 2714 1503 2761 vocatum
1533 2705 1623 2768 iri,
1653 2704 1754 2758 nisi
1784 2705 1887 2757 diis

314 2804 615 2873 imperaret,
642 2803 733 2872 qui
776 2800 1009 2870 ejusdem
1039 2815 1155 2852 cum
1182 2799 1296 2866 ipso
1328 2805 1496 2850 essent
1524 2804 1765 2859 naturae;
1794 2809 1889 2849 eos

316 2909 467 2960 vero,
512 2908 652 2963 quos
686 2889 980 2946 Christiani
1020 2889 1243 2959 angelos
1280 2895 1495 2951 vocant,
1524 2901 1553 2939 a
1600 2885 1891 2956 gentilibus

314 2984 451 3040 deos
478 2984 605 3050 dici,
630 2998 693 3038 ac
716 2991 924 3037 naturae
955 2980 1149 3035 divinae
1177 2987 1458 3033 consortes
1483 2992 1606 3048 esse
1639 2976 1716 3047 (5)
1753 2995 1766 3030 :
1800 2991 1892 3030 ve-

317 3090 435 3130 ram
475 3069 1292 3130 monarchiae'divinteindolem
1340 3074 1530 3123 contra
1577 3064 1891 3136 philoSOphi

317 3167 482 3237 hujus
534 3165 869 3235 sophismata
914 3162 1153 3217 vindieat
1197 3158 1468 3216 Macarius
1511 3157 1754 3229 Magnes,
1786 3171 1885 3212 nec

316 3262 395 3315 rei
424 3275 488 3314 ex
515 3258 753 3324 nomine,
785 3257 876 3313 sed
903 3256 1141 3312 nominis
1170 3270 1235 3310 ex
1264 3270 1322 3310 re
1349 3254 1626 3309 veritatem
1654 3251 1887 3323 pendere

316 3353 673 3407 demonstrat.
707 3349 785 3405 lta
812 3351 957 3405 enim
1006 3350 1061 3404 in
1105 3348 1406 3420 fragmento
1432 3346 1477 3403 ll
1507 3347 1684 3417 operis
1724 3348 1888 3401 Ἀπο-

317 3442 597 3513 κριτικῶν
631 3443 921 3512 respondet
956 3460 969 3495 :
1005 3440 1113 3494 Καὶ
1162 3439 1223 3493 οὐ
1270 3440 1485 3503 πάντως
1516 3440 1579 3493 ἐκ
1610 3438 1710 3509 τῆς
1740 3441 1886 3510 ὁμω-

317 3536 516 3607 νυμίας
543 3534 669 3605 μίαν
701 3536 832 3605 ἡμῖν
866 3533 960 3604 τὴν
994 3531 1152 3601 φύσιν
1174 3533 1202 3583 ό
1224 3516 1390 3600 λόγος’
1407 3530 1695 3603 ἐδήλωσεν.
1721 3571 1735 3583 .
1763 3570 1776 3583 .
1813 3532 1887 3584 Οὐ

322 3627 422 3697 μὲν
453 3625 598 3691 λέξις
624 3623 885 3694 ὀνόματος
922 3621 1126 3693 βεϐαιοῖ
1151 3620 1210 3674 τὸ
1234 3620 1546 3691 λεγόμενον,
1574 3619 1687 3673 ἀλλ’
1722 3620 1754 3689 ἡ
1785 3620 1887 3688 φύ-

319 3734 405 3781 σις
433 3716 526 3769 τοῦ
563 3715 888 3786 πράγματος
934 3714 1089 3783 κυροῖ
1124 3711 1223 3783 τὴν
1251 3709 1728 3782 ἀλήθειαν.”Αρχει
1760 3710 1889 3779 γοῦν

319 3808 382 3882 δὴ
433 3808 542 3863 τῶν
588 3807 747 3870 θεῶν,
782 3806 875 3859 καὶ
902 3803 1172 3869 δεσπόζει,
1198 3803 1292 3857 καὶ
1320 3805 1529 3874 κρατεῖ,
1567 3803 1664 3872 οὑχ
1710 3803 1784 3865 ὡς
1810 3798 1889 3867 εἷς

315 3898 498 3952 αὐτῶν
530 3898 789 3969 ὑπάρχων
825 3896 889 3949 ὲκ
919 3895 1017 3966 τῆς
1040 3894 1372 3964 ὁμωνυμίας,
1402 3893 1536 3946 ἀλλὰ
1574 3892 1730 3962 μόνος
1759 3894 1888 3961 ἀγέ-

248 4040 253 4043 ,
320 4007 478 4062 νητος
507 3987 601 4053 ὢν,
629 3988 724 4041 καὶ
745 3984 1019 4049 δεσπόζων
1044 3982 1152 4036 τῶν
1180 3981 1445 4053 γενητῶν,
1474 3999 1526 4035 κ.
1562 3999 1611 4035 τ.
1641 3982 1689 4034 λ.
1711 3981 1890 4053 Neque

319 4097 539 4152 prorsus
573 4080 635 4134 ob
665 4077 892 4132 nominis
925 4074 1338 4128 communionem
1379 4073 1615 4127 eamdem
1656 4090 1766 4127 esse
1811 4090 1890 4126 rea

322 4190 442 4227 rum
465 4172 830 4242 cognominum
861 4175 1108 4220 naturam
1152 4166 1289 4218 ratio
1316 4164 1464 4217 nobis
1494 4164 1887 4218 demonstrat...

325 4264 507 4336 Neque
529 4279 647 4319 vero
682 4261 910 4316 nominis
944 4256 1228 4326 appellatio
1256 4271 1433 4310 verum
1458 4255 1609 4323 efﬁcit
1639 4255 1717 4319 id,
1752 4255 1889 4325 quod

240 4424 243 4433 ἦ
328 4358 549 4424 dicitur,
577 4355 667 4409 sed
695 4355 811 4424 ipsa
854 4354 927 4405 rei
972 4362 1167 4405 natura
1208 4348 1431 4402 nominis
1463 4347 1734 4401 veritatem
1763 4364 1889 4400 con-

321 4449 525 4519 ﬁrmat.
564 4445 799 4514 Imperat
826 4446 1001 4510 itaque
1035 4441 1137 4494 diis
1169 4451 1216 4493 et
1245 4438 1570 4503 dominatur,
1599 4446 1651 4491 et
1676 4453 1761 4491 eos
1790 4437 1891 4491 sibi

1979 1599 2079 1654 καὶ
2110 1598 2218 1670 γὰρ
2255 1600 2423 1668 εἴπερ
2443 1601 2563 1655 εἰσὶ
2586 1601 2706 1655 θεοὶ
2738 1598 2879 1669 (ἀντὶ
2904 1598 3021 1663 τοῦ,
3069 1602 3141 1671 τῇ»
3179 1600 3363 1671 κλήσει
3399 1601 3563 1671 μόνον
3638 1612 3641 1615 ’

1985 1690 2122 1753 θεοὶ,
2150 1689 2210 1743 οὐ
2244 1691 2346 1761 μὴν
2382 1689 2768 1763 κυρίωςςοεοὶ),
2787 1691 2923 1745 ἀλλ’
2940 1690 3084 1759 ἡμῖν
3107 1684 3197 1759 εἷς
3220 1692 3382 1758 Θεὸς,
3406 1710 3546 1746 τουτο

1980 1780 2126 1835 ἐστιν
2165 1782 2194 1833 ὁ
2227 1782 2396 1846 ὅντως
2421 1781 2575 1848 Θεὸς,
2602 1773 2662 1835 οὗ
2700 1781 2798 1852 τῆς
2835 1782 3070 1845 οὐσίαςό
3096 1781 3252 1851 λόγος
3293 1768 3562 1854 μαρτυρᾶ

1980 1874 2045 1943 τῇ
2070 1871 2312 1942 Θεότητι.
2342 1871 2455 1926 Hoc
2482 1881 2567 1927 est
2597 1890 2610 1925 :
2639 1870 2729 1927 Sic
2758 1872 3060 1941 Apostolus,
3109 1882 3165 1927 ut
3203 1890 3377 1927 veram
3410 1873 3558 1928 Diri-

1981 1964 2203 2017 nitatem
2246 1962 2555 2028 ostenderet,
2609 1962 3063 2034 substantiamque
3107 1962 3170 2016 ab
3220 1964 3555 2033 homonymia

1982 2070 2248 2109 secernens
2275 2053 2589 2116 declararet,
2618 2068 2679 2105 ac
2705 2051 2870 2105 Deum
2904 2054 3113 2122 quidem
3138 2054 3308 2123 ipsum
3332 2053 3556 2107 essentia

1982 2144 2152 2199 Deum
2201 2162 2310 2199 esse
2339 2156 2388 2198 et
2420 2145 2628 2214 proprie
2658 2143 2975 2209 Dominum;
3030 2144 3164 2198 alios
3210 2155 3387 2198 autem
3435 2143 3550 2197 ado-

1981 2237 2157 2308 ptione
2182 2236 2325 2303 deos,
2364 2253 2454 2291 nec
2478 2238 2690 2307 praprio
2715 2238 2921 2289 nomine
2957 2236 3248 2307 appellatos
3289 2237 3549 2297 innueret,

1984 2328 2259 2398 discipulis
2303 2330 2414 2381 suis
2442 2330 2518 2393 ait
2555 2345 2573 2382 :
2606 2344 2626 2379 ‹
2656 2326 2862 2380 Etenim
2907 2329 2953 2380 si
2996 2328 3074 2380 dii
3105 2337 3225 2381 sunt
3268 2343 3329 2381 ac
3356 2326 3559 2381 domini

1985 2421 2161 2490 multi,
2190 2431 2247 2477 ut
2296 2436 2351 2477 re
2396 2419 2510 2493 ipsa
2555 2426 2701 2489 sunt,
2733 2429 2789 2472 at
2826 2417 2972 2471 nobis
3016 2435 3149 2472 unus
3179 2417 3317 2472 Deus
3348 2427 3449 2481 est.
3493 2434 3559 2473 ea:

1983 2532 2084 2587 quo
2117 2516 2316 2580 omnia,
2342 2524 2390 2569 et
2412 2520 2544 2569 unus
2569 2514 2823 2568 Dominus
2839 2506 3012 2580 Iesus,
3039 2527 3130 2583 per
3150 2526 3299 2583 quem
3322 2511 3552 2566 ornnia.»

1996 2606 2175 2671 Vides,
2221 2615 2277 2659 ut
2309 2607 2474 2671 dicat,
2526 2624 2544 2656 ι
2577 2606 2765 2658 etenim
2810 2606 2857 2658 si
2896 2604 2973 2658 dii
3007 2613 3127 2658 sunt
3167 2602 3322 2675 (pro,
3348 2606 3556 2657 nomine

1988 2705 2192 2753 tantum
2219 2696 2313 2762 dii,
2343 2713 2435 2751 nec
2460 2697 2667 2766 proprie
2691 2694 2884 2765 dii),at
2916 2695 3066 2749 nobis
3096 2711 3229 2749 unus
3262 2694 3422 2758 Deus,
3454 2713 3472 2746 ι
3500 2693 3558 2747 id

1986 2798 2086 2857 est,
2113 2807 2227 2844 vere
2258 2789 2419 2856 Deus,
2447 2789 2597 2859 cujus
2623 2788 2892 2842 divinitati
2922 2787 3038 2858 ipsa
3061 2787 3379 2843 substantiae
3414 2789 3554 2842 ratio

1987 2883 2332 2953 suffragatur
2557 2894 2583 2916 κ

2128 3013 2156 3084 §
2189 3010 2298 3068 Vll.
2339 3012 2654 3084 Applicatio_
2679 3010 3081 3084 prmcedentium
3113 3011 3180 3064 ad
3211 3012 3411 3081 placita

2618 3081 2923 3151 Porphyrii.

2060 3235 2173 3291 Nec
2207 3247 2638 3291 commemorare
2680 3241 2837 3289 vacat
2879 3230 3167 3304 Porphyrii
3215 3232 3558 3289 distributio-

1989 3342 2111 3382 nem
2135 3328 2358 3383 deorum
2389 3326 2445 3379 in
2474 3325 2721 3380 coelestes
2741 3366 2755 3389 ,
2795 3332 3099 3389 terrestres,
3138 3325 3336 3391 aerios,
3384 3341 3558 3395 aqua-

1989 3422 2147 3483 ticos,
2176 3429 2230 3475 et
2275 3419 2659 3474 subterraneos
2694 3418 2807 3488 (4);
2858 3417 3057 3485 quibus
3100 3416 3300 3471 diversi
3346 3416 3559 3487 generis

1990 3512 2275 3568 mactanda
2314 3520 2468 3566 erant
2510 3509 2799 3566 sacriﬁcia.
2832 3508 2956 3561 Alia
2983 3508 3141 3572 enim,
3174 3508 3351 3580 inquit
3379 3508 3559 3563 Maca-

1991 3605 2107 3660 rius
2136 3603 2353 3675 Magnes
2379 3602 2519 3657 libro
2545 3616 2607 3655 ιιι
2644 3597 3054 3667 Ἀποκριτικῶν
3077 3598 3175 3669 (ς),
3194 3598 3562 3653 mactabantur

1990 3697 2263 3767 spiritibus
2298 3696 2479 3759 aeriis,
2501 3693 2613 3747 alia
2643 3692 2879 3755 terrenis,
2906 3690 3017 3745 alia
3043 3689 3562 3761 subterraneis.,Spi-

1990 3789 2180 3844 ritibus
2211 3789 2347 3843 aeris
2379 3784 2792 3841 immolabantur
2822 3783 3055 3861 uolucres
3082 3799 3101 3837 :
3132 3783 3478 3853 ἐπιχθονίοις,
3507 3783 3560 3836 id

1990 3890 2073 3939 est
2113 3876 2720 3952 terrenis,quadrupedes
2757 3875 2915 3946 nigri,
2946 3876 3072 3945 quia
3099 3876 3167 3928 sit
3197 3885 3338 3928 terra
3366 3885 3561 3927 natura
3648 3864 3658 3873 ’

1991 3972 2144 4043 nigra
2179 3988 2197 4025 :
2228 3966 2582 4039 ὑποχθονίοις,
2613 3965 2663 4019 id
2687 3972 2767 4018 est
2795 3962 3301 4025 subterraneis,item
3326 3958 3557 4029 quadru-

1988 4063 2142 4135 pedes
2184 4061 2321 4129 nigri
2364 4060 2419 4111 in
2458 4054 2747 4118 scrobibus,
2774 4055 2879 4108 sive
2924 4052 3104 4122 foveis.
3138 4049 3349 4116 Quibus
3381 4049 3559 4105 verbis

1989 4154 2180 4226 procul
2210 4150 2357 4207 omni
2390 4147 2556 4204 dubio
2586 4144 2809 4214 respicit
2837 4142 2902 4196 ad
2927 4144 3105 4196 locum
3139 4141 3287 4193 illum
3317 4138 3561 4210 Porphy'

1990 4246 2059 4301 rii
2093 4244 2166 4300 De
2193 4250 2344 4296 antro
2376 4239 2745 4310 nympharum,
2780 4236 2872 4291 fol.
2902 4235 2925 4288 1
2957 4233 3079 4295 εὨς
3101 4233 3212 4295 τοῖς
3237 4230 3336 4301 μὲν
3369 4230 3561 4299 Ὀλυμ-

1993 4335 2134 4398 πίοις
2165 4332 2304 4394 θεοῖς
2334 4328 2493 4393 ναούς
2525 4345 2583 4381 τε
2631 4326 2726 4379 καὶ
2762 4324 2973 4395 βωμοὺς
3000 4320 3301 4392 ίδρὺσαντο,
3330 4316 3560 4389 χθονίοις

1991 4427 2049 4481 δὲ
2079 4426 2172 4479 καὶ
2200 4425 2405 4496 ἥρωσιν
2434 4420 2690 4491 ἐσχάρας,
2724 4415 3061 4487 ὑποχθονίοις
3101 4413 3156 4466 δὲ
3205 4411 3425 4483 βόθρους
3465 4409 3559 4464 καὶ

323 4502 661 4606 'mancipatos'
677 4531 849 4597 habet,
882 4502 983 4583 non
1017 4539 1265 4598 tanquam
1307 4541 1486 4578 eorum
1535 4502 1669 4577 unus
1718 4524 1787 4578 sit
1828 4522 1888 4577 ob
1922 4539 1966 4595 ι)
1998 4517 2230 4589 μέγαρα.
2271 4514 2322 4568 Id
2355 4521 2439 4568 est
2463 4529 2478 4567 :
2502 4507 2955 4606 Quemadmodum
2981 4502 3272 4558 cwlestibus
3298 4502 3399 4555 diis
3430 4512 3557 4606 tem-

321 4629 737 4685 communionem
766 4622 1014 4687 nominis,
1045 4620 1133 4673 sed
1163 4617 1288 4689 quia
1316 4614 1458 4670 solus
1497 4614 1544 4669 is
1569 4625 1645 4669 est
1674 4630 1776 4668 non
1805 4630 1891 4683 ge-

326 4722 491 4786 nitus,
513 4726 563 4772 et
588 4717 643 4770 in
671 4731 777 4781 eos,
807 4710 896 4785 qui
916 4711 1077 4783 geniti
1103 4718 1245 4773 sunt,
1276 4706 1555 4777 imperium
1582 4704 1758 4771 habet,
1783 4715 1887 4761 etc.

326 4810 503 4881 Atque
524 4817 586 4864 ut
609 4805 898 4863 essentiam
924 4803 1037 4859 veri
1065 4800 1182 4866 Dei,
1211 4797 1537 4871 proprioque
1562 4796 1780 4853 nomine
1806 4813 1892 4851 so-

402 4964 479 5037 (5)
518 4961 851 5037 Porphyrius
873 4959 927 5013 ίη
953 4955 1290 5037 Euadne!
1315 4950 1894 5037 Αῖξεδοηενηίπὲἕιεμάνῖ

328 5021 475 5092 biaui
505 5021 859 5104 quaestionem
889 5021 1152 5104 sacerdoti
1180 5022 1434 5104 @gyptig
1465 5021 1736 5104 proponit,
1771 5035 1893 5104 qua;

330 5090 399 5161 ab
432 5090 540 5160 ista
569 5102 786 5156 notione
814 5097 1142 5153 monarehiae
1173 5090 1368 5149 divinae
1387 5090 1555 5146 Graeci
1588 5090 1891 5161 philosophi

330 5157 501 5230 nostri
560 5171 703 5227 haud
754 5170 981 5223 multum
1022 5165 1248 5221 abludit.
1281 5162 1486 5229 Quaerit
1514 5157 1655 5215 enim
1690 5177 1703 5213 :
1739 5157 1893 5211 Τίτὺ

332 5246 547 5316 πρῶτον
595 5241 765 5320 αῖῖιον
816 5237 1070 5320 ᾐγοῦνςαι
1116 5232 1252 5320 εἶναι
1297 5230 1619 5320 ιξίγύπαξτιοχζ
1660 5230 1894 5320 Πόξερον

331 5298 474 5381 νοῦν,
520 5313 554 5384 ἢ
597 5311 738 5381 ὑπὲρ
765 5298 920 5394 νοξὶη
960 5307 1072 5360 Καὶ
1098 5306 1281 5430 μόνον,
1319 5298 1505 5443 ἥξετ’
1533 5298 1713 5380 ἀλλοΡ,
1741 5299 1774 5368 ἦ
1803 5298 1895 5352 ἀλ.

332 5386 473 5451 λων;
500 5424 514 5438 .
542 5422 556 5436 .
584 5423 596 5435 .
627 5382 736 5433 Καὶ
762 5381 810 5431 εἰ
829 5378 897 5451 Eg
928 5377 1044 5451 svo;
1066 5394 1096 5429 τ
1152 5390 1348 5451 παντα,
1422 5373 1495 5434 ,ὲκ
1514 5369 1752 5433 πολλων;
1781 5367 1895 5421 Hoc

332 5467 417 5512 est
446 5447 468 5509 ε’
491 5452 757 5521 Quidnam
797 5447 1040 5516 Aigyptii
1081 5447 1304 5521 primam
1335 5456 1568 5521 causam
1614 5454 1724 5492 esse
1758 5453 1894 5521 ‘cen:

334 5508 533 5579 ééami
562 5521 749 5577 Utrum
792 5508 1034 5580 maniam,
1070 5508 1139 5568 an
1182 5513 1384 5582 aliquid
1427 5525 1589 5582 supra
1631 5508 1896 5582 mentem?

335 5577 559 5658 Deinde,
589 5607 659 5644 an
701 5588 999 5642 solitarium
1022 5577 1148 5655 quid
1178 5577 1280 5646 sit,
1303 5598 1372 5635 an
1406 5577 1570 5658 simul
1618 5594 1735 5658 cum
1762 5577 1892 5658 alio,

336 5647 428 5717 aut
460 5647 740 5732 pluribus?
767 5657 842 5732 _Et
889 5670 1015 5732 num
1035 5647 1109 5732 'ab
1143 5669 1247 5732 uno
1276 5651 1474 5715 omnia,
1502 5665 1634 5732 an_e_
1653 5647 1893 5732 pluribus

338 5716 669 5804 producant?
701 5728 782 5781 Ad
809 5742 944 5804 quas
961 5716 1893 5804 dubitationeshrespopditiamblif

340 5785 625 5860 chusmsub
654 5785 881 5869 persona
913 5793 1266 5851 Abammonis
1299 5785 1535 5862 Επρῑῖὶ
1565 5788 1619 5842 in
1647 5787 1787 5842 libro
1818 5785 1895 5841 De

1991 4609 2082 4680 pla
2114 4616 2164 4662 et
2211 4603 2464 4661 adiculas
2497 4611 2545 4655 et
2579 4599 2774 4653 altaria
2828 4596 3175 4656 collocarunt,
3229 4591 3577 4646 terrestribus.

1991 4716 2112 4756 vero
2140 4707 2190 4753 et
2219 4695 2461 4750 heroibus
2495 4692 2658 4762 focos,
2697 4689 2881 4759 inferis
2912 4695 3087 4741 autem
3115 4683 3319 4737 scrobes
3354 4690 3403 4737 et
3441 4698 3560 4761 cry;-

1990 4804 2131 4863 ptas.

1992 4943 2255 5016 mysteriis
2309 4936 2702 5016 zEgyptiogzm,
2748 4940 3179 5016 sect.v1n,ncalp.
3217 4926 3555 5016 _et_seqq2.,

1993 4994 2524 5134 ᾗξνξὲῖἵεοὲἓίὶἦίὶῑ.
2558 4994 2733 5059 Oxon.
2770 5002 2993 5055 Thema:
3034 4997 3180 5077 Cale.
3214 4994 3559 5075 Enumeratis

1993 5085 2224 5148 denique
2354 5078 2655 5148 gyptiorum
2680 5074 2938 5148 deorum
2981 5067 3261 5148 ordinibus
3285 5064 3449 5148 hunc
3481 5079 3555 5148 ¹ιιι

1993 5064 2241 5152 denique
2262 5064 2655 5152 ilEgyptiorpm
2680 5074 2938 5152 deorum
2981 5067 3261 5152 ordinibus
3284 5064 3449 5152 hunc
3479 5064 3555 5152 Αἰιι

1994 5094 2224 5152 denique
2281 5094 2655 5199 {Lgrpuorum
2708 5094 2932 5127 acorum
2981 5094 3261 5146 υηιιξιιυιιθ
3307 5094 3449 5145 sint“.
3502 5094 3555 5116 ιιι

1994 5155 2214 5210 modum
2250 5164 2384 5204 conc
2410 5147 2524 5200 udit
2556 5143 2890 5199 Jamblichus
2925 5139 3026 5210 loc.
3067 5132 3380 5210 clt._p._15§l
3410 5149 3424 5185 :
3460 5132 3558 5184 At-

1993 5201 2118 5295 ἧὶιῖ
2242 5201 2613 5295 gyptiorum
2629 5213 2887 5295 ldoctrinla
3017 5201 3557 5295 pfrinteipiis‘

1995 5270 2089 5348 lu?
2113 5270 2396 5360 ίῆῗεὶὧέἴ
2418 5283 2774 5360 progrediens,
2807 5283 2870 5360 ab
2901 5270 3027 5360 uno"
3041 5274 3245 5360 incipit,
3287 5270 3559 5360 cat-desinit

2078 5346 2470 5416 multitudinem
2498 5346 2654 5407 unius
2681 5349 2899 5418 imperio
2929 5346 3289 5418 gubernatam,
3315 5348 3423 5394 etc.

2066 5406 2698 5503 (Il-)"(vionvfjlamblicbus
2729 5406 2806 5472 De
2829 5406 3111 5486 mysteriis,
3136 5406 3334 5477 seem,
3359 5423 3476 5479 cap.
3497 5406 3555 5474 9,

1994 5502 2152 5642 Ι³.(ἒὶξῖ
2181 5514 2724 5642 ἵιξιὲἀ-ΐνοειηερῐυιῐι
2752 5550 3218 5642 Μιιςιιριῑδῐιιοειιτί.
3230 5544 3558 5642 ab

1994 5622 2288 5698 vihdicfvit
2331 5622 2527 5689 Fratic.
2560 5622 2863 5685 Turrianus
2906 5626 2959 5698 in
3007 5622 3316 5698 Defensione
3346 5632 3438 5698 pro
3468 5631 3562 5698 ερ-

2249 5684 2602 5777 apostolorum
2620 5684 2881 5777 adversus
2912 5684 3303 5777 centuriatores
3346 5684 3556 5765 Magda-

1999 5765 2299 5852 burgenses,
2331 5777 2424 5831 lib.
2457 5789 2496 5841 ι,
2523 5786 2642 5842 cap.
2676 5769 2731 5835 5,
2758 5784 2812 5837 p.
2850 5782 2922 5820 ιιι.
2954 5765 3041 5819 15.

2111 6047 2170 6078 χ
