4058 6380
445 417 585 473 i385

1677 420 2035 480 MACARIUS
2071 423 2376 481 MAGNES.

3550 422 3692 479 i384

436 538 465 614 ﬁ
499 536 634 595 Vlll.
677 538 755 595 De
801 538 942 611 falsa
985 538 1266 594 divinitate
1286 538 1437 606 solis,
1469 540 1628 607 luna,
1654 541 1931 597 stellarum
1961 554 2011 597 et
2041 551 2082 606 Α
2114 557 2358 607 versans;
2399 549 2729 596 mortuorum
2775 540 3212 595 lineamentorum
3256 548 3468 611 aspectu
3510 540 3691 596 oculo.

493 630 867 686 elementorum
900 631 1106 694 mundi,
1138 629 1368 685 Macarii
1394 630 1655 702 Magnetis
1681 632 1961 698 iudicium.

506 722 670 778 Falso
704 722 962 792 iactatam
988 738 1153 792 porro
1185 724 1338 789 solis,
1370 722 1531 789 lunas,
1563 725 1866 794 stellarum,
1904 727 2018 782 imo

436 823 834 868 elementorum
865 814 1057 868 mundi
1099 814 1436 870 divinitatem
1466 815 1704 886 graviter
1732 816 1806 871 ita
1840 828 2023 871 retun-

439 906 517 960 dit
544 904 813 961 Macarius
844 916 1031 961 noster
1056 907 1110 960 in
1139 905 1444 978 fragmento
1471 924 1526 962 Ix
1572 908 2016 977 Ἆπσκριτικῶν²

439 996 592 1067 Μηδὲ
617 995 771 1060 θεοὺς
811 996 1129 1067 καλέσωμεν
1155 997 1223 1051 τὰ
1257 1001 1493 1070 στοιχεῖα
1517 998 1612 1053 τοῦ
1643 1001 1869 1071 κόσμου,
1893 1001 2019 1072 γῆν,

443 1086 605 1162 ὕδωρ,
635 1088 794 1159 ἀέρα,
823 1088 926 1142 κᾶν
955 1086 1152 1142 θέωσιν
1190 1090 1418 1165 ἀστέρες
1450 1093 1545 1146 καὶ
1572 1092 1837 1165 τρέχωσιν
1867 1092 2023 1147 ἀπει-

442 1194 531 1250 ρα,
555 1178 776 1243 τούτους
800 1179 875 1251 μὴ
899 1178 1222 1252 θειάζωμεν.
1240 1181 1328 1246 Ὡς
1359 1181 1468 1255 γάρ
1503 1183 1794 1255 τρέχοντας
1823 1185 2021 1249 ἵππους

439 1268 616 1334 οὐδεὶς
659 1271 1057 1338 ἐστεφάνωσεν,
1088 1270 1222 1324 ἀλλά
1269 1272 1361 1325 τὸν
1407 1273 1646 1345 ἐλατῆρα
1674 1275 1878 1328 τούτων
1926 1276 2022 1329 καὶ

439 1361 859 1433 ἡνίοχον,ζοῦτως
872 1362 973 1415 οὐκ
985 1360 1225 1433 ἄστροις,
1240 1362 1376 1416 ἀλλά
1390 1363 1596 1434 Θεῷ,τδ
1608 1365 1772 1429 σέϐας
1783 1365 2021 1437 γνησίως

436 1454 764 1525 τηρήσωμεν
788 1452 865 1523 τῷ
891 1450 1113 1517 τούτους
1142 1438 1421 1523 ἐξάψαντι.
1459 1454 1513 1511 ld
1544 1450 1628 1511 est
1658 1474 1673 1511 :
1705 1454 1817 1509 Nec
1838 1455 2021 1531 mundi

439 1546 714 1611 elementa,
743 1554 962 1613 terram,
991 1563 1204 1617 aquam,
1237 1563 1431 1614 aerem,
1458 1548 1580 1601 deos
1625 1563 1862 1602 vocemus
1878 1563 1898 1611 ;
1929 1547 2020 1602 sed

440 1653 533 1692 nec
561 1636 743 1692 stellas
792 1638 955 1707 ipsas,
990 1639 1090 1693 etsi
1122 1637 1235 1693 illte
1268 1647 1511 1703 currunt,
1544 1647 1593 1693 et
1622 1648 1878 1693 teternum
1904 1638 2018 1693 vol-

438 1737 651 1795 vuntur,
686 1738 936 1799 tanquam
969 1730 1092 1783 deos
1137 1746 1458 1784 veneremur.
1487 1728 1630 1783 Nam
1676 1729 2021 1800 quemadmo—

438 1819 566 1874 dum
592 1836 750 1891 equos
781 1830 1045 1875 currentes
1075 1837 1224 1875 nemo
1245 1837 1479 1893 unquam
1500 1823 1792 1888 coronavit,
1821 1822 1910 1877 sed
1934 1839 2033 1877 eor

441 1927 559 1965 rum
597 1913 910 1983 agitatorem
935 1921 986 1967 et
1016 1912 1259 1983 aurigam
1289 1928 1308 1967 :
1340 1914 1417 1967 ita
1454 1929 1547 1969 nos
1582 1931 1683 1968 non
1714 1916 1897 1982 astris,
1930 1916 2020 1971 sed
2051 1896 2093 1954 Β

444 2003 571 2070 Deo,
609 2007 699 2076 qui
735 2004 835 2058 illa
879 2020 908 2059 e
953 2004 1079 2060 caelo
1115 2007 1408 2077 suspendit,
1447 2023 1603 2061 suum
1644 2008 1847 2064 cultum
1882 2009 2021 2064 inte-

440 2113 590 2168 grum
622 2113 900 2151 servemus.

606 2208 635 2281 ᾗ
669 2207 760 2264 IX.
802 2208 1063 2283 Magnetis
1094 2211 1354 2283 sententia
1382 2211 1447 2265 de
1475 2211 1796 2283 imaginibus
1823 2220 1874 2269 et

945 2281 1248 2335 simulacris
1276 2282 1513 2337 deorum.

514 2369 870 2443 Progreditur
902 2371 1174 2427 Macarius
1199 2383 1385 2428 noster
1413 2374 1480 2429 ad
1502 2373 1862 2429 idololatriam
1888 2390 2019 2447 gen-

443 2463 619 2519 tilium
656 2465 723 2519 de
757 2464 1085 2537 imaginibus
1133 2476 1296 2537 atque
1335 2467 1647 2523 simulacris
1675 2467 1924 2534 deorum,
1954 2468 2023 2523 de

443 2556 643 2627 quibus
671 2557 743 2610 ita
766 2570 1071 2612 sermonem
1100 2556 1333 2613 instituit
1354 2557 1410 2611 in
1433 2556 1736 2628 fragmento
1764 2557 1835 2613 IX
1862 2558 2023 2613 Ἀπο-

443 2645 736 2716 κριτικῶν,
766 2655 828 2701 ut
856 2662 1071 2702 omnem
1099 2649 1208 2704 illis
1240 2648 1537 2705 divinitatis
1576 2650 1813 2719 speciem
1840 2650 2024 2707 detra-

448 2739 560 2802 hat,
601 2739 973 2808 stolidumque
1025 2754 1216 2794 eorum
1275 2739 1480 2794 cultum
1532 2741 1787 2808 explodet
1837 2759 1851 2797 :
1899 2742 2022 2796 Κᾶν

445 2827 758 2899 ἀγάλματα,
789 2830 985 2899 inquit,
1026 2831 1173 2903 φωνῇ
1208 2829 1301 2884 καὶ
1336 2830 1464 2902 δοκῇ
1492 2830 1854 2900 διαλέγεσθαι,
1887 2832 2022 2903 μηδὲ

444 2915 655 2981 τούτοις
685 2917 851 2989 τιμὴν
876 2916 1032 2982 ἀξίαν
1060 2920 1762 2993 προπίωμεν...Ἀνθρωποι
1785 2922 1842 2975 δὲ
1868 2939 2022 2976 κενο-

446 3011 769 3085 φρονοῦντες
793 3013 993 3085 χρυσὸν
1017 3012 1409 3083 χωνεύσαντες,
1438 3014 1532 3068 καὶ
1567 3013 1763 3086 χαλκὸν
1799 3014 2027 3070 διαπλά-

446 3122 634 3169 σαντες
663 3107 944 3177 χρησμοὺς
972 3104 1032 3171 ἐξ
1052 3105 1231 3159 αὐτῶν
1260 3106 1320 3159 τὸ
1345 3106 1497 3160 Θεῖον
1523 3107 1831 3183 ἀπῄτησαν,
1857 3108 2025 3181 πηροὶ

443 3197 505 3252 τὸ
550 3198 825 3269 φρόνημα,
856 3199 950 3252 καὶ
995 3199 1187 3270 τυφλοὶ
1218 3199 1316 3270 τὴν
1353 3198 1581 3253 ἔννοιαν.
1618 3200 1771 3274 Μηδὲ
1815 3204 1881 3256 ὲκ
1921 3201 2023 3271 τῆς

443 3288 799 3362 ἀναισθησίας
830 3290 938 3344 τῶν
963 3289 1178 3345 λιθίνων
1210 3291 1412 3356 ξοάνων
1436 3291 1532 3363 τὴν
1554 3292 1729 3367 ψυχὴν
1748 3294 2025 3349 δυσωπού-

447 3393 616 3449 μενοι,
645 3380 739 3434 καὶ
770 3381 1047 3457 κρίνοντες
1071 3383 1248 3436 ἐκεῖνο
1288 3382 1381 3436 καὶ
1408 3383 1591 3449 καλῶς
1618 3384 2021 3457 δοκιμάζοντες,

441 3466 518 3530 ὡς
559 3466 681 3521 οὑδὲ
710 3448 879 3539 τιμίῆς
900 3448 1183 3611 ζῇίσθησιν,
1211 3468 1320 3522 οὐδ’
1352 3465 1419 3524 αὖ
1450 3448 1612 3525 πάλιν
1645 3448 1856 3546 ὕϐρεως
1885 3448 2027 3546 λαμί-

444 3558 597 3611 ὕάνει
648 3559 710 3611 τὸ
753 3559 896 3611 ἄώυγ
929 3576 959 3611 ν
981 3575 993 3589 ·
1030 3560 1091 3611 οὐ
1116 3559 1207 3611 τὸν
1239 3560 1561 3611 εὐλογοῦντα
1592 3566 1745 3611 τιμᾶ-
1774 3565 1894 3611 οὐδὲ
1934 3565 2025 3611 τὸν

444 3558 597 3612 ὕάνει
648 3559 710 3611 τὸ
753 3558 959 3630 ἄψυχόν
981 3575 993 3589 ·
1030 3560 1091 3612 οὐ
1116 3559 1207 3613 τὸν
1239 3560 1561 3629 εὐλογοῦντα
1592 3566 1746 3635 τιμᾷ,
1774 3565 1894 3619 οὐδὲ
1934 3565 2025 3620 τὸν

444 3647 849 3716 κακολογοῦντα
874 3650 1166 3720 τιμωρίαις
1192 3650 1477 3722 ἀμύνεται.
1503 3651 1818 3708 Simulacris
1848 3667 2025 3711 autem

445 3753 507 3791 ne
535 3739 767 3808 quidem,
797 3739 843 3793 si
873 3739 1077 3793 vocalia
1107 3742 1239 3807 sint,
1269 3759 1331 3796 ac
1356 3745 1673 3799 ratiocinari
1717 3746 2021 3817 videantur,

400 3876 417 3891 ,
447 3831 693 3884 honorem
726 3829 896 3884 ullum
926 3847 1100 3885 verum
1128 3832 1496 3902 deferamus...
1528 3837 1597 3889 At
1631 3836 1865 3893 homines
1888 3833 2025 3894 vana

447 3919 756 3989 cogitantes,
791 3918 910 3989 fuso
933 3936 1063 3974 auro
1086 3921 1450 3995 fabricataque
1496 3941 1618 3993 tere,
1654 3929 1874 3983 oracula
1903 3930 2026 3984 inde

446 4027 480 4063 a
513 4008 745 4063 Numine
781 4021 1148 4081 poposcerunt,
1182 4030 1337 4067 sensu
1372 4017 1565 4084 orbati,
1595 4029 1646 4071 et
1679 4029 1901 4075 mentem
1933 4037 2022 4074 oc-

322 4140 327 4141 ν
444 4104 648 4157 caecati.
694 4101 807 4157 Nec
830 4104 941 4173 ipse
962 4104 1176 4159 quidem
1208 4105 1538 4177 lapidearum
1566 4118 1865 4165 statuarum
1906 4122 2023 4167 stu-

443 4212 539 4264 por
571 4212 751 4251 eorum
781 4197 973 4250 animis
1001 4197 1252 4263 pudorem
1283 4199 1500 4265 attulit;
1530 4217 1620 4257 nec
1656 4203 1793 4258 illud
1812 4187 2025 4275 judica-

446 4295 570 4339 runt
605 4294 801 4340 recteve
831 4285 1196 4354 observarunt,
1223 4304 1342 4358 quae
1371 4305 1452 4343 res
1475 4290 1771 4346 inanimato
1791 4302 2024 4362 est,eam

444 4393 538 4432 nec
572 4378 809 4444 honoris,
840 4394 931 4433 nec
954 4379 1286 4435 contumelia:
1320 4397 1529 4436 sensum
1551 4382 1721 4438 ullum
1745 4387 1978 4457 accipere
2004 4403 2023 4441 :

445 4468 828 4525 benedicentem
857 4487 960 4524 non
990 4470 1236 4535 honorat,
1267 4472 1661 4529 maledicentem
1684 4492 1788 4530 non
1810 4477 2026 4531 ulcisci-

448 4568 555 4615 tur.
592 4558 850 4627 Quinimo
871 4560 1181 4617 istiusmodi
1206 4563 1574 4630 idololatram,
1598 4567 1691 4636 qui
1714 4567 2023 4625 simulacris

445 4653 669 4707 deorum
702 4652 911 4706 cultum
944 4662 1185 4723 praestat,
1221 4656 1477 4727 graphice
1509 4658 1801 4714 admodum
1836 4660 2023 4731 depin-

446 4743 524 4815 git
555 4744 908 4813 sequentibus
937 4745 1113 4801 verbis
1139 4745 1427 4818 fragmenti
1459 4750 1504 4806 ν
1537 4768 1551 4804 :
1587 4751 1665 4823 Τῇ
1700 4753 1829 4825 σκιᾷ
1856 4751 2024 4823 φθέγ-

444 4852 619 4904 γεται,
647 4833 743 4888 καὶ
782 4832 859 4905 τῷ
907 4835 1150 4907 φάσματι
1184 4839 1464 4913 τέρπεται,
1495 4842 1723 4914 ἀψύχοις
1757 4843 1911 4909 ῦλαις
1932 4832 2025 4910 ’ὡς

442 4925 709 4997 ἐμψύχοις
732 4925 1013 4997 ἐνομιλῶν,
1043 4930 1252 5001 νεκρῶν
1284 4936 1646 5006 χαρακτήρων
1672 4935 1857 5006 ὄψεσιν
1885 4936 2023 4991 εὐω-

445 5017 727 5090 χούμενος,
770 5017 970 5091 ἀφώνῳ
1003 5020 1278 5094 πλάσματι
1305 5026 1595 5095 προσάγων
1619 5026 1717 5099 τὴν
1746 5018 1981 5096 ἔντευξιν
2005 5046 2018 5098 ζ

443 5108 579 5180 λίθῳ
605 5108 700 5162 καὶ
725 5108 866 5182 ξύλῳ
893 5111 1155 5180 φωλεύειν
1187 5114 1249 5168 τὺ
1288 5114 1441 5170 Θεῖον
1484 5117 1812 5189 νομοθετῶν,
1837 5120 2024 5192 χαλκῷ

445 5201 541 5257 καὶ
577 5201 776 5274 σιδήρῳ
804 5204 1121 5275 κρατεῖσθαι
1145 5206 1243 5278 τὴν
1267 5208 1576 5281 ἀκράτητον
1608 5210 1743 5281 ὓλην
1771 5213 2027 5280 φανταζό-

448 5308 634 5361 μενοςο
680 5291 854 5364 θηρᾷν
894 5294 955 5348 τὸ
988 5294 1212 5350 ἀθέατον
1256 5298 1316 5351 ἐν
1356 5298 1559 5372 θεωρίᾳ
1601 5303 1773 5374 νεκρᾷ
1813 5304 2024 5373 ἀλόγως

446 5382 748 5438 ὑποτοπῶν.
774 5383 1026 5440 Umbram
1056 5388 1352 5461 alloquens,
1379 5408 1441 5446 ac
1456 5393 1744 5448 simulacro
1767 5396 2023 5466 gaudens,

443 5492 566 5529 cum
595 5477 905 5531 inanimatis
938 5482 1242 5550 corporibus
1289 5484 1447 5539 veluti
1472 5502 1592 5541 cum
1619 5488 1870 5542 animatis
1900 5505 2025 5542 con-

515 5629 688 5712 l6)._1_.
748 5631 999 5712 Stobgus
1051 5636 1145 5712 lib.
1176 5654 1237 5712 Α
1274 5638 1603 5712 _Eclogarum
1655 5641 2019 5712 physicorum,

445 5714 571 5770 pag.
603 5702 668 5783 ξι
717 5704 847 5758 edit.
877 5704 1092 5783 (genteri
1130 5725 1144 5761 :
1175 5708 1401 5783 Πλάτων
1415 5702 1531 5783 ’τρν
1579 5702 1775 5783 ὀρατὸν
1800 5702 2022 5783 κόσμον

446 5771 729 5853 γεγονέναι
767 5773 1119 5853 παράδειγμα
1164 5778 1257 5831 τοῦ
1315 5779 1508 5853 νοητοῦ
1538 5771 2022 5853 κόσμουηὲξγὸρα-

446 5839 558 5893 τοῦ.
588 5839 747 5895 Plato
797 5839 1054 5895 mundum'
1093 5839 1463 5915 aspectabilém
1490 5851 1575 5922 _ad
1619 5839 2022 5907 similitudinem

2122 650 2375 705 pascens;
2421 642 2565 687 muto
2614 633 2859 704 ﬁgmento
2899 648 3074 702 preces
3110 631 3427 695 admovens;
3467 646 3600 684 saxo
3640 641 3694 686 et

2121 726 2265 797 ligno
2306 724 2519 780 Numen
2558 723 2809 777 incubare
2848 732 3119 786 statuens;
3160 737 3263 776 azre
3302 732 3351 776 et
3392 722 3535 791 ferro
3575 738 3696 776 con-

2123 818 2312 888 stringi
2362 815 2713 872 substantiam
2764 812 3333 883 incomprehensibilem
3379 814 3692 878 somnians;

2122 909 2559 981 deprehensurum
2591 907 2810 977 denique
2832 923 2886 961 se
2913 907 2989 960 rei
3011 917 3232 961 mortua?
3256 905 3692 977 contemplatione

2123 1016 2361 1070 sperans,
2392 998 2450 1051 id
2484 996 2621 1068 quod
2647 998 2791 1051 cerni
2820 997 3033 1050 minime
3060 1006 3251 1066 potest.
3334 1052 3337 1055 ,

2191 1087 2445 1143 Nonnulli
2476 1103 2540 1143 ex
2584 1085 2873 1141 Platonicae
2911 1086 3268 1157 philosolihia:
3292 1087 3575 1158 principiis
3601 1104 3693 1143 ve-

2122 1194 2240 1234 ram
2269 1179 2427 1235 istius
2450 1179 2629 1236 cultus
2653 1178 3067 1234 simulacrorum
3095 1178 3358 1248 originem
3382 1188 3545 1250 atque
3567 1196 3695 1250 pro-

2121 1270 2294 1341 priam
2322 1270 2558 1325 indolem
2583 1269 2850 1335 derivant,
2868 1270 2960 1341 qui
2988 1285 3052 1324 ex
3076 1279 3254 1324 mente
3278 1269 3521 1328 Platonis
3544 1271 3693 1326 hunc

2121 1364 2384 1418 mundum
2428 1363 2780 1419 simulacrum
2816 1378 2937 1418 esse
2964 1361 3190 1417 deorum
3235 1364 3482 1419 arbitrati
3517 1372 3644 1419 sunt
3674 1381 3689 1418 :

2121 1452 2175 1507 id
2202 1451 2346 1523 quod
2381 1453 2435 1508 in
2462 1452 2654 1523 primis
2677 1468 2743 1506 ex
2769 1450 3013 1507 Platonis
3062 1449 3259 1506 Timaeo
3285 1451 3565 1522 colligunt,
3598 1453 3692 1507 ubi

2121 1544 2385 1599 mundum
2429 1545 2562 1600 illud
2603 1544 2904 1601 divinitatis
2947 1546 3302 1600 simulacrum
3343 1559 3465 1600 esse
3506 1552 3695 1598 narrat

2119 1634 2294 1704 Plato,
2330 1636 2488 1707 cujus
2518 1646 2669 1691 mutu
2694 1635 2836 1691 Deus
2868 1636 3167 1691 delectatus
3201 1633 3272 1691 sit
3300 1652 3315 1689 :
3352 1634 3516 1699 Ὠςλδὲ
3540 1648 3696 1705 κινη-

2121 1729 2212 1784 θέν
2235 1746 2295 1783 τε
2326 1729 2458 1782 αὐτὸ
2490 1728 2585 1783 καὶ
2608 1727 2716 1793 ζῶν
2740 1728 2988 1799 ἐνενόησε
3017 1728 3123 1782 τῶν
3149 1726 3333 1781 ἀϊδίων
3361 1726 3499 1781 θεῶν
3530 1745 3693 1798 γεγο-

2120 1821 2209 1885 νὸς
2258 1818 2479 1890 ἄγαλμα
2522 1819 2551 1871 ὁ
2591 1818 2855 1890 γεννήσας
2897 1816 3106 1889 Πατὴρ,
3137 1816 3347 1889 ἠγάσθη
3380 1834 3440 1871 τε
3473 1817 3565 1870 καὶ
3611 1818 3697 1872 εὐ-

2123 1910 2399 1983 φρανθείς.
2431 1909 2565 1964 Cum
2602 1908 2698 1962 hoc
2726 1925 2758 1961 a
2790 1924 2843 1962 se
2868 1907 3068 1978 factum
3101 1916 3536 1978 sempiternorum
3564 1911 3694 1964 deo-

2124 2017 2243 2054 rum
2268 1999 2543 2070 pulchrum
2560 1996 2904 2053 simulacrum
2926 1997 3117 2051 moveri
3137 2006 3185 2051 et
3207 1998 3375 2051 vivere
3398 1995 3561 2051 Pater
3582 1994 3713 2065 ille,

2123 2092 2212 2164 qui
2234 2092 2432 2163 genuit,
2458 2089 2917 2157 animadverteret,
2944 2086 3233 2141 delectatus
3256 2096 3331 2141 est
3352 2103 3524 2159 opere.
3554 2085 3695 2142 Huic

2123 2192 2304 2239 autem
2344 2182 2550 2237 mundo
2604 2180 2804 2236 visibili
2834 2188 2887 2234 et
2918 2180 3149 2235 visibilia
3191 2180 3694 2251 comprehendenti,

2125 2276 2267 2332 alius
2293 2290 2360 2330 ex
2381 2272 2648 2330 sententia
2675 2270 2915 2327 Platonis
2936 2271 3005 2326 ab
3037 2278 3239 2326 πίει·ηο
3260 2272 3550 2340 respondet
3571 2288 3699 2343 νοη-

2122 2370 2235 2434 τός,
2248 2384 2344 2425 seu
2360 2367 2593 2422 mundus
2605 2366 2703 2421 soli
2718 2365 2899 2419 animo
2910 2364 3256 2434 conspicuus,
3270 2363 3427 2433 cujus
3442 2364 3507 2419 ad
3519 2379 3700 2419 exem-

2123 2460 2275 2532 plum
2307 2458 2615 2531 spectabilis
2642 2448 2757 2512 haec
2786 2470 2969 2512 rerum
3000 2455 3328 2511 universitas
3351 2472 3381 2510 a
3410 2454 3518 2510 Deo
3539 2470 3696 2511 com~

2122 2562 2313 2626 parata
2343 2561 2427 2609 est
2456 2549 2703 2625 (6).‘Quo
2736 2556 2980 2619 spectant
3010 2548 3125 2602 hare
3148 2548 3311 2603 verba
3343 2545 3547 2613 Timwi,
3572 2548 3699 2617 qui-

2122 2649 2227 2706 bus
2277 2646 2541 2703 mundum
2587 2644 2661 2699 ita
2706 2642 2961 2699 describit
2991 2642 3346 2713 philosophus
3374 2643 3463 2698 :‘O
3492 2642 3698 2713 κόσμος

2124 2739 2262 2807 ζῶον
2305 2737 2520 2812 ὁρατὸν,
2551 2734 2621 2790 τὰ
2649 2734 2821 2808 ὁρατὰ
2849 2735 3121 2807 περιέχον,
3161 2733 3323 2789 είκὼν
3366 2733 3460 2788 τοῦ
3502 2731 3698 2806 νοητοῦ

2123 2831 2281 2900 Θεοῦ,
2311 2829 2586 2903 αἰσθητὸς,
2626 2828 2877 2901 μέγιστος
2903 2827 2996 2896 καὶ
3045 2828 3292 2900 ἀόρατος.
3321 2824 3549 2881 Mundus
3583 2825 3698 2878 ani-

2125 2923 2233 2978 mal
2280 2921 2505 2985 visibile,
2556 2919 2789 2974 visibilia
2831 2918 3289 2987 comprehenderis,
3339 2915 3697 2986 intelligibilis

2126 3014 2224 3070 Dei
2259 3015 2454 3087 imago,
2480 3013 2762 3082 sensibilis,
2795 3012 3079 3075 maximus,
3096 3010 3462 3063 interminatus
3491 3006 3588 3081 (7).
3617 3008 3697 3061 lix

2125 3105 2233 3160 isto
2260 3104 2425 3175 igitur
2458 3101 2726 3173 principio
2754 3101 2820 3158 de
2852 3098 3077 3165 mundo,
3110 3107 3366 3167 tanquam
3407 3096 3699 3154 invisibilis

2126 3198 2221 3253 Dei
2271 3198 2526 3267 imagine,
2570 3194 2777 3251 cultum
2833 3192 3254 3250 simulacrorum
3304 3189 3587 3244 relativum
3639 3192 3697 3245 in
3792 3254 3799 3263 ι

2126 3292 2270 3361 ipsos
2318 3290 2450 3345 deos
2502 3288 2894 3343 redundantem
2940 3276 3203 3350 stabilire,
3233 3293 3395 3355 atque
3444 3284 3592 3340 hunc
3634 3285 3698 3338 in

2126 3381 2347 3436 modum
2382 3395 2480 3450 pro
2505 3377 2807 3433 idololatria
2838 3376 3116 3448 gentilium
3150 3362 3515 3445 argumentari
3556 3364 3729 3429 nite-"

2125 3471 2285 3526 batnr
2335 3458 2556 3525 Graecus
2614 3468 2723 3524 ill‘e'
2756 3467 3133 3539 philosophus,
3186 3467 3296 3522 sive
3339 3463 3700 3537 Porphyrius,

2124 3577 2249 3617 cum
2275 3577 2384 3632 quo
2412 3559 2681 3616 Macarius
2709 3571 2893 3635 noster
2921 3559 3238 3629 disputabat
3270 3557 3699 3629 εὈμολογουμέ-

2124 3671 2217 3707 νου
2245 3652 2425 3707 τοίνυν
2458 3650 2607 3716 θείας
2651 3650 2863 3720 φύσεως
2888 3651 3013 3714 τοὺς
3038 3649 3302 3719 ἀγγέλους
3338 3648 3606 3721 μετέχειν,
3648 3650 3701 3704 οἱ

2124 3744 2185 3799 τὸ
2210 3744 2417 3817 πρέπον
2444 3743 2608 3807 σέϐας
2638 3746 2750 3807 τοῖς
2776 3741 2917 3806 θεοῖς
2944 3742 3223 3807 ποιοῦντες
3252 3742 3350 3795 οὐκ
3387 3744 3444 3796 ὲν
3472 3741 3632 3814 ξύλῳ,
3660 3743 3698 3814 ἢ

2124 3834 2276 3906 λίθῳ,
2310 3833 2344 3905 ἢ
2371 3831 2575 3904 χαλκῷ,
2604 3831 2662 3897 ἐξ
2690 3827 2751 3887 οὗ
2782 3831 2843 3886 τὸ
2871 3830 3067 3904 βρέτας
3095 3834 3578 3899 κατασκευάζεται,
3607 3834 3701 3888 τὸν

2125 3925 2256 3979 Θεὸν
2300 3919 2439 3977 εἶναι
2480 3922 2809 3995 νομίζουσιν,
2841 3922 2949 3975 οὐδ’
2976 3922 3030 3975 εί
3074 3940 3128 3977 τι
3180 3924 3345 3996 μέρος
3386 3923 3701 3995 ἀγάλματος

2125 4014 2617 4088 ἀκρωτηριασθείη,
2646 4015 2744 4086 τῆς
2767 4015 2860 4069 τοῦ
2889 4013 3021 4069 Θεοῦ
3045 4014 3325 4087 δυνάμεως
3352 4014 3701 4087 ἀφαιρεῖσθαι

2125 4103 2431 4176 κρίνουσινο
2467 4104 2825 4175 ύμομνήσεως
2852 4105 2962 4177 γὰρ
2997 4104 3180 4158 ἕνεκεν
3215 4104 3283 4158 τὰ
3312 4104 3473 4168 ξόανα
3519 4105 3615 4159 καὶ
3649 4105 3703 4158 oi

2125 4175 2243 4249 ναοὶ
2279 4193 2383 4248 ὑπὸ
2410 4192 2517 4247 τῶν
2544 4175 3142 4291 παλαιῶνψίδρύβθησαν
3172 4193 3310 4265 ὑπὲρ
3339 4192 3433 4246 τοῦ
3468 4192 3703 4263 φοιτῶν·
3780 4237 3789 4244 .

2124 4305 2223 4352 τας
2254 4290 2430 4342 ἐκεῖσε
2455 4282 2587 4350 τοὺς
2614 4270 2939 4359 προσιόντας
2971 4289 3050 4351 είς
3088 4285 3294 4340 έννοιαν
3324 4284 3576 4355 γενέσθαι
3605 4284 3702 4338 τοῦ

2124 4379 2280 4445 Θεοῦ,
2308 4380 2342 4450 ἢ
2370 4378 2563 4451 σχολὴν
2598 4380 2828 4449 ἄγοντας
2864 4379 2958 4435 καὶ
2995 4378 3102 4433 τῶν
3144 4377 3348 4433 λοιπῶν
3371 4376 3705 4449 καθαρεύον-

2125 4489 2223 4537 τας
2252 4472 2442 4543 εὐχαῖς
2466 4472 2561 4525 καὶ
2592 4471 2822 4535 ἱκεσίαις
2850 4469 3103 4543 χρῆσθαι,
3138 4470 3420 4535 αἰτοῦντας
3450 4471 3581 4543 παρ’
3610 4471 3709 4525 αὐ-

2123 4565 2253 4632 τῶν,
2279 4560 2354 4625 ὧν
2398 4566 2631 4629 ἕκαστος
2669 4565 2879 4638 χρῄζει.
2919 4564 3029 4618 Καὶ¹
3056 4563 3165 4637 γάρ
3193 4564 3248 4618 εἴ
3275 4583 3356 4627 τις
3387 4565 3570 4620 είκόνα
3604 4582 3708 4619 κα-

2125 4659 2479 4714 τασκευάσειε
2512 4657 2688 4726 φίλου,
2721 4658 2819 4711 οὐκ
2843 4657 2901 4711 ὲν
2930 4656 3110 4729 ἐκείνῃ
3146 4655 3411 4728 δήπουθεν
3436 4656 3584 4729 αύτῷ
3612 4674 3702 4710 νο-

2130 4752 2276 4824 μίζει
2323 4750 2414 4805 τὸν
2463 4750 2614 4821 φίλον
2654 4746 2813 4814 εἶναι,
2841 4748 2962 4803 οὐδὲ
3004 4750 3073 4802 τά
3124 4748 3263 4822 μέρη
3309 4748 3401 4804 τοῦ
3452 4747 3702 4821 σώματος
3766 4735 3775 4745 ’

2126 4840 2333 4895 ἐκείνου
2359 4842 2472 4903 τοῖς
2498 4839 2596 4910 τῆς
2619 4838 2839 4911 γραφῆς
2873 4838 3247 4909 ἐγκεκλεῖσθαι
3290 4838 3530 4911 μέρεσιν,
3566 4838 3707 4894 ἀλλά

2125 4933 2223 5003 τὴν
2264 4934 2344 4996 είς
2379 4931 2471 4984 τὸν
2516 4929 2667 5000 φίλον
2697 4930 2860 5001 τιμὴν
2901 4929 2969 4984 δι’
2997 4930 3202 4994 εἰκόνος
3233 4928 3571 4984 δείκνυσθαι’
3604 4930 3698 4993 τὰ(ι

2125 5024 2182 5078 δὲ
2228 5022 2644 5095 προσαγομένας
2675 5025 2785 5087 τοῖς
2819 5021 2959 5086 θεοῖς
2987 5021 3199 5086 θυσίας,
3225 5023 3287 5076 οὐ
3328 5022 3579 5077 τοσοῦτον
3622 5040 3708 5076 τι-

2130 5112 2236 5185 μῆς
2284 5113 2366 5176 είς
2413 5111 2612 5175 αὐτοὺς
2650 5112 2856 5185 φέρειν,
2884 5112 3008 5166 ὅσον
3057 5112 3256 5183 δεῖγμα
3284 5107 3421 5166 εἶναι
3450 5112 3550 5184 τῆς
3594 5113 3706 5166 τῶν

2126 5204 2533 5280 θρησκευόντων
2564 5205 2956 5278 προαιρέσεως,
2989 5203 3202 5259 καὶτοῦ
3239 5206 3313 5277 μὴ
3344 5194 3477 5279 πρὸς
3496 5206 3705 5270 ἀὐτοὺς

2126 5298 2435 5370 ἀχαρίστως
2462 5296 2766 5351 διακεῖσθαι
2783 5312 2798 5328 ·
2842 5295 3209 5365 ἀνθρωποειδῆ
3239 5295 3301 5349 δὲ.
3324 5296 3430 5351 τῶν
3454 5284 3704 5368 ἀγαλμά-

2125 5408 2233 5445 των
2266 5391 2489 5455 εἰκότως
2509 5385 2647 5445 εῐναι
2675 5389 2745 5444 τά
2770 5389 3043 5460 σχήματα,
3060 5389 3182 5442 ἐπεὶ
3203 5388 3265 5442 τὸ
3291 5386 3576 5443 κάλλιστον
3592 5388 3711 5441 τῶν

2126 5480 2280 5549 ζώων
2311 5485 2339 5538 ὁ
2372 5481 2657 5555 ἄνθρωπος
2704 5478 2844 5535 εἶναι
2892 5480 3169 5553 νομίζεται
3208 5479 3303 5534 καὶ
3348 5478 3513 5534 εἰκὼν
3539 5478 3701 5535 Θεοῦ.

2125 5641 2221 5715 sub
2222 5641 2645 5715 intelligentiam
2674 5641 2911 5715 cadentis
2934 5638 3255 5709 fabricatum
3274 5636 3459 5715 voluit,
3487 5644 3594 5692 etc.
3687 5705 3699 5715 ‘

2197 5711 2275 5780 (7)
2313 5708 2515 5768 Verum
2570 5712 2811 5767 Platonis
2864 5708 3084 5768 sensum
3140 5708 3571 5780 accuratissime,
3619 5708 3701 5780 uti

2128 5774 2288 5853 solet,
2320 5782 2412 5838 hic
2463 5783 2665 5853 pariter
2717 5780 3029 5853 explanavit
3083 5780 3283 5853 saepius
3339 5777 3590 5853 la_u_d_atus
3632 5774 3698 5834 υ.

2128 5846 2546 5927 Moshemius'in
2581 5852 2721 5909 notis
2752 5846 2819 5909 ad
2848 5846 3261 5916 Cu'dworthum,
3292 5864 3345 5920 p.
3375 5846 3473 5902 671
3502 5860 3659 5918 seqq.
