4058 6362
362 373 504 431 1585

1547 376 1823 434 ΝΟΤΙΤΙΑ
1862 377 1952 434 ΕΤ
1987 375 2433 432 FRAGMENTA.

3465 378 3606 437 {786

360 492 494 546 Cum
535 492 590 545 in
628 492 861 562 confesso
900 494 991 559 sit,
1023 502 1229 547 natura:
1266 494 1456 550 divinte
1499 498 1781 566 participes
1825 514 1935 551 esse
1967 505 2010 559 Α
2037 495 2253 566 gentilis
2286 493 2678 565 philosophus;
2710 492 2975 547 Macarius
3009 502 3217 557 noster,
3249 494 3463 564 rejectis
3491 499 3602 554 daa-

359 583 573 652 angelos
624 582 864 654 (quibus
892 595 1086 642 natura
1119 601 1220 642 sua
1255 588 1459 642 similes
1491 603 1615 644 esse
1642 590 1777 645 deos
1800 604 1932 645 suos

359 672 582 728 Graecus
618 675 973 731 interlocutor
997 685 1154 733 antea
1183 678 1524 747 jactitaverat
1543 679 1585 749 ),
1608 681 1668 745 ii,
1694 680 1786 750 qui
1810 680 1931 733 deos

356 765 505 819 cultu
536 767 859 821 coneenienti
890 770 1089 837 colunt,
1117 787 1218 823 non
1250 772 1306 824 in
1327 770 1491 842 ligno,
1522 782 1615 827 aut
1654 789 1803 837 saxo,
1838 785 1930 827 aut

356 873 486 919 tere,
520 873 585 910 ea:
609 874 712 927 quo
738 860 1081 914 simulacrum
1112 863 1430 930 fabricatum
1456 874 1553 926 est,
1582 864 1745 918 Deum
1767 866 1934 919 inesse

355 958 600 1004 statuunt
632 967 650 1004 :
683 967 845 1022 neque
872 954 1053 1019 iidem,
1083 956 1133 1008 si
1160 970 1265 1025 qua
1296 956 1380 1009 sui
1411 966 1560 1025 parte
1586 956 1784 1011 idolum
1817 974 1933 1010 mu-

356 1043 574 1095 tilatum
607 1044 699 1110 sit,
740 1043 836 1097 Dei
863 1045 1028 1113 ipsius
1060 1046 1245 1098 virtuti
1280 1049 1575 1100 detractum
1603 1046 1805 1117 aliquid
1836 1064 1934 1117 pu-

355 1143 493 1186 tant.
521 1132 666 1187 Nam
687 1137 1050 1190 commonendi
1078 1154 1238 1189 causa
1265 1147 1474 1191 statuas
1501 1147 1550 1192 et
1583 1139 1774 1208 templa
1800 1142 1934 1193 anti-

352 1225 444 1294 qui
464 1236 771 1294 posuerunt,
797 1237 850 1281 ut
897 1229 988 1297 qui
1034 1228 1329 1298 frequenter
1349 1245 1411 1282 eo
1446 1233 1707 1285 accessuri
1741 1241 1930 1297 essent,

349 1317 419 1372 de
444 1318 553 1373 Deo
583 1320 896 1390 cogitarent,
921 1330 1015 1374 aut
1038 1322 1205 1375 otium
1237 1332 1445 1393 agentes
1471 1333 1521 1377 et
1549 1342 1581 1377 a
1612 1325 1814 1379 ueteris
1838 1340 1931 1379 ne-

352 1412 508 1481 gotiis
534 1412 715 1481 feriati
740 1413 980 1482 precibus
1021 1429 1084 1468 ac
1132 1415 1603 1485 supplicationibus
1638 1429 1929 1479 uterentur,

350 1517 437 1566 ea,
470 1501 659 1571 quibus
696 1503 1009 1573 indigerent,
1054 1505 1271 1575 quisque
1316 1516 1599 1574 poscentes.
1646 1505 1853 1561 Etenim
1876 1509 1924 1561 si

351 1594 468 1662 quis
504 1593 663 1645 amici
682 1592 963 1662 imaginem
987 1594 1088 1648 sibi
1124 1597 1354 1662 paravit,
1390 1612 1491 1649 non
1528 1594 1706 1667 utique
1746 1598 1800 1651 in
1829 1596 1925 1651 illa

354 1684 586 1736 amicum
613 1685 801 1748 inesse,
832 1700 995 1755 neque
1017 1687 1250 1755 corporis
1280 1686 1448 1757 ipsius
1478 1697 1653 1753 partes
1681 1687 1930 1758 imaginis

2035 604 2257 643 monum
2306 588 2646 650 simulacris,
2694 589 3058 657 damnatoque
3111 589 3395 657 gentilium
3454 594 3605 647 cultu

2033 680 2397 734 communiter
2448 680 2641 733 iisdem
2704 680 2986 748 prmSIito,
3034 682 3198 735 verba
3247 680 3449 742 Musis.
3487 683 3605 737 Diis

2034 788 2135 824 non
2166 771 2464 836 maledices,
2497 770 2666 826 Exodi
2695 787 2830 836 uti,
2857 771 2949 835 23,
2980 788 3010 825 a
3032 770 3243 826 detorta
3280 773 3604 842 interpreta-

2034 862 2180 917 tione
2207 860 2503 917 adversarii
2530 859 2792 927 vindicat,
2825 876 2926 916 nec
2949 860 3017 916 dc
3043 860 3351 917 simulacris
3376 864 3608 917 deorum

2032 956 2146 1009 ullo
2177 953 2338 1008 modo
2382 969 2448 1009 ea
2482 953 2824 1025 intelligenda
2855 967 2978 1008 esse.
3006 952 3348 1007 demonstrat
3379 972 3394 1007 :
3428 954 3609 1024 siqui~

2031 1046 2154 1101 dem
2188 1046 2294 1100 diis
2327 1038 2492 1100 sensu
2522 1043 2834 1098 carentibus
2867 1042 3116 1097 maledici
3144 1058 3255 1097 non
3285 1044 3480 1113 possit,
3506 1060 3608 1100 nec

2033 1151 2122 1192 res
2146 1135 2444 1190 inanimata
2482 1134 2886 1189 benedicentem
2934 1134 3184 1199 honoret,
3232 1148 3334 1190 nec
3377 1136 3607 1191 maledi-

2032 1236 2243 1283 contem
2281 1228 2594 1283 ulciscatur.
2625 1224 2881 1295 Spectant
2911 1225 3020 1282 huc
3039 1225 3317 1297 sequentia
3341 1224 3607 1298 Magnetis

2034 1317 2207 1373 nostri
2252 1318 2416 1373 verba
2451 1336 2466 1372 :
2501 1317 2617 1373 Κᾶν
2644 1318 2935 1390 ἀγάλματα
2966 1320 3116 1388 φωνῇ
3145 1314 3240 1371 καὶ
3267 1317 3396 1389 δοκῇ
3427 1318 3605 1372 διαλέ-

2030 1408 2243 1478 γεσθαι,
2277 1410 2411 1481 μηδὲ
2444 1407 2654 1473 τούτοις
2693 1410 2857 1481 τιμὴν
2901 1408 3057 1473 ἀξίαν
3089 1407 3407 1479 προπίωμεν
3432 1422 3448 1440 ο
3483 1408 3607 1478 μηδ’

2034 1502 2100 1555 ἂν
2124 1499 2257 1573 λέγῃ
2290 1501 2528 1571 Μωῦσῆς
2545 1517 2558 1531 ο
2586 1501 2768 1567 Θεοὺς
2799 1503 2871 1555 οὐ
2898 1500 3352 1570 κακολογήσας,
3381 1498 3455 1572 μὴ
3479 1501 3610 1575 περὶ

2029 1593 2236 1647 τούτων
2279 1592 2312 1663 ἢ
2355 1593 2577 1657 τούτους
2607 1593 2856 1664 εἰρῆσθαι
2899 1591 3474 1663 νομίσωμεν.Ἐκεῖνοι
3497 1593 3608 1664 γὰρ

2030 1685 2167 1749 θεοὶ,
2194 1684 2330 1756 πρὸς
2357 1685 2451 1749 οὓς
2472 1687 2500 1739 ὁ
2517 1682 2674 1753 λόγος
2694 1682 2788 1738 τοῦ
2818 1682 2954 1737 Θεοῦ
2983 1683 3220 1753 ἐγένετο,
3251 1684 3441 1756 ὥσπερ
3467 1687 3609 1739 ἐκεῖ-

353 1777 596 1843 partibus
623 1777 845 1831 ’includi
878 1787 1051 1846 putat,
1082 1779 1173 1833 sed
1213 1797 1307 1850 per
1345 1782 1629 1851 imaginem
1664 1782 1921 1837 declarari

2032 1794 2112 1829 νοι
2140 1775 2349 1847 θερμοὶ,
2380 1774 2473 1839 οὓς
2501 1774 2563 1828 τὸ
2589 1774 2699 1846 πῦρ
2722 1773 3007 1847 ὲθέρμανε.
3037 1774 3172 1827 Θεοῦ
3215 1772 3272 1828 δὲ
3300 1774 3457 1843 λόγος
3479 1774 3610 1829 οὔτε

353 1884 510 1922 suam
552 1886 677 1940 erga
704 1872 934 1925 amicum
973 1874 1376 1927 obserrantiam.
1402 1841 1598 1928 Oblata
1622 1884 1798 1928 autem
1823 1875 1921 1929 diis

2030 1841 2357 1931 λίθοις-τιοτὲ
2385 1866 2510 1921 οὔτε
2543 1841 2715 1931 ξύλοις
2750 1841 3033 1937 ὲνῆγιῖσεν,
3058 1866 3179 1920 οὐδὲ
3210 1868 3322 1929 τοῖς
3347 1841 3609 1937 ἀναισθή-

350 1960 619 2029 sacriﬁcia
644 1978 748 2016 non
772 1971 881 2016 tam
919 1962 1106 2018 honori
1129 1964 1196 2017 iis
1234 1981 1365 2029 esse,
1395 1981 1554 2035 quam
1583 1966 1818 2020 indicare
1839 1966 1926 2037 af-

354 2050 549 2106 fectum
581 2069 782 2120 eorum,
812 2055 903 2125 qui
929 2056 1259 2125 sacrificant,
1301 2065 1351 2111 et
1393 2058 1629 2110 animum
1652 2074 1777 2127 erga
1802 2059 1926 2113 deos

352 2157 459 2197 non
482 2144 771 2212 ingratum.
802 2144 1116 2200 Hominibus
1154 2162 1272 2202 vero
1304 2149 1597 2202 simulacra
1622 2148 1721 2203 illa
1745 2150 1928 2206 habitu

352 2235 551 2289 similia
570 2252 681 2290 esse
702 2237 963 2306 probabili
1003 2240 1226 2303 ratione,
1272 2241 1399 2311 quia
1426 2242 1580 2293 homo
1612 2243 1926 2297 animalium

350 2328 756 2396 pulcherrimus,
782 2340 829 2384 et
855 2330 1029 2400 imago
1058 2331 1156 2385 Dei
1182 2348 1291 2386 esse
1318 2343 1574 2388 censetur.

420 2415 454 2487 '§
489 2414 557 2469 Χ.
601 2414 881 2486 Porphyrii
898 2417 1019 2472 ioca
1045 2420 1110 2473 de
1132 2421 1435 2475 simulacris
1458 2423 1855 2478 etiaminantur.

368 2572 379 2577 ,
420 2507 577 2575 Quod
627 2508 675 2562 si
723 2508 839 2564 haec
867 2510 984 2578 ipsa
1019 2526 1164 2566 nunc
1189 2510 1535 2569 conferamus
1558 2529 1682 2568 cum
1712 2515 1777 2569 iis
1806 2529 1927 2584 qua:

351 2597 620 2654 Eusebius
664 2598 743 2671 (8)
793 2615 861 2654 ex
906 2601 1187 2671 deperdito
1228 2601 1511 2674 Porphyrii
1559 2605 1742 2659 libello
1785 2609 1923 2674 Περὶ

349 2689 730 2758 ἀγαλμάτων,
783 2691 853 2746 de
903 2693 1102 2748 statuis
1152 2693 1269 2748 sive
1316 2696 1646 2767 imaginibus
1695 2697 1923 2752 demum

348 2780 820 2846 commemoravit,
861 2797 1092 2853 quasque
1138 2783 1192 2840 J.
1241 2783 1490 2841 Stobaeus
1517 2788 1596 2859 (9)
1644 2789 1827 2843 itidem
1858 2804 1925 2844 ex

314 2906 320 2911 -
348 2874 539 2928 eodem
591 2870 796 2946 scripto
844 2878 1111 2944 servavit;
1140 2889 1390 2934 exactam
1422 2880 1611 2949 utique
1646 2882 1927 2936 sententiae

349 2967 785 3021 convenientiam
851 2979 1014 3039 atque
1076 2969 1572 3040 interpretationem
1631 2970 1923 3028 Macariani

356 3057 663 3129 philosophi
688 3060 868 3116 verbis
901 3062 1046 3117 haud
1072 3062 1305 3118 multum
1348 3062 1649 3118 absimilem
1677 3066 1924 3121 animad—

2030 1977 2142 2024 τοις
2173 1960 2422 2030 αἴσθησιν
2447 1960 2802 2032 ἐχορήγησεν.
2838 1955 3152 2012 Simulacris
3184 1967 3378 2022 autem,
3408 1974 3468 2012 ne
3490 1961 3609 2028 qui-

2030 2054 2148 2108 dem
2190 2054 2236 2107 si
2278 2054 2482 2107 vocalia
2522 2053 2653 2117 sint,
2683 2068 2745 2105 ac
2778 2051 3091 2106 ratiocinari
3115 2051 3417 2116 uideantur,
3443 2052 3607 2103 Ιιοηοο

2030 2161 2139 2198 rem
2182 2143 2351 2197 ullum
2389 2159 2567 2197 verum
2600 2142 2900 2212 deferamus
2931 2156 2949 2196 ε
2979 2157 3070 2195 nec
3101 2143 3150 2195 si
3189 2140 3362 2196 Moses
3416 2143 3559 2194 dicat
3587 2156 3607 2193 :

2035 2254 2053 2287 ι
2083 2234 2200 2288 Diis
2225 2250 2327 2287 non
2354 2233 2655 2298 maledices,
2690 2252 2708 2283 ι
2739 2231 2873 2311 illud
2893 2233 2958 2285 de
2981 2234 3084 2296 his,
3114 2233 3192 2286 vel
3212 2235 3306 2286 hos
3326 2234 3467 2303 ipsos
3498 2234 3610 2285 dici

2027 2327 2406 2381 existimemus.
2441 2324 2584 2379 Nam
2630 2325 2670 2378 ii
2715 2325 2793 2379 dii
2837 2335 2983 2392 sunt,
3009 2325 3077 2378 ad
3115 2341 3244 2395 quos
3267 2326 3480 2379 verbum
3508 2325 3608 2380 Dei

2026 2419 2261 2472 delatum
2292 2428 2392 2482 est,
2434 2428 2492 2472 ut
2540 2418 2581 2472 ii
2621 2417 2784 2472 calidi
2827 2426 2973 2484 sunt,
3001 2433 3130 2489 quos
3172 2418 3308 2488 ignis
3338 2418 3603 2487 cale/“scit.

2044 2503 2263 2557 Verbum
2291 2514 2468 2558 autem
2496 2504 2592 2559 Dei
2626 2520 2785 2575 neque
2828 2507 2885 2559 in
2908 2511 3053 2560 saxis
3081 2522 3334 2576 unquam,
3360 2522 3521 2575 neque
3546 2509 3605 2561 in

2027 2596 2186 2667 lignis
2216 2597 2473 2660 insonuit,
2505 2612 2665 2665 neque
2692 2595 3027 2651 insensilibus
3063 2612 3270 2650 sensum
3303 2597 3510 2652 tribuit.
3540 2599 3607 2654 Ει

2026 2691 2217 2759 paucis
2249 2690 2548 2760 interjectis
2578 2689 2728 2744 add:t
2762 2708 2776 2743 :
2809 2690 3050 2760 Μωῢσῆς
3081 2686 3173 2744 οὖν
3202 2692 3301 2745 οὐκ
3340 2693 3604 2765 ἀναισθήιι

2027 2794 2151 2846 τους
2188 2781 2335 2851 λέγει
2375 2780 2786 2850 κακολογὶῖσθαι
2813 2776 2987 2846 θεούς.
3021 2782 3085 2834 Τί
3118 2784 3225 2854 γὰρ
3254 2780 3313 2836 τὸ
3344 2783 3606 2855 ἀναίσθηο

2025 2891 2117 2928 τον
2162 2872 2624 2946 κακολογούμενον
2670 2873 2822 2945 παρὰ
2857 2874 2999 2937 τινός
3034 2891 3163 2927 ποτε
3196 2874 3602 2946 λυπηθήσεταις

2028 2964 2127 3029 Τίς
2161 2966 2207 3018 δ’
2237 2964 2410 3029 οὕτως
2441 2944 2589 3030 ὲιδεὸς
2616 2966 2711 3020 καὶ
2736 2966 3014 3037 φλήναφος
3043 2967 3138 3021 καὶ
3170 2944 3351 3038 μωρὸς
3374 2944 3601 3022 ιιακολοφ

2023 3062 2141 3127 γεῐν
2181 3060 2356 3113 ἐκεῖνο
2385 3058 2447 3112 τὸ
2597 3058 2890 3130 δυνάμενον
2926 3058 2991 3111 δι’
3023 3059 3155 3130 ὕλης
3184 3058 3484 3132 νεκρότητα
3507 3063 3605 3131 τῆς

350 3156 565 3204 vertere
600 3149 656 3204 in
679 3150 923 3220 'proclivi
947 3152 1070 3207 erit.
1101 3152 1178 3208 lbi
1206 3153 1352 3209 enim
1380 3154 1548 3211 totius
1572 3154 1804 3211 instituti
1836 3172 1921 3212 ra-

2028 3150 2351 3219 κακολογίας
2379 3150 2651 3222 διακρῖναι
2680 3150 2777 3221 τὴν
2805 3148 2998 3223 ὓϐρινς
3031 3151 3192 3205 Ὅθεν
3222 3150 3341 3204 οὐδὲ
3373 3152 3485 3206 θεοὶ
3512 3154 3605 3206 οὐ·

322 3238 563 3297 -tionem
594 3241 668 3297 ita
702 3244 942 3315 exponit,
968 3259 1030 3301 se
1066 3245 1271 3303 divinat
1314 3246 1593 3319 sapientiae
1638 3263 1835 3305 sensus
1870 3258 1921 3305 et

2026 3240 2084 3292 es
2128 3239 2380 3309 αἴσθησιν
2427 3239 2640 3310 ἔχοντες
2673 3238 3306 3311 προπηλακισθήσονται,
3335 3241 3445 3296 οὐδ’
3471 3243 3605 3312 ἀμύ-

349 3332 577 3389 consilia
606 3336 1007 3405 expositurum,
1036 3337 1238 3408 quibus
1281 3337 1451 3394 Deum
1486 3349 1540 3395 et
1571 3341 1923 3411 multiplicem

276 3487 281 3491 _
352 3424 446 3480 Dei
491 3427 601 3482 vim
650 3437 816 3499 atque
848 3439 1171 3500 potestatem
1212 3431 1540 3502 imaginibus
1573 3433 1758 3488 sensui
1787 3446 1922 3489 con-

349 3519 671 3585 gruentibus
702 3519 1014 3576 indicarunt
1042 3522 1102 3584 ii,
1148 3522 1242 3593 qui
1282 3538 1370 3578 res
1400 3522 1702 3579 invisibiles
1730 3525 1923 3581 visihio

348 3608 494 3663 libus
522 3608 834 3666 simulacris
865 3612 919 3666 in
940 3627 1133 3668 eorum
1159 3614 1388 3685 gratiam
1413 3626 1807 3685 expresserunt
1828 3616 1922 3686 qui

349 3700 524 3768 prima
549 3700 618 3755 de
646 3700 751 3757 diis
773 3701 1038 3757 elementa
1068 3719 1369 3779 eorumque
1390 3704 1695 3762 doctrinam
1715 3722 1782 3763 ex
1813 3718 1925 3763 sta-

350 3791 458 3846 tuis
492 3800 749 3863 tanquam
769 3808 835 3848 ex
860 3793 1060 3851 libellis
1086 3797 1316 3853 recitare
1342 3797 1666 3854 didicerant.
1700 3798 1924 3870 Θαυμα·

351 3881 472 3934 στὸν
514 3881 573 3936 st
621 3882 794 3959 οὑδγν,
828 3886 1022 3955 pergit,
1056 3885 1191 3951 ξύλα.
1232 3887 1326 3941 καὶ
1368 3886 1549 3953 λίθους
1577 3888 1826 3959 ἡγεῖσθαι
1854 3889 1921 3943 τὰ

348 3974 514 4040 ξόανα
536 3977 663 4040 τοὺς
695 3974 1123 4047 ἀμαθεστάτους,
1153 3978 1383 4053 καθὰὶδὴ
1408 3980 1502 4035 καὶ
1526 3980 1635 4034 τῶν
1656 3981 1910 4052 γραμμά-

347 4081 454 4118 των
497 4066 550 4119 οί
593 4066 827 4137 ἀνόητοι,
871 4067 1050 4132 λίθους
1083 4069 1184 4139 μὶν
1214 4068 1382 4140 ὁρῶσι.
1405 4070 1507 4133 τὰς
1539 4069 1759 4136 στήλας,
1789 4070 1922 4138 ξύλα

347 4158 404 4211 δὲ
451 4160 553 4224 τὰς
606 4159 841 4227 δέλτους,
892 4158 1270 4234 ὲξυφασμένην
1316 4162 1373 4215 δὲ
1417 4163 1667 4235 πὰπυρον
1699 4163 1797 4227 τὰς
1841 4163 1920 4234 βέ-

348 4251 526 4317 ωους.
568 4250 766 4307 Mirum
808 4253 972 4308 uideri
1016 4269 1118 4308 non
1148 4253 1317 4320 debet,
1345 4254 1393 4309 si
1433 4253 1600 4324 ligna,
1633 4254 1678 4306 si
1715 4253 1917 4321 lapides

347 4343 640 4398 simulacra
682 4346 901 4398 deorum
930 4361 1042 4400 esse
1075 4345 1311 4400 homines
1335 4345 1722 4414 imperitissimi
1770 4344 1916 4398 arbi-

264 4454 270 4467 ·
349 4444 575 4499 trentur,
609 4438 825 4504 perinde
852 4454 980 4492 sane
1014 4447 1072 4491 ut
1114 4439 1174 4500 ii,
1209 4438 1299 4502 qui
1331 4438 1486 4493 rudes
1516 4438 1791 4508 ignarique
1824 4437 1918 4490 lit-

2023 3331 2206 3384 νονταί
2253 3347 2375 3384 τινα
2416 3331 2597 3401 νεκροὶ
2636 3329 2735 3401 τὴν
2767 3331 2928 3400 φύσιν
2975 3331 3127 3397 ὄντες
3177 3330 3404 3386 καὶοτὸν
3447 3333 3606 3401 λόγον

2024 3424 2289 3494 ἀκίνητοι.
2342 3422 2513 3476 Moses
2560 3425 2737 3493 itaque
2774 3424 2876 3476 diis
2913 3440 3065 3477 sensu
3108 3425 3406 3479 carentibus
3450 3430 3607 3479 male-

2023 3517 2131 3569 dici
2172 3532 2322 3585 posse
2356 3532 2459 3568 non
2495 3526 2686 3570 censet.
2722 3514 2864 3569 Nam
2904 3516 3043 3585 quod
3086 3533 3242 3571 sensu
3279 3526 3442 3584 caret,
3472 3534 3606 3588 quoa.

2024 3610 2180 3662 modo
2202 3609 2279 3675 id,
2310 3610 2356 3662 si
2377 3609 2495 3679 quis
2520 3611 2568 3663 ei
2591 3607 2897 3675 maledicat,
2927 3628 3155 3682 unquam
3185 3611 3477 3666 doliturum
3496 3611 3606 3667 est!

2024 3700 2157 3767 Quis
2185 3717 2302 3755 vero
2336 3702 2467 3757 adeo
2494 3702 2760 3772 stupidus,
2789 3703 2970 3772 fatuus
2999 3721 3062 3759 ac
3088 3705 3306 3773 stultus,
3343 3713 3402 3760 ut
3445 3705 3609 3759 maleo

2021 3792 2168 3847 dicat
2191 3792 2275 3847 illi
2301 3794 2377 3847 rei
2400 3808 2538 3863 quis,
2570 3794 2698 3863 quia
2742 3795 2967 3849 materia
2992 3807 3199 3852 constat
3222 3806 3454 3862 mortua,
3486 3815 3610 3852 con-

2023 3884 2295 3940 tumeliam
2347 3885 2618 3940 maledicti
2651 3886 2944 3956 intelligere
2968 3903 3073 3941 non
3099 3889 3310 3956 potest?
3333 3890 3605 3955 Quamob¢
3640 3870 3649 3877 ’

2022 3993 2131 4032 rem
2176 3994 2269 4032 nec
2316 3978 2395 4031 dii
2438 3993 2592 4031 sensu
2634 3988 2869 4033 carentes
2919 3980 3262 4035 contumelias
3306 3983 3602 4050 patientur,

2021 4083 2114 4121 nec
2155 4083 2468 4138 quemquam
2496 4067 2839 4135 ulciscentur,
2877 4080 3072 4124 natura
3114 4087 3215 4125 sua
3257 4073 3457 4126 mortui
3477 4085 3600 4125 cum

2019 4161 2125 4214 sint
2146 4169 2195 4215 et
2222 4160 2528 4217 immobiles.
2564 4160 2814 4218 Julianus
2846 4163 3125 4234 Apostata,
3156 4181 3318 4234 quem
3352 4164 3605 4237 Porphy-s

2020 4252 2087 4305 rii
2129 4253 2351 4323 vestigia
2402 4252 2717 4324 frequenter
2755 4254 2952 4325 legisse
2983 4257 3211 4327 ejusque
3254 4258 3470 4326 placitis
3502 4259 3599 4312 ιιτ-

2020 4344 2178 4399 miter
2202 4344 2485 4399 inhtesisse
2516 4353 2754 4409 constat,
2802 4348 2983 4402 verbis
3031 4348 3302 4416 Mosaicis,
3343 4351 3460 4406 Diis
3492 4369 3598 4408 non

2018 4435 2318 4515 maledices,
2337 4437 2585 4493 eumdem
2620 4440 2778 4509 plane
2808 4440 3073 4495 absonum
3106 4446 3600 4502 sensum‘allinxis-

347 4538 601 4595 terarum,
630 4531 808 4599 cippos
834 4531 1042 4599 quidem
1072 4546 1175 4583 non
1213 4530 1372 4584 aliter
1410 4547 1474 4584 ac
1508 4531 1730 4600 lapides,
1763 4529 1916 4583 tabu-
1947 4526 1993 4587 D
2020 4542 2080 4582 se
2121 4526 2358 4592 videtur,
2409 4543 2532 4584 cum
2585 4531 2929 4589 Christianos
2980 4545 3215 4591 mentem
3267 4536 3598 4608 legislatoris

345 4618 426 4674 las
451 4635 570 4675 vero
598 4636 704 4674 non
746 4636 893 4675 secus
931 4634 1087 4690 atque
1119 4620 1284 4691 ligna,
1317 4620 1481 4678 libros
1507 4614 1735 4691 denique
1760 4622 1920 4691 quasi

345 4721 925 4782 contextampapyrum
952 4715 1240 4767 intuentur.

490 4826 517 4898 ᾗ
546 4825 636 4879 XI.
685 4826 941 4895 Magnetis
965 4828 1227 4895 responsio
1254 4826 1323 4879 ad
1348 4824 1686 4895 objectionem
1707 4836 1772 4879 ea:

768 4898 939 4950 Exod.
973 4910 1107 4961 uti,
1131 4899 1221 4958 '28.
1246 4898 1488 4966 petitam.

416 4985 624 5041 Novum
651 5003 779 5055 ergo
813 4988 1122 5058 pragsidium
1152 4989 1371 5043 insulsa!
1395 4987 1673 5057 opinionis
1700 4987 1766 5042 de
1795 4986 1911 5043 cul-

344 5084 402 5132 tu
433 5072 849 5134 simulacrorum
900 5095 1024 5134 cum
1077 5079 1133 5132 in
1182 5079 1355 5133 sacris
1399 5079 1590 5135 litteris
1643 5086 1909 5147 quaereret

344 5237 494 5361 97(8)
540 5236 785 5306 Prwpar.
809 5253 988 5308 evang.
1037 5238 1131 5293 lib.
1167 5252 1247 5303 ιιι,
1299 5251 1421 5306 cap.
1459 5235 1490 5288 7
1518 5250 1697 5307 seqq.,
1741 5251 1795 5306 p.
1830 5252 1904 5291 ιιι.

442 5323 595 5361 seua.

442 5323 595 5359 θεοῦ.

318 5323 595 5446 ,Ἢῶῗᾛ
618 5375 828 5446 Eclogis
847 5376 1076 5445 physicis
1103 5387 1131 5431 a
1158 5375 1425 5431 Gulielmo
1456 5375 1692 5431 Cantero
1722 5375 1905 5441 editis,

341 5445 436 5518 lib.
476 5445 520 5512 t,
549 5463 599 5502 c.
620 5446 681 5518 _l,
708 5445 843 5518 Περὶ
864 5446 1001 5499 θεῶν
1023 5447 1115 5500 καὶ
1138 5445 1330 5513 θείων,
1364 5446 1454 5518 ubi
1488 5447 1695 5518 primus
1723 5446 1907 5518 statim

340 5515 515 5581 locus,
539 5516 634 5586 qui
661 5518 714 5570 in
740 5515 1063 5571 canteriana
1084 5519 1318 5571 editione
1334 5515 1626 5580 ἀδέστὲοτος
1657 5516 1904 5576 habetur,

339 5602 403 5640 ex
428 5585 710 5658 Porphyrii
742 5587 881 5658 libro
907 5588 1043 5658 Περὶ
1077 5585 1430 5657 ἀγαλμάτων
1459 5588 1779 5658 desumptus
1802 5596 1903 5646 est.

341 5658 416 5708 uti
466 5655 714 5710 ex’nisto
764 5656 960 5710 Stobazi
995 5655 1252 5712 Vaticano
1299 5665 1453 5711 notat
1499 5655 1817 5710 Holstenius
1852 5662 1903 5709 in

350 5722 470 5779 Vita
494 5726 796 5796 Porphyrii,
826 5742 946 5795 cap.
982 5724 1067 5780 10.
1094 5726 1169 5780 Ita
1198 5742 1327 5783 vero
1348 5741 1468 5783 sese
1501 5727 1663 5796 habet
1692 5726 1796 5781 iste
1828 5727 1907 5779 lo-

338 5807 437 5849 cus
467 5812 481 5850 2
517 5792 650 5861 Ζευς
674 5792 792 5851 ὀὖν
821 5799 849 5851 ὀ
884 5792 989 5860 ἐτᾶς
1028 5796 1252 5867 κόσμος,
1301 5796 1438 5861 ζῶον
1485 5799 1550 5850 ἐκ
1600 5794 1775 5861 ζώων,
1810 5799 1904 5850 καὶ

650 5892 921 5955 ΡΑτιιοι..
957 5893 1072 5954 (in.
1100 5895 1179 5955 Χ.

2013 4620 2370 4690 pervertisse,
2406 4629 2460 4675 et
2515 4619 2835 4677 detestando
2886 4623 3092 4681 scelere
3140 4638 3308 4698 atque
3366 4630 3596 4687 audacia

2012 4724 2230 4765 omnem
2300 4710 2617 4782 religionem
2671 4713 3004 4770 multitudini
3064 4716 3307 4775 adimere
3353 4722 3598 4779 voluisse

2011 4801 2351 4867 criminatur,
2376 4803 2507 4858 dum
2558 4818 2624 4859 ex
2675 4819 2763 4871 eo,
2790 4807 2937 4877 quod
2969 4823 3074 4864 non
3107 4811 3179 4866 sit
3206 4811 3312 4868 diis
3349 4815 3593 4869 servien-

2010 4891 2164 4960 dum,
2197 4907 2540 4975 consequens
2565 4909 2687 4951 esse
2717 4905 3022 4967 statuerint,
3056 4902 3203 4971 quod
3235 4903 3341 4958 diis
3373 4904 3446 4958 sit
3469 4920 3592 4959 mao

2011 4983 2351 5040 ledicendum
2385 4985 2519 5056 (10).
2556 4984 2756 5043 Verum
2803 4998 3161 5062 praeterquam
3208 4993 3355 5063 quod
3402 4995 3593 5050 divino

2012 5075 2309 5149 Iegislatori
2342 5079 2685 5147 apertissime
2716 5097 2896 5138 sermo
2946 5084 3018 5138 sit
3061 5083 3129 5140 de
3178 5086 3590 5157 magistratibus

2010 5228 2130 5299 θεὸς
2156 5236 2219 5311 tu
2247 5234 2408 5311 θεῶν’
2446 5237 2581 5311 ζεὺς
2618 5238 2675 5292 δὲ
2712 5241 2807 5293 καὶ
2831 5237 2965 5294 καθὸ
2991 5235 3133 5305 νοῦς,
3164 5241 3259 5311 ἀφ’
3289 5235 3350 5297 οὗ
3380 5244 3589 5311 προφέρ-

2010 5322 2095 5381 pst
2121 5305 2319 5381 πάντᾳ,
2345 5306 2427 5360 ὅτι
2447 5306 2765 5381 δημιουργεί
2786 5314 2898 5373 τοῖς
2921 5305 3289 5381 νοήμασιν,’κ.
3313 5330 3363 5368 τ.
3401 5305 3450 5368 λ’.
3489 5305 3589 5368 .lu-

2007 5376 2145 5446 piter
2172 5377 2380 5446 quidem
2406 5376 2546 5432 totus
2571 5376 2795 5431 mundus
2819 5376 3037 5442 dicitur,
3069 5382 3272 5435 animal
3292 5399 3356 5437 ea:
3375 5387 3586 5441 animm

2008 5444 2249 5523 libusaet
2279 5463 2470 5501 numen
2516 5461 2581 5501 ea:
2629 5450 2929 5523 numinibus
2969 5454 3341 5523 compositum;
3373 5454 3587 5523 Jupiter

2007 5516 2168 5596 etiam
2212 5532 2456 5596 suprema
2495 5534 2657 5579 mens,
2696 5521 2875 5596 omnia
2903 5516 3217 5596 productus,
3246 5516 3585 5596 quandoqui-

2006 5585 2124 5662 dem
2177 5586 2356 5662 omnia
2400 5591 2752 5662 sunt_mentis
2798 5606 2977 5662 opera,
3008 5604 3114 5646 etc.
3164 5585 3315 5659 Quas
3360 5585 3583 5662 quidem

2007 5656 2169 5735 verba
2227 5657 2472 5735 ipsemet
2506 5655 2790 5735 {Eusebius
2822 5655 3063 5730 Pra-par.
3122 5655 3307 5733 euang.
3368 5655 3463 5721 lib.
3501 5684 3586 5735 ιιι,

2007 5741 2054 5778 c.
2088 5718 2344 5801 Rupilii.
2382 5720 2505 5791 101,
2536 5727 2831 5801 Porphyrio
2850 5718 3065 5801 auctori
3101 5718 3367 5788 attribuit.

2079 5792 2525 5866 (l0)’\'ideantur
2607 5792 2766 5855 verba
2838 5799 3039 5858 Juliani
3108 5805 3250 5871 apud
3318 5804 3587 5876 Cyrillum

3128 5897 3198 5958 Us
