4058 6380
472 357 611 413 1387

1753 354 2111 412 MACABlUS
2148 356 2446 414 MAGNES.

3581 365 3719 421 1388

468 486 520 531 tl
555 475 888 547 principibus
919 477 1123 547 populi,
1163 477 1359 547 quibus
1390 485 1645 547 tanquam
1675 478 1778 533 diis
1807 478 1860 531 in
1896 489 2038 532 terra
2071 484 2110 539 Α
2144 478 2259 548 Ipsi
2281 481 2468 549 quippe
2495 495 2549 534 se
2578 481 2718 549 ipsos
2752 482 2885 535 satis
2917 481 3185 547 lcrserunt,
3209 496 3328 536 cum
3355 483 3584 551 primam
3615 487 3721 538 int-

468 568 900 624 maledicendum
924 584 1044 624 esse
1072 577 1236 632 vetat,
1268 568 1412 625 conf.
1439 571 1559 625 Act.
1595 585 1750 635 χχιιι,
1776 570 1842 637 5;
1871 571 2041 640 aptis-

467 661 609 716 sime
627 662 860 717 omnino
889 675 957 716 ex
985 671 1165 716 mente
1196 648 1497 732 gentilium,
1518 663 1612 732 qui
1639 663 1756 717 haec
1778 663 1846 717 ad
1873 662 2042 717 simu-

450 754 615 808 lacra
650 754 871 809 deorum
908 752 1217 819 trahebant,
1248 751 1464 808 Juliano
1491 753 1782 822 respOndet
1804 750 2040 825 Cyrillus

462 847 863 903 Alexandrinus
894 845 1069 919 (11):t
1089 847 1355 903 Caeterum
1390 847 1525 902 sciat
1552 847 1745 918 legem,
1778 846 1889 901 imo
1911 837 2040 902 vero

462 941 599 1013 legis
626 940 940 1004 Dominum,
969 937 1226 996 lsraelitis
1244 940 1437 1010 jubere
1459 947 1519 994 ut
1542 953 1667 994 aras
1693 924 1956 1003 evertant,
1984 946 2039 993 ct

2143 573 2516 643 mortalemque
2542 582 2592 627 et
2611 573 2971 643 incorruptam
2999 576 3353 630 substantiam
3389 576 3580 631 vilibus
3605 594 3719 631 ma.

2143 665 2286 719 teriis
2311 680 2493 718 nomen
2522 665 2904 734 imposuerunt.
2929 666 3066 721 Cum
3095 681 3227 738 ergo
3249 667 3524 725 daemones
3549 671 3720 725 modo

2140 757 2409 812 honorum
2466 759 2748 829 geniorum
2798 773 3087 829 personam
3140 761 3435 831 vultusque
3485 763 3717 818 simula-

2139 862 2280 916 rent,
2305 852 2465 907 modo
2493 850 2798 908 caelestium
2830 853 2993 908 etiam
3035 853 3289 920 deorum,
3330 863 3427 909 aut
3480 855 3711 910 heroum

2138 941 2374 1010 speciem
2422 956 2487 996 ac
2515 940 2746 1003 formam
2781 951 3059 999 sumerent
3086 943 3232 1014 (12);
3260 944 3456 1014 ecquid
3483 945 3711 1010 mirum,

350 1048 353 1051 ‘
380 1082 391 1092 κ
416 1062 436 1073 ι
461 1047 571 1088 una
603 1047 732 1105 cum
765 1030 979 1101 templis
1005 1031 1292 1086 simulacra
1333 1030 1674 1095 comburunt,
1702 1028 1879 1084 sicuti
1898 1022 2038 1083 scri-
2090 1032 2180 1088 -si
2209 1048 2397 1088 eorum
2430 1048 2648 1105 quoque
2679 1036 2899 1091 nomina
2928 1037 3279 1106 sumpserint,
3319 1037 3612 1108 ﬁctamque
3640 1039 3711 1093 i1-

458 1134 611 1195 ptum
650 1123 707 1179 in
736 1123 1164 1179 Deuteronomio
1186 1137 1457 1197 icap.xn,
1488 1122 1542 1187 1,
1572 1121 1630 1187 2,
1664 1122 1717 1176 5.
1745 1118 1883 1195 Hinc
1913 1134 2035 1188 per:

394 1253 403 1256 -
457 1215 535 1285 git
570 1216 663 1269 :‘O
694 1214 898 1287 βωμοῖς
938 1214 1032 1268 καὶ¹
1074 1212 1356 1285 τεμένεσιν
1379 1212 1663 1282 ὲπιθήγων
1684 1211 1776 1265 τὸν
1818 1210 2034 1281 Ἰσραὴλ

424 1301 655 1379 ,χρῆναί
697 1325 757 1360 τε
804 1307 977 1377 λέγων
1028 1310 1156 1373 τοὺς
1203 1312 1262 1363 ὲν
1307 1306 2030 1379 αὐτοῖς’καταπιμπρᾶσθαι

454 1396 630 1475 θεοὺς,
647 1396 748 1469 ἔφη
765 1396 851 1463 ἂν,
871 1397 992 1451 εἰπέ
1010 1415 1120 1469 μοι,
1138 1399 1266 1471 περὶ
1280 1398 1476 1462 αὐτῶν,
1493 1399 1676 1465 Θεοὺς
1687 1401 1758 1453 οὐ
1780 1402 2029 1453 κακολο-

451 1483 683 1554 τήσεις,
726 1503 780 1540 κ.
815 1504 866 1540 τ.
901 1485 950 1539 λ.
979 1486 1082 1552 Qui
1129 1489 1183 1542 in
1234 1505 1356 1542 aras
1399 1498 1449 1542 et
1480 1488 1699 1543 delubra
1747 1487 2026 1543 Israelitas

450 1577 618 1640 acuit,
665 1576 908 1648 deosque,
946 1581 1037 1649 qui
1081 1579 1329 1657 coluntur
1356 1579 1413 1633 in
1437 1580 1589 1653 ipsis,
1620 1579 2025 1634 concremandos

411 1674 424 1687 ‘
444 1668 549 1733 ait,
583 1667 790 1723 dixitne
803 1670 985 1735 etiam,
1022 1669 1256 1735 obsecro,
1288 1670 1352 1725 de
1384 1669 1493 1725 illis
1519 1686 1538 1725 :
1573 1689 1592 1722 ‹
1623 1670 1742 1729 Diis
1774 1687 1876 1725 non
1906 1688 2021 1725 ma-

451 1756 642 1812 ledices
660 1758 686 1811 ?
713 1777 732 1809 »
1345 1771 1353 1776 ·
1518 1776 1528 1787 ι
1632 1759 1637 1766 ’

2133 1123 2242 1177 lam
2274 1125 2558 1180 numinum
2594 1126 2927 1182 molitionem
2970 1127 3024 1181 in
3057 1128 3242 1197 plures
3274 1127 3477 1184 classes
3506 1129 3710 1184 divise-

2132 1213 2280 1268 rint?
2308 1213 2439 1281 Quae
2468 1224 2648 1270 tamen
2678 1232 2890 1284 omnes,
2919 1232 3042 1271 cum
3074 1216 3210 1271 nihil
3255 1217 3551 1287 quidquam
3582 1234 3710 1287 pro-

2131 1307 2418 1375 prietatum
2468 1309 2778 1365 divinarum
2821 1309 3331 1380 complecterentur,
3375 1312 3708 1382 augustissi-

2129 1412 2275 1450 mam
2311 1396 2400 1453 Dei
2420 1399 2839 1469 appellationem
2876 1398 3094 1469 injuriis
3128 1398 3530 1470 calumniisque
3557 1417 3708 1456 mor-

2129 1489 2314 1542 talium
2364 1491 2730 1561 subjecerunt.
2762 1490 2868 1558 Qui
2911 1491 3066 1557 solis,
3104 1491 3266 1555 lunae,
3314 1492 3477 1562 ignis,
3523 1502 3708 1563 terras,

2125 1582 2404 1652 marisque
2429 1582 2630 1653 ﬁguras
2660 1583 2899 1639 humana
2926 1585 3106 1654 specie
3128 1583 3400 1640 exhibitas
3426 1586 3704 1650 colebant,

2123 1673 2327 1744 quique
2377 1675 2766 1730 elementorum
2819 1675 3130 1731 simulacris
3168 1676 3429 1745 imposito
3475 1675 3655 1733 Vesta:
3683 1718 3701 1743 ,

2124 1764 2359 1831 Cereris,
2383 1764 2638 1837 Neptuni,
2669 1775 2765 1822 aut
2793 1767 2900 1823 alio
2935 1767 3176 1833 nomine,
3206 1768 3295 1824 illa
3326 1778 3585 1838 tanquam
3613 1768 3701 1824 vi.

519 1869 547 1941 ᾗ
576 1870 691 1926 ΧΙΙ.
733 1871 811 1926 De
832 1873 1002 1927 variis
1026 1863 1323 1927 nominibus
1350 1883 1398 1928 et
1435 1871 1707 1944 generibus
1734 1873 1950 1928 deorum

2126 1858 2367 1913 ventium
2396 1859 2621 1916 deorum
2651 1858 2852 1931 elligies
2877 1860 3253 1928 honorabant;
3288 1837 3472 1917 nonne
3498 1877 3530 1917 a
3567 1878 3700 1918 vera

1077 1944 1385 2013 ’gentilium.

518 2033 955 2106 Haudquaquam
981 2036 1056 2091 rei
1089 2052 1154 2090 ex
1185 2035 1428 2098 nomine,
1457 2035 1550 2089 sed
1592 2034 1831 2091 neminis
1863 2049 1927 2089 ex
1962 2049 2022 2092 re

446 2132 732 2185 veritatem
779 2129 1035 2199 pendere,
1072 2128 1127 2182 in
1162 2126 1534 2196 superioribus
1584 2127 2019 2181 demonstratum

446 2222 597 2290 dedit
634 2208 910 2276 Macarius
953 2218 1193 2290 Magnes.
1227 2217 1307 2271 Ex
1356 2218 1463 2273 isto
1520 2228 1699 2272 autem
1754 2217 2021 2287 principio

444 2330 596 2371 nunc
638 2314 806 2370 etiam
837 2312 987 2367 varia
1034 2312 1262 2367 deorum
1302 2309 1582 2380 gentilium
1625 2310 1870 2373 nomina,
1899 2326 2021 2380 qua:

443 2422 571 2463 cum
595 2406 712 2476 ipsa
744 2402 1046 2460 divinitatis
1074 2402 1377 2458 substantia
1413 2415 1520 2456 non
1550 2401 1902 2466 conveniunt,
1934 2401 2020 2455 dio

437 2496 734 2570 iudicanda
780 2494 1054 2565 proponit.
1089 2492 1300 2547 Etenim
1339 2492 1483 2562 quod
1533 2491 1803 2562 ejusmodi
1855 2492 2018 2547 rebus

440 2589 780 2653 iuanimatis,
810 2603 933 2657 quae
975 2601 1076 2641 nec
1114 2584 1339 2639 honoris
1378 2598 1478 2638 nec
1520 2583 1864 2638 contumeliae
1893 2598 2019 2638 sen-

439 2697 567 2751 sum
623 2680 794 2743 ullum
851 2678 1097 2748 accipere
1140 2682 1391 2747 possunt,
1422 2673 1596 2728 nihilo
1624 2680 1805 2728 tamen
1835 2671 2018 2727 minus

439 2775 668 2832 deorum
721 2772 942 2828 nomina
996 2768 1359 2840 imposuerint
1408 2766 1635 2838 gentiles
1668 2807 1683 2832 ,
1734 2765 1840 2820 hoc
1898 2765 2017 2834 ipso

441 2883 662 2927 summo
695 2864 920 2921 Numini
952 2863 1091 2918 nihil
1121 2862 1418 2933 quidquam
1450 2875 1551 2916 suo
1575 2860 1707 2915 vitio
1732 2859 2039 2942 decederek

439 2963 536 3019 sed
570 2950 843 3018 summam
881 2966 1065 3013 tamen
1113 2955 1426 3010 mortalium
1476 2952 1846 3023 insipientiam
1893 2966 2017 3008 eos-

438 3057 564 3112 dem
596 3054 700 3109 hac
736 3051 948 3106 ratione
980 3049 1208 3119 prodere
1235 3047 1306 3101 ita
1337 3046 1585 3099 autumat
1615 3042 1885 3098 Macarius
1917 3058 2017 3097 no—

437 3120 597 3203 ster.:
628 3145 691 3199 Εἰ
720 3144 778 3198 δὲ
804 3143 1046 3214 ὀνόματα
1082 3135 1217 3194 θεῶν
1253 3138 1436 3209 ἔχουσι
1475 3136 1571 3190 καὶ
1615 3135 1923 3207 ἐπίκλησιν,
1950 3134 2012 3190 οὐ

434 3237 785 3310 λυμαίνονται
826 3235 888 3289 τὸ
921 3235 1094 3300 Θεῖον,
1120 3233 1196 3296 ὠς
1223 3232 1343 3286 οὐδὲ
1374 3229 1532 3293 κύνες
1564 3226 1864 3302 ἀνθρώπων
1894 3226 2012 3280 ὀνό-

436 3349 572 3405 μασι
617 3329 935 3402 τιμώμενοι.
965 3324 1157 3379 Πολλοὶ
1202 3321 1331 3393 γοῦν
1376 3320 1434 3388 ἐξ
1476 3320 1758 3392 εὐχερείας
1799 3318 1866 3372 τὰ
1895 3317 2014 3371 θεῖα

430 3425 546 3487 τοῖς
591 3420 837 3493 βεϐήλοις
871 3416 1144 3489 ἐπέθηκαν
1176 3413 1436 3484 ὀνόματα,
1473 3411 1624 3465 οὐδὲν
1653 3412 1711 3463 ὲν
1739 3409 1913 3481 τούτῳ
1941 3409 2013 3463 τὰ

434 3516 554 3570 θεῖα
586 3514 947 3586 λυπήσαντες,
971 3508 1068 3579 τὴν
1093 3507 1149 3561 δὲ
1173 3502 1324 3591 σφῷν
1352 3502 1662 3576 ἀφροσύνην
1697 3502 1857 3573 μόνον
1876 3503 2013 3571 εφα-

431 3609 698 3680 νέρωσαν.
734 3607 798 3659 Εἰ
823 3602 932 3675 γάρ
964 3618 1048 3665 τις
1080 3599 1200 3662 θεὸς
1228 3598 1324 3669 μὲν
1356 3595 1594 3664 λέγεται,
1628 3593 1723 3648 καὶ
1752 3592 1893 3648 θεῖον
1923 3595 2013 3649 ού-

431 3700 523 3755 δὲν
556 3697 690 3770 ἔχει,
718 3697 930 3769 ὑϐρίζει
972 3693 1072 3763 τὴν
1105 3690 1295 3761 κλῆσιν
1328 3687 1422 3743 καὶ
1452 3685 1726 3740 διαϐάλλει
1753 3684 2009 3757 τοῦνομα,

431 3787 808 3859 ἀπαραίτητον
854 3781 1107 3853 ἔγκλημα
1152 3779 1331 3850 φέρων
1376 3776 1469 3831 καὶ
1520 3775 1863 3849 ἀδιόρθωτον.
1917 3777 2009 3848 Μὴ

430 3877 525 3936 οὖν
551 3878 778 3952 νομίσῃς
808 3878 868 3930 ὲν
906 3873 1079 3945 τούτῳ
1125 3871 1217 3925 τὸν
1262 3869 1676 3940 παντοκράτορα
1700 3866 1834 3921 Θεὸν
1854 3867 2012 3952 dwa-

431 3975 559 4030 σθαι
598 3948 693 4026 διαὶ
718 3948 1030 4040 ὸυσφορεῖν,
1056 3963 1159 4018 κᾶν
1206 3962 1396 4033 μέχρις
1440 3957 1687 4032 ἑρπετῶν
1729 3948 1874 4040 τινες
1900 3954 2010 4009 τῶν

428 4065 679 4139 ἀφρόνων
704 4061 765 4116 τὸ
791 4032 932 4115 θεῖον
956 4057 1263 4128 κατέσυραν
1316 4032 1488 4125 νὸνομα
1507 4068 1523 4084 ⁸
1555 4052 1710 4106 αὐτοὶ
1739 4032 1848 4123 γὰρ
1878 4053 2008 4119 ἐαυ-

426 4160 555 4221 τοὺς
597 4154 797 4217 ἱκανῶς
829 4150 1161 4222 ἐζημίωσαν,
1196 4147 1245 4200 οἱ
1276 4145 1373 4217 τὴν
1405 4144 1625 4217 πρώτην
1669 4144 1762 4198 καὶ
1806 4142 2008 4197 ἀνώλε-

430 4248 559 4320 θρον
605 4245 792 4300 οὐσίαν
840 4244 936 4297 καὶ
974 4241 1248 4311 ἀκήρατον
1289 4235 1437 4299 ὕλαις
1464 4236 1676 4306 ἀτίμοις
1707 4234 2008 4307 ἐπάραντες

428 4339 617 4409 ὃνομα.
647 4337 799 4403 Quod
837 4336 886 4389 si
926 4334 1144 4387 deorum
1171 4329 1385 4384 nomina
1413 4327 1604 4382 habent
1627 4337 1677 4380 et
1706 4343 2009 4398 cognomen-

429 4444 561 4495 tum,
589 4446 692 4483 non
722 4428 923 4482 idcirco
960 4424 1217 4493 injuriam
1243 4421 1467 4476 Numini
1497 4419 1722 4488 faciunt,
1751 4419 2007 4490 quemad—

428 4524 643 4578 modum
669 4537 761 4575 nec
794 4534 945 4573 canes
966 4517 1238 4571 hominum
1267 4511 1565 4568 nominibus
1591 4513 1786 4565 ornati.
1814 4510 2003 4581 Itaque
2036 4508 2079 4562 D

428 4616 587 4670 multi
630 4612 873 4668 licentius
917 4610 1095 4664 divina
1129 4607 1345 4661 nomina
1376 4604 1616 4675 profertis
1649 4602 1800 4657 rebus
1830 4604 2002 4671 impo-

427 4714 669 4770 suerunt,
696 4718 857 4775 neque
883 4703 940 4756 in
969 4698 1269 4777 eo'Numen
1297 4697 1702 4761 contristarunt,
1725 4695 1816 4749 sed
1846 4711 2000 4748 suam

427 4801 692 4853 duntaxat
758 4794 1117 4865 insipientiam
1167 4792 1531 4862 prodiderunt.
1595 4785 1740 4841 Nam
1787 4788 1834 4840 si
1880 4788 1998 4857 quis

428 4891 570 4945 Deus
611 4888 828 4954 dicitur,
860 4903 922 4940 ac
946 4886 1181 4939 divinant
1211 4882 1341 4938 nihil
1389 4881 1565 4944 habet,
1599 4879 2000 4948 appellationem

424 4980 634 5051 quidem
667 4977 867 5047 injuria
896 4977 1076 5045 a/ficit,
1107 4991 1169 5028 ac
1215 4988 1399 5026 nomen
1430 4969 1810 5033 calumniatur,
1850 4968 2000 5021 inea:—

425 5068 713 5123 cusabilem
762 5075 812 5120 et
867 5063 1263 5135 irreparabilem
1318 5061 1528 5129 culpam
1593 5060 1886 5123 sustinens;
1946 5068 1999 5111 at

422 5161 598 5229 ipsum
620 5156 1027 5225 omnipotentem
1066 5152 1233 5206 Deum
1263 5168 1325 5205 ea
1351 5167 1403 5203 re
1429 5149 1758 5212 contristari,
1793 5164 1856 5200 ac
1890 5164 2000 5200 mo-

420 5249 552 5303 leste
575 5248 631 5302 id
661 5247 797 5316 ferre
828 5262 948 5299 caue
969 5244 1237 5298 existimes
1258 5258 1277 5306 ,°
1302 5242 1401 5296 etsi
1436 5239 1505 5293 ad
1530 5240 1645 5309 ipsa
1671 5240 1880 5308 reptilia
1902 5239 1996 5291 de-

422 5354 658 5410 pressum
689 5338 926 5391 divinum
968 5352 1151 5391 nomen
1199 5332 1434 5387 vecordes
1470 5331 1685 5402 quidam
1715 5331 1993 5383 traxerint.

422 5515 983 5597 Alesaudrinumhlib.
1018 5529 1096 5568 vn
1120 5524 1306 5597 σοιτίς-α
1328 5511 1831 5597 ίᾳιὶβιιιιηινριμιη.
1867 5508 1994 5563 258.

523 5588 610 5652 Η)
652 5584 774 5641 Loc.
810 5587 931 5647 cit.,
959 5600 1014 5654 p.
1047 5601 1119 5639 m.
1150 5585 1256 5638 210
1282 5584 1410 5637 edit.
1448 5581 1787 5652 Spanhemii.

494 5591 609 5727 δίε)
645 5653 805 5711 Conl‘.
838 5654 1126 5712 Eusebius.
1158 5654 1398 5722 Prtepar.
1418 5668 1602 5724 evang.
1631 5650 1729 5705 lib.
1762 5665 1787 5703 ν

426 5708 459 5785 p,
645 5653 805 5711 Conl‘.
838 5648 1126 5712 Eusebius.
1158 5654 1398 5722 Prtepar.
1418 5648 1602 5724 eodng.
1631 5650 1729 5705 lib.
1762 5665 1814 5717 v,
1857 5664 1905 5704 c.
1934 5648 1993 5713 3,

1739 5826 1819 5853 ἀμ
1853 5831 1885 5851 ν

2120 1948 2383 2021 religione
2430 1950 2725 2006 abhorrere
2763 1951 3018 2008 censendi
3052 1959 3201 2019 sunt,
3239 1966 3361 2022 quae
3389 1960 3499 2008 tota
3530 1955 3701 2011 rebus

2118 2042 2287 2103 veris.
2329 2042 2487 2098 seriis
2525 2051 2580 2098 et
2622 2043 2936 2100 coelestibus
2961 2052 3196 2107 constat,
3232 2044 3544 2116 divinisque
3570 2062 3701 2117 per-

2121 2131 2450 2188 fectionibus
2500 2134 2700 2189 summi
2751 2132 3000 2190 Numinis
3042 2135 3538 2205 resporrdetiBene
3577 2138 3695 2208 jam

2122 2233 2235 2280 tum
2264 2223 2537 2279 Macarius
2569 2224 2623 2279 in
2668 2225 2971 2296 fragmento
3010 2225 3053 2279 ll
3093 2226 3507 2297 Ἆποκριτικῶν
3539 2231 3699 2286 dixe-

2119 2325 2207 2370 rat
2246 2334 2260 2370 :
2294 2316 2587 2371 Καλεῖσθαι
2641 2317 2699 2370 δὲ
2753 2317 2978 2382 πολλοὺς
3022 2318 3176 2385 θεοὺς
3220 2321 3317 2374 καὶ
3361 2323 3604 2393 κυρίους.
3633 2325 3698 2378 οὐ

2120 2406 2304 2474 φθονεῖ
2332 2406 2482 2473 Θεὸς,
2510 2406 2666 2477 μόνον
2689 2409 2737 2461 εἰ
2760 2407 3151 2479 πλησιάζοντες
3171 2410 3318 2481 αὐτῷ
3343 2413 3438 2466 καὶ
3459 2414 3699 2481 γειτνιά-

2119 2494 2304 2561 ζοντες
2331 2495 2408 2568 τῷ
2434 2498 2531 2568 τῆς
2567 2497 2817 2568 θεότητος
2844 2498 2985 2569 λόγῳ
3018 2502 3513 2571 συγχρωτίζωνται.
3547 2504 3698 2560 Mul-

2121 2597 2198 2640 tos
2224 2596 2399 2641 autem
2421 2589 2598 2641 vocari
2626 2598 2674 2665 et
2702 2590 2823 2642 deos
2848 2599 2896 2642 et
2926 2590 3189 2654 dominos,
3218 2608 3320 2646 non
3348 2593 3562 2649 moleste
3589 2596 3694 2665 fert

2119 2677 2283 2741 Deus,
2312 2680 2361 2733 si
2404 2680 2559 2734 modo
2585 2681 2623 2733 ii
2658 2664 3139 2752 ~itppropinquantes
3182 2684 3583 2756 accedentesque
3621 2688 3695 2743 ad

2116 2785 2235 2824 eum
2276 2787 2395 2824 cum
2445 2780 2638 2825 natura
2690 2772 2983 2826 divinitatis
3033 2774 3352 2833 coalescant.
3408 2777 3475 2832 Et
3527 2780 3695 2849 paulo

2116 2872 2281 2933 post:
2314 2863 2447 2927 Θεὸς
2499 2864 2772 2936 μονάρχης
2808 2862 2885 2918 ὣν
2927 2865 3020 2918 καὶ
3062 2866 3161 2937 τὴν
3211 2866 3372 2936 φύσιν
3410 2869 3597 2935 ἀΐδιος,
3627 2871 3693 2924 οὐ

2116 2956 2315 3011 κωλύει
2347 2957 2503 3021 θεοὺς
2531 2956 2811 3011 καλεῖσθαι
2836 2958 2963 3022 τοὺς
2991 2958 3275 3027 ἀγγέλους,
3314 2960 3573 3015 θεοποιῶν
3594 2964 3694 3017 αὺ-

2115 3050 2241 3112 τοὺς
2270 3051 2335 3121 τῇ
2370 3049 2516 3103 θέσει
2541 3048 2631 3102 τοῦ
2667 3050 3012 3121 πράγματος,
3041 3051 3102 3103 οὺ
3132 3050 3229 3121 τὴν
3259 3052 3466 3106 οἰκείαν
3489 3055 3569 3118 εἰς
3593 3057 3692 3109 αὐ·-
3766 3078 3769 3081 ν

2115 3141 2241 3204 τοὺς
2272 3141 2593 3212 ἀποτέμνων
2618 3140 2824 3205 οὐσίαν,
2861 3142 2982 3196 οὐδὲ
3029 3142 3193 3214 μέρος
3218 3143 3400 3209 αὐτοῖς
3427 3145 3527 3217 τῆς
3552 3147 3693 3211 ιδίας

2113 3232 2451 3307 δωρούμενος
2491 3233 2725 3303 φύσεως.
2768 3233 2930 3299 Dens,
2961 3251 3077 3288 cum
3108 3236 3178 3288 sit
3206 3238 3492 3292 monarcha
3522 3248 3572 3293 et
3598 3255 3696 3293 na-

2117 3335 2238 3382 tura
2265 3342 2364 3382 sua
2392 3335 2639 3392 tcternus,
2674 3342 2779 3380 non
2809 3326 3026 3396 impedit
3059 3328 3185 3397 quin
3214 3329 3390 3399 angeli
3415 3330 3493 3384 dii
3518 3334 3694 3385 nomi—

2115 3430 2325 3488 nentur,
2351 3421 2605 3491 deiﬁcans
2656 3420 2856 3475 scilicet
2906 3436 3015 3485 eos,
3059 3421 3335 3477 divinitate
3386 3424 3453 3479 iis
3501 3425 3692 3480 addita

2115 3511 2248 3584 (non
2280 3512 2485 3583 innata)
2509 3529 2524 3579 ;
2550 3528 2652 3565 non
2677 3521 2851 3566 autem
2878 3511 3049 3567 divisa
3079 3529 3197 3566 cum
3220 3514 3288 3568 iis
3315 3530 3415 3568 sua
3439 3514 3690 3570 substan-

2115 3602 2214 3663 tia,
2248 3616 2339 3654 nec
2362 3609 2570 3655 natura:
2595 3616 2706 3655 suae
2733 3601 2969 3670 portione
2996 3602 3184 3656 iisdem
3205 3620 3470 3659 concessa.

2186 3693 2324 3749 Hinc
2369 3694 2535 3749 simul
2579 3695 2815 3749 concidit
2860 3694 3027 3765 impia
3070 3694 3357 3768 Porphyrii
3387 3699 3687 3761 sententia.

2112 3788 2208 3859 qui
2234 3786 2433 3843 summi
2466 3783 2718 3840 Numinis
2748 3786 3108 3841 substantiam
3140 3796 3194 3842 et
3222 3786 3461 3844 inﬁnitas
3485 3803 3686 3859 opera-

2112 3882 2290 3936 tiones
2321 3881 2424 3936 sub
2455 3879 2624 3935 variis
2653 3879 2965 3934 nominibus
3007 3879 3233 3935 deorum
3276 3881 3557 3951 gentilium
3588 3898 3691 3937 ex-

2109 3974 2300 4045 primi,
2351 3973 2446 4029 sed
2499 3972 2721 4027 nonnisi
2776 3972 3022 4027 eamdem
3068 3971 3409 4027 divinitatem
3454 3973 3684 4046 intelligi

2111 4068 2369 4123 audacter
2399 4080 2647 4122 asserere
2678 4065 2825 4120 haud
2860 4075 2944 4120 est
2973 4065 3180 4121 veritus
3210 4082 3225 4119 ε
3258 4066 3527 4137 siquidem
3553 4082 3684 4123 cum

2109 4160 2334 4215 Platone
2361 4174 2468 4214 suo
2491 4172 2682 4212 omnes
2705 4158 2834 4212 deos
2862 4157 3023 4227 primi
3061 4156 3391 4226 secundique
3430 4157 3683 4229 principii

2109 4250 2481 4306 emanationes
2502 4247 2766 4318 quasdam
2798 4262 2863 4302 ac
2889 4246 3382 4317 proseminationes
3407 4262 3530 4303 esse
3558 4248 3684 4302 vin-

2108 4345 2255 4400 dicat
2288 4342 2424 4412 (15).
2473 4338 2731 4393 Eamdem
2777 4338 2981 4408 pariter
3027 4347 3260 4393 mentem
3306 4336 3477 4395 fuisse
3505 4338 3683 4395 Graeci

2111 4434 2420 4506 philosophi
2449 4448 2573 4489 cum
2602 4431 2848 4501 Magnete
2880 4439 3067 4484 nostro
3101 4429 3452 4499 disputantis,
3484 4430 3686 4485 exinde

2109 4529 2401 4599 colligitur,
2430 4525 2576 4597 quod
2624 4525 2728 4580 diis
2767 4524 2884 4579 suis
2914 4539 3020 4576 non
3057 4522 3295 4577 nominis
3324 4531 3558 4585 tantum,
3589 4539 3685 4577 vc-

2110 4597 2436 4690 rumipsius
2460 4621 2623 4674 etiam
2652 4614 2949 4671 divinitatis
2978 4630 3103 4669 cum
3135 4628 3263 4667 vero
3290 4612 3402 4668 Deo
3431 4629 3684 4668 commu-

2109 4716 2327 4766 nionem
2350 4709 2560 4774 tribuit,
2587 4706 2918 4775 eosdemque
2944 4713 3301 4775 augustorum
3333 4702 3550 4757 illorum
3579 4716 3684 4757 no-

2108 4802 2341 4866 minum,
2372 4797 2925 4869 incorruptibilitatis,
2952 4794 3375 4852 immortalitatis
3398 4803 3451 4849 et
3473 4795 3683 4865 impas-

2109 4891 2384 4946 sibilitatis
2407 4891 2669 4944 honorem
2704 4887 3051 4957 participare,
3078 4893 3240 4955 atque
3271 4885 3517 4954 ejusdem
3548 4899 3679 4941 cum

2108 4984 2219 5039 Deo
2259 4993 2466 5037 natura:
2494 4992 2777 5036 consortes
2812 4996 2934 5036 esse
2961 4980 3215 5049 opinatur
3245 4978 3378 5049 (14).

2109 5097 2138 5169 §
2169 5094 2306 5151 Xlll.
2342 5094 2601 5169 Magnetis
2634 5092 2879 5169 doctrina
2908 5091 2971 5145 de
2996 5090 3209 5169 Christo
3250 5088 3390 5169 ilio
3416 5087 3515 5169 yei
3542 5090 3671 5142 uni-

2280 5158 2475 5236 genitd,
2503 5165 2715 5234 ejusque
2745 5163 3104 5216 incarnatione
3123 5170 3173 5213 et
3203 5158 3496 5213 miraculis.

2176 5257 2409 5312 lnlinitis
2449 5257 2647 5311 divinae
2676 5254 2927 5310 essentia:
2952 5251 3377 5322 perfectionibus
3420 5266 3681 5322 supremo

2044 5369 2047 5373 ⁴
2106 5348 2347 5401 omnium
2369 5363 2550 5401 rerum
2581 5345 2826 5401 Creatori
2856 5345 3068 5413 solique
3099 5343 3405 5399 monarcha:
3429 5343 3681 5414 ἀγενήτῳ

2136 5560 2141 5565 ,
2180 5500 2291 5587 ςίυὸ)
2330 5499 2827 5587 Conf.n§umbius,
2884 5473 3130 5571 Prtepar.
3179 5512 3367 5567 erang.
3404 5496 3501 5552 lib.
3550 5513 3679 5559 xm.

2105 5586 2153 5624 c.
2184 5573 2272 5634 15,
2308 5588 2357 5639 ν.
2385 5587 2458 5625 m.
2494 5570 2618 5625 οθι.
3252 5603 3261 5611 -

2176 5643 2288 5713 μή)
2332 5640 2463 5695 Vide
2507 5642 2870 5711 fragmentum
2904 5637 2922 5692 l
2950 5655 3017 5713 es
3042 5639 3356 5713 Apocriticis
3388 5637 3677 5707 Magnetis,

2103 5727 2158 5782 p.
2196 5709 2335 5769 ilict
2368 5713 2456 5777 22,
2486 5723 2539 5766 et
2566 5709 2925 5782 fragmentum
2957 5710 3044 5777 lll,
3077 5727 3130 5780 p.
3156 5709 3241 5763 40.
