4058 6380
446 339 581 397 1591

1708 335 2064 395 MACABIUS
2103 335 2404 394 MAGNES.

3560 339 3703 397 i592

445 456 748 526 fragmento
799 455 1033 523 quodam
1063 469 1128 509 ex
1170 454 1314 509 libro
1357 468 1422 508 ιιι
1468 453 1894 523 Ἀποκριτικῶν
1929 454 2007 509 de

2125 451 2429 523 fragmento
2473 452 2540 513 Χ,
2587 454 2735 524 quod
2767 468 2833 508 ex
2879 452 3057 524 primo
3086 451 3229 508 libro
3274 453 3702 523 Apocriticornm

428 556 684 619 sumpto,
738 548 885 617 quod
927 558 1119 618 praeter
1163 545 1495 602 Turrianum
1547 548 1734 603 citavit
1778 547 2020 603 Thomas

442 640 647 697 Bozius
679 639 1020 711 Eugubiuus,
1056 639 1499 711 congregationis
1530 637 1767 694 Oratorii
1793 638 2021 709 presby-

442 742 547 797 ter,
572 732 709 789 libro
734 748 826 786 XIV
853 730 931 786 De
955 732 1120 802 signis
1155 730 1410 786 Ecclesia:
1443 728 1558 796 Dei,
1590 745 1710 802 pag.
1746 729 1807 783 71
1838 727 2019 784 :Audi

443 840 582 878 nunc
623 832 839 889 attente,
882 823 1099 894 inquit:
1144 821 1419 893 Principio
1460 823 1658 877 ereavit
1705 819 1882 875 Filius
1920 819 2019 874 Dei

442 928 673 982 terram;
702 933 767 971 ea:
795 927 939 971 terra
967 916 1229 971 hominem
1261 916 1531 985 formavit,
1566 929 1631 969 ea:
1663 912 1871 967 homine
1897 928 2019 966 car-

440 1023 557 1060 nem
589 1006 812 1076 sumpsit
851 1008 960 1075 ipse
1003 1006 1141 1077 (9.1).
1166 1004 1639 1072 Quemadmodum
1670 1017 1803 1059 vero
1837 1002 2018 1057 incar-

440 1098 715 1152 nationem
740 1098 943 1151 Christi
989 1114 1051 1151 ex
1094 1097 1332 1151 humana
1362 1104 1554 1150 natura
1591 1093 1816 1160 factam,
1853 1103 2017 1163 atque

438 1205 468 1242 a
498 1189 680 1264 divina
731 1188 852 1242 Filii
883 1187 978 1243 Dei
1031 1197 1226 1243 natura
1266 1197 1626 1258 assumptam,
1663 1186 1831 1243 simul
1863 1202 2017 1243 com-

438 1289 704 1332 memorat
738 1279 823 1334 his
848 1280 1053 1333 ultimis
1081 1279 1295 1345 verbis;
1322 1279 1397 1332 ita
1420 1288 1475 1333 et
1492 1278 1839 1333 Diviuitatem
1864 1276 2015 1332 carni

438 1370 645 1423 unitam
675 1370 922 1441 adeoque
952 1371 1209 1425 unionem
1234 1369 1573 1440 personalem
1606 1369 1803 1424 divina:
1831 1378 1885 1424 et
1915 1370 2015 1423 hu-

438 1474 615 1514 manae
648 1469 856 1513 natura:
886 1460 942 1513 in
976 1459 1194 1515 Christo
1221 1460 1457 1515 dilucide
1487 1459 1623 1514 satis
1660 1460 2011 1528 conspicuam

434 1550 693 1616 declarat,
729 1566 852 1605 cum
889 1551 942 1604 in
968 1551 1425 1621 subsequentibus
1448 1550 1692 1619 ejusdem
1725 1548 2013 1620 fragmeuti

433 1642 617 1697 verbis
665 1640 859 1696 Filium
912 1641 1007 1697 Dei
1059 1644 1130 1697 ita
1177 1644 1487 1713 loquentem
1541 1645 1879 1699 introducit:
1929 1644 2015 1699 Ea:

434 1733 628 1787 unione
653 1734 840 1805 igitur,
870 1751 975 1804 qua
1018 1736 1196 1793 unitas
1226 1751 1342 1788 sum
1380 1745 1594 1790 sanctus
1633 1752 1751 1789 cum
1782 1744 2009 1802 terreno,

432 1824 499 1877 do
537 1842 725 1893 panem
747 1834 797 1879 et
824 1826 1023 1887 vinum,
1039 1826 1228 1893 jubens
1260 1842 1371 1880 esse
1398 1834 1585 1895 corpus
1611 1843 1781 1881 meum
1807 1837 1856 1881 et
1886 1844 2013 1881 san-

432 1917 642 1984 guinem
813 1917 1083 1987 Siquidem
1109 1918 1247 1988 quod
1269 1936 1370 1975 non
1397 1920 1548 1973 habet
1594 1917 1810 1973 Verbum
1839 1920 2011 1974 vivens

431 2010 643 2063 unitum
678 2026 796 2062 cum
837 2027 1071 2080 corpore,
1114 2011 1251 2081 quod
1297 2012 1399 2081 fuit
1434 2022 1718 2078 terrenum,
1748 2014 1817 2066 ad
1856 2023 2013 2067 teter.

434 2116 558 2152 nam
593 2101 755 2154 vitam
781 2102 987 2154 edentes
1019 2117 1122 2155 non
1148 2102 1450 2155 adduceret.
1481 2101 1547 2155 Et
1579 2103 1770 2157 iterum
1799 2121 1813 2157 :
1843 2101 2010 2157 Panis

431 2207 553 2245 vero
582 2191 634 2244 in
665 2191 815 2245 beata
856 2191 1053 2248 Christi
1085 2204 1226 2247 terra
1265 2195 1456 2248 virtute
1501 2194 1810 2249 Divinitatis
1847 2197 2012 2252 unita:

432 2283 739 2351 confectus,
790 2284 901 2337 solo
941 2295 1098 2355 gustu
1150 2285 1607 2340 immortalitatem
1669 2287 1871 2340 homini
1924 2291 2009 2357 al-

435 2376 558 2444 fert.

502 2464 580 2519 Ex
611 2466 889 2522 miraculis
914 2466 1171 2536 denique,
1212 2482 1335 2536 qua:
1375 2483 1406 2522 a
1452 2468 1674 2523 Christo
1717 2467 2011 2526 Servatore

429 2556 572 2613 facta
598 2568 746 2625 sunt,
778 2561 1116 2634 divinitatem
1148 2560 1270 2615 Filii
1312 2561 1406 2617 Dei
1442 2563 1674 2628 subinde
1701 2566 2009 2629 conﬁrmat,

431 2666 556 2704 cum
583 2651 818 2722 exempli
849 2668 1014 2707 causa
1048 2654 1339 2709 occasione
1365 2654 1526 2709 istius
1557 2654 1809 2710 miraculi
1837 2658 1890 2710 in
1922 2673 2012 2712 sa-

429 2739 649 2795 natione
697 2742 963 2807 mulieris,
1012 2758 1135 2811 qua:
1179 2744 1393 2798 diutina
1434 2743 1675 2800 ﬂexione
1727 2748 2012 2817 sanguinis

429 2830 789 2899 laboraverat,
823 2835 1048 2902 prmstiti
1078 2834 1248 2890 Marc.
1278 2851 1335 2899 v,
1360 2835 1451 2901 50,
1476 2833 1675 2891 divina:
1707 2837 1879 2907 ipsius
1904 2840 2012 2891 vir-

430 2923 562 2979 tutis
588 2924 957 2981 characterem
990 2928 1042 2981 in
1072 2926 1376 2998 fragmento
1404 2927 1446 2982 ll
1487 2928 1900 2997 Ἀποκριτικῶν
1924 2930 2010 2985 his

429 3016 612 3070 verbis
645 3019 931 3087 agnoscit:
965 3017 1122 3072 οὕτω
1164 3021 1314 3091 παρὰ
1359 3018 1453 3073 τοῦ
1498 3020 1737 3093 Χριστοῦ
1783 3021 2009 3093 δύναμις

2121 555 2505 601 conservatum
2528 556 2612 600 est
2645 547 2725 617 (in
2755 547 2914 617 cujus
2945 548 3123 616 capite
3149 557 3301 601 sexto
3331 563 3456 601 eum
3487 550 3703 619 specia-

2120 635 2218 690 tim
2245 636 2313 692 de
2352 637 2654 705 miraculis,
2690 653 2811 708 quae
2838 656 2869 693 a
2904 637 3123 694 Christo
3153 637 3295 694 facta
3334 648 3481 706 sunt,
3515 640 3702 695 disse-

2120 726 2299 782 ruisse
2335 726 2500 782 refert
2533 725 2872 797 Nicephorus
2896 725 3002 782 CP.
3039 728 3092 782 in
3122 728 3373 784 examine
3403 731 3699 783 verborum

2118 816 2342 873 Macarii
2364 817 2685 901 Magnetis);
2717 818 2957 889 factique
2977 819 3135 875 istius
3158 820 3529 879 memorabilis
3561 821 3701 875 ima-

2119 912 2299 982 ginem
2339 928 2447 968 aere
2489 927 2801 982 expressam
2836 912 2890 966 in
2937 911 3325 982 Mesopotamia
3372 912 3552 968 adhuc
3595 928 3700 968 sua

2118 1012 2275 1057 :etate
2306 1012 2680 1058 conservatam
2711 1004 2881 1060 fuisse
2923 1003 3182 1058 tradidit:
3219 1020 3328 1074 qua
3368 1005 3436 1058 de
3478 1019 3539 1059 re
3577 1005 3693 1072 jam

2118 1102 2234 1148 tum
2275 1095 2329 1149 in
2360 1096 2630 1167 superiori
2668 1095 3081 1162 Dissertatione,
3118 1096 3147 1168 ᾗ
3178 1095 3264 1165 10,
3296 1105 3479 1152 actum
3524 1096 3703 1154 fuisse
3784 1084 3789 1088 ’

2116 1186 2363 1242 memini.
3518 1184 3528 1192 ’

2120 1299 2316 1373 μιν.
2364 1300 2627 1373 Magnetis
2670 1300 2911 1356 doctrina
2960 1302 3025 1355 de
3070 1303 3350 1369 creatione,
3396 1310 3447 1356 et
3489 1302 3700 1373 [rustra

2504 1374 2733 1442 conficta
2770 1373 3064 1426 aeternitate
3100 1374 3304 1439 mundi.

2186 1463 2243 1516 ιη
2268 1466 2498 1519 articulo
2528 1466 2597 1520 de
2627 1464 2904 1522 creatione
2930 1480 2994 1519 ex
3021 1466 3273 1534 superius
3303 1465 3552 1521 adductis
3575 1466 3695 1531 jam

2115 1564 2230 1610 tum
2283 1565 2498 1611 constat
2549 1556 2765 1628 egregia
2812 1555 3342 1626 Macariiph'iagnetis
3396 1558 3696 1621 confessio,

2115 1646 2259 1716 quod
2296 1645 2440 1702 Deus
2469 1646 2622 1703 solus
2648 1646 2938 1718 imperium
2974 1648 3449 1703 acmouarchiam
3486 1648 3698 1704 habens

2118 1738 2206 1804 iis,
2235 1739 2327 1808 qui
2362 1741 2529 1810 geniti
2557 1747 2708 1807 sunt,
2739 1739 3017 1811 ingenitus
3056 1741 3261 1810 praesit,
3292 1749 3575 1795 creaturas
3604 1740 3697 1794 in-

2116 1843 2330 1888 creatus
2355 1842 2405 1887 et
2439 1833 2705 1903 principio
2748 1848 2943 1888 carens
2979 1833 3035 1887 in
3068 1840 3336 1901 potestate
3379 1832 3593 1898 habeat,
3628 1848 3697 1888 ac

2114 1938 2225 1978 non
2284 1922 2515 1988 similes,
2566 1924 2662 1978 sed
2711 1924 3008 1980 dissimiles
3047 1924 3309 1993 providus
3364 1933 3517 1993 regat
3553 1922 3693 1994 (2i).

2114 2012 2468 2068 Luculentius
2495 2020 2676 2068 tamen
2715 2020 2770 2066 et
2806 2027 2972 2082 scopo
3004 2026 3105 2067 suo
3136 2010 3546 2066 eonvenientius
3588 2009 3696 2066 huc

2113 2111 2496 2174 argumentum
2547 2111 2844 2173 pertractat
2882 2103 2935 2158 in
2982 2089 3378 2159 commentario
3425 2101 3553 2174 περὶ
3591 2101 3692 2171 τῆς

2112 2196 2206 2251 τοῦ
2255 2196 2427 2267 Ἀδὰμ
2473 2194 2851 2267 δημιουργίας,
2892 2194 2961 2251 ad
3012 2209 3133 2265 cap.
3184 2210 3201 2249 ι
3248 2193 3543 2260 Geneseos,
3596 2194 3693 2248 ubi

2112 2298 2395 2343 creaturas
2429 2303 2621 2342 omnes
2647 2288 2764 2343 solo
2786 2288 2949 2342 verbo
2971 2286 3065 2341 Dei
3100 2286 3391 2356 productas
3413 2300 3535 2340 esse
3558 2300 3696 2339 con-

2115 2380 2324 2434 tendi-t:
2371 2379 2481 2432 Καὶ
2526 2378 2595 2432 τὰ
2636 2378 2733 2449 μὲν
2776 2377 2913 2432 ἄλλα
2957 2377 3234 2447 κτίσματσ.
3282 2378 3487 2449 ῥήματι
3542 2375 3697 2447 μόνῳ

2115 2472 2415 2543 παρῆκται.
2452 2471 2505 2524 ld
2544 2481 2629 2525 est
2656 2489 2669 2525 :
2707 2473 2782 2525 Ac
2809 2484 3008 2525 aeterm
3038 2470 3248 2541 quidem
3286 2452 3546 2524 creatura:
3576 2470 3696 2523 solo

2114 2563 2263 2616 verba
2290 2562 2563 2630 producta:
2585 2573 2728 2615 sunt.
2766 2562 3075 2628 Quinetiam
3110 2562 3164 2615 in
3192 2562 3543 2631 sequentibus
3575 2570 3694 2616 tum
3714 2566 3727 2573 '

2114 2655 2355 2711 materia:
2390 2653 2717 2722 principium
2757 2652 3060 2716 constituit,
3096 2661 3211 2706 tum
3252 2650 3484 2706 formam
3536 2667 3694 2706 crea-

2113 2744 2278 2798 tionis
2308 2743 2689 2813 actionemque
2730 2741 2826 2797 Dei
2871 2743 3110 2797 creantis
3145 2744 3198 2797 in
3242 2758 3307 2798 eo
3337 2743 3508 2813 ponit,
3541 2741 3692 2812 quod

2113 2834 2258 2890 Deus
2290 2835 2475 2890 omnia
2507 2850 2575 2889 ex
2614 2834 2891 2889 liberrima
2937 2835 3235 2903 voluntate,
3264 2844 3317 2889 et
3360 2836 3578 2905 quidem
3621 2852 3691 2890 ex

2112 2924 2309 2990 nihilo,
2362 2940 2458 2994 per
2504 2923 2682 2979 solum
2732 2924 3021 2993 imperium
3067 2925 3404 2993 produxerit,
3447 2940 3557 2996 quo
3608 2925 3687 2991 id,

2112 3016 2258 3087 quod
2284 3033 2391 3072 non
2417 3025 2555 3079 erat,
2585 3015 2800 3071 vocavit
2827 3023 2888 3070 ut
2909 3027 3053 3070 esset
3071 3016 3243 3086 Apoc.
3275 3031 3349 3084 sV,
3384 3018 3443 3071 11
3470 3035 3487 3084 ;
3524 3014 3687 3072 Rom.

431 3104 707 3178 ἐξήρχετο,
755 3107 849 3165 καὶ
876 3109 984 3163 τῶν
1018 3110 1334 3182 καμνόντων
1366 3110 1564 3182 ἤλαυνε
1595 3112 1666 3167 τὰ
1706 3115 2007 3185 νοσήματα,

2114 3126 2190 3175 IV,
2226 3107 2310 3164 l7.
2352 3108 2471 3165 Huc
2501 3108 2731 3164 redeunt
2763 3108 2856 3163 illa
2887 3110 3051 3164 verba
3080 3108 3342 3180 Magnetis
3377 3111 3547 3165 nostri
3578 3110 3688 3165 loc.

428 3199 522 3251 καὶ
554 3198 631 3269 τῷ
651 3199 872 3272 Χριστῷ
896 3201 1133 3271 μένουσα
1162 3201 1299 3267 ὅλως
1327 3204 1426 3258 οὐκ
1455 3204 1766 3277 ἐχωρίζετο.
1804 3206 1860 3261 ld
1887 3214 2002 3261 est:

429 3287 519 3343 Sic
556 3291 718 3345 etiam
751 3309 784 3345 a
814 3292 1024 3347 Christo
1056 3294 1224 3347 virtus
1272 3295 1469 3361 exibat,
1507 3312 1627 3367 qua:
1666 3306 1718 3351 et
1750 3308 2008 3367 a’grotart-

429 3382 564 3436 tium
618 3385 826 3438 morbos
870 3385 1119 3455 pellebat,
1168 3395 1218 3439 et
1268 3403 1421 3456 penes
1475 3387 1748 3443 Christum
1791 3408 2005 3448 ntanens

426 3492 641 3530 prorsus
673 3476 737 3530 ab
763 3494 826 3531 eo
847 3494 949 3531 non
976 3478 1265 3532 recedebat.
1301 3479 1462 3534 Nulla
1497 3481 1585 3535 hic
1609 3497 1713 3537 nos
1743 3493 1896 3553 urget
1918 3500 2008 3538 ra-

429 3572 525 3635 tio,
560 3586 660 3625 eur
704 3586 800 3640 per
842 3570 1071 3643 δύναμιν
1114 3573 1435 3640 ἐξελθοῦσαν
1483 3574 1782 3645 intelligere
1812 3578 2008 3631 debea-

429 3676 554 3715 mus
597 3662 851 3717 virtutem
881 3663 1174 3732 quamdam
1218 3664 1582 3734 corporalem,
1619 3680 1719 3720 seu
1753 3667 2007 3735 pharma-

429 3768 553 3806 cum
609 3752 832 3822 aliquod
888 3753 1128 3809 salutare
1174 3770 1242 3810 ex
1295 3770 1524 3825 corpore
1578 3754 1779 3811 Christi
1828 3758 2008 3827 prole-

430 3853 578 3898 t-tum
626 3844 760 3915 (22),
806 3859 933 3898 cum
986 3844 1131 3899 inter
1167 3861 1358 3901 omnes
1410 3855 1642 3913 constet,
1688 3847 1918 3919 δύναμιν
1950 3851 2005 3905 in

430 3934 711 4005 Scriptura
754 3934 889 3991 Novi
934 3936 1264 3992 Testamenti
1315 3939 1617 4008 smpissime
1678 3942 2004 3998 miraculum

428 4031 707 4097 denotare,
733 4028 901 4088 Marc.
936 4047 1013 4094 vi,
1041 4032 1075 4085 5
1101 4032 1218 4104 (25)
1244 4051 1261 4087 :
1289 4033 1536 4104 adeoque
1574 4050 1713 4105 opus
1759 4035 2004 4090 divinum

427 4118 513 4173 vel
543 4120 865 4176 miraculum
898 4137 930 4177 a
961 4120 1181 4177 Christo
1208 4132 1483 4193 patratum
1515 4124 1604 4179 hic
1646 4126 1829 4194 potius
1863 4125 2004 4180 iudi-

430 4211 653 4281 gitatur,
680 4227 745 4266 ex
778 4212 937 4282 cujus
979 4214 1262 4283 stupendis
1291 4214 1576 4270 eﬂ'ectibus
1601 4226 1655 4271 et
1690 4216 1890 4273 virtute
1920 4217 2006 4271 iu-

430 4304 673 4359 credibili
705 4304 759 4358 in
792 4303 1078 4360 Servatore
1111 4314 1298 4362 nostro
1351 4305 1775 4378 haudquaquam
1818 4308 2004 4363 immi~

430 4404 561 4450 nuta
586 4397 921 4452 divinitatem
949 4398 1068 4469 ejus
1095 4400 1290 4455 merito
1322 4415 1621 4470 agnoscere
1648 4409 1813 4470 atque
1844 4418 2004 4457 vene-

2107 3202 2239 3258 cit.:
2284 3201 2340 3255 'O
2372 3199 2478 3273 γὰρ
2506 3198 2757 3254 τοσοῦτον
2799 3199 3029 3270 μέγεθος
3062 3200 3294 3272 οὐρανοῦ
3324 3201 3419 3255 καὶ
3459 3201 3562 3271 γῆς
3594 3202 3692 3256 καὶ

2107 3293 2384 3365 θαλάσσης
2416 3292 2558 3363 λόγῳ
2578 3291 3046 3363 ὑποστησάμενος,
3071 3292 3249 3364 πολλῷ
3280 3290 3479 3363 μᾶλλον
3511 3295 3692 3364 παρά-

2104 3384 2276 3439 δεισον
2312 3384 2491 3448 ἱκανὸς
2523 3382 2928 3453 καταφυτεῦσαι
2956 3386 3183 3456 ῥήματι,
3218 3386 3315 3441 καὶ
3345 3383 3489 3455 λόγῳ
3519 3383 3686 3455 ῥιζῶ-

2107 3497 2201 3533 σαι
2228 3476 2513 3533 πανόλϐιον
2539 3477 2739 3548 χωρίον
2755 3494 2768 3507 ·
2793 3477 2927 3543 ἀλλ’,
2950 3476 3026 3540 ὡς
3055 3478 3289 3549 εἴρηται,
3317 3476 3405 3530 διὰ
3423 3476 3523 3549 τὴν
3551 3477 3690 3547 πρὸς

2104 3572 2198 3626 τὸν
2230 3571 2515 3637 ἄνθρωπον
2546 3568 2710 3641 τιμὴν
2740 3569 2835 3623 καὶ
2874 3569 3168 3641 φυτουργὸς
3191 3570 3402 3637 γίνεται
3437 3568 3690 3640 μυστικῷ

2105 3674 2212 3711 τινι
2235 3657 2379 3728 λόγῳ
2397 3699 2411 3725 ,
2432 3658 2763 3728 ἁκαμάντως
2788 3658 2942 3712 τόνδε
2988 3658 3195 3729 κόσμον
3213 3660 3277 3710 ἐκ
3306 3657 3400 3711 τοῦ
3436 3657 3510 3731 μὴ
3534 3658 3689 3722 ὄντος

2106 3750 2187 3813 εἰς
2211 3749 2270 3803 τὸ
2301 3744 2441 3803 εἶναι
2474 3749 2739 3821 παράγων
2772 3749 3005 3822 θελήσει.
3034 3748 3174 3803 Nam
3198 3752 3288 3821 qui
3314 3759 3518 3803 tantam
3544 3749 3686 3813 caeli,

2110 3851 2264 3897 terra:
2292 3859 2355 3896 ac
2383 3844 2548 3896 maris
2586 3846 2773 3895 molem
2804 3842 2955 3895 verbo
2988 3841 3284 3912 fundasset,
3323 3843 3485 3895 multo
3513 3842 3685 3911 magis

2107 3935 2320 3990 hortum
2360 3944 2567 4004 poterat
2596 3933 2738 3987 dicto
2774 3933 3038 4002 plantare,
3082 3944 3130 3988 et
3171 3933 3529 3986 beatissimum
3560 3932 3685 4000 [un-

2105 4029 2231 4081 dum
2258 4034 2407 4081 verba
2433 4042 2721 4095 conserere.
2750 4025 2854 4079 Sed
2880 4025 3322 4095 quemadmodum
3349 4027 3550 4078 dictum
3578 4036 3683 4089 est,

2106 4127 2165 4171 ut
2194 4117 2454 4171 hominem
2486 4115 2680 4169 honore
2705 4116 2948 4185 apicem,
2983 4115 3144 4169 etiam
3187 4113 3437 4169 arborum
3481 4132 3681 4169 arcana

2104 4212 2335 4280 quadam
2376 4209 2582 4263 ratione
2612 4210 2788 4279 [actus
2818 4218 2896 4262 est
2942 4208 3137 4274 cultor,
3166 4208 3257 4277 qui
3293 4208 3406 4262 sine
3444 4207 3556 4263 ullo
3597 4213 3683 4264 la-

2106 4282 2225 4355 bore
2248 4300 2500 4354 mundum
2526 4282 2753 4353 hunc'ex
2779 4316 2882 4353 non
2906 4315 3016 4354 esse
3044 4299 3114 4353 ad
3141 4315 3249 4353 esse
3276 4298 3390 4352 sola
3412 4298 3684 4354 voluntate

2104 4393 2444 4460 perduxerat.

432 4486 541 4540 rari
584 4486 903 4542 tenebantur
957 4504 1167 4545 omnes.
1225 4487 1346 4556 Quo
1402 4506 1566 4545 sensu
1629 4500 1684 4545 et
1733 4490 2003 4547 Macarius
2032 4471 2079 4529 D
2109 4485 2136 4557 ᾗ
2169 4484 2285 4539 XV.
2320 4485 2577 4539 Doctrina
2607 4483 2869 4554 Magnetis
2896 4484 2959 4537 de
2988 4483 3186 4553 angelis
3209 4492 3259 4537 et
3284 4485 3347 4537 de
3374 4484 3518 4537 cultu
3543 4484 3682 4539 ima-

431 4584 614 4630 noster
646 4577 786 4633 hanc
830 4580 1003 4648 ipsam
1043 4580 1326 4635 historiam
1373 4590 1575 4636 sanctae
1604 4582 1848 4636 mulieris
1893 4584 2000 4637 ha:-

432 4668 775 4723 morrlrouste
816 4670 884 4724 ad
931 4672 1196 4727 miracula
1227 4672 1429 4729 Christi
1473 4673 1656 4728 divina
1704 4675 1890 4728 retulit
1943 4674 1999 4729 in

508 4799 620 4870 (2!)
657 4798 790 4874 Quin
831 4803 993 4874 verba
1037 4804 1221 4874 itidem
1260 4819 1292 4859 e
1336 4804 1524 4860 Grreco
1556 4813 1704 4860 textu
1734 4804 1999 4874 Magnetis

431 4885 489 4925 se
511 4871 838 4926 convertisse
857 4872 1139 4932 conﬁrmat
1158 4873 1350 4929 Franc.
1372 4873 1673 4929 Turrianus
1698 4876 1749 4929 in
1767 4871 2001 4933 tractatu

436 4939 500 4993 de
534 4940 870 4994 sanctissima
916 4942 1257 4998 Eucharistia
1286 4955 1477 5000 contra
1517 4945 1790 5000 Andream
1838 4944 1998 5002 Vola-

430 5024 585 5083 num2
618 5026 677 5083 ι).Δ
700 5026 774 5083 ru.
804 5012 871 5067 75
896 5028 1047 5083 seqq.

501 5078 632 5153 βῆ
649 5080 806 5153 Absit
834 5089 945 5137 haec
974 5078 1211 5153 profana
1246 5083 1535 5148 sententia,
1562 5086 1715 5153 quasi
1741 5084 1997 5145 Christus

428 5147 625 5203 eﬂluxu
652 5152 886 5225 quodam
912 5147 1159 5223 corporis
1182 5154 1289 5219 sui,
1312 5154 1397 5207 vel
1428 5147 1527 5224 per
1554 5147 1793 5225 magicas
1830 5168 1996 5225 artes,

425 5233 716 5297 tegrqrum_
723 5223 947 5297 morbos
958 5226 1264 5297 curaverit,
1286 5237 1410 5297 cum
1431 5223 1513 5278 de
1535 5223 1719 5297 sensu
1733 5223 2001 5297 corporeo

425 5289 739 5361 auspicandi
770 5292 974 5361 aliquid
1006 5295 1153 5349 nulla
1185 5293 1272 5348 hic
1314 5294 1386 5348 sit
1413 5308 1601 5361 causa,
1630 5289 1844 5349 nullum
1872 5296 1996 5357 fnu-

424 5357 759 5434 damentum.
792 5357 1087 5434 Gentilium
1126 5365 1239 5418 haec
1261 5372 1380 5419 erat
1403 5357 1698 5434 calumnia,
1722 5366 1837 5434 qui,
1864 5375 1999 5422 teste

424 5429 665 5508 Qrtrobio
698 5431 792 5486 lib.
829 5447 844 5485 ι
871 5430 1130 5508 {adversus
1161 5444 1361 5508 gentes,
1386 5449 1440 5508 ρ.
1466 5449 1541 5491 nt.
1573 5429 1999 5508 23,9:ilun1nio-

425 5496 503 5578 sis
531 5496 635 5578 illis
660 5510 713 5555 et
736 5501 1038 5578 puerilibus
1069 5496 1552 5578 vocibusobjicerc;
1573 5496 1821 5578 solebant
1844 5504 1999 5578 Chri-

426 5569 647 5644 stianis,
692 5569 837 5644 quod
882 5570 1129 5627 Christus
1176 5569 1594 5644 magus'fuerit,
1641 5573 1997 5644 clandestinis

426 5635 636 5714 artibus
683 5635 864 5714 omnia
898 5643 1167 5714 miracula
1199 5635 1458 5714 eﬂ‘éccrit,
1502 5635 1881 5714 Egyptiorum
1918 5659 1995 5714 ex

429 5703 602 5785 adytis
628 5706 939 5785 angelorum
969 5711 1266 5785 potentium
1295 5703 1539 5785 nomina,
1569 5703 1628 5785 at
1646 5703 1886 5785 remotas
1911 5712 1995 5767 lu-

420 5780 583 5853 ~ratus
621 5776 692 5829 sit
723 5776 1071 5853 disciplinas._
1097 5780 1273 5845 Quam
1315 5776 1840 5851 impudentissimam
1874 5786 2017 5839 -cri-‘

2788 4593 2911 4646 gum
2920 4593 2992 4629 nt.

2175 4670 2466 4740 Speciatim
2522 4668 2591 4725 de
2641 4670 2917 4724 creatione
2954 4667 3293 4738 angelorum,
3342 4684 3483 4738 quos
3535 4669 3678 4725 inter

2103 4804 2456 4860 minutionem
2486 4804 2764 4859 Arnobius
2799 4804 3019 4873 speciali
3058 4802 3469 4858 enumeratione
3506 4803 3679 4859 mira-

2102 4878 2350 4932 culorum
2384 4874 2584 4929 Christi
2612 4874 2725 4929 sola
2755 4874 2996 4929 nominis
3029 4874 3406 4943 sui°potestate
3436 4884 3491 4928 et
3517 4874 3679 4927 invo-

2101 4947 2314 5001 catioue
2360 4946 2480 4999 sine
2525 4944 2632 4997 ulla
2675 4944 2725 4998 vi
2776 4946 3103 5008 carminum,
3148 4953 3243 4997 aut
3287 4944 3577 4997 herbarum
3620 4953 3678 4999 et.

2101 5015 2407 5084 graminum
2438 5015 2639 5079 succis,
2673 5016 2791 5068 sine
2824 5015 2949 5069 ullis
2983 5016 3142 5083 plane
3167 5015 3378 5068 artibus
3418 5015 3683 5084 immanis

2172 5094 2447 5140 ractorum
2499 5085 2710 5153 egregie
2755 5085 2941 5144 diluit,
2991 5099 3285 5152 veramque
3331 5083 3672 5137 divinitatem

2176 5156 2409 5209 rvatoris
2449 5155 2624 5208 nostri
2653 5153 2849 5209 exinde
2887 5156 3238 5224 comprobat:
3280 5154 3548 5216 Desistite,
3585 5156 3671 5207 iu—

2099 5227 2238 5295 quit,
2275 5240 2306 5276 ο
2330 5225 2513 5288 nescii,
2544 5226 2598 5278 in
2625 5224 2909 5295 maledicta
2934 5235 3229 5278 convertere
3259 5240 3340 5277 res
3370 5232 3670 5281 tantas.....
3705 5262 3712 5273 -

2101 5294 2275 5357 Nihil,
2313 5309 2368 5347 ut
2410 5295 2618 5358 remini,
2649 5294 2934 5362 magicum,
2961 5295 3094 5348 nihil
3120 5295 3433 5358 humanum,
3459 5295 3665 5363 pra’sti-

2099 5368 2448 5436 giosum._aut
2480 5364 2940 5436 subdolum,_nihil
2969 5365 3175 5436 fraudis
3199 5363 3416 5436 delituit
3439 5365 3493 5417 in
3519 5363 3675 5419 Chri-

2098 5433 2292 5490 ὀισπ...
2319 5433 2460 5488 Deus
2482 5434 2573 5488 ille
2589 5434 2830 5487 sublimis
2855 5433 2979 5502 fuit,
3003 5434 3139 5488 Deus
3163 5434 3342 5487 radice
3361 5433 3427 5487 ab
3453 5436 3666 5496 intima,

2104 5506 2239 5559 Deus
2286 5506 2351 5557 ab
2387 5505 2673 5575 incognitis
2716 5507 2910 5575 regnis,
2958 5514 3009 5557 et
3053 5507 3119 5559 ab
3154 5504 3387 5558 antarium
3428 5504 3676 5575 principe

2096 5575 2240 5630 Deus
2275 5574 2560 5643 sospitator
2582 5583 2659 5629 est
2685 5574 2899 5643 missus,
2926 5583 3031 5630 etc.

2169 5644 2282 5715 (‘25)
2321 5645 2480 5698 Cont‘.
2512 5642 2941 5715 Gotthgiotearii
2982 5643 3382 5699 Observationes
3409 5657 3578 5697 sacrae
3608 5659 3672 5697 in

2102 5713 2433 5783 Matt/tantm,
2464 5728 2517 5783 p.
2544 5730 2616 5766 ιη.
2641 5713 2748 5783 275
2771 5728 2924 5782 seqq.

2174 5784 2283 5854 (24)
2306 5782 2436 5838 Vide
2455 5781 2646 5855 fragm.
2671 5781 2713 5837 ll
2728 5781 3123 5853 supraallatum
3144 5784 3213 5856 (c.
3228 5783 3387 5852 1580,
3407 5783 3669 5855 ποια.)
