4058 6362
294 443 435 502 1595

1428 451 1708 509 ΝΟΊῚΤΙΑ
1744 454 1835 509 ΕΤ
1876 455 2314 514 FRAGMENTA.

3398 467 3534 521 i394

291 568 774 639 praestantissimis
794 578 1076 625 creaturas
1105 570 1282 640 primo
1309 572 1427 628 loco
1454 575 1626 643 ponit,
1652 575 1725 628 ita
1754 576 1870 630 dis-
1899 581 1945 637 Δ
1973 578 2130 633 asciti
2166 591 2313 646 sunt,
2360 579 2454 636 ubi
2485 578 2682 637 faciem
2724 580 2815 636 Dei
2845 578 3021 636 Patris
3049 581 3288 638 caelestis
3321 583 3374 637 in
3410 601 3535 654 per-

293 661 427 716 serit
452 660 721 739 Macarius
750 659 991 732 Magnes,
1037 671 1097 716 ιιι
1126 671 1373 718 naturam
1409 667 1651 735 ipsorum
1703 667 1868 736 spiri-

293 751 530 813 tualem,‘
574 752 941 822 incorruptam
994 760 1049 807 et
1093 753 1454 809 immortalem
1509 758 1734 811 extollat
1785 759 1868 814 his

285 844 496 907 verbis.
527 859 648 910 quae
677 845 731 900 in
776 845 1079 915 fragmento
1114 847 1181 904 ιν
1234 849 1646 918 Ἀποκριτικῶν
1676 852 1868 922 legun-

294 943 423 988 tur:
458 936 680 1000 Λοιπὸν,
704 937 801 1007 τὴν
834 939 962 1009 περὶ
994 939 1101 992 τῶν
1135 940 1382 1008 ἀγγέλων
1410 943 1627 1014 καὶτῆς
1654 944 1867 1016 ἀφθαρ-

296 1026 419 1090 σίας
457 1027 634 1081 αὐτῶν
673 1028 895 1099 λέξομεν
936 1030 1034 1100 τὴν
1075 1031 1465 1085 ὑπόθεσιν......
1511 1034 1597 1089 ἵνα
1640 1014 1724 1123 τγς
1761 1036 1869 1089 τῶν

294 1117 702 1190 εὐφρονούντων
738 1119 976 1185 ἀκούσας
1008 1123 1066 1175 ὲν
1090 1122 1303 1193 οὐρανῷ
1333 1123 1552 1195 λογικὴν
1581 1117 1766 1180 οὐσίαν
1793 1127 1869 1199 τῷ

293 1211 395 1281 τῆς
423 1210 723 1275 ἀθανασίας
756 1211 897 1282 λόγῳ
944 1213 1437 1283 πανηγυρίζουσαν,
1478 1217 1725 1270 τουτέστι
1760 1219 1869 1274 τῶν

300 1301 588 1372 μακαρίων
620 1302 713 1355 καὶ
742 1302 1047 1373 ἀσωμάτων
1084 1302 1384 1372 δυνάμεων,
1416 1305 1491 1370 ὡς
1522 1306 1747 1361 δυνατὸν
1776 1309 1869 1362 τὸν

278 1390 413 1461 ,βίον
458 1392 593 1463 πρὸς
634 1394 830 1455 αὐτοὺς
868 1394 1167 1465 ρυΘμίσειε,
1202 1397 1297 1449 καὶ
1335 1397 1433 1467 τὴν
1465 1397 1687 1452 ἐκείνων
1712 1399 1868 1466 ἀξίαν

296 1487 411 1548 τοῖς
441 1483 622 1554 ἔργοις
647 1483 955 1554 ζηλώσειεν,
988 1504 1039 1540 κ.
1070 1504 1121 1540 τ.
1158 1487 1208 1542 λ.
1239 1487 1489 1556 Deinceps
1530 1491 1867 1559 questionem

298 1576 365 1630 de
392 1576 591 1645 angelis
620 1586 670 1630 et
699 1592 880 1630 eorum
910 1579 1213 1647 incorrupta
1251 1589 1444 1633 natura
1472 1582 1755 1635 tractaturi
1780 1598 1869 1636 su—

254 1660 259 1665 ’
297 1680 555 1719 mus......
587 1664 658 1717 At
684 1665 892 1734 sapiens
924 1668 1138 1737 quisque
1175 1684 1293 1721 cum
1341 1669 1593 1733 audierit,
1625 1670 1869 1725 substan-

299 1754 432 1808 tiam
485 1754 798 1809 rationalem
845 1756 900 1809 in
944 1757 1071 1810 caelo
1109 1774 1241 1823 esse,
1286 1775 1403 1831 quia
1448 1761 1867 1815 immortalitatis
1905 1817 1910 1823 _

1970 668 2111 725 fecto
2139 670 2489 727 beatitudinis
2506 681 2645 727 statu
2677 673 2880 738 vident,
2912 671 3101 727 Matth.
3134 690 3291 737 xvut,
3328 675 3418 729 iO.
3456 675 3532 729 Ex

1968 760 2071 814 ista
2101 769 2283 815 autem
2316 761 2662 832 simplicitate
2694 764 2944 818 essentia:
2975 772 3135 833 atque
3162 765 3535 821 immateriali-

1968 860 2097 914 tate,
2144 867 2251 921 qua
2296 853 2531 922 gaudent
2574 854 2772 924 angeli,
2800 863 2993 923 sponte
3038 868 3135 908 sua
3183 855 3535 924 consequitur

1968 941 2208 1009 ipsorum
2240 939 2513 1012 ἀφθαρσία
2536 953 2696 1012 atque
2729 943 3323 1029 iiiiniorlalitas,lquatii
3358 943 3533 999 Maca-

1968 1032 2083 1086 rius
2122 1032 2255 1101 ipsis
2282 1033 2516 1087 vindicat
2544 1034 2629 1089 his
2660 1034 2877 1089 verbis:
2912 1035 3029 1087 Ἵνα
3071 1037 3157 1099 τὶς
3188 1036 3295 1090 τῶν
3335 1040 3532 1110 εὐφρο-

1966 1121 2199 1176 νούντων
2229 1122 2464 1186 ἀκούσας
2502 1125 2561 1178 ὲν
2601 1123 2814 1195 οὐρανῷ
2853 1124 3072 1197 λογικὴν
3103 1126 3289 1180 οὐσίαν
3322 1126 3399 1198 τῷ
3436 1129 3535 1198 τῆς

1966 1211 2263 1278 ἀθανασίας
2287 1213 2428 1284 λόγῳ
2457 1214 2941 1285 πανηγυρίζουσαν.

2035 1302 2172 1357 Cum
2228 1318 2355 1358 vero
2408 1303 2605 1358 veteris
2659 1301 2911 1357 Ecclesiae
2964 1303 3217 1358 doctores
3280 1304 3532 1372 principii

1966 1396 2085 1451 loco
2106 1403 2388 1465 ponerent.
2423 1410 2484 1448 ea
2508 1410 2624 1463 quae
2660 1396 2870 1447 initium
2899 1395 3210 1454 habuerunt.
3241 1399 3533 1451 necessario

1963 1488 2127 1553 ﬁnem
2166 1487 2411 1542 habitura
2438 1486 2916 1559 (quemadmodum
2960 1496 3014 1541 et
3056 1487 3319 1542 Macarius
3348 1479 3533 1543 noster

1968 1581 2024 1636 in
2059 1580 2463 1650 comparatione
2494 1580 2773 1634 beatorum
2806 1579 3084 1633 hominum
3130 1581 3533 1650 resurgentium

1968 1688 2091 1727 cum
2121 1672 2439 1743 angelorum
2480 1680 2622 1726 statu
2664 1670 2821 1725 beato
2862 1669 2992 1723 illud
3021 1671 3218 1738 pariter
3240 1670 3307 1724 de
3340 1672 3532 1726 iisdem

1968 1762 2246 1834 praedicat,
2285 1763 2381 1816 καὶ
2419 1760 2672 1833 τελευτὴν
2715 1761 2911 1833 μηκέτι
2960 1762 3093 1832 μηδὲ
3136 1762 3348 1830 γένεσιν
3385 1762 3534 1832 ἔχον-

298 1861 513 1899 munere
549 1844 778 1916 gaudeat
810 1844 1010 1918 (beatas
1039 1862 1219 1917 nempe
1262 1860 1309 1902 et
1340 1850 1673 1918 incorporeas
1701 1853 1869 1906 virtu—
1903 1911 1939 1923 __
1967 1871 2079 1918 τες,
2103 1854 2220 1923 jam
2253 1869 2345 1907 nec
2385 1862 2559 1906 ortum
2601 1852 2845 1906 habentes
2880 1867 2971 1905 nec
3017 1853 3335 1923 interitum),
3369 1863 3533 1922 atque

297 1938 419 2005 tes),
452 1937 633 2002 vitam,
660 1946 914 2007 quantum
939 1938 1058 2006 ﬁeri
1083 1948 1270 2008 potest,
1303 1940 1372 1994 ad
1399 1957 1578 1995 eorum
1609 1943 1868 1997 imitatio-

298 2043 416 2080 nem
471 2036 770 2101 componat,
825 2044 1103 2099 eorumque
1154 2030 1378 2100 gloriam
1438 2034 1679 2102 operibus
1735 2035 1871 2104 alie-

293 2127 421 2182 ctet,
460 2129 565 2174 etc.
609 2118 763 2174 Patet
791 2121 1006 2187 exinde,
1051 2124 1275 2192 angelos
1317 2124 1403 2179 hic
1430 2126 1661 2181 describi
1696 2125 1772 2199 l°)
1809 2135 1870 2183 ut

294 2211 633 2266 substantias
650 2212 953 2281 spirituales
982 2224 1031 2267 et
1060 2214 1414 2283 incorporeas,
1441 2217 1763 2288 ἀσωμάτους
1776 2218 1868 2273 δυ-

295 2302 507 2373 νάμεις,
543 2319 662 2373 quae
694 2304 749 2358 in
775 2305 1111 2367 antecedenti
1145 2322 1396 2361 sermone
1424 2309 1733 2366 hominibus
1768 2324 1867 2382 0p-

293 2405 591 2463 ponuntur,
616 2396 710 2465 qui
743 2396 1008 2465 originem
1035 2412 1188 2452 suam
1213 2413 1244 2452 a
1269 2400 1472 2454 carnali
1498 2416 1865 2472 corporeaque

293 2487 642 2556 generatione
670 2487 891 2554 habent,
920 2489 1014 2559 qui
1038 2489 1105 2544 ab
1127 2490 1408 2546 immunda
1430 2508 1719 2562 corporum
1743 2512 1877 2563 ger:

292 2577 593 2633 minatione
622 2579 985 2635 substantiam
1018 2592 1301 2649 ceperunt,
1341 2591 1395 2637 et
1435 2584 1600 2654 geniti
1631 2585 1862 2656 gignen-

294 2675 484 2736 tesque
512 2668 683 2723 instar
714 2669 970 2725 foliorum
999 2670 1109 2725 cito
1137 2672 1409 2740 deﬂuunt;
1442 2689 1566 2729 cum
1613 2685 1863 2731 econtra-

292 2758 379 2815 rio
411 2760 585 2830 angeli
619 2761 728 2816 sint
755 2762 1081 2834 σωματικῶν
1116 2760 1301 2818 παθῶν
1329 2766 1424 2818 καὶ
1454 2764 1667 2835 δεσμῶν
1691 2767 1864 2821 ἀπαλ-

291 2847 569 2918 λαγέντες,
624 2854 901 2922 corporeis
961 2854 1243 2910 affectibus
1286 2865 1340 2911 et
1387 2857 1620 2913 vinculis
1670 2858 1857 2914 liberi:

292 2942 753 3011 quemadmodum
786 2944 843 3000 in
868 2943 1175 3017 fragmento
1200 2946 1268 3012 ll,
1304 2948 1549 3017 angelum
1579 2965 1674 3018 per
1714 2949 1860 3006 ἀσὼς

296 3028 463 3099 ματόν
492 3047 611 3085 τινα
648 3032 925 3103 τάγματος
967 3034 1301 3106 ἀνωφεροῦς,
1337 3035 1455 3090 θεὸν
1488 3036 1586 3109 τὴν
1624 3038 1770 3092 Θὲσιν
1797 3040 1859 3093 οὐ

291 3116 391 3189 τὴν
424 3117 584 3186 φύσιν
621 3118 953 3192 ὑπάρχοντα,
992 3123 1045 3176 id
1071 3131 1156 3177 est
1192 3126 1554 3194 incorporeum
1581 3128 1885 3199 quemdam~

1968 1944 2163 1998 exinde
2194 1944 2528 2011 colligerent,
2561 1943 2781 2012 angelos
2822 1960 2928 1997 non
2976 1952 3187 2007 natura,
3228 1946 3319 1998 sed
3362 1943 3570 2013 gratia,

1967 2031 2305 2088 immortales
2331 2046 2453 2086 esse
2478 2050 2491 2085 :
2532 2031 2584 2085 id
2614 2032 2802 2085 saltem
2840 2029 3078 2085 indicare
3102 2030 3411 2092 voluerunt,
3440 2047 3530 2084 so-

1965 2121 2076 2176 lum
2118 2120 2287 2176 Deum
2330 2119 2769 2191 independentcr,
2813 2120 3075 2184 absolute,
3118 2129 3172 2174 et
3215 2136 3278 2174 ca
3322 2120 3534 2174 ratione

1965 2210 2326 2266 immortalem
2376 2224 2537 2274 esse,
2596 2216 2654 2262 ut
2706 2210 2854 2262 nullo
2907 2209 3068 2263 modo
3120 2209 3277 2264 linem
3334 2211 3534 2265 habere

1965 2313 2148 2373 queat,
2185 2301 2207 2356 l
2253 2299 2395 2354 Tim.
2438 2316 2512 2367 vt,
2560 2299 2665 2366 16;
2696 2300 2916 2368 angelos
2957 2311 3135 2353 autem
3172 2316 3267 2355 ceu
3309 2302 3537 2371 spiritus.

1964 2403 2175 2450 creatos
2200 2392 2559 2465 dependenter
2584 2399 2638 2446 et
2663 2406 2729 2444 ex
2770 2391 3042 2445 voluntate
3073 2390 3163 2445 Dei
3199 2394 3534 2448 immortales

1962 2502 2103 2550 esse,
2133 2486 2208 2541 ita
2236 2485 2477 2556 quidem,
2510 2493 2570 2539 ut
2597 2484 2722 2538 licet
2746 2493 2938 2536 natura
2972 2483 3187 2539 illorum
3230 2486 3282 2538 in
3314 2502 3370 2539 se
3404 2476 3553 2571 spe--

1964 2589 2105 2636 ctata
2132 2577 2463 2647 eorruptioni
2503 2574 2739 2631 obnoxia
2776 2590 2883 2628 non
2913 2576 3004 2642 sit,
3044 2576 3202 2630 linem
3241 2587 3442 2658 tamen,
3484 2580 3529 2635 si

1963 2671 2107 2727 Deus
2143 2671 2289 2737 velit,
2327 2670 2525 2724 habere
2562 2667 2792 2738 possint.
2830 2667 3006 2737 Atque
3046 2670 3098 2722 in
3129 2686 3193 2723 eo
3233 2678 3389 2744 χάρις
3419 2663 3529 2733 illa,

1962 2777 2067 2833 qua
2092 2760 2424 2815 immortales
2443 2758 2698 2813 dicuntur
2719 2771 2839 2811 esse
2868 2758 3065 2827 angeli,
3091 2744 3362 2825 consistit,
3386 2763 3529 2829 quod

1962 2873 1992 2909 a
2028 2853 2136 2908 Deo
2161 2862 2582 2916 conservantur;
2611 2865 2733 2904 cum
2769 2851 2969 2921 alioqui
3004 2851 3056 2903 in
3102 2851 3350 2915 nihilum,
3391 2852 3532 2905 unde

1962 2944 2066 2999 orti
2094 2955 2245 3007 sunt,
2265 2952 2447 2997 essent
2474 2940 2717 2994 redituri.
2751 2936 2887 2995 lliuc
2915 2940 3117 2995 Aineas
3143 2941 3366 2996 Casinus
3395 2942 3528 3011 (9.5),

1962 3035 2167 3089 veritus
2216 3048 2285 3087 ne
2337 3032 2440 3086 hac
2487 3030 2733 3085 doctrina
2781 3029 3174 3083 immortalitati
3217 3031 3526 3085 animorum

1962 3123 2209 3180 nonnihil
2241 3122 2639 3185 detraheretur,
2673 3119 2999 3190 principium
3030 3121 3179 3187 illud,
3214 3138 3362 3175 omne
3392 3124 3529 3191 quod

291 3212 579 3280 superioris
630 3213 854 3275 ordinis,
890 3216 980 3284 qui
1020 3217 1323 3286 adoptione,
1362 3236 1463 3275 non
1518 3230 1733 3287 natura,
1787 3223 1856 3276 sit
1885 3240 1927 3298 ο
1960 3229 2070 3267 esse
2123 3211 2336 3282 incepit,
2378 3209 2660 3263 obnoxium
2688 3210 2927 3264 interitui
2970 3224 3102 3271 esse,
3131 3208 3196 3261 ad
3233 3208 3528 3277 planiorem

289 3296 441 3363 deus,
462 3300 712 3369 explicat.
743 3300 896 3358 Unde
923 3312 977 3359 et
1001 3307 1347 3374 postmodum
1375 3308 1429 3361 in
1462 3307 1767 3379 fragmento
1794 3310 1858 3366 Vl

291 3388 621 3445 iuvisibilem
681 3402 970 3459 naturam,
1024 3396 1267 3467 adeoque
1304 3408 1359 3454 et
1408 3399 1856 3468 immaterialem,

289 3482 496 3550 angelis
526 3484 716 3538 tribuit
742 3484 1031 3554 Macarius,
1058 3489 1280 3546 dicens:
1313 3492 1375 3545 Et
1404 3492 1513 3566 γὰρ
1550 3495 1642 3549 καὶ
1662 3495 1731 3551 τὰ
1758 3496 1861 3568 μάψ

288 3571 447 3627 λιστα
472 3575 530 3628 ὲν
562 3574 793 3648 ἀνδρείῳ
833 3579 1071 3650 σχήματι
1117 3581 1334 3651 ἄγγελοί
1382 3602 1511 3639 ποτε
1559 3586 1857 3657 ἐφάνησαν,

287 3664 405 3721 ἀλλ’
433 3665 495 3719 οὐ
522 3667 582 3720 τὸ
605 3668 769 3736 φανὲν
800 3664 960 3742 ἦσαν,
983 3672 1096 3725 ἀλλ’
1119 3673 1256 3744 ὅπερ
1282 3671 1440 3747 ἦσαν,
1465 3676 1693 3749 ἀόρατόν
1720 3681 1857 3735 ἐστι.

289 3755 349 3812 Id
377 3766 460 3812 est
487 3777 501 3813 :
540 3757 663 3814 Etsi
689 3762 827 3815 enim
856 3762 1092 3818 humana
1120 3775 1178 3820 ut
1206 3767 1496 3836 plurimum
1537 3772 1701 3838 specie
1733 3772 1859 3826 olim

290 3852 466 3921 angeli
489 3867 865 3923 apparuerunt,
887 3866 945 3910 at
973 3875 1074 3913 non
1104 3860 1161 3914 id
1190 3862 1360 3930 ipsum
1391 3872 1563 3927 erant,
1588 3864 1727 3933 quod
1763 3882 1859 3936 ap-

288 3943 536 4014 parebat;
566 3944 656 3999 sed
685 3947 824 4016 quod
849 3957 1018 4013 erant,
1056 3950 1109 4001 id
1136 3951 1337 4006 uisibile
1367 3969 1469 4006 non
1498 3962 1597 4006 est.

363 4036 443 4108 2°)
484 4036 876 4093 Describuntur
909 4043 1087 4110 angeli
1115 4050 1173 4096 ut
1213 4044 1529 4105 substantia:
1554 4036 1859 4117 intelligen-

290 4137 396 4195 tcs,
438 4128 569 4182 dum
607 4128 879 4185 Macarius
924 4132 1172 4201 angelum
1218 4144 1376 4189 vocat
1413 4135 1633 4207 λογικὴν
1672 4138 1858 4194 οὐσίαν

288 4220 345 4271 ὲν
368 4220 602 4291 οὐρανῷ,
640 4222 997 4298 substantiam
1031 4224 1339 4278 rationalem
1378 4228 1434 4279 in
1465 4228 1625 4291 caelo;
1651 4238 1707 4283 ut
1735 4246 1854 4284 eam

286 4310 645 4380 distingueret
674 4320 786 4366 tum
815 4329 847 4366 a
880 4313 1198 4369 substantiis
1224 4315 1580 4385 rationalibus
1610 4318 1663 4372 in
1692 4328 1855 4384 terra,

287 4400 605 4455 hominibus
633 4402 816 4456 anima
849 4411 905 4456 et
940 4418 1167 4472 corpore
1197 4405 1476 4474 praeditis;
1514 4416 1627 4465 tum
1668 4426 1699 4465 a
1728 4411 1858 4465 sub-

287 4492 503 4547 stantiis
558 4508 693 4561 pure
738 4494 1110 4549 materialibus
1153 4496 1266 4551 sive
1311 4499 1609 4567 corporeis,
1656 4502 1856 4571 quibus

1960 3324 2178 3363 sensum
2229 3315 2469 3370 revocat,
2504 3308 2845 3378 ostenditque
2898 3305 3135 3359 animam
3186 3305 3525 3369 rationalem,

1957 3400 2159 3469 pariter
2183 3409 2344 3466 atque
2366 3397 2608 3466 angelos,
2641 3409 2830 3467 suapte
2859 3405 3049 3450 natura
3072 3396 3387 3450 morituram
3420 3411 3527 3449 non

1958 3486 2227 3544 csse:llle
2252 3490 2411 3553 enim,
2438 3488 2634 3558 inquit,
2658 3489 2748 3559 qui
2774 3497 2829 3541 ut
2860 3497 3026 3541 essent
3049 3486 3271 3556 largitus
3295 3497 3392 3550 est,
3420 3488 3530 3539 ani-

1961 3581 2058 3635 mis
2084 3580 2274 3634 nostris
2301 3579 2550 3634 concessit
2589 3595 2811 3653 qaoque,
2833 3587 2891 3631 ut
2917 3594 3116 3646 semper
3142 3585 3331 3644 essent,
3360 3577 3527 3630 illud-

1957 3688 2054 3743 qae
2098 3672 2294 3725 donum
2332 3671 2446 3741 ipsa
2462 3671 2584 3739 jam
2623 3680 2819 3724 natura
2852 3679 2949 3724 est.
2985 3667 3197 3722 Habent
3236 3668 3398 3736 igitur
3431 3684 3528 3722 an-

1958 3764 2060 3834 geli
2089 3763 2142 3817 in
2178 3778 2238 3819 se
2268 3763 2421 3832 ipsis,
2451 3771 2589 3817 utet
2614 3763 2798 3817 anima
2824 3761 3129 3827 rationalis,
3155 3777 3264 3830 quo
3300 3760 3524 3814 immor-

1948 3855 2093 3911 tales
2125 3855 2251 3919 sint,
2282 3854 2481 3926 quippe
2522 3870 2648 3910 cum
2691 3854 2958 3924 ejusmodi
2989 3864 3236 3910 naturam
3285 3869 3315 3906 a
3343 3868 3523 3907 rerum

1959 3956 2181 4001 auctore
2215 3946 2393 4001 sortiti
2421 3946 2530 4001 sint
2553 3946 2687 4016 (‘26).

2026 4038 2188 4092 Addit
2227 4036 2493 4093 Macarius
2520 4038 2573 4090 in
2606 4036 2792 4091 eodem
2831 4034 3171 4105 fragmento;
3204 4035 3279 4088 Οὐ
3314 4035 3420 4106 μὴν
3443 4039 3521 4089 si-

1958 4128 2121 4192 κόνας
2150 4128 2372 4182 ἐκείνων
2398 4126 2657 4192 τυπώσας
2688 4127 2765 4199 τῷ
2798 4130 3053 4200 σχήματι,
3098 4142 3200 4179 non
3247 4136 3423 4179 autem
3455 4126 3523 4179 il-

1957 4221 2127 4274 lorum
2151 4219 2400 4290 imagines
2430 4220 2666 4290 eﬁingens
2689 4219 2821 4287 (27).
2851 4220 2980 4285 Qua:
3006 4218 3164 4271 verba
3198 4216 3522 4286 philosopho

1958 4312 2166 4377 Graeco,
2197 4326 2321 4365 cum
2356 4326 2467 4381 quo
2507 4312 2610 4365 sibi
2650 4326 2735 4364 res
2764 4320 2901 4372 erat,
2932 4308 3074 4362 haud
3117 4308 3318 4362 frustra
3348 4324 3521 4377 oppo-

1958 4405 2068 4459 suit
2105 4402 2403 4469 Macarius,
2451 4402 2580 4457 dum
2641 4401 2848 4471 angelis
2896 4411 3089 4457 natura
3146 4401 3352 4457 similes
3402 4416 3522 4455 esSe

1957 4498 2088 4552 deos
2128 4510 2260 4551 suos
2284 4493 2650 4564 j_actitaverat,
2679 4502 2738 4547 ut.
2757 4492 2951 4547 exinde
2971 4492 3175 4547 cultum
3204 4491 3518 4548 earumdem

284 4582 371 4638 vis
405 4584 698 4654 cogitandi,
725 4585 1054 4657 intelligendi
1093 4596 1258 4658 atque
1292 4589 1653 4647 ratiocinandi
1696 4593 1854 4648 attri-
1892 4575 1934 4629 ι)
1958 4588 2201 4643 divinum
2248 4586 2412 4642 veluti
2439 4586 2589 4656 justo
2629 4586 2862 4654 quodam
2910 4584 3065 4638 titulo
3099 4585 3323 4640 delinire
3361 4601 3522 4655 posse

284 4674 378 4729 bui
415 4676 621 4744 nequit.

363 4765 609 4837 Denique
644 4768 725 4830 3°)
761 4769 1147 4839 describuntur
1196 4772 1371 4841 angeli
1419 4780 1479 4827 ut
1535 4773 1857 4829 substantias

283 4857 456 4914 beata:
478 4869 642 4929 atque
682 4863 736 4915 in
764 4862 1032 4932 spirituali
1077 4878 1172 4916 sua
1208 4874 1399 4918 natura
1429 4874 1482 4919 et
1524 4865 1855 4933 perfectione

286 4950 495 5005 calesti
534 4952 714 5007 liberie
759 4954 828 5008 ab
864 4953 1014 5007 omni
1053 4954 1370 5020 mutatione,
1411 4956 1762 5024 corruptione
1796 4966 1855 5012 et

284 5043 639 5099 mortalitate.
669 5042 771 5100 Hic
807 5032 953 5099 enim
981 5053 1101 5099 erat
1130 5058 1328 5113 scopus
1354 5046 1711 5116 expositionis
1747 5046 1854 5102 Ma-

284 5135 540 5199 carianae,
579 5132 725 5203 quod
763 5149 829 5188 ex
871 5137 1119 5205 exemplo
1162 5135 1499 5205 angelorum,
1529 5137 1637 5192 τῶν
1674 5155 1853 5209 μακα-

287 5226 420 5297 ρίων
451 5225 751 5296 δυνάμεων,
785 5226 1023 5281 indicare
1062 5228 1295 5282 voluerit
1331 5228 1718 5284 beatitudinem
1759 5246 1854 5285 eo-

285 5334 407 5371 rum
460 5317 769 5381 hominum,
819 5319 1018 5396 quibus
1069 5321 1307 5375 cmlestis
1356 5321 1505 5390 regio
1557 5321 1851 5378 habitanda

283 5408 497 5481 obtigit,
552 5410 757 5480 quique
811 5409 869 5464 in
923 5411 1181 5482 angelicae
1226 5414 1355 5468 vitae
1410 5413 1850 5469 communionem

359 5562 473 5634 (25)
514 5560 572 5617 In
604 5563 821 5632 dialogo
846 5563 1055 5620 erudito
1090 5565 1165 5620 De
1196 5567 1492 5622 animorum
1530 5569 1852 5624 immortali-

286 5641 392 5687 tate
410 5646 459 5687 et
499 5635 874 5688 resurrectione
897 5636 1151 5703 corporis.

357 5705 472 5773 (26)
511 5704 669 5758 Cont'.
700 5703 862 5758 Mich.
893 5702 1169 5774 Lequienii
1193 5715 1334 5761 noue
1360 5706 1425 5761 ad
1454 5706 1850 5763 Damascenum

286 5770 375 5857 9e;
410 5770 513 5854 ﬁde
564 5775 874 5857 oi'tliodoaa,
906 5770 1097 5857 libsnll,
1135 5791 1256 5857 cap.
1290 5779 1344 5840 '5,
1373 5794 1426 5857 p.
1456 5777 1579 5842 156,
1612 5780 1852 5857 itemque

288 5840 559 5908 Petavius,
595 5844 694 5900 loc.
727 5846 843 5912 cit.,
880 5860 930 5915 p.
978 5844 1064 5911 18,
1102 5840 1461 5903 ubi—nomina
1509 5840 1850 5904 mortalis-et

1956 4680 2248 4734 videretur.
2290 4676 2464 4745 Quam
2516 4676 2908 4731 idololatricam
2959 4677 3271 4746 opinionem
3326 4677 3520 4730 merito

1955 4771 2178 4826 damnat
2210 4769 2500 4836 Macarius,
2528 4768 2751 4837 addens,
2779 4770 2853 4834 ὡς
2885 4771 2990 4849 φῂς
3016 4770 3193 4834 αὑτός,
3222 4777 3278 4822 ut
3300 4777 3355 4822 tu
3380 4768 3522 4837 (phi-

1955 4863 2241 4935 losophus)
2268 4864 2376 4933 ipse
2412 4866 2513 4927 ais,
2537 4862 2631 4932 qui
2667 4862 2872 4917 scilicet
2906 4862 3196 4917 simulacra
3234 4870 3287 4915 et
3316 4868 3522 4915 statuas

1955 4965 2009 5010 et
2031 4954 2295 5024 imagines
2325 4952 2550 5008 deorum
2578 4951 2645 5006 ad
2674 4950 3096 5005 abominandum
3123 4950 3325 5004 cultum
3356 4963 3521 5017 expo-

1955 5047 2061 5104 nis.
2100 5045 2270 5113 Quam
2295 5045 2348 5100 in
2375 5060 2486 5101 rem
2511 5045 2578 5098 de
2607 5043 3035 5115 apparitionibus
3057 5041 3369 5112 angelorum
3401 5048 3518 5094 sta-

1956 5142 2050 5195 tim
2095 5122 2374 5209 sequentia
2420 5138 2738 5207 subjungit:
2783 5136 2846 5188 Et
2892 5136 2998 5206 γάρ
3034 5136 3127 5188 καὶ
3168 5133 3237 5185 τὰ
3285 5132 3517 5203 μάλιστα

1954 5234 2012 5286 ὲν
2043 5232 2273 5305 ἀνδρείῳ
2305 5232 2541 5301 σχήματι
2573 5227 2793 5296 ἄγγελοί
2824 5243 2953 5303 ποτε
2985 5222 3425 5295 ἐφάνησαν,.ἀλλ⁹
3454 5220 3519 5273 οὐ

1952 5321 2014 5374 τὸ
2036 5322 2199 5389 φανὲν
2229 5315 2388 5392 ἦσαν,
2413 5318 2527 5376 ἀλλ’
2554 5318 2688 5388 ὅπερ
2707 5311 2866 5386 ἦσαν,
2899 5314 3124 5385 ἀόρατόν
3149 5314 3282 5366 ἐστι.
3315 5310 3369 5401 id
3392 5320 3474 5365 est
3498 5325 3517 5364 ς

1959 5414 2075 5467 Etsi
2096 5413 2235 5467 enim
2280 5411 2507 5465 humana
2555 5418 2612 5462 ut
2639 5407 2926 5478 plurimum
2966 5407 3131 5476 specie
3179 5403 3301 5459 olim
3343 5402 3519 5474 angeli

1953 5564 2271 5650 immortalis
2315 5562 2511 5635 triplici
2558 5577 2721 5618 sensu
2765 5577 2797 5617 a
2836 5560 3096 5616 Patribus
3126 5559 3298 5629 accipi
3331 5569 3525 5616 osten~

1951 5640 2137 5782 ﬁlim)
2171 5704 2328 5772 Quod
2353 5702 2687 5782 Nicephorus
2717 5697 3165 5782 patriarcha__(ll’.
3197 5699 3271 5782 ad
3287 5700 3513 5756 vetitum

1956 5773 2220 5833 idolorum
2253 5773 2535 5846 gentilium
2565 5774 2770 5828 cultum
2799 5773 3096 5842 restringit.
3200 5812 3205 5817 .
3258 5775 3272 5793 ‘
