  <div class='ocr_page' id='page_1' title='image "/cluster/home/n/w/nwhite01/storage/ocr_20150623/10/coo.31924054872894/709.png"; bbox 0 0 4058 6378; ppageno 0'>
   <div class='ocr_carea' id='block_1_1' title="bbox 533 456 676 511">
    <p class='ocr_par' dir='ltr' id='par_1_1' title="bbox 533 456 676 511">
     <span class='ocr_line' id='line_1_1' title="bbox 533 456 676 511; baseline 0.007 -1"><span class='ocrx_word' id='word_1_1' title='bbox 533 456 676 511; x_wconf 80' lang='grc'>1595</span> 
     </span>
    </p>
   </div>
   <div class='ocr_carea' id='block_1_2' title="bbox 1799 451 2486 510">
    <p class='ocr_par' dir='ltr' id='par_1_2' title="bbox 1799 451 2486 510">
     <span class='ocr_line' id='line_1_2' title="bbox 1799 451 2486 510; baseline 0 -3"><span class='ocrx_word' id='word_1_2' title='bbox 1799 451 2154 510; x_wconf 72' lang='lat' dir='ltr'><strong>MACARIUS</strong></span> <span class='ocrx_word' id='word_1_3' title='bbox 2188 451 2486 508; x_wconf 70' lang='lat' dir='ltr'><strong>MAGNES.</strong></span> 
     </span>
    </p>
   </div>
   <div class='ocr_carea' id='block_1_3' title="bbox 3641 445 3786 500">
    <p class='ocr_par' dir='ltr' id='par_1_3' title="bbox 3641 445 3786 500">
     <span class='ocr_line' id='line_1_3' title="bbox 3641 445 3786 500; baseline 0 0"><span class='ocrx_word' id='word_1_4' title='bbox 3641 445 3786 500; x_wconf 64' lang='lat' dir='ltr'><strong>I596</strong></span> 
     </span>
    </p>
   </div>
   <div class='ocr_carea' id='block_1_4' title="bbox 529 565 3785 641">
    <p class='ocr_par' dir='ltr' id='par_1_4' title="bbox 529 565 3785 641">
     <span class='ocr_line' id='line_1_4' title="bbox 529 565 3785 641; baseline 0 -19"><span class='ocrx_word' id='word_1_5' title='bbox 529 579 909 639; x_wconf 86' lang='lat' dir='ltr'><strong>apparuerunt,</strong></span> <span class='ocrx_word' id='word_1_6' title='bbox 939 578 993 622; x_wconf 92' lang='lat' dir='ltr'><strong>at</strong></span> <span class='ocrx_word' id='word_1_7' title='bbox 1017 584 1118 621; x_wconf 89' lang='lat' dir='ltr'><strong>non</strong></span> <span class='ocrx_word' id='word_1_8' title='bbox 1143 569 1199 622; x_wconf 90' lang='lat' dir='ltr'><strong>id</strong></span> <span class='ocrx_word' id='word_1_9' title='bbox 1222 571 1394 632; x_wconf 88' lang='lat' dir='ltr'><strong>ipsum</strong></span> <span class='ocrx_word' id='word_1_10' title='bbox 1417 579 1589 636; x_wconf 85' lang='lat' dir='ltr'><strong>erant,</strong></span> <span class='ocrx_word' id='word_1_11' title='bbox 1619 572 1756 641; x_wconf 89' lang='lat' dir='ltr'><strong>quod</strong></span> <span class='ocrx_word' id='word_1_12' title='bbox 1789 571 2112 640; x_wconf 83' lang='lat' dir='ltr'><strong>apparebal;-</strong></span> <span class='ocrx_word' id='word_1_13' title='bbox 2134 576 2177 632; x_wconf 79' lang='grc' dir='ltr'><strong>Α</strong></span> <span class='ocrx_word' id='word_1_14' title='bbox 2210 579 2438 641; x_wconf 83' lang='lat' dir='ltr'><strong>tumque</strong></span> <span class='ocrx_word' id='word_1_15' title='bbox 2459 573 2701 640; x_wconf 86' lang='lat' dir='ltr'><strong>ipsorum</strong></span> <span class='ocrx_word' id='word_1_16' title='bbox 2726 569 3010 624; x_wconf 84' lang='lat' dir='ltr'><strong>divinum.</strong></span> <span class='ocrx_word' id='word_1_17' title='bbox 3039 608 3052 620; x_wconf 93' lang='lat'><strong>.</strong></span> <span class='ocrx_word' id='word_1_18' title='bbox 3081 608 3097 623; x_wconf 96' lang='lat'><strong>.</strong></span> <span class='ocrx_word' id='word_1_19' title='bbox 3119 607 3131 620; x_wconf 97' lang='lat'><strong>.</strong></span> <span class='ocrx_word' id='word_1_20' title='bbox 3164 566 3453 637; x_wconf 84' lang='lat' dir='ltr'><strong>improbat,</strong></span> <span class='ocrx_word' id='word_1_21' title='bbox 3485 565 3540 620; x_wconf 85' lang='lat' dir='ltr'><strong>in</strong></span> <span class='ocrx_word' id='word_1_22' title='bbox 3570 580 3638 621; x_wconf 91' lang='lat' dir='ltr'><strong>eo</strong></span> <span class='ocrx_word' id='word_1_23' title='bbox 3664 583 3785 622; x_wconf 68' lang='lat' dir='ltr'><strong>ves-</strong></span> 
     </span>
    </p>
   </div>
   <div class='ocr_carea' id='block_1_5' title="bbox 526 660 1585 730">
    <p class='ocr_par' dir='ltr' id='par_1_5' title="bbox 526 660 1585 730">
     <span class='ocr_line' id='line_1_5' title="bbox 526 660 1585 730; baseline 0 -16"><span class='ocrx_word' id='word_1_24' title='bbox 526 662 619 714; x_wconf 87' lang='lat' dir='ltr'><strong>sed</strong></span> <span class='ocrx_word' id='word_1_25' title='bbox 641 661 778 730; x_wconf 90' lang='lat' dir='ltr'><strong>quod</strong></span> <span class='ocrx_word' id='word_1_26' title='bbox 805 669 977 726; x_wconf 85' lang='lat' dir='ltr'><strong>erant,</strong></span> <span class='ocrx_word' id='word_1_27' title='bbox 1003 660 1060 713; x_wconf 93' lang='lat' dir='ltr'><strong>id</strong></span> <span class='ocrx_word' id='word_1_28' title='bbox 1087 661 1291 715; x_wconf 81' lang='lat' dir='ltr'><strong>uisibile</strong></span> <span class='ocrx_word' id='word_1_29' title='bbox 1318 677 1423 714; x_wconf 87' lang='lat' dir='ltr'><strong>non</strong></span> <span class='ocrx_word' id='word_1_30' title='bbox 1449 671 1585 714; x_wconf 90' lang='lat' dir='ltr'><strong>erat.</strong></span> 
     </span>
    </p>
   </div>
   <div class='ocr_carea' id='block_1_6' title="bbox 597 753 2098 827">
    <p class='ocr_par' dir='ltr' id='par_1_6' title="bbox 597 753 2098 827">
     <span class='ocr_line' id='line_1_6' title="bbox 597 753 2098 827; baseline 0.002 -19"><span class='ocrx_word' id='word_1_31' title='bbox 597 755 819 821; x_wconf 85' lang='lat' dir='ltr'><strong>Quin-et</strong></span> <span class='ocrx_word' id='word_1_32' title='bbox 846 753 1035 823; x_wconf 89' lang='lat' dir='ltr'><strong>paucis</strong></span> <span class='ocrx_word' id='word_1_33' title='bbox 1061 753 1358 824; x_wconf 82' lang='lat' dir='ltr'><strong>interjectis</strong></span> <span class='ocrx_word' id='word_1_34' title='bbox 1385 755 1706 812; x_wconf 87' lang='lat' dir='ltr'><strong>sententiam</strong></span> <span class='ocrx_word' id='word_1_35' title='bbox 1747 770 1924 822; x_wconf 90' lang='lat' dir='ltr'><strong>suam,</strong></span> <span class='ocrx_word' id='word_1_36' title='bbox 1953 757 2098 827; x_wconf 82' lang='lat' dir='ltr'><strong>quod</strong></span> 
     </span>
    </p>
   </div>
   <div class='ocr_carea' id='block_1_7' title="bbox 526 843 2096 916">
    <p class='ocr_par' dir='ltr' id='par_1_7' title="bbox 526 843 2096 916">
     <span class='ocr_line' id='line_1_7' title="bbox 526 843 2096 916; baseline 0.002 -17"><span class='ocrx_word' id='word_1_37' title='bbox 526 845 701 915; x_wconf 78' lang='lat' dir='ltr'><strong>angeli</strong></span> <span class='ocrx_word' id='word_1_38' title='bbox 725 843 930 900; x_wconf 75' lang='lat' dir='ltr'><strong>sanctis</strong></span> <span class='ocrx_word' id='word_1_39' title='bbox 953 844 1268 901; x_wconf 79' lang='lat' dir='ltr'><strong>hominibus</strong></span> <span class='ocrx_word' id='word_1_40' title='bbox 1290 846 1601 916; x_wconf 81' lang='lat' dir='ltr'><strong>neutiquam</strong></span> <span class='ocrx_word' id='word_1_41' title='bbox 1633 847 1698 902; x_wconf 91' lang='lat' dir='ltr'><strong>ad</strong></span> <span class='ocrx_word' id='word_1_42' title='bbox 1726 847 2096 902; x_wconf 88' lang='lat' dir='ltr'><strong>adorationem</strong></span> 
     </span>
    </p>
   </div>
   <div class='ocr_carea' id='block_1_8' title="bbox 525 935 2096 1007">
    <p class='ocr_par' dir='ltr' id='par_1_8' title="bbox 525 935 2096 1007">
     <span class='ocr_line' id='line_1_8' title="bbox 525 935 2096 1007; baseline 0.001 -17"><span class='ocrx_word' id='word_1_43' title='bbox 525 935 787 1006; x_wconf 74' lang='lat' dir='ltr'><strong>propositi</strong></span> <span class='ocrx_word' id='word_1_44' title='bbox 838 936 968 1001; x_wconf 87' lang='lat' dir='ltr'><strong>sint,</strong></span> <span class='ocrx_word' id='word_1_45' title='bbox 1017 936 1247 992; x_wconf 84' lang='lat' dir='ltr'><strong>ulterius</strong></span> <span class='ocrx_word' id='word_1_46' title='bbox 1291 937 1576 992; x_wconf 80' lang='lat' dir='ltr'><strong>confirmat</strong></span> <span class='ocrx_word' id='word_1_47' title='bbox 1629 938 1875 1007; x_wconf 78' lang='lat' dir='ltr'><strong>exemplo</strong></span> <span class='ocrx_word' id='word_1_48' title='bbox 1919 938 2096 992; x_wconf 85' lang='lat' dir='ltr'><strong>Abra-</strong></span> 
     </span>
    </p>
   </div>
   <div class='ocr_carea' id='block_1_9' title="bbox 525 1027 2094 1098">
    <p class='ocr_par' dir='ltr' id='par_1_9' title="bbox 525 1027 2094 1098">
     <span class='ocr_line' id='line_1_9' title="bbox 525 1027 2094 1098; baseline -0.001 -16"><span class='ocrx_word' id='word_1_49' title='bbox 525 1028 693 1093; x_wconf 90' lang='lat' dir='ltr'><strong>hami,</strong></span> <span class='ocrx_word' id='word_1_50' title='bbox 725 1029 820 1098; x_wconf 87' lang='lat' dir='ltr'><strong>qui</strong></span> <span class='ocrx_word' id='word_1_51' title='bbox 853 1028 1077 1096; x_wconf 81' lang='lat' dir='ltr'><strong>angelos</strong></span> <span class='ocrx_word' id='word_1_52' title='bbox 1098 1027 1207 1098; x_wconf 89' lang='lat' dir='ltr'><strong><em>ipsi</em></strong></span> <span class='ocrx_word' id='word_1_53' title='bbox 1230 1028 1377 1085; x_wconf 83' lang='lat' dir='ltr'><strong>visos</strong></span> <span class='ocrx_word' id='word_1_54' title='bbox 1408 1029 1558 1086; x_wconf 89' lang='lat' dir='ltr'><strong>nullo</strong></span> <span class='ocrx_word' id='word_1_55' title='bbox 1580 1028 1920 1084; x_wconf 89' lang='lat' dir='ltr'><strong>idololatrico</strong></span> <span class='ocrx_word' id='word_1_56' title='bbox 1945 1029 2094 1083; x_wconf 85' lang='lat' dir='ltr'><strong>cultu</strong></span> 
     </span>
    </p>
   </div>
   <div class='ocr_carea' id='block_1_10' title="bbox 519 1117 2094 1190">
    <p class='ocr_par' dir='ltr' id='par_1_10' title="bbox 519 1117 2094 1190">
     <span class='ocr_line' id='line_1_10' title="bbox 519 1117 2094 1190; baseline -0.001 -14"><span class='ocrx_word' id='word_1_57' title='bbox 519 1120 755 1190; x_wconf 81' lang='lat' dir='ltr'><strong>excepit.</strong></span> <span class='ocrx_word' id='word_1_58' title='bbox 789 1117 1088 1188; x_wconf 77' lang='lat' dir='ltr'><strong>Postquam</strong></span> <span class='ocrx_word' id='word_1_59' title='bbox 1114 1119 1258 1173; x_wconf 82' lang='lat' dir='ltr'><strong>enim</strong></span> <span class='ocrx_word' id='word_1_60' title='bbox 1286 1120 1644 1189; x_wconf 62' lang='lat' dir='ltr'><strong>quaestionem</strong></span> <span class='ocrx_word' id='word_1_61' title='bbox 1682 1119 1750 1174; x_wconf 88' lang='lat' dir='ltr'><strong>de</strong></span> <span class='ocrx_word' id='word_1_62' title='bbox 1781 1119 2094 1175; x_wconf 82' lang='lat' dir='ltr'><strong>Ahrabamo</strong></span> 
     </span>
    </p>
   </div>
   <div class='ocr_carea' id='block_1_11' title="bbox 521 1212 2091 1283">
    <p class='ocr_par' dir='ltr' id='par_1_11' title="bbox 521 1212 2091 1283">
     <span class='ocr_line' id='line_1_11' title="bbox 521 1212 2091 1283; baseline -0.001 -15"><span class='ocrx_word' id='word_1_63' title='bbox 521 1221 576 1268; x_wconf 91' lang='lat' dir='ltr'><strong>et</strong></span> <span class='ocrx_word' id='word_1_64' title='bbox 607 1213 816 1283; x_wconf 79' lang='lat' dir='ltr'><strong>angelis</strong></span> <span class='ocrx_word' id='word_1_65' title='bbox 844 1212 915 1270; x_wconf 85' lang='lat' dir='ltr'><strong>ab</strong></span> <span class='ocrx_word' id='word_1_66' title='bbox 953 1227 1020 1267; x_wconf 86' lang='lat' dir='ltr'><strong>eo</strong></span> <span class='ocrx_word' id='word_1_67' title='bbox 1058 1212 1192 1270; x_wconf 85' lang='lat' dir='ltr'><strong><em>visis</em></strong></span> <span class='ocrx_word' id='word_1_68' title='bbox 1229 1213 1548 1282; x_wconf 73' lang='lat' dir='ltr'><strong>agitaverat,</strong></span> <span class='ocrx_word' id='word_1_69' title='bbox 1581 1212 1729 1268; x_wconf 87' lang='lat' dir='ltr'><strong>hunc</strong></span> <span class='ocrx_word' id='word_1_70' title='bbox 1771 1212 1828 1266; x_wconf 86' lang='lat' dir='ltr'><strong>in</strong></span> <span class='ocrx_word' id='word_1_71' title='bbox 1872 1213 2091 1268; x_wconf 90' lang='lat' dir='ltr'><strong>modum</strong></span> 
     </span>
    </p>
   </div>
   <div class='ocr_carea' id='block_1_12' title="bbox 519 1303 2092 1378">
    <p class='ocr_par' dir='ltr' id='par_1_12' title="bbox 519 1303 2092 1378">
     <span class='ocr_line' id='line_1_12' title="bbox 519 1303 2092 1378; baseline -0.001 -19"><span class='ocrx_word' id='word_1_72' title='bbox 519 1304 826 1361; x_wconf 83' lang='lat' dir='ltr'><strong>orationem</strong></span> <span class='ocrx_word' id='word_1_73' title='bbox 851 1304 1126 1358; x_wconf 90' lang='lat' dir='ltr'><strong>concludit</strong></span> <span class='ocrx_word' id='word_1_74' title='bbox 1144 1303 1414 1360; x_wconf 82' lang='lat' dir='ltr'><strong>Macarius</strong></span> <span class='ocrx_word' id='word_1_75' title='bbox 1437 1304 1491 1356; x_wconf 90' lang='lat' dir='ltr'><strong>in</strong></span> <span class='ocrx_word' id='word_1_76' title='bbox 1515 1304 1819 1376; x_wconf 81' lang='lat' dir='ltr'><strong>fragmento</strong></span> <span class='ocrx_word' id='word_1_77' title='bbox 1833 1303 1956 1378; x_wconf 79' lang='lat' dir='ltr'><strong>VII;</strong></span> <span class='ocrx_word' id='word_1_78' title='bbox 1981 1305 2092 1358; x_wconf 75' lang='grc' dir='ltr'><strong>Καὶ</strong></span> 
     </span>
    </p>
   </div>
   <div class='ocr_carea' id='block_1_13' title="bbox 518 1395 2092 1468">
    <p class='ocr_par' dir='ltr' id='par_1_13' title="bbox 518 1395 2092 1468">
     <span class='ocr_line' id='line_1_13' title="bbox 518 1395 2092 1468; baseline 0.001 -18"><span class='ocrx_word' id='word_1_79' title='bbox 518 1395 724 1451; x_wconf 86' lang='grc' dir='ltr'><strong>τούτων</strong></span> <span class='ocrx_word' id='word_1_80' title='bbox 737 1396 1040 1468; x_wconf 79' lang='grc' dir='ltr'><strong>γενομένων</strong></span> <span class='ocrx_word' id='word_1_81' title='bbox 1054 1395 1239 1465; x_wconf 82' lang='grc' dir='ltr'>σαφῶς</span> <span class='ocrx_word' id='word_1_82' title='bbox 1259 1396 1397 1450; x_wconf 81' lang='grc' dir='ltr'><strong>κατὰ</strong></span> <span class='ocrx_word' id='word_1_83' title='bbox 1415 1396 1692 1468; x_wconf 83' lang='grc' dir='ltr'><strong>ἀλήθειαν,</strong></span> <span class='ocrx_word' id='word_1_84' title='bbox 1705 1395 1812 1451; x_wconf 91' lang='grc' dir='ltr'><strong>τῶν</strong></span> <span class='ocrx_word' id='word_1_85' title='bbox 1822 1396 2092 1466; x_wconf 82' lang='grc' dir='ltr'><strong>ὀφθέντων</strong></span> 
     </span>
    </p>
   </div>
   <div class='ocr_carea' id='block_1_14' title="bbox 456 1487 2091 1561">
    <p class='ocr_par' dir='ltr' id='par_1_14' title="bbox 456 1487 2091 1561">
     <span class='ocr_line' id='line_1_14' title="bbox 456 1487 2091 1561; baseline -0.001 -19"><span class='ocrx_word' id='word_1_86' title='bbox 456 1501 461 1507; x_wconf 82' lang='grc'><strong>’</strong></span> <span class='ocrx_word' id='word_1_87' title='bbox 519 1491 548 1542; x_wconf 93' lang='lat'><strong>6</strong></span> <span class='ocrx_word' id='word_1_88' title='bbox 592 1487 844 1561; x_wconf 85' lang='grc' dir='ltr'><strong>Ἀϐραὰμ</strong></span> <span class='ocrx_word' id='word_1_89' title='bbox 883 1488 942 1541; x_wconf 89' lang='grc' dir='ltr'><strong>ού</strong></span> <span class='ocrx_word' id='word_1_90' title='bbox 992 1490 1154 1541; x_wconf 85' lang='grc' dir='ltr'><strong>τυποῖ</strong></span> <span class='ocrx_word' id='word_1_91' title='bbox 1191 1488 1291 1560; x_wconf 73' lang='grc' dir='ltr'><strong>τὴν</strong></span> <span class='ocrx_word' id='word_1_92' title='bbox 1336 1487 1655 1560; x_wconf 79' lang='grc' dir='ltr'><strong>ἐμφάνειαν,</strong></span> <span class='ocrx_word' id='word_1_93' title='bbox 1697 1487 1818 1542; x_wconf 83' lang='grc' dir='ltr'><strong>οὐδὲ</strong></span> <span class='ocrx_word' id='word_1_94' title='bbox 1853 1489 2091 1560; x_wconf 78' lang='grc' dir='ltr'><strong>ἐμφερὲς</strong></span> 
     </span>
    </p>
   </div>
   <div class='ocr_carea' id='block_1_15' title="bbox 519 1578 2090 1651">
    <p class='ocr_par' dir='ltr' id='par_1_15' title="bbox 519 1578 2090 1651">
     <span class='ocr_line' id='line_1_15' title="bbox 519 1578 2090 1651; baseline -0.001 -17"><span class='ocrx_word' id='word_1_95' title='bbox 519 1578 739 1650; x_wconf 81' lang='grc' dir='ltr'><strong>ἄγαλμα</strong></span> <span class='ocrx_word' id='word_1_96' title='bbox 774 1578 903 1645; x_wconf 81' lang='grc' dir='ltr'><strong>ξέει,</strong></span> <span class='ocrx_word' id='word_1_97' title='bbox 939 1580 970 1650; x_wconf 83' lang='grc' dir='ltr'><strong>ἢ</strong></span> <span class='ocrx_word' id='word_1_98' title='bbox 1008 1578 1209 1651; x_wconf 86' lang='grc' dir='ltr'><strong>γράφει</strong></span> <span class='ocrx_word' id='word_1_99' title='bbox 1238 1578 1314 1650; x_wconf 83' lang='grc' dir='ltr'><strong>τῷ</strong></span> <span class='ocrx_word' id='word_1_100' title='bbox 1342 1580 1529 1633; x_wconf 83' lang='grc' dir='ltr'><strong>πίνακι</strong></span> <span class='ocrx_word' id='word_1_101' title='bbox 1558 1581 1615 1634; x_wconf 83' lang='grc' dir='ltr'><strong>ὲν</strong></span> <span class='ocrx_word' id='word_1_102' title='bbox 1653 1579 1833 1643; x_wconf 78' lang='grc' dir='ltr'><strong>αὐτοῖς</strong></span> <span class='ocrx_word' id='word_1_103' title='bbox 1876 1579 2090 1650; x_wconf 74' lang='grc' dir='ltr'><strong>βλέπειν</strong></span> 
     </span>
    </p>
   </div>
   <div class='ocr_carea' id='block_1_16' title="bbox 517 1667 2089 1744">
    <p class='ocr_par' dir='ltr' id='par_1_16' title="bbox 517 1667 2089 1744">
     <span class='ocr_line' id='line_1_16' title="bbox 517 1667 2089 1744; baseline 0.003 -23"><span class='ocrx_word' id='word_1_104' title='bbox 517 1670 644 1733; x_wconf 87' lang='grc' dir='ltr'><strong>τοὺς</strong></span> <span class='ocrx_word' id='word_1_105' title='bbox 685 1669 1022 1737; x_wconf 84' lang='grc' dir='ltr'><strong>ξενισθέντας</strong></span> <span class='ocrx_word' id='word_1_106' title='bbox 1056 1670 1320 1740; x_wconf 58' lang='grc' dir='ltr'><strong>νομίζων</strong></span> <span class='ocrx_word' id='word_1_107' title='bbox 1361 1671 1422 1724; x_wconf 90' lang='grc' dir='ltr'><strong>ού</strong></span> <span class='ocrx_word' id='word_1_108' title='bbox 1471 1671 1578 1742; x_wconf 86' lang='grc' dir='ltr'><strong>γὰρ</strong></span> <span class='ocrx_word' id='word_1_109' title='bbox 1613 1667 1682 1742; x_wconf 83' lang='grc' dir='ltr'><strong>ἦν</strong></span> <span class='ocrx_word' id='word_1_110' title='bbox 1725 1671 1890 1736; x_wconf 79' lang='grc' dir='ltr'><strong>εἰκὸς,</strong></span> <span class='ocrx_word' id='word_1_111' title='bbox 1940 1672 2089 1744; x_wconf 82' lang='grc' dir='ltr'><strong>φίλον</strong></span> 
     </span>
    </p>
   </div>
   <div class='ocr_carea' id='block_1_17' title="bbox 514 1757 2089 1831">
    <p class='ocr_par' dir='ltr' id='par_1_17' title="bbox 514 1757 2089 1831">
     <span class='ocr_line' id='line_1_17' title="bbox 514 1757 2089 1831; baseline 0.002 -20"><span class='ocrx_word' id='word_1_112' title='bbox 514 1757 644 1811; x_wconf 73' lang='grc' dir='ltr'><strong>ὄντα</strong></span> <span class='ocrx_word' id='word_1_113' title='bbox 662 1758 755 1812; x_wconf 83' lang='grc' dir='ltr'><strong>τοῦ</strong></span> <span class='ocrx_word' id='word_1_114' title='bbox 778 1758 912 1813; x_wconf 89' lang='grc' dir='ltr'><strong>Θεοῦ</strong></span> <span class='ocrx_word' id='word_1_115' title='bbox 938 1758 1029 1812; x_wconf 78' lang='grc' dir='ltr'><strong>τὸν</strong></span> <span class='ocrx_word' id='word_1_116' title='bbox 1050 1759 1393 1831; x_wconf 82' lang='grc' dir='ltr'><strong>πατριάρχην</strong></span> <span class='ocrx_word' id='word_1_117' title='bbox 1411 1761 1476 1830; x_wconf 78' lang='grc' dir='ltr'><strong>τῇ</strong></span> <span class='ocrx_word' id='word_1_118' title='bbox 1497 1759 1604 1813; x_wconf 87' lang='grc' dir='ltr'><strong>τῶν</strong></span> <span class='ocrx_word' id='word_1_119' title='bbox 1623 1760 1742 1812; x_wconf 82' lang='grc' dir='ltr'><strong>κατ’</strong></span> <span class='ocrx_word' id='word_1_120' title='bbox 1770 1761 1948 1814; x_wconf 80' lang='grc' dir='ltr'><strong>έκεῖνο</strong></span> <span class='ocrx_word' id='word_1_121' title='bbox 1970 1777 2089 1814; x_wconf 83' lang='grc' dir='ltr'><strong>και-</strong></span> 
     </span>
    </p>
   </div>
   <div class='ocr_carea' id='block_1_18' title="bbox 519 1849 2084 1926">
    <p class='ocr_par' dir='ltr' id='par_1_18' title="bbox 519 1849 2084 1926">
     <span class='ocr_line' id='line_1_18' title="bbox 519 1849 2084 1926; baseline 0.001 -22"><span class='ocrx_word' id='word_1_122' title='bbox 519 1849 620 1926; x_wconf 87' lang='grc' dir='ltr'><strong>ροῦ</strong></span> <span class='ocrx_word' id='word_1_123' title='bbox 651 1849 1182 1920; x_wconf 83' lang='grc' dir='ltr'><strong>δεισιδαιμονούντων</strong></span> <span class='ocrx_word' id='word_1_124' title='bbox 1211 1849 1512 1922; x_wconf 83' lang='grc' dir='ltr'><strong>ἀνθρώπων</strong></span> <span class='ocrx_word' id='word_1_125' title='bbox 1557 1850 1860 1919; x_wconf 82' lang='grc' dir='ltr'>ὑπάγεσθαι</span> <span class='ocrx_word' id='word_1_126' title='bbox 1889 1852 2084 1926; x_wconf 82' lang='grc' dir='ltr'><strong>πλάνῃ,</strong></span> 
     </span>
    </p>
   </div>
   <div class='ocr_carea' id='block_1_19' title="bbox 2207 659 3787 732">
    <p class='ocr_par' dir='ltr' id='par_1_19' title="bbox 2207 659 3787 732">
     <span class='ocr_line' id='line_1_19' title="bbox 2207 659 3787 732; baseline 0.001 -17"><span class='ocrx_word' id='word_1_127' title='bbox 2207 670 2380 727; x_wconf 84' lang='lat' dir='ltr'><strong>satur,</strong></span> <span class='ocrx_word' id='word_1_128' title='bbox 2416 662 2564 732; x_wconf 90' lang='lat' dir='ltr'><strong>quod</strong></span> <span class='ocrx_word' id='word_1_129' title='bbox 2593 661 2662 716; x_wconf 89' lang='lat' dir='ltr'><strong>ab</strong></span> <span class='ocrx_word' id='word_1_130' title='bbox 2689 663 2882 732; x_wconf 81' lang='lat' dir='ltr'><strong>angelo</strong></span> <span class='ocrx_word' id='word_1_131' title='bbox 2912 659 3176 715; x_wconf 82' lang='lat' dir='ltr'><strong>auxilium</strong></span> <span class='ocrx_word' id='word_1_132' title='bbox 3205 659 3652 730; x_wconf 80' lang='lat' dir='ltr'><strong>exspectandum,</strong></span> <span class='ocrx_word' id='word_1_133' title='bbox 3687 676 3787 716; x_wconf 78' lang='lat' dir='ltr'><strong>ve-</strong></span> 
     </span>
    </p>
   </div>
   <div class='ocr_carea' id='block_1_20' title="bbox 2203 753 3779 824">
    <p class='ocr_par' dir='ltr' id='par_1_20' title="bbox 2203 753 3779 824">
     <span class='ocr_line' id='line_1_20' title="bbox 2203 753 3779 824; baseline -0.001 -16"><span class='ocrx_word' id='word_1_134' title='bbox 2203 769 2388 822; x_wconf 85' lang='lat' dir='ltr'><strong>raeque</strong></span> <span class='ocrx_word' id='word_1_135' title='bbox 2421 754 2640 808; x_wconf 91' lang='lat' dir='ltr'><strong>virtutis</strong></span> <span class='ocrx_word' id='word_1_136' title='bbox 2682 753 3070 808; x_wconf 76' lang='lat' dir='ltr'><strong>beatitudinem</strong></span> <span class='ocrx_word' id='word_1_137' title='bbox 3104 753 3402 824; x_wconf 82' lang='lat' dir='ltr'><strong>petendam&#39;</strong></span> <span class='ocrx_word' id='word_1_138' title='bbox 3429 767 3554 808; x_wconf 90' lang='lat' dir='ltr'><strong>esse</strong></span> <span class='ocrx_word' id='word_1_139' title='bbox 3581 762 3779 822; x_wconf 84' lang='lat' dir='ltr'><strong>neget:</strong></span> 
     </span>
    </p>
   </div>
   <div class='ocr_carea' id='block_1_21' title="bbox 2197 837 3781 914">
    <p class='ocr_par' dir='ltr' id='par_1_21' title="bbox 2197 837 3781 914">
     <span class='ocr_line' id='line_1_21' title="bbox 2197 837 3781 914; baseline 0.001 -17"><span class='ocrx_word' id='word_1_140' title='bbox 2197 845 2342 914; x_wconf 81' lang='lat' dir='ltr'><strong>quod</strong></span> <span class='ocrx_word' id='word_1_141' title='bbox 2366 861 2432 900; x_wconf 81' lang='lat' dir='ltr'><strong>ex</strong></span> <span class='ocrx_word' id='word_1_142' title='bbox 2460 860 2527 900; x_wconf 92' lang='lat' dir='ltr'><strong>eo</strong></span> <span class='ocrx_word' id='word_1_143' title='bbox 2568 845 2906 900; x_wconf 90' lang='lat' dir='ltr'><strong>demonstrat</strong></span> <span class='ocrx_word' id='word_1_144' title='bbox 2937 844 3228 911; x_wconf 85' lang='lat' dir='ltr'><strong>Macarius,</strong></span> <span class='ocrx_word' id='word_1_145' title='bbox 3253 845 3402 914; x_wconf 87' lang='lat' dir='ltr'><strong>quod</strong></span> <span class='ocrx_word' id='word_1_146' title='bbox 3428 837 3537 898; x_wconf 82' lang='lat' dir='ltr'><strong>no&#39;n</strong></span> <span class='ocrx_word' id='word_1_147' title='bbox 3571 843 3643 899; x_wconf 86' lang='lat' dir='ltr'><strong>sit</strong></span> <span class='ocrx_word' id='word_1_148' title='bbox 3673 859 3781 898; x_wconf 80' lang='lat' dir='ltr'><strong>na-</strong></span> 
     </span>
    </p>
   </div>
   <div class='ocr_carea' id='block_1_22' title="bbox 2197 934 3782 1006">
    <p class='ocr_par' dir='ltr' id='par_1_22' title="bbox 2197 934 3782 1006">
     <span class='ocr_line' id='line_1_22' title="bbox 2197 934 3782 1006; baseline -0.001 -15"><span class='ocrx_word' id='word_1_149' title='bbox 2197 945 2322 991; x_wconf 86' lang='lat' dir='ltr'><strong>tura</strong></span> <span class='ocrx_word' id='word_1_150' title='bbox 2346 934 2512 1002; x_wconf 86' lang='lat' dir='ltr'><strong>Deus,</strong></span> <span class='ocrx_word' id='word_1_151' title='bbox 2535 936 2628 992; x_wconf 91' lang='lat' dir='ltr'><strong>sed</strong></span> <span class='ocrx_word' id='word_1_152' title='bbox 2657 944 2868 990; x_wconf 89' lang='lat' dir='ltr'><strong>tantum</strong></span> <span class='ocrx_word' id='word_1_153' title='bbox 2899 951 2966 990; x_wconf 80' lang='lat' dir='ltr'><strong>ex</strong></span> <span class='ocrx_word' id='word_1_154' title='bbox 2995 936 3167 1006; x_wconf 87' lang='lat' dir='ltr'><strong>gratia</strong></span> <span class='ocrx_word' id='word_1_155' title='bbox 3189 944 3243 990; x_wconf 90' lang='lat' dir='ltr'><strong>et</strong></span> <span class='ocrx_word' id='word_1_156' title='bbox 3267 935 3560 1005; x_wconf 88' lang='lat' dir='ltr'><strong>adoptione</strong></span> <span class='ocrx_word' id='word_1_157' title='bbox 3587 946 3782 1006; x_wconf 80' lang='lat' dir='ltr'><strong>quam-</strong></span> 
     </span>
    </p>
   </div>
   <div class='ocr_carea' id='block_1_23' title="bbox 2195 1027 3776 1100">
    <p class='ocr_par' dir='ltr' id='par_1_23' title="bbox 2195 1027 3776 1100">
     <span class='ocr_line' id='line_1_23' title="bbox 2195 1027 3776 1100; baseline 0.003 -20"><span class='ocrx_word' id='word_1_158' title='bbox 2195 1027 2320 1080; x_wconf 87' lang='lat' dir='ltr'><strong>dam</strong></span> <span class='ocrx_word' id='word_1_159' title='bbox 2348 1027 2549 1081; x_wconf 83' lang='lat' dir='ltr'><strong>habeat</strong></span> <span class='ocrx_word' id='word_1_160' title='bbox 2571 1027 2875 1082; x_wconf 86' lang='lat' dir='ltr'><strong>divinitatis</strong></span> <span class='ocrx_word' id='word_1_161' title='bbox 2892 1027 3323 1095; x_wconf 89' lang='lat' dir='ltr'><strong>similitudinem,</strong></span> <span class='ocrx_word' id='word_1_162' title='bbox 3348 1043 3514 1099; x_wconf 88' lang='lat' dir='ltr'><strong>quam</strong></span> <span class='ocrx_word' id='word_1_163' title='bbox 3540 1029 3776 1100; x_wconf 76' lang='lat' dir='ltr'><strong>eleganti</strong></span> 
     </span>
    </p>
   </div>
   <div class='ocr_carea' id='block_1_24' title="bbox 2195 1118 3777 1190">
    <p class='ocr_par' dir='ltr' id='par_1_24' title="bbox 2195 1118 3777 1190">
     <span class='ocr_line' id='line_1_24' title="bbox 2195 1118 3777 1190; baseline 0.001 -18"><span class='ocrx_word' id='word_1_164' title='bbox 2195 1118 2376 1188; x_wconf 89' lang='lat' dir='ltr'><strong>aliqua</strong></span> <span class='ocrx_word' id='word_1_165' title='bbox 2403 1118 2815 1188; x_wconf 89' lang='lat' dir='ltr'><strong>comparatione</strong></span> <span class='ocrx_word' id='word_1_166' title='bbox 2843 1119 2916 1174; x_wconf 88' lang='lat' dir='ltr'><strong>ita</strong></span> <span class='ocrx_word' id='word_1_167' title='bbox 2948 1120 3182 1174; x_wconf 85' lang='lat' dir='ltr'><strong>illustrat</strong></span> <span class='ocrx_word' id='word_1_168' title='bbox 3209 1119 3357 1189; x_wconf 74' lang='lat'><strong>(28):</strong></span> <span class='ocrx_word' id='word_1_169' title='bbox 3393 1119 3556 1173; x_wconf 84' lang='grc' dir='ltr'><strong>Ὅθεν</strong></span> <span class='ocrx_word' id='word_1_170' title='bbox 3600 1123 3630 1174; x_wconf 87' lang='grc' dir='ltr'>ὁ</span> <span class='ocrx_word' id='word_1_171' title='bbox 3672 1121 3777 1190; x_wconf 82' lang='grc' dir='ltr'><strong>μὲν</strong></span> 
     </span>
    </p>
   </div>
   <div class='ocr_carea' id='block_1_25' title="bbox 2193 1208 3779 1282">
    <p class='ocr_par' dir='ltr' id='par_1_25' title="bbox 2193 1208 3779 1282">
     <span class='ocr_line' id='line_1_25' title="bbox 2193 1208 3779 1282; baseline 0.002 -19"><span class='ocrx_word' id='word_1_172' title='bbox 2193 1209 2284 1264; x_wconf 83' lang='grc' dir='ltr'><strong>τὸν</strong></span> <span class='ocrx_word' id='word_1_173' title='bbox 2331 1208 2489 1278; x_wconf 86' lang='grc' dir='ltr'><strong>φύσει</strong></span> <span class='ocrx_word' id='word_1_174' title='bbox 2534 1209 2667 1263; x_wconf 85' lang='grc' dir='ltr'><strong>Θεὸν</strong></span> <span class='ocrx_word' id='word_1_175' title='bbox 2713 1209 3057 1282; x_wconf 84' lang='grc' dir='ltr'><strong>προσκυνῶν,</strong></span> <span class='ocrx_word' id='word_1_176' title='bbox 3101 1209 3494 1282; x_wconf 73' lang='grc' dir='ltr'><strong>μακαρίζεταιο</strong></span> <span class='ocrx_word' id='word_1_177' title='bbox 3537 1212 3568 1264; x_wconf 91' lang='lat'><strong>6</strong></span> <span class='ocrx_word' id='word_1_178' title='bbox 3593 1209 3652 1263; x_wconf 80' lang='grc' dir='ltr'><strong>δὲ</strong></span> <span class='ocrx_word' id='word_1_179' title='bbox 3681 1210 3779 1266; x_wconf 74' lang='grc' dir='ltr'><strong>τὸν</strong></span> 
     </span>
    </p>
   </div>
   <div class='ocr_carea' id='block_1_26' title="bbox 2194 1287 3777 1372">
    <p class='ocr_par' dir='ltr' id='par_1_26' title="bbox 2194 1287 3777 1372">
     <span class='ocr_line' id='line_1_26' title="bbox 2194 1287 3777 1372; baseline 0.002 -19"><span class='ocrx_word' id='word_1_180' title='bbox 2194 1287 2380 1363; x_wconf 86' lang='grc' dir='ltr'><strong>θέσει,</strong></span> <span class='ocrx_word' id='word_1_181' title='bbox 2411 1299 2580 1354; x_wconf 79' lang='grc' dir='ltr'><strong>πολλά</strong></span> <span class='ocrx_word' id='word_1_182' title='bbox 2631 1301 3034 1372; x_wconf 90' lang='grc' dir='ltr'><strong>διασφάλλεται,</strong></span> <span class='ocrx_word' id='word_1_183' title='bbox 3068 1303 3126 1355; x_wconf 82' lang='grc' dir='ltr'><strong>ὲν</strong></span> <span class='ocrx_word' id='word_1_184' title='bbox 3171 1301 3250 1372; x_wconf 82' lang='grc' dir='ltr'><strong>τῷ</strong></span> <span class='ocrx_word' id='word_1_185' title='bbox 3301 1301 3478 1356; x_wconf 85' lang='grc' dir='ltr'><strong>σέϐειν</strong></span> <span class='ocrx_word' id='word_1_186' title='bbox 3514 1301 3777 1356; x_wconf 86' lang='grc' dir='ltr'><strong>ἀϐέϐαιον</strong></span> 
     </span>
    </p>
   </div>
   <div class='ocr_carea' id='block_1_27' title="bbox 2193 1392 3776 1466">
    <p class='ocr_par' dir='ltr' id='par_1_27' title="bbox 2193 1392 3776 1466">
     <span class='ocr_line' id='line_1_27' title="bbox 2193 1392 3776 1466; baseline 0.001 -20"><span class='ocrx_word' id='word_1_187' title='bbox 2193 1392 2571 1464; x_wconf 76' lang='grc' dir='ltr'><strong>καρπούμενος</strong></span> <span class='ocrx_word' id='word_1_188' title='bbox 2593 1393 2801 1464; x_wconf 73' lang='grc' dir='ltr'><strong>ὄφελος.</strong></span> <span class='ocrx_word' id='word_1_189' title='bbox 2836 1395 2923 1460; x_wconf 81' lang='grc' dir='ltr'><strong>Ὠς</strong></span> <span class='ocrx_word' id='word_1_190' title='bbox 2938 1394 3046 1466; x_wconf 86' lang='grc' dir='ltr'><strong>γάρ</strong></span> <span class='ocrx_word' id='word_1_191' title='bbox 3071 1395 3100 1446; x_wconf 96' lang='lat'><strong>6</strong></span> <span class='ocrx_word' id='word_1_192' title='bbox 3129 1393 3336 1465; x_wconf 83' lang='grc' dir='ltr'><strong>θέρμης</strong></span> <span class='ocrx_word' id='word_1_193' title='bbox 3357 1394 3543 1449; x_wconf 71' lang='grc' dir='ltr'><strong>ἕνεκεν</strong></span> <span class='ocrx_word' id='word_1_194' title='bbox 3570 1394 3631 1448; x_wconf 83' lang='grc' dir='ltr'><strong>τὸ</strong></span> <span class='ocrx_word' id='word_1_195' title='bbox 3661 1395 3776 1464; x_wconf 85' lang='grc' dir='ltr'><strong>πῦρ</strong></span> 
     </span>
    </p>
   </div>
   <div class='ocr_carea' id='block_1_28' title="bbox 2191 1484 3775 1559">
    <p class='ocr_par' dir='ltr' id='par_1_28' title="bbox 2191 1484 3775 1559">
     <span class='ocr_line' id='line_1_28' title="bbox 2191 1484 3775 1559; baseline 0.002 -22"><span class='ocrx_word' id='word_1_196' title='bbox 2191 1484 2568 1556; x_wconf 79' lang='grc' dir='ltr'><strong>ἀσπαζόμενος</strong></span> <span class='ocrx_word' id='word_1_197' title='bbox 2595 1486 2690 1540; x_wconf 80' lang='grc' dir='ltr'><strong>καὶ</strong></span> <span class='ocrx_word' id='word_1_198' title='bbox 2739 1485 3092 1558; x_wconf 78' lang='grc' dir='ltr'><strong>θερμαίνεται</strong></span> <span class='ocrx_word' id='word_1_199' title='bbox 3133 1486 3266 1558; x_wconf 86' lang='grc' dir='ltr'><strong>παρ’</strong></span> <span class='ocrx_word' id='word_1_200' title='bbox 3312 1485 3478 1540; x_wconf 86' lang='grc' dir='ltr'><strong>αὑτοῦ</strong></span> <span class='ocrx_word' id='word_1_201' title='bbox 3505 1525 3520 1552; x_wconf 95' lang='grc'><strong>,</strong></span> <span class='ocrx_word' id='word_1_202' title='bbox 3568 1488 3665 1540; x_wconf 74' lang='grc' dir='ltr'><strong>καὶ</strong></span> <span class='ocrx_word' id='word_1_203' title='bbox 3692 1488 3775 1559; x_wconf 85' lang='grc' dir='ltr'><strong>τῷ</strong></span> 
     </span>
    </p>
   </div>
   <div class='ocr_carea' id='block_1_29' title="bbox 2192 1575 3772 1650">
    <p class='ocr_par' dir='ltr' id='par_1_29' title="bbox 2192 1575 3772 1650">
     <span class='ocr_line' id='line_1_29' title="bbox 2192 1575 3772 1650; baseline 0.003 -22"><span class='ocrx_word' id='word_1_204' title='bbox 2192 1576 2382 1645; x_wconf 82' lang='grc' dir='ltr'><strong>φέγγει</strong></span> <span class='ocrx_word' id='word_1_205' title='bbox 2401 1575 2794 1650; x_wconf 81' lang='grc' dir='ltr'><strong>λαμπρύνεται·</strong></span> <span class='ocrx_word' id='word_1_206' title='bbox 2822 1581 2851 1631; x_wconf 92' lang='lat'><strong>6</strong></span> <span class='ocrx_word' id='word_1_207' title='bbox 2877 1578 2934 1632; x_wconf 73' lang='grc' dir='ltr'><strong>δὲ</strong></span> <span class='ocrx_word' id='word_1_208' title='bbox 2951 1577 3082 1649; x_wconf 79' lang='grc' dir='ltr'><strong>ὓλην</strong></span> <span class='ocrx_word' id='word_1_209' title='bbox 3104 1579 3174 1631; x_wconf 80' lang='grc' dir='ltr'><strong>ὲκ-</strong></span> <span class='ocrx_word' id='word_1_210' title='bbox 3200 1577 3389 1649; x_wconf 84' lang='grc' dir='ltr'><strong>πυρὸς,</strong></span> <span class='ocrx_word' id='word_1_211' title='bbox 3412 1579 3446 1649; x_wconf 81' lang='grc' dir='ltr'>ἦ</span> <span class='ocrx_word' id='word_1_212' title='bbox 3477 1577 3702 1650; x_wconf 81' lang='grc' dir='ltr'><strong>χαλκοῦ,</strong></span> <span class='ocrx_word' id='word_1_213' title='bbox 3731 1578 3772 1650; x_wconf 71' lang='grc' dir='ltr'>ἢ</span> 
     </span>
    </p>
   </div>
   <div class='ocr_carea' id='block_1_30' title="bbox 2192 1660 3776 1743">
    <p class='ocr_par' dir='ltr' id='par_1_30' title="bbox 2192 1660 3776 1743">
     <span class='ocr_line' id='line_1_30' title="bbox 2192 1660 3776 1743; baseline 0.004 -23"><span class='ocrx_word' id='word_1_214' title='bbox 2192 1667 2432 1740; x_wconf 84' lang='grc' dir='ltr'><strong>σιδήρου,</strong></span> <span class='ocrx_word' id='word_1_215' title='bbox 2459 1669 2639 1741; x_wconf 81' lang='grc' dir='ltr'><strong>ζητῶν</strong></span> <span class='ocrx_word' id='word_1_216' title='bbox 2669 1671 2750 1734; x_wconf 87' lang='grc' dir='ltr'><strong>είς</strong></span> <span class='ocrx_word' id='word_1_217' title='bbox 2774 1669 3106 1743; x_wconf 84' lang='grc' dir='ltr'><strong>θερμότητα,</strong></span> <span class='ocrx_word' id='word_1_218' title='bbox 3133 1660 3490 1742; x_wconf 84' lang='grc' dir='ltr'><strong>διαμαρτάνει</strong></span> <span class='ocrx_word' id='word_1_219' title='bbox 3516 1670 3610 1726; x_wconf 88' lang='grc' dir='ltr'><strong>τοῦ</strong></span> <span class='ocrx_word' id='word_1_220' title='bbox 3642 1688 3776 1727; x_wconf 73' lang='lat' dir='ltr'><strong>atto-</strong></span> 
     </span>
    </p>
   </div>
   <div class='ocr_carea' id='block_1_31' title="bbox 2189 1759 3775 1834">
    <p class='ocr_par' dir='ltr' id='par_1_31' title="bbox 2189 1759 3775 1834">
     <span class='ocr_line' id='line_1_31' title="bbox 2189 1759 3775 1834; baseline 0.003 -22"><span class='ocrx_word' id='word_1_221' title='bbox 2189 1759 2292 1812; x_wconf 85' lang='grc' dir='ltr'><strong>ποῦ</strong></span> <span class='ocrx_word' id='word_1_222' title='bbox 2312 1777 2325 1790; x_wconf 96' lang='grc'><strong>·</strong></span> <span class='ocrx_word' id='word_1_223' title='bbox 2352 1761 2488 1834; x_wconf 87' lang='grc' dir='ltr'><strong>πρὸς</strong></span> <span class='ocrx_word' id='word_1_224' title='bbox 2513 1760 2693 1830; x_wconf 78' lang='grc' dir='ltr'><strong>ὀλίγον</strong></span> <span class='ocrx_word' id='word_1_225' title='bbox 2726 1761 2834 1833; x_wconf 85' lang='grc' dir='ltr'><strong>γὰρ</strong></span> <span class='ocrx_word' id='word_1_226' title='bbox 2856 1764 2889 1833; x_wconf 81' lang='grc' dir='ltr'>ὴ</span> <span class='ocrx_word' id='word_1_227' title='bbox 2913 1761 3010 1834; x_wconf 77' lang='grc' dir='ltr'><strong>ῦλη</strong></span> <span class='ocrx_word' id='word_1_228' title='bbox 3039 1761 3354 1833; x_wconf 79' lang='grc' dir='ltr'><strong>ψευσαμένη</strong></span> <span class='ocrx_word' id='word_1_229' title='bbox 3386 1762 3483 1834; x_wconf 81' lang='grc' dir='ltr'><strong>τὴν</strong></span> <span class='ocrx_word' id='word_1_230' title='bbox 3511 1763 3673 1832; x_wconf 82' lang='grc' dir='ltr'><strong>φύσιν</strong></span> <span class='ocrx_word' id='word_1_231' title='bbox 3690 1764 3775 1828; x_wconf 83' lang='grc' dir='ltr'><strong>εἰς</strong></span> 
     </span>
    </p>
   </div>
   <div class='ocr_carea' id='block_1_32' title="bbox 2187 1852 3775 1926">
    <p class='ocr_par' dir='ltr' id='par_1_32' title="bbox 2187 1852 3775 1926">
     <span class='ocr_line' id='line_1_32' title="bbox 2187 1852 3775 1926; baseline 0.003 -22"><span class='ocrx_word' id='word_1_232' title='bbox 2187 1852 2284 1924; x_wconf 84' lang='grc' dir='ltr'><strong>τὴν</strong></span> <span class='ocrx_word' id='word_1_233' title='bbox 2325 1853 2532 1907; x_wconf 87' lang='grc' dir='ltr'><strong>οίκείαν</strong></span> <span class='ocrx_word' id='word_1_234' title='bbox 2572 1854 2671 1925; x_wconf 82' lang='grc' dir='ltr'><strong>τῆς</strong></span> <span class='ocrx_word' id='word_1_235' title='bbox 2717 1854 2904 1918; x_wconf 80' lang='grc' dir='ltr'><strong>οὐσίας</strong></span> <span class='ocrx_word' id='word_1_236' title='bbox 2946 1854 3097 1926; x_wconf 81' lang='grc' dir='ltr'><strong>λῆξιν</strong></span> <span class='ocrx_word' id='word_1_237' title='bbox 3145 1855 3436 1926; x_wconf 75' lang='grc' dir='ltr'><strong>ὑποχωρεῖ,</strong></span> <span class='ocrx_word' id='word_1_238' title='bbox 3471 1855 3637 1926; x_wconf 86' lang='grc' dir='ltr'><strong>μηδὲν</strong></span> <span class='ocrx_word' id='word_1_239' title='bbox 3673 1855 3775 1909; x_wconf 77' lang='grc' dir='ltr'><strong>τὸν</strong></span> 
     </span>
    </p>
   </div>
   <div class='ocr_carea' id='block_1_33' title="bbox 515 1928 3773 2018">
    <p class='ocr_par' dir='ltr' id='par_1_33' title="bbox 515 1928 3773 2018">
     <span class='ocr_line' id='line_1_33' title="bbox 515 1928 3773 2018; baseline 0.001 -21"><span class='ocrx_word' id='word_1_240' title='bbox 515 1941 642 2014; x_wconf 74' lang='grc' dir='ltr'><strong>ἄρτι</strong></span> <span class='ocrx_word' id='word_1_241' title='bbox 675 1942 860 2013; x_wconf 83' lang='grc' dir='ltr'><strong>σχεδὸν</strong></span> <span class='ocrx_word' id='word_1_242' title='bbox 888 1942 1306 2013; x_wconf 84' lang='grc' dir='ltr'><strong>ἀνακυπτούσης</strong></span> <span class='ocrx_word' id='word_1_243' title='bbox 1327 1942 1422 2013; x_wconf 82' lang='grc' dir='ltr'><strong>τῆς</strong></span> <span class='ocrx_word' id='word_1_244' title='bbox 1448 1943 1554 1996; x_wconf 90' lang='grc' dir='ltr'><strong>τῶν</strong></span> <span class='ocrx_word' id='word_1_245' title='bbox 1584 1945 1910 2014; x_wconf 81' lang='grc' dir='ltr'><strong>ἀγαλμάτων</strong></span> <span class='ocrx_word' id='word_1_246' title='bbox 1943 1943 2088 2015; x_wconf 84' lang='grc' dir='ltr'><strong>ίδρύ-</strong></span> <span class='ocrx_word' id='word_1_247' title='bbox 2119 1928 2162 1983; x_wconf 74' lang='grc' dir='ltr'><strong>Β</strong></span> <span class='ocrx_word' id='word_1_248' title='bbox 2188 1943 2378 2016; x_wconf 79' lang='grc' dir='ltr'><strong>ἔχοντα</strong></span> <span class='ocrx_word' id='word_1_249' title='bbox 2411 1945 2614 2017; x_wconf 81' lang='grc' dir='ltr'><strong>ταύτην</strong></span> <span class='ocrx_word' id='word_1_250' title='bbox 2653 1948 2710 2001; x_wconf 83' lang='grc' dir='ltr'><strong>ὲν</strong></span> <span class='ocrx_word' id='word_1_251' title='bbox 2749 1947 2973 2018; x_wconf 80' lang='grc' dir='ltr'><strong>θερμοῖς</strong></span> <span class='ocrx_word' id='word_1_252' title='bbox 3015 1946 3377 2018; x_wconf 84' lang='grc' dir='ltr'><strong>ὠφελήσασα,</strong></span> <span class='ocrx_word' id='word_1_253' title='bbox 3429 1947 3564 2018; x_wconf 86' lang='grc' dir='ltr'><strong>μηδὲ</strong></span> <span class='ocrx_word' id='word_1_254' title='bbox 3603 1947 3773 2014; x_wconf 81' lang='grc' dir='ltr'><strong>σέλας</strong></span> 
     </span>
    </p>
   </div>
   <div class='ocr_carea' id='block_1_34' title="bbox 520 2031 2087 2105">
    <p class='ocr_par' dir='ltr' id='par_1_34' title="bbox 520 2031 2087 2105">
     <span class='ocr_line' id='line_1_34' title="bbox 520 2031 2087 2105; baseline 0.003 -20"><span class='ocrx_word' id='word_1_255' title='bbox 520 2050 676 2097; x_wconf 87' lang='grc' dir='ltr'><strong>σεως.</strong></span> <span class='ocrx_word' id='word_1_256' title='bbox 707 2031 761 2088; x_wconf 88' lang='lat' dir='ltr'><strong>Id</strong></span> <span class='ocrx_word' id='word_1_257' title='bbox 786 2043 869 2089; x_wconf 90' lang='lat' dir='ltr'><strong>est</strong></span> <span class='ocrx_word' id='word_1_258' title='bbox 894 2052 907 2088; x_wconf 92' lang='lat'>:</span> <span class='ocrx_word' id='word_1_259' title='bbox 934 2032 1036 2089; x_wconf 81' lang='lat' dir='ltr'><strong>His</strong></span> <span class='ocrx_word' id='word_1_260' title='bbox 1061 2033 1323 2088; x_wconf 88' lang='lat' dir='ltr'><strong>evidenter</strong></span> <span class='ocrx_word' id='word_1_261' title='bbox 1342 2042 1392 2086; x_wconf 84' lang='lat' dir='ltr'><strong>et</strong></span> <span class='ocrx_word' id='word_1_262' title='bbox 1421 2049 1592 2088; x_wconf 83' lang='lat' dir='ltr'><strong>revera</strong></span> <span class='ocrx_word' id='word_1_263' title='bbox 1619 2035 1885 2105; x_wconf 77' lang='lat' dir='ltr'><strong>perfectis,</strong></span> <span class='ocrx_word' id='word_1_264' title='bbox 1914 2034 2087 2089; x_wconf 82' lang='lat' dir='ltr'><strong>Abra-</strong></span> 
     </span>
    </p>
   </div>
   <div class='ocr_carea' id='block_1_35' title="bbox 518 2125 2082 2196">
    <p class='ocr_par' dir='ltr' id='par_1_35' title="bbox 518 2125 2082 2196">
     <span class='ocr_line' id='line_1_35' title="bbox 518 2125 2082 2196; baseline -0.001 -15"><span class='ocrx_word' id='word_1_265' title='bbox 518 2125 705 2181; x_wconf 82' lang='lat' dir='ltr'><strong>hamus</strong></span> <span class='ocrx_word' id='word_1_266' title='bbox 735 2142 936 2193; x_wconf 87' lang='lat' dir='ltr'><strong>eorum,</strong></span> <span class='ocrx_word' id='word_1_267' title='bbox 967 2127 1059 2196; x_wconf 85' lang='lat' dir='ltr'><strong>qui</strong></span> <span class='ocrx_word' id='word_1_268' title='bbox 1093 2128 1192 2180; x_wconf 84' lang='lat' dir='ltr'><strong>visi</strong></span> <span class='ocrx_word' id='word_1_269' title='bbox 1219 2135 1389 2191; x_wconf 88' lang='lat' dir='ltr'><strong>erant,</strong></span> <span class='ocrx_word' id='word_1_270' title='bbox 1422 2143 1514 2180; x_wconf 91' lang='lat' dir='ltr'><strong>nec</strong></span> <span class='ocrx_word' id='word_1_271' title='bbox 1551 2127 1771 2196; x_wconf 86' lang='lat' dir='ltr'><strong>speciem</strong></span> <span class='ocrx_word' id='word_1_272' title='bbox 1813 2127 2082 2195; x_wconf 76' lang='lat' dir='ltr'><strong>exprimit,</strong></span> 
     </span>
    </p>
   </div>
   <div class='ocr_carea' id='block_1_36' title="bbox 516 2219 2086 2290">
    <p class='ocr_par' dir='ltr' id='par_1_36' title="bbox 516 2219 2086 2290">
     <span class='ocr_line' id='line_1_36' title="bbox 516 2219 2086 2290; baseline -0.002 -14"><span class='ocrx_word' id='word_1_273' title='bbox 516 2235 608 2276; x_wconf 80' lang='lat' dir='ltr'><strong>nec</strong></span> <span class='ocrx_word' id='word_1_274' title='bbox 639 2219 985 2272; x_wconf 73' lang='lat' dir='ltr'><strong>simulacrum</strong></span> <span class='ocrx_word' id='word_1_275' title='bbox 1009 2219 1224 2288; x_wconf 84' lang='lat' dir='ltr'><strong>scalpit,</strong></span> <span class='ocrx_word' id='word_1_276' title='bbox 1257 2236 1350 2274; x_wconf 89' lang='lat' dir='ltr'><strong>nec</strong></span> <span class='ocrx_word' id='word_1_277' title='bbox 1372 2221 1651 2289; x_wconf 83' lang='lat' dir='ltr'><strong>imaginem</strong></span> <span class='ocrx_word' id='word_1_278' title='bbox 1675 2221 1733 2274; x_wconf 87' lang='lat' dir='ltr'><strong>in</strong></span> <span class='ocrx_word' id='word_1_279' title='bbox 1761 2219 1954 2274; x_wconf 87' lang='lat' dir='ltr'><strong>tabella</strong></span> <span class='ocrx_word' id='word_1_280' title='bbox 1974 2221 2086 2290; x_wconf 88' lang='lat' dir='ltr'><strong>pin-</strong></span> 
     </span>
    </p>
   </div>
   <div class='ocr_carea' id='block_1_37' title="bbox 511 2309 2084 2384">
    <p class='ocr_par' dir='ltr' id='par_1_37' title="bbox 511 2309 2084 2384">
     <span class='ocr_line' id='line_1_37' title="bbox 511 2309 2084 2384; baseline 0.003 -23"><span class='ocrx_word' id='word_1_281' title='bbox 511 2311 609 2384; x_wconf 87' lang='lat' dir='ltr'><strong>git,</strong></span> <span class='ocrx_word' id='word_1_282' title='bbox 633 2319 829 2376; x_wconf 84' lang='lat' dir='ltr'><strong>putans.</strong></span> <span class='ocrx_word' id='word_1_283' title='bbox 849 2325 903 2364; x_wconf 86' lang='lat' dir='ltr'><strong>se</strong></span> <span class='ocrx_word' id='word_1_284' title='bbox 928 2309 984 2364; x_wconf 84' lang='lat' dir='ltr'><strong>in</strong></span> <span class='ocrx_word' id='word_1_285' title='bbox 1016 2309 1095 2363; x_wconf 80' lang='lat' dir='ltr'><strong>Itis</strong></span> <span class='ocrx_word' id='word_1_286' title='bbox 1121 2326 1226 2374; x_wconf 88' lang='lat' dir='ltr'><strong>eos,</strong></span> <span class='ocrx_word' id='word_1_287' title='bbox 1243 2327 1370 2381; x_wconf 82' lang='lat' dir='ltr'><strong>quos</strong></span> <span class='ocrx_word' id='word_1_288' title='bbox 1394 2310 1619 2380; x_wconf 78' lang='lat' dir='ltr'><strong>hospitio</strong></span> <span class='ocrx_word' id='word_1_289' title='bbox 1644 2312 1866 2381; x_wconf 71' lang='lat' dir='ltr'><strong>excepit,</strong></span> <span class='ocrx_word' id='word_1_290' title='bbox 1891 2313 2084 2366; x_wconf 86' lang='lat' dir='ltr'><strong>intueri</strong></span> 
     </span>
    </p>
   </div>
   <div class='ocr_carea' id='block_1_38' title="bbox 509 2401 2083 2473">
    <p class='ocr_par' dir='ltr' id='par_1_38' title="bbox 509 2401 2083 2473">
     <span class='ocr_line' id='line_1_38' title="bbox 509 2401 2083 2473; baseline 0.001 -18"><span class='ocrx_word' id='word_1_291' title='bbox 509 2411 824 2473; x_wconf 69' lang='lat' dir='ltr'><strong>prasentes;</strong></span> <span class='ocrx_word' id='word_1_292' title='bbox 853 2402 1042 2472; x_wconf 85' lang='lat' dir='ltr'><strong>quippe</strong></span> <span class='ocrx_word' id='word_1_293' title='bbox 1069 2418 1160 2455; x_wconf 90' lang='lat' dir='ltr'><strong>nec</strong></span> <span class='ocrx_word' id='word_1_294' title='bbox 1186 2401 1398 2455; x_wconf 85' lang='lat' dir='ltr'><strong>decebat</strong></span> <span class='ocrx_word' id='word_1_295' title='bbox 1422 2403 1782 2468; x_wconf 83' lang='lat' dir='ltr'><strong>patriarcham</strong></span> <span class='ocrx_word' id='word_1_296' title='bbox 1818 2403 1924 2458; x_wconf 90' lang='lat' dir='ltr'><strong>Deo</strong></span> <span class='ocrx_word' id='word_1_297' title='bbox 1947 2405 2083 2457; x_wconf 87' lang='lat' dir='ltr'><strong>ami-</strong></span> 
     </span>
    </p>
   </div>
   <div class='ocr_carea' id='block_1_39' title="bbox 509 2492 2082 2562">
    <p class='ocr_par' dir='ltr' id='par_1_39' title="bbox 509 2492 2082 2562">
     <span class='ocr_line' id='line_1_39' title="bbox 509 2492 2082 2562; baseline 0 -13"><span class='ocrx_word' id='word_1_298' title='bbox 509 2510 630 2549; x_wconf 87' lang='lat' dir='ltr'><strong>cum</strong></span> <span class='ocrx_word' id='word_1_299' title='bbox 661 2493 929 2547; x_wconf 79' lang='lat' dir='ltr'><strong>hominum</strong></span> <span class='ocrx_word' id='word_1_300' title='bbox 964 2492 1058 2547; x_wconf 90' lang='lat' dir='ltr'><strong>illo</strong></span> <span class='ocrx_word' id='word_1_301' title='bbox 1087 2502 1314 2562; x_wconf 87' lang='lat' dir='ltr'><strong>tempore</strong></span> <span class='ocrx_word' id='word_1_302' title='bbox 1348 2493 1755 2549; x_wconf 84' lang='lat' dir='ltr'><strong>idololatrarum</strong></span> <span class='ocrx_word' id='word_1_303' title='bbox 1781 2496 1954 2549; x_wconf 87' lang='lat' dir='ltr'><strong>errori</strong></span> <span class='ocrx_word' id='word_1_304' title='bbox 1982 2497 2082 2549; x_wconf 89' lang='lat' dir='ltr'><strong>ad-</strong></span> 
     </span>
    </p>
   </div>
   <div class='ocr_carea' id='block_1_40' title="bbox 507 2585 2081 2653">
    <p class='ocr_par' dir='ltr' id='par_1_40' title="bbox 507 2585 2081 2653">
     <span class='ocr_line' id='line_1_40' title="bbox 507 2585 2081 2653; baseline -0.001 -12"><span class='ocrx_word' id='word_1_305' title='bbox 507 2585 712 2641; x_wconf 81' lang='lat' dir='ltr'><strong>dictum</strong></span> <span class='ocrx_word' id='word_1_306' title='bbox 742 2600 874 2651; x_wconf 88' lang='lat' dir='ltr'><strong>esse,</strong></span> <span class='ocrx_word' id='word_1_307' title='bbox 901 2585 1114 2638; x_wconf 85' lang='lat' dir='ltr'><strong>ineunte</strong></span> <span class='ocrx_word' id='word_1_308' title='bbox 1143 2585 1250 2653; x_wconf 83' lang='lat' dir='ltr'><strong>fere</strong></span> <span class='ocrx_word' id='word_1_309' title='bbox 1293 2585 1601 2640; x_wconf 76' lang='lat' dir='ltr'><strong>idololatria</strong></span> <span class='ocrx_word' id='word_1_310' title='bbox 1631 2587 1736 2641; x_wconf 85' lang='lat' dir='ltr'><strong>sive</strong></span> <span class='ocrx_word' id='word_1_311' title='bbox 1765 2586 2081 2640; x_wconf 87' lang='lat' dir='ltr'><strong>simulacro-</strong></span> 
     </span>
    </p>
   </div>
   <div class='ocr_carea' id='block_1_41' title="bbox 510 2676 2083 2749">
    <p class='ocr_par' dir='ltr' id='par_1_41' title="bbox 510 2676 2083 2749">
     <span class='ocr_line' id='line_1_41' title="bbox 510 2676 2083 2749; baseline 0.003 -19"><span class='ocrx_word' id='word_1_312' title='bbox 510 2693 629 2730; x_wconf 85' lang='lat' dir='ltr'><strong>rum</strong></span> <span class='ocrx_word' id='word_1_313' title='bbox 670 2676 1035 2749; x_wconf 88' lang='lat' dir='ltr'><strong>erigendorum</strong></span> <span class='ocrx_word' id='word_1_314' title='bbox 1065 2677 1398 2747; x_wconf 81' lang='lat' dir='ltr'><strong>fuadatione.</strong></span> <span class='ocrx_word' id='word_1_315' title='bbox 1431 2676 1608 2748; x_wconf 85' lang='lat' dir='ltr'><strong>Hujus</strong></span> <span class='ocrx_word' id='word_1_316' title='bbox 1648 2678 1867 2749; x_wconf 89' lang='lat' dir='ltr'><strong>quidem</strong></span> <span class='ocrx_word' id='word_1_317' title='bbox 1912 2679 2083 2735; x_wconf 85' lang='lat' dir='ltr'><strong>histo-</strong></span> 
     </span>
    </p>
   </div>
   <div class='ocr_carea' id='block_1_42' title="bbox 477 2768 2082 2847">
    <p class='ocr_par' dir='ltr' id='par_1_42' title="bbox 477 2768 2082 2847">
     <span class='ocr_line' id='line_1_42' title="bbox 477 2768 2082 2847; baseline 0.004 -25"><span class='ocrx_word' id='word_1_318' title='bbox 477 2769 481 2773; x_wconf 82' lang='grc'><em>’</em></span> <span class='ocrx_word' id='word_1_319' title='bbox 507 2769 605 2823; x_wconf 71' lang='lat' dir='ltr'><strong>ria:</strong></span> <span class='ocrx_word' id='word_1_320' title='bbox 637 2768 858 2824; x_wconf 88' lang='lat' dir='ltr'><strong>Eusebii</strong></span> <span class='ocrx_word' id='word_1_321' title='bbox 893 2769 1249 2825; x_wconf 67' lang='lat' dir='ltr'><strong>Caesariensis</strong></span> <span class='ocrx_word' id='word_1_322' title='bbox 1278 2779 1436 2826; x_wconf 85' lang='lat' dir='ltr'><strong>aetate</strong></span> <span class='ocrx_word' id='word_1_323' title='bbox 1467 2770 1684 2847; x_wconf 87' lang='lat' dir='ltr'><strong>publica</strong></span> <span class='ocrx_word' id='word_1_324' title='bbox 1713 2772 1960 2841; x_wconf 66' lang='lat' dir='ltr'><strong>quaedam</strong></span> <span class='ocrx_word' id='word_1_325' title='bbox 1987 2789 2082 2828; x_wconf 78' lang='lat' dir='ltr'><strong>ex-</strong></span> 
     </span>
    </p>
   </div>
   <div class='ocr_carea' id='block_1_43' title="bbox 506 2859 2079 2939">
    <p class='ocr_par' dir='ltr' id='par_1_43' title="bbox 506 2859 2079 2939">
     <span class='ocr_line' id='line_1_43' title="bbox 506 2859 2079 2939; baseline 0.003 -25"><span class='ocrx_word' id='word_1_326' title='bbox 506 2859 648 2914; x_wconf 79' lang='lat' dir='ltr'><strong>stitit</strong></span> <span class='ocrx_word' id='word_1_327' title='bbox 689 2860 890 2928; x_wconf 82' lang='lat' dir='ltr'><strong>imago,</strong></span> <span class='ocrx_word' id='word_1_328' title='bbox 916 2859 1008 2914; x_wconf 92' lang='lat' dir='ltr'><strong>sed</strong></span> <span class='ocrx_word' id='word_1_329' title='bbox 1055 2873 1164 2914; x_wconf 90' lang='lat' dir='ltr'><strong>non</strong></span> <span class='ocrx_word' id='word_1_330' title='bbox 1205 2860 1270 2916; x_wconf 90' lang='lat' dir='ltr'><strong>ad</strong></span> <span class='ocrx_word' id='word_1_331' title='bbox 1323 2862 1528 2939; x_wconf 89' lang='lat' dir='ltr'><strong>cultum</strong></span> <span class='ocrx_word' id='word_1_332' title='bbox 1574 2875 1640 2917; x_wconf 89' lang='lat' dir='ltr'><strong>ac</strong></span> <span class='ocrx_word' id='word_1_333' title='bbox 1676 2863 2079 2918; x_wconf 74' lang='lat' dir='ltr'><strong>venerationem</strong></span> 
     </span>
    </p>
   </div>
   <div class='ocr_carea' id='block_1_44' title="bbox 505 2949 2080 3022">
    <p class='ocr_par' dir='ltr' id='par_1_44' title="bbox 505 2949 2080 3022">
     <span class='ocr_line' id='line_1_44' title="bbox 505 2949 2080 3022; baseline 0.003 -17"><span class='ocrx_word' id='word_1_334' title='bbox 505 2949 774 3019; x_wconf 79' lang='lat' dir='ltr'><strong>exposita,</strong></span> <span class='ocrx_word' id='word_1_335' title='bbox 803 2966 967 3022; x_wconf 90' lang='lat' dir='ltr'><strong>quam</strong></span> <span class='ocrx_word' id='word_1_336' title='bbox 1001 2951 1078 3008; x_wconf 86' lang='lat' dir='ltr'><strong>ita</strong></span> <span class='ocrx_word' id='word_1_337' title='bbox 1111 2961 1510 3010; x_wconf 84' lang='lat' dir='ltr'><strong>commemorat</strong></span> <span class='ocrx_word' id='word_1_338' title='bbox 1540 2952 1651 3022; x_wconf 87' lang='lat' dir='ltr'><strong>ipse</strong></span> <span class='ocrx_word' id='word_1_339' title='bbox 1685 2951 1954 3010; x_wconf 83' lang='lat' dir='ltr'><strong>Eusebius</strong></span> <span class='ocrx_word' id='word_1_340' title='bbox 1977 2954 2080 3009; x_wconf 61' lang='grc' dir='ltr'><strong>οε.</strong></span> 
     </span>
    </p>
   </div>
   <div class='ocr_carea' id='block_1_45' title="bbox 505 3044 2078 3118">
    <p class='ocr_par' dir='ltr' id='par_1_45' title="bbox 505 3044 2078 3118">
     <span class='ocr_line' id='line_1_45' title="bbox 505 3044 2078 3118; baseline 0.003 -20"><span class='ocrx_word' id='word_1_341' title='bbox 505 3044 904 3098; x_wconf 84' lang='lat' dir='ltr'><strong>monstrationis</strong></span> <span class='ocrx_word' id='word_1_342' title='bbox 928 3061 1111 3118; x_wconf 80' lang='lat' dir='ltr'><strong>evang.</strong></span> <span class='ocrx_word' id='word_1_343' title='bbox 1145 3045 1242 3100; x_wconf 91' lang='lat' dir='ltr'><strong>lib.</strong></span> <span class='ocrx_word' id='word_1_344' title='bbox 1270 3061 1322 3110; x_wconf 89' lang='lat' dir='ltr'><strong>v,</strong></span> <span class='ocrx_word' id='word_1_345' title='bbox 1363 3059 1485 3114; x_wconf 85' lang='lat' dir='ltr'><strong>cap.</strong></span> <span class='ocrx_word' id='word_1_346' title='bbox 1512 3045 1566 3110; x_wconf 89' lang='lat'><strong>9,</strong></span> <span class='ocrx_word' id='word_1_347' title='bbox 1611 3054 1671 3100; x_wconf 88' lang='lat' dir='ltr'><strong>ut</strong></span> <span class='ocrx_word' id='word_1_348' title='bbox 1709 3045 1906 3102; x_wconf 82' lang='lat' dir='ltr'><strong>exinde</strong></span> <span class='ocrx_word' id='word_1_349' title='bbox 1950 3063 2078 3117; x_wconf 86' lang='lat' dir='ltr'><strong>pro-</strong></span> 
     </span>
    </p>
   </div>
   <div class='ocr_carea' id='block_1_46' title="bbox 505 3132 2078 3199">
    <p class='ocr_par' dir='ltr' id='par_1_46' title="bbox 505 3132 2078 3199">
     <span class='ocr_line' id='line_1_46' title="bbox 505 3132 2078 3199; baseline 0.002 -9"><span class='ocrx_word' id='word_1_350' title='bbox 505 3133 614 3199; x_wconf 87' lang='lat' dir='ltr'><strong>bet,</strong></span> <span class='ocrx_word' id='word_1_351' title='bbox 648 3132 931 3190; x_wconf 89' lang='lat' dir='ltr'><strong>Dominum</strong></span> <span class='ocrx_word' id='word_1_352' title='bbox 961 3151 1025 3193; x_wconf 89' lang='lat' dir='ltr'><strong>ac</strong></span> <span class='ocrx_word' id='word_1_353' title='bbox 1052 3135 1388 3194; x_wconf 86' lang='lat' dir='ltr'><strong>Salvatorcm</strong></span> <span class='ocrx_word' id='word_1_354' title='bbox 1421 3147 1666 3195; x_wconf 69' lang='lat' dir='ltr'><strong>nosuum</strong></span> <span class='ocrx_word' id='word_1_355' title='bbox 1712 3137 1949 3193; x_wconf 89' lang='lat' dir='ltr'><strong>medium</strong></span> <span class='ocrx_word' id='word_1_356' title='bbox 1993 3139 2078 3193; x_wconf 87' lang='lat' dir='ltr'><strong>in-</strong></span> 
     </span>
    </p>
   </div>
   <div class='ocr_carea' id='block_1_47' title="bbox 505 3225 2075 3298">
    <p class='ocr_par' dir='ltr' id='par_1_47' title="bbox 505 3225 2075 3298">
     <span class='ocr_line' id='line_1_47' title="bbox 505 3225 2075 3298; baseline 0.003 -19"><span class='ocrx_word' id='word_1_357' title='bbox 505 3233 586 3279; x_wconf 85' lang='lat' dir='ltr'><strong>ter</strong></span> <span class='ocrx_word' id='word_1_358' title='bbox 609 3225 744 3281; x_wconf 89' lang='lat' dir='ltr'><strong>istos</strong></span> <span class='ocrx_word' id='word_1_359' title='bbox 771 3233 880 3280; x_wconf 86' lang='lat' dir='ltr'><strong>tres</strong></span> <span class='ocrx_word' id='word_1_360' title='bbox 909 3226 1151 3297; x_wconf 87' lang='lat' dir='ltr'><strong>hospites</strong></span> <span class='ocrx_word' id='word_1_361' title='bbox 1179 3228 1474 3282; x_wconf 80' lang='lat' dir='ltr'><strong>Ahrahami</strong></span> <span class='ocrx_word' id='word_1_362' title='bbox 1505 3227 1694 3292; x_wconf 80' lang='lat' dir='ltr'><strong>fuisse,</strong></span> <span class='ocrx_word' id='word_1_363' title='bbox 1730 3229 1822 3298; x_wconf 91' lang='lat' dir='ltr'><strong>qui</strong></span> <span class='ocrx_word' id='word_1_364' title='bbox 1851 3244 1917 3284; x_wconf 91' lang='lat' dir='ltr'><strong>eo</strong></span> <span class='ocrx_word' id='word_1_365' title='bbox 1940 3238 2075 3284; x_wconf 84' lang='lat' dir='ltr'><strong>tent-</strong></span> 
     </span>
    </p>
   </div>
   <div class='ocr_carea' id='block_1_48' title="bbox 503 3295 2144 3391">
    <p class='ocr_par' dir='ltr' id='par_1_48' title="bbox 503 3295 2144 3391">
     <span class='ocr_line' id='line_1_48' title="bbox 503 3295 2144 3391; baseline 0.004 -20"><span class='ocrx_word' id='word_1_366' title='bbox 503 3333 633 3390; x_wconf 90' lang='lat' dir='ltr'><strong>pore</strong></span> <span class='ocrx_word' id='word_1_367' title='bbox 663 3318 878 3388; x_wconf 90' lang='lat' dir='ltr'><strong>pictatis</strong></span> <span class='ocrx_word' id='word_1_368' title='bbox 906 3321 1112 3376; x_wconf 89' lang='lat' dir='ltr'><strong>semina</strong></span> <span class='ocrx_word' id='word_1_369' title='bbox 1145 3320 1213 3376; x_wconf 83' lang='lat' dir='ltr'><strong>ad</strong></span> <span class='ocrx_word' id='word_1_370' title='bbox 1249 3321 1495 3376; x_wconf 86' lang='lat' dir='ltr'><strong>homines</strong></span> <span class='ocrx_word' id='word_1_371' title='bbox 1525 3322 1754 3391; x_wconf 85' lang='lat' dir='ltr'><strong>jaciens,</strong></span> <span class='ocrx_word' id='word_1_372' title='bbox 1781 3323 2075 3378; x_wconf 85' lang='lat' dir='ltr'><strong>humanam</strong></span> <span class='ocrx_word' id='word_1_373' title='bbox 2103 3295 2144 3351; x_wconf 63' lang='grc' dir='ltr'>ο</span> 
     </span>
    </p>
   </div>
   <div class='ocr_carea' id='block_1_49' title="bbox 502 3408 2076 3484">
    <p class='ocr_par' dir='ltr' id='par_1_49' title="bbox 502 3408 2076 3484">
     <span class='ocr_line' id='line_1_49' title="bbox 502 3408 2076 3484; baseline 0.003 -20"><span class='ocrx_word' id='word_1_374' title='bbox 502 3408 736 3477; x_wconf 71' lang='lat' dir='ltr'><strong>speciem</strong></span> <span class='ocrx_word' id='word_1_375' title='bbox 771 3424 836 3463; x_wconf 92' lang='lat' dir='ltr'><strong>ac</strong></span> <span class='ocrx_word' id='word_1_376' title='bbox 869 3409 1096 3480; x_wconf 77' lang='lat' dir='ltr'><strong>ﬁguram</strong></span> <span class='ocrx_word' id='word_1_377' title='bbox 1130 3411 1374 3476; x_wconf 84' lang='lat' dir='ltr'><strong>indutus,</strong></span> <span class='ocrx_word' id='word_1_378' title='bbox 1402 3411 1496 3466; x_wconf 90' lang='lat' dir='ltr'><strong>Dei</strong></span> <span class='ocrx_word' id='word_1_379' title='bbox 1521 3415 1700 3469; x_wconf 89' lang='lat' dir='ltr'><strong>amico</strong></span> <span class='ocrx_word' id='word_1_380' title='bbox 1729 3423 1895 3484; x_wconf 82' lang='lat' dir='ltr'><strong>atque</strong></span> <span class='ocrx_word' id='word_1_381' title='bbox 1937 3414 2076 3468; x_wconf 88' lang='lat' dir='ltr'><strong>anti-</strong></span> 
     </span>
    </p>
   </div>
   <div class='ocr_carea' id='block_1_50' title="bbox 503 3500 2077 3573">
    <p class='ocr_par' dir='ltr' id='par_1_50' title="bbox 503 3500 2077 3573">
     <span class='ocr_line' id='line_1_50' title="bbox 503 3500 2077 3573; baseline 0.006 -22"><span class='ocrx_word' id='word_1_382' title='bbox 503 3515 614 3568; x_wconf 91' lang='lat' dir='ltr'><strong>qno</strong></span> <span class='ocrx_word' id='word_1_383' title='bbox 643 3501 784 3570; x_wconf 88' lang='lat' dir='ltr'><strong>patri</strong></span> <span class='ocrx_word' id='word_1_384' title='bbox 815 3500 1048 3556; x_wconf 60' lang='lat' dir='ltr'><strong>Abrahae</strong></span> <span class='ocrx_word' id='word_1_385' title='bbox 1076 3517 1135 3557; x_wconf 90' lang='lat' dir='ltr'><strong>se</strong></span> <span class='ocrx_word' id='word_1_386' title='bbox 1169 3502 1371 3571; x_wconf 80' lang='lat' dir='ltr'><strong>ipsum,</strong></span> <span class='ocrx_word' id='word_1_387' title='bbox 1401 3505 1654 3573; x_wconf 91' lang='lat' dir='ltr'><strong>quisnam</strong></span> <span class='ocrx_word' id='word_1_388' title='bbox 1686 3516 1849 3570; x_wconf 90' lang='lat' dir='ltr'><strong>esset,</strong></span> <span class='ocrx_word' id='word_1_389' title='bbox 1891 3515 2077 3560; x_wconf 86' lang='lat' dir='ltr'><strong>osten-</strong></span> 
     </span>
    </p>
   </div>
   <div class='ocr_carea' id='block_1_51' title="bbox 502 3587 2076 3666">
    <p class='ocr_par' dir='ltr' id='par_1_51' title="bbox 502 3587 2076 3666">
     <span class='ocr_line' id='line_1_51' title="bbox 502 3587 2076 3666; baseline 0.004 -22"><span class='ocrx_word' id='word_1_390' title='bbox 502 3588 664 3654; x_wconf 87' lang='lat' dir='ltr'><strong>derit,</strong></span> <span class='ocrx_word' id='word_1_391' title='bbox 689 3587 974 3660; x_wconf 83' lang='lat' dir='ltr'><strong>Patrisque</strong></span> <span class='ocrx_word' id='word_1_392' title='bbox 1002 3590 1088 3644; x_wconf 89' lang='lat' dir='ltr'><strong>sui</strong></span> <span class='ocrx_word' id='word_1_393' title='bbox 1116 3590 1397 3646; x_wconf 75' lang='lat' dir='ltr'><strong>tradiderit</strong></span> <span class='ocrx_word' id='word_1_394' title='bbox 1431 3593 1778 3650; x_wconf 86' lang='lat' dir='ltr'><strong>sententiam.</strong></span> <span class='ocrx_word' id='word_1_395' title='bbox 1801 3592 1880 3648; x_wconf 87' lang='lat' dir='ltr'><strong>Eo</strong></span> <span class='ocrx_word' id='word_1_396' title='bbox 1911 3594 2076 3666; x_wconf 86' lang='lat' dir='ltr'><strong>igitur</strong></span> 
     </span>
    </p>
   </div>
   <div class='ocr_carea' id='block_1_52' title="bbox 504 3680 2071 3765">
    <p class='ocr_par' dir='ltr' id='par_1_52' title="bbox 504 3680 2071 3765">
     <span class='ocr_line' id='line_1_52' title="bbox 504 3680 2071 3765; baseline 0.003 -31"><span class='ocrx_word' id='word_1_397' title='bbox 504 3680 739 3735; x_wconf 90' lang='lat' dir='ltr'><strong>consilio</strong></span> <span class='ocrx_word' id='word_1_398' title='bbox 794 3680 1058 3750; x_wconf 85' lang='lat' dir='ltr'><strong>imagines</strong></span> <span class='ocrx_word' id='word_1_399' title='bbox 1110 3680 1425 3750; x_wconf 88' lang='lat' dir='ltr'><strong>angelorum</strong></span> <span class='ocrx_word' id='word_1_400' title='bbox 1481 3682 1914 3765; x_wconf 82' lang='lat' dir='ltr'><strong>haudquaquam</strong></span> <span class='ocrx_word' id='word_1_401' title='bbox 1965 3685 2071 3739; x_wconf 89' lang='lat' dir='ltr'><strong>ulla</strong></span> 
     </span>
    </p>
   </div>
   <div class='ocr_carea' id='block_1_53' title="bbox 506 3767 2092 3849">
    <p class='ocr_par' dir='ltr' id='par_1_53' title="bbox 506 3767 2092 3849">
     <span class='ocr_line' id='line_1_53' title="bbox 506 3767 2092 3849; baseline 0.004 -25"><span class='ocrx_word' id='word_1_402' title='bbox 506 3769 688 3838; x_wconf 86' lang='lat' dir='ltr'><strong>specie</strong></span> <span class='ocrx_word' id='word_1_403' title='bbox 719 3767 1050 3849; x_wconf 81' lang='lat' dir='ltr'><strong>eﬂingendas</strong></span> <span class='ocrx_word' id='word_1_404' title='bbox 1072 3770 1243 3826; x_wconf 85' lang='lat' dir='ltr'><strong>voluit</strong></span> <span class='ocrx_word' id='word_1_405' title='bbox 1269 3769 1540 3828; x_wconf 83' lang='lat' dir='ltr'><strong>Macarius</strong></span> <span class='ocrx_word' id='word_1_406' title='bbox 1575 3785 1778 3840; x_wconf 90' lang='lat' dir='ltr'><strong>noster,</strong></span> <span class='ocrx_word' id='word_1_407' title='bbox 1805 3791 1872 3830; x_wconf 94' lang='lat' dir='ltr'><strong>ne</strong></span> <span class='ocrx_word' id='word_1_408' title='bbox 1897 3778 2092 3831; x_wconf 83' lang='lat' dir='ltr'><strong>errori</strong></span> 
     </span>
    </p>
   </div>
   <div class='ocr_carea' id='block_1_54' title="bbox 504 3860 1995 3939">
    <p class='ocr_par' dir='ltr' id='par_1_54' title="bbox 504 3860 1995 3939">
     <span class='ocr_line' id='line_1_54' title="bbox 504 3860 1995 3939; baseline 0.005 -23"><span class='ocrx_word' id='word_1_409' title='bbox 504 3860 842 3916; x_wconf 82' lang='lat' dir='ltr'><strong>idololatrico</strong></span> <span class='ocrx_word' id='word_1_410' title='bbox 874 3876 1006 3917; x_wconf 91' lang='lat' dir='ltr'><strong>ansa</strong></span> <span class='ocrx_word' id='word_1_411' title='bbox 1039 3863 1262 3918; x_wconf 87' lang='lat' dir='ltr'><strong>daretur</strong></span> <span class='ocrx_word' id='word_1_412' title='bbox 1294 3881 1391 3936; x_wconf 86' lang='lat' dir='ltr'><strong>per</strong></span> <span class='ocrx_word' id='word_1_413' title='bbox 1425 3865 1630 3920; x_wconf 91' lang='lat' dir='ltr'><strong>cultum</strong></span> <span class='ocrx_word' id='word_1_414' title='bbox 1677 3867 1995 3939; x_wconf 83' lang='lat' dir='ltr'><strong>imaginum.</strong></span> 
     </span>
    </p>
   </div>
   <div class='ocr_carea' id='block_1_55' title="bbox 571 3952 2066 4030">
    <p class='ocr_par' dir='ltr' id='par_1_55' title="bbox 571 3952 2066 4030">
     <span class='ocr_line' id='line_1_55' title="bbox 571 3952 2066 4030; baseline 0.007 -25"><span class='ocrx_word' id='word_1_415' title='bbox 571 3952 716 4007; x_wconf 88' lang='lat' dir='ltr'><strong>Idem</strong></span> <span class='ocrx_word' id='word_1_416' title='bbox 775 3966 954 4008; x_wconf 91' lang='lat' dir='ltr'><strong>tamen</strong></span> <span class='ocrx_word' id='word_1_417' title='bbox 993 3954 1263 4011; x_wconf 81' lang='lat' dir='ltr'><strong>Macarius</strong></span> <span class='ocrx_word' id='word_1_418' title='bbox 1314 3955 1534 4028; x_wconf 83' lang='lat' dir='ltr'><strong>Magnes</strong></span> <span class='ocrx_word' id='word_1_419' title='bbox 1581 3958 1637 4012; x_wconf 92' lang='lat' dir='ltr'><strong>in</strong></span> <span class='ocrx_word' id='word_1_420' title='bbox 1692 3957 2066 4030; x_wconf 82' lang='lat' dir='ltr'><strong>lragmentoX</strong></span> 
     </span>
    </p>
   </div>
   <div class='ocr_carea' id='block_1_56' title="bbox 499 4039 2070 4118">
    <p class='ocr_par' dir='ltr' id='par_1_56' title="bbox 499 4039 2070 4118">
     <span class='ocr_line' id='line_1_56' title="bbox 499 4039 2070 4118; baseline 0.007 -20"><span class='ocrx_word' id='word_1_421' title='bbox 499 4039 624 4098; x_wconf 82' lang='lat' dir='ltr'><strong>libri</strong></span> <span class='ocrx_word' id='word_1_422' title='bbox 674 4042 1082 4115; x_wconf 77' lang='grc' dir='ltr'><strong>Ἀποκριτικῶν</strong></span> <span class='ocrx_word' id='word_1_423' title='bbox 1108 4046 1396 4117; x_wconf 88' lang='lat' dir='ltr'><strong>imaginem</strong></span> <span class='ocrx_word' id='word_1_424' title='bbox 1420 4049 1715 4118; x_wconf 89' lang='lat' dir='ltr'><strong>quamdam</strong></span> <span class='ocrx_word' id='word_1_425' title='bbox 1758 4051 1810 4105; x_wconf 92' lang='lat' dir='ltr'><strong>in</strong></span> <span class='ocrx_word' id='word_1_426' title='bbox 1860 4067 2070 4109; x_wconf 56' lang='lat' dir='ltr'><strong>memoo</strong></span> 
     </span>
    </p>
   </div>
   <div class='ocr_carea' id='block_1_57' title="bbox 499 4133 2069 4213">
    <p class='ocr_par' dir='ltr' id='par_1_57' title="bbox 499 4133 2069 4213">
     <span class='ocr_line' id='line_1_57' title="bbox 499 4133 2069 4213; baseline 0.01 -28"><span class='ocrx_word' id='word_1_427' title='bbox 499 4133 636 4187; x_wconf 87' lang='lat' dir='ltr'><strong>riam</strong></span> <span class='ocrx_word' id='word_1_428' title='bbox 663 4133 809 4190; x_wconf 90' lang='lat' dir='ltr'><strong>illius</strong></span> <span class='ocrx_word' id='word_1_429' title='bbox 839 4135 1092 4191; x_wconf 89' lang='lat' dir='ltr'><strong>miraculi</strong></span> <span class='ocrx_word' id='word_1_430' title='bbox 1123 4137 1353 4194; x_wconf 74' lang='lat' dir='ltr'><strong>efﬁctam</strong></span> <span class='ocrx_word' id='word_1_431' title='bbox 1386 4139 1711 4208; x_wconf 84' lang='lat' dir='ltr'><strong>celebravit,</strong></span> <span class='ocrx_word' id='word_1_432' title='bbox 1748 4145 1895 4213; x_wconf 86' lang='lat' dir='ltr'><strong>quod</strong></span> <span class='ocrx_word' id='word_1_433' title='bbox 1940 4144 2069 4200; x_wconf 84' lang='lat' dir='ltr'><strong>Ser-</strong></span> 
     </span>
    </p>
   </div>
   <div class='ocr_carea' id='block_1_58' title="bbox 498 4227 2067 4291">
    <p class='ocr_par' dir='ltr' id='par_1_58' title="bbox 498 4227 2067 4291">
     <span class='ocr_line' id='line_1_58' title="bbox 498 4227 2067 4291; baseline 0.008 -13"><span class='ocrx_word' id='word_1_434' title='bbox 498 4236 654 4281; x_wconf 76' lang='lat' dir='ltr'><strong>vator</strong></span> <span class='ocrx_word' id='word_1_435' title='bbox 680 4235 868 4282; x_wconf 88' lang='lat' dir='ltr'><strong>noster</strong></span> <span class='ocrx_word' id='word_1_436' title='bbox 890 4227 948 4285; x_wconf 91' lang='lat' dir='ltr'><strong>in</strong></span> <span class='ocrx_word' id='word_1_437' title='bbox 964 4229 1190 4285; x_wconf 89' lang='lat' dir='ltr'><strong>muliere</strong></span> <span class='ocrx_word' id='word_1_438' title='bbox 1220 4230 1634 4291; x_wconf 69' lang='lat' dir='ltr'><strong>haemorrhousa</strong></span> <span class='ocrx_word' id='word_1_439' title='bbox 1663 4233 1846 4288; x_wconf 86' lang='lat' dir='ltr'><strong>divina</strong></span> <span class='ocrx_word' id='word_1_440' title='bbox 1867 4235 2067 4291; x_wconf 73' lang='lat' dir='ltr'><strong>virtute</strong></span> 
     </span>
    </p>
   </div>
   <div class='ocr_carea' id='block_1_59' title="bbox 2185 2035 3772 2110">
    <p class='ocr_par' dir='ltr' id='par_1_59' title="bbox 2185 2035 3772 2110">
     <span class='ocr_line' id='line_1_59' title="bbox 2185 2035 3772 2110; baseline 0.003 -22"><span class='ocrx_word' id='word_1_441' title='bbox 2185 2035 2332 2106; x_wconf 75' lang='grc' dir='ltr'><strong>αὐτῷ</strong></span> <span class='ocrx_word' id='word_1_442' title='bbox 2397 2036 2646 2110; x_wconf 85' lang='grc' dir='ltr'><strong>λαμπρὸν</strong></span> <span class='ocrx_word' id='word_1_443' title='bbox 2696 2037 3070 2108; x_wconf 82' lang='grc' dir='ltr'><strong>ὲπαρκέσασα.</strong></span> <span class='ocrx_word' id='word_1_444' title='bbox 3135 2036 3321 2100; x_wconf 75' lang='grc' dir='ltr'><strong>Οὕτως</strong></span> <span class='ocrx_word' id='word_1_445' title='bbox 3367 2039 3396 2092; x_wconf 91' lang='lat'><strong>6</strong></span> <span class='ocrx_word' id='word_1_446' title='bbox 3445 2038 3772 2110; x_wconf 86' lang='grc' dir='ltr'><strong>βουλόμενος</strong></span> 
     </span>
    </p>
   </div>
   <div class='ocr_carea' id='block_1_60' title="bbox 2183 2128 3769 2201">
    <p class='ocr_par' dir='ltr' id='par_1_60' title="bbox 2183 2128 3769 2201">
     <span class='ocr_line' id='line_1_60' title="bbox 2183 2128 3769 2201; baseline 0.001 -19"><span class='ocrx_word' id='word_1_447' title='bbox 2183 2128 2420 2200; x_wconf 83' lang='grc' dir='ltr'><strong>ἀκράτου</strong></span> <span class='ocrx_word' id='word_1_448' title='bbox 2466 2129 2666 2201; x_wconf 82' lang='grc' dir='ltr'><strong>ἀρετῆς</strong></span> <span class='ocrx_word' id='word_1_449' title='bbox 2723 2129 2905 2184; x_wconf 85' lang='grc' dir='ltr'><strong>λαϐεῖν</strong></span> <span class='ocrx_word' id='word_1_450' title='bbox 2956 2130 3352 2201; x_wconf 82' lang='grc' dir='ltr'><strong>μακαριότητα,</strong></span> <span class='ocrx_word' id='word_1_451' title='bbox 3416 2129 3568 2200; x_wconf 87' lang='grc' dir='ltr'><strong>παρὰ</strong></span> <span class='ocrx_word' id='word_1_452' title='bbox 3624 2129 3769 2184; x_wconf 88' lang='grc' dir='ltr'><strong>Θεοῦ</strong></span> 
     </span>
    </p>
   </div>
   <div class='ocr_carea' id='block_1_61' title="bbox 2183 2218 3771 2296">
    <p class='ocr_par' dir='ltr' id='par_1_61' title="bbox 2183 2218 3771 2296">
     <span class='ocr_line' id='line_1_61' title="bbox 2183 2218 3771 2296; baseline 0.003 -25"><span class='ocrx_word' id='word_1_453' title='bbox 2183 2219 2385 2290; x_wconf 87' lang='grc' dir='ltr'><strong>ταύτην</strong></span> <span class='ocrx_word' id='word_1_454' title='bbox 2413 2218 2507 2272; x_wconf 88' lang='grc' dir='ltr'><strong>τοῦ</strong></span> <span class='ocrx_word' id='word_1_455' title='bbox 2535 2220 2676 2296; x_wconf 79' lang='grc' dir='ltr'><strong>κατὰ</strong></span> <span class='ocrx_word' id='word_1_456' title='bbox 2718 2220 2880 2296; x_wconf 86' lang='grc' dir='ltr'><strong>φύσιν</strong></span> <span class='ocrx_word' id='word_1_457' title='bbox 2911 2219 3077 2274; x_wconf 89' lang='grc' dir='ltr'><strong>αίτῶν</strong></span> <span class='ocrx_word' id='word_1_458' title='bbox 3098 2259 3113 2282; x_wconf 96' lang='grc'><strong>,</strong></span> <span class='ocrx_word' id='word_1_459' title='bbox 3143 2220 3203 2273; x_wconf 82' lang='grc' dir='ltr'><strong>οὐ</strong></span> <span class='ocrx_word' id='word_1_460' title='bbox 3240 2219 3534 2282; x_wconf 82' lang='grc' dir='ltr'><strong>σφάλλεται</strong></span> <span class='ocrx_word' id='word_1_461' title='bbox 3556 2236 3570 2251; x_wconf 77' lang='grc'><strong><em>⁸</em></strong></span> <span class='ocrx_word' id='word_1_462' title='bbox 3609 2221 3771 2292; x_wconf 84' lang='grc' dir='ltr'><strong>παρὰ</strong></span> 
     </span>
    </p>
   </div>
   <div class='ocr_carea' id='block_1_62' title="bbox 2181 2292 3767 2380">
    <p class='ocr_par' dir='ltr' id='par_1_62' title="bbox 2181 2292 3767 2380">
     <span class='ocr_line' id='line_1_62' title="bbox 2181 2292 3767 2380; baseline 0.002 -20"><span class='ocrx_word' id='word_1_463' title='bbox 2181 2308 2239 2360; x_wconf 82' lang='grc' dir='ltr'><strong>δὲ</strong></span> <span class='ocrx_word' id='word_1_464' title='bbox 2266 2308 2516 2377; x_wconf 80' lang='grc' dir='ltr'><strong>ἀγγέλου,</strong></span> <span class='ocrx_word' id='word_1_465' title='bbox 2549 2292 2755 2380; x_wconf 42' lang='grc' dir='ltr'><strong>ῆίτινδς</strong></span> <span class='ocrx_word' id='word_1_466' title='bbox 2781 2309 3074 2380; x_wconf 84' lang='grc' dir='ltr'><strong>ἀσωμάτου</strong></span> <span class='ocrx_word' id='word_1_467' title='bbox 3098 2307 3378 2379; x_wconf 88' lang='grc' dir='ltr'><strong>τάγματος</strong></span> <span class='ocrx_word' id='word_1_468' title='bbox 3423 2310 3767 2380; x_wconf 79' lang='grc' dir='ltr'><strong>ἀνωφεροῦς,</strong></span> 
     </span>
    </p>
   </div>
   <div class='ocr_carea' id='block_1_63' title="bbox 2183 2397 3768 2472">
    <p class='ocr_par' dir='ltr' id='par_1_63' title="bbox 2183 2397 3768 2472">
     <span class='ocr_line' id='line_1_63' title="bbox 2183 2397 3768 2472; baseline -0.001 -18"><span class='ocrx_word' id='word_1_469' title='bbox 2183 2397 2308 2454; x_wconf 83' lang='grc' dir='ltr'><strong>θεοῦ</strong></span> <span class='ocrx_word' id='word_1_470' title='bbox 2338 2400 2436 2472; x_wconf 83' lang='grc' dir='ltr'><strong>τὴν</strong></span> <span class='ocrx_word' id='word_1_471' title='bbox 2467 2398 2616 2454; x_wconf 89' lang='grc' dir='ltr'><strong>θέσιν</strong></span> <span class='ocrx_word' id='word_1_472' title='bbox 2641 2400 2702 2452; x_wconf 83' lang='grc' dir='ltr'><strong>ού</strong></span> <span class='ocrx_word' id='word_1_473' title='bbox 2742 2398 2840 2470; x_wconf 84' lang='grc' dir='ltr'><strong>τὴν</strong></span> <span class='ocrx_word' id='word_1_474' title='bbox 2883 2399 3045 2469; x_wconf 91' lang='grc' dir='ltr'><strong>φύσιν</strong></span> <span class='ocrx_word' id='word_1_475' title='bbox 3074 2397 3430 2469; x_wconf 83' lang='grc' dir='ltr'><strong>ὑπάρχοντος,</strong></span> <span class='ocrx_word' id='word_1_476' title='bbox 3467 2398 3768 2470; x_wconf 84' lang='grc' dir='ltr'><strong>ζημιοῦται</strong></span> 
     </span>
    </p>
   </div>
   <div class='ocr_carea' id='block_1_64' title="bbox 2185 2490 3769 2563">
    <p class='ocr_par' dir='ltr' id='par_1_64' title="bbox 2185 2490 3769 2563">
     <span class='ocr_line' id='line_1_64' title="bbox 2185 2490 3769 2563; baseline 0.003 -20"><span class='ocrx_word' id='word_1_477' title='bbox 2185 2490 2454 2560; x_wconf 84' lang='grc' dir='ltr'><strong>μεγάλως,</strong></span> <span class='ocrx_word' id='word_1_478' title='bbox 2483 2491 2666 2546; x_wconf 81' lang='grc' dir='ltr'><strong>λαϐεῖν</strong></span> <span class='ocrx_word' id='word_1_479' title='bbox 2694 2490 2884 2556; x_wconf 87' lang='grc' dir='ltr'><strong>θέλων,</strong></span> <span class='ocrx_word' id='word_1_480' title='bbox 2915 2491 3048 2562; x_wconf 77' lang='grc' dir='ltr'><strong>ὅπερ</strong></span> <span class='ocrx_word' id='word_1_481' title='bbox 3073 2491 3198 2554; x_wconf 82' lang='grc' dir='ltr'><strong>δοὺς</strong></span> <span class='ocrx_word' id='word_1_482' title='bbox 3223 2491 3252 2542; x_wconf 89' lang='lat'><strong>6</strong></span> <span class='ocrx_word' id='word_1_483' title='bbox 3285 2492 3627 2563; x_wconf 80' lang='grc' dir='ltr'><strong>κτησάμενος</strong></span> <span class='ocrx_word' id='word_1_484' title='bbox 3657 2509 3769 2563; x_wconf 83' lang='grc' dir='ltr'><strong>γυ-</strong></span> 
     </span>
    </p>
   </div>
   <div class='ocr_carea' id='block_1_65' title="bbox 2186 2582 3769 2655">
    <p class='ocr_par' dir='ltr' id='par_1_65' title="bbox 2186 2582 3769 2655">
     <span class='ocr_line' id='line_1_65' title="bbox 2186 2582 3769 2655; baseline 0.002 -19"><span class='ocrx_word' id='word_1_485' title='bbox 2186 2583 2440 2654; x_wconf 84' lang='grc' dir='ltr'><strong>μνητεύει</strong></span> <span class='ocrx_word' id='word_1_486' title='bbox 2481 2585 2580 2655; x_wconf 82' lang='grc' dir='ltr'><strong>τῆς</strong></span> <span class='ocrx_word' id='word_1_487' title='bbox 2610 2583 2850 2654; x_wconf 88' lang='grc' dir='ltr'><strong>χάριτος.</strong></span> <span class='ocrx_word' id='word_1_488' title='bbox 2886 2582 2942 2638; x_wconf 91' lang='lat' dir='ltr'><strong>Id</strong></span> <span class='ocrx_word' id='word_1_489' title='bbox 2974 2591 3092 2638; x_wconf 91' lang='lat' dir='ltr'><strong>est:</strong></span> <span class='ocrx_word' id='word_1_490' title='bbox 3122 2583 3309 2654; x_wconf 84' lang='lat' dir='ltr'><strong>Itaque</strong></span> <span class='ocrx_word' id='word_1_491' title='bbox 3329 2583 3508 2638; x_wconf 86' lang='lat' dir='ltr'><strong>beatus</strong></span> <span class='ocrx_word' id='word_1_492' title='bbox 3535 2584 3769 2640; x_wconf 83' lang='lat' dir='ltr'><strong>habetur</strong></span> 
     </span>
    </p>
   </div>
   <div class='ocr_carea' id='block_1_66' title="bbox 2182 2674 3763 2744">
    <p class='ocr_par' dir='ltr' id='par_1_66' title="bbox 2182 2674 3763 2744">
     <span class='ocr_line' id='line_1_66' title="bbox 2182 2674 3763 2744; baseline 0.002 -17"><span class='ocrx_word' id='word_1_493' title='bbox 2182 2675 2249 2738; x_wconf 88' lang='lat' dir='ltr'><strong>is,</strong></span> <span class='ocrx_word' id='word_1_494' title='bbox 2286 2675 2378 2743; x_wconf 86' lang='lat' dir='ltr'><strong>qui</strong></span> <span class='ocrx_word' id='word_1_495' title='bbox 2401 2674 2591 2729; x_wconf 86' lang='lat' dir='ltr'><strong>adorat</strong></span> <span class='ocrx_word' id='word_1_496' title='bbox 2622 2674 2794 2738; x_wconf 88' lang='lat' dir='ltr'><strong>illum,</strong></span> <span class='ocrx_word' id='word_1_497' title='bbox 2819 2675 2910 2744; x_wconf 89' lang='lat' dir='ltr'><strong>qui</strong></span> <span class='ocrx_word' id='word_1_498' title='bbox 2943 2686 3136 2728; x_wconf 86' lang='lat' dir='ltr'><strong>natura</strong></span> <span class='ocrx_word' id='word_1_499' title='bbox 3169 2674 3306 2728; x_wconf 90' lang='lat' dir='ltr'><strong>Deus</strong></span> <span class='ocrx_word' id='word_1_500' title='bbox 3335 2685 3453 2736; x_wconf 80' lang='lat' dir='ltr'><strong>est;</strong></span> <span class='ocrx_word' id='word_1_501' title='bbox 3484 2675 3530 2729; x_wconf 88' lang='lat' dir='ltr'><strong>is</strong></span> <span class='ocrx_word' id='word_1_502' title='bbox 3555 2679 3763 2742; x_wconf 83' lang='lat' dir='ltr'><strong>autem,</strong></span> 
     </span>
    </p>
   </div>
   <div class='ocr_carea' id='block_1_67' title="bbox 2181 2763 3765 2835">
    <p class='ocr_par' dir='ltr' id='par_1_67' title="bbox 2181 2763 3765 2835">
     <span class='ocr_line' id='line_1_67' title="bbox 2181 2763 3765 2835; baseline 0.001 -16"><span class='ocrx_word' id='word_1_503' title='bbox 2181 2767 2271 2835; x_wconf 85' lang='lat' dir='ltr'><strong>qui</strong></span> <span class='ocrx_word' id='word_1_504' title='bbox 2304 2765 2608 2833; x_wconf 86' lang='lat' dir='ltr'><strong>adoptivum</strong></span> <span class='ocrx_word' id='word_1_505' title='bbox 2650 2765 2798 2829; x_wconf 88' lang='lat' dir='ltr'><strong>colit,</strong></span> <span class='ocrx_word' id='word_1_506' title='bbox 2824 2763 3047 2817; x_wconf 87' lang='lat' dir='ltr'><strong>multum</strong></span> <span class='ocrx_word' id='word_1_507' title='bbox 3067 2763 3302 2832; x_wconf 80' lang='lat' dir='ltr'><strong>fallitur,</strong></span> <span class='ocrx_word' id='word_1_508' title='bbox 3331 2773 3382 2818; x_wconf 87' lang='lat' dir='ltr'><strong>et</strong></span> <span class='ocrx_word' id='word_1_509' title='bbox 3411 2765 3649 2833; x_wconf 82' lang='lat' dir='ltr'><strong>fructum</strong></span> <span class='ocrx_word' id='word_1_510' title='bbox 3691 2781 3765 2820; x_wconf 77' lang='lat' dir='ltr'><strong>ea;</strong></span> 
     </span>
    </p>
   </div>
   <div class='ocr_carea' id='block_1_68' title="bbox 2180 2854 3761 2925">
    <p class='ocr_par' dir='ltr' id='par_1_68' title="bbox 2180 2854 3761 2925">
     <span class='ocr_line' id='line_1_68' title="bbox 2180 2854 3761 2925; baseline -0.001 -14"><span class='ocrx_word' id='word_1_511' title='bbox 2180 2875 2239 2912; x_wconf 88' lang='lat' dir='ltr'><strong>eo</strong></span> <span class='ocrx_word' id='word_1_512' title='bbox 2277 2855 2426 2910; x_wconf 89' lang='lat' dir='ltr'><strong>cultu</strong></span> <span class='ocrx_word' id='word_1_513' title='bbox 2483 2872 2587 2910; x_wconf 86' lang='lat' dir='ltr'><strong>non</strong></span> <span class='ocrx_word' id='word_1_514' title='bbox 2635 2855 2950 2910; x_wconf 89' lang='lat' dir='ltr'><strong>diuturnum</strong></span> <span class='ocrx_word' id='word_1_515' title='bbox 2993 2855 3236 2925; x_wconf 86' lang='lat' dir='ltr'><strong>percipit.</strong></span> <span class='ocrx_word' id='word_1_516' title='bbox 3302 2854 3761 2921; x_wconf 78' lang='lat' dir='ltr'><strong>Quemadmodum</strong></span> 
     </span>
    </p>
   </div>
   <div class='ocr_carea' id='block_1_69' title="bbox 2179 2946 3758 3019">
    <p class='ocr_par' dir='ltr' id='par_1_69' title="bbox 2179 2946 3758 3019">
     <span class='ocr_line' id='line_1_69' title="bbox 2179 2946 3758 3019; baseline -0.001 -16"><span class='ocrx_word' id='word_1_517' title='bbox 2179 2951 2317 3004; x_wconf 86' lang='lat' dir='ltr'><strong>enim</strong></span> <span class='ocrx_word' id='word_1_518' title='bbox 2338 2953 2406 3016; x_wconf 88' lang='lat' dir='ltr'><strong>is,</strong></span> <span class='ocrx_word' id='word_1_519' title='bbox 2445 2947 2536 3019; x_wconf 85' lang='lat' dir='ltr'><strong>qui</strong></span> <span class='ocrx_word' id='word_1_520' title='bbox 2562 2946 2756 3001; x_wconf 87' lang='lat' dir='ltr'><strong>caloris</strong></span> <span class='ocrx_word' id='word_1_521' title='bbox 2799 2963 2965 3000; x_wconf 89' lang='lat' dir='ltr'><strong>causa</strong></span> <span class='ocrx_word' id='word_1_522' title='bbox 2997 2948 3162 3018; x_wconf 82' lang='lat' dir='ltr'><strong>ignem</strong></span> <span class='ocrx_word' id='word_1_523' title='bbox 3196 2947 3364 3014; x_wconf 86' lang='lat' dir='ltr'><strong>ipsum</strong></span> <span class='ocrx_word' id='word_1_524' title='bbox 3393 2949 3758 3017; x_wconf 86' lang='lat' dir='ltr'><strong>amplectitur,</strong></span> 
     </span>
    </p>
   </div>
   <div class='ocr_carea' id='block_1_70' title="bbox 2179 3035 3841 3106">
    <p class='ocr_par' dir='ltr' id='par_1_70' title="bbox 2179 3035 3841 3106">
     <span class='ocr_line' id='line_1_70' title="bbox 2179 3035 3841 3106; baseline 0.001 -16"><span class='ocrx_word' id='word_1_525' title='bbox 2179 3037 2396 3090; x_wconf 84' lang='lat' dir='ltr'><strong>calescit</strong></span> <span class='ocrx_word' id='word_1_526' title='bbox 2445 3039 2513 3090; x_wconf 88' lang='lat' dir='ltr'><strong>ab</strong></span> <span class='ocrx_word' id='word_1_527' title='bbox 2565 3052 2624 3090; x_wconf 90' lang='lat' dir='ltr'><strong>eo</strong></span> <span class='ocrx_word' id='word_1_528' title='bbox 2656 3035 2856 3102; x_wconf 82' lang='lat' dir='ltr'><strong>simul,</strong></span> <span class='ocrx_word' id='word_1_529' title='bbox 2905 3044 2956 3090; x_wconf 89' lang='lat' dir='ltr'><strong>et</strong></span> <span class='ocrx_word' id='word_1_530' title='bbox 2989 3036 3103 3105; x_wconf 84' lang='lat' dir='ltr'><strong>ejus</strong></span> <span class='ocrx_word' id='word_1_531' title='bbox 3131 3035 3335 3106; x_wconf 78' lang='lat' dir='ltr'><strong>fulgore</strong></span> <span class='ocrx_word' id='word_1_532' title='bbox 3383 3037 3759 3102; x_wconf 88' lang='lat' dir='ltr'><strong>illuminatur;</strong></span> <span class='ocrx_word' id='word_1_533' title='bbox 3835 3092 3841 3099; x_wconf 74' lang='grc'><strong>,</strong></span> 
     </span>
    </p>
   </div>
   <div class='ocr_carea' id='block_1_71' title="bbox 2178 3127 3759 3200">
    <p class='ocr_par' dir='ltr' id='par_1_71' title="bbox 2178 3127 3759 3200">
     <span class='ocr_line' id='line_1_71' title="bbox 2178 3127 3759 3200; baseline 0.004 -20"><span class='ocrx_word' id='word_1_534' title='bbox 2178 3129 2268 3200; x_wconf 85' lang='lat' dir='ltr'><strong>qui</strong></span> <span class='ocrx_word' id='word_1_535' title='bbox 2290 3131 2408 3182; x_wconf 83' lang='lat' dir='ltr'><strong>vero</strong></span> <span class='ocrx_word' id='word_1_536' title='bbox 2429 3128 2708 3181; x_wconf 88' lang='lat' dir='ltr'><strong>materiam</strong></span> <span class='ocrx_word' id='word_1_537' title='bbox 2733 3127 2796 3181; x_wconf 90' lang='lat' dir='ltr'><strong>ab</strong></span> <span class='ocrx_word' id='word_1_538' title='bbox 2821 3129 2941 3197; x_wconf 87' lang='lat' dir='ltr'><strong>igne</strong></span> <span class='ocrx_word' id='word_1_539' title='bbox 2988 3128 3326 3198; x_wconf 77' lang='lat' dir='ltr'><strong>calefactum,</strong></span> <span class='ocrx_word' id='word_1_540' title='bbox 3366 3130 3470 3184; x_wconf 89' lang='lat' dir='ltr'><strong>sive</strong></span> <span class='ocrx_word' id='word_1_541' title='bbox 3502 3146 3574 3185; x_wconf 74' lang='lat' dir='ltr'><strong>(es</strong></span> <span class='ocrx_word' id='word_1_542' title='bbox 3598 3171 3613 3196; x_wconf 92' lang='lat'><strong>,</strong></span> <span class='ocrx_word' id='word_1_543' title='bbox 3645 3132 3759 3187; x_wconf 75' lang='lat' dir='ltr'><strong>sive</strong></span> 
     </span>
    </p>
   </div>
   <div class='ocr_carea' id='block_1_72' title="bbox 2180 3221 3757 3294">
    <p class='ocr_par' dir='ltr' id='par_1_72' title="bbox 2180 3221 3757 3294">
     <span class='ocr_line' id='line_1_72' title="bbox 2180 3221 3757 3294; baseline 0.004 -20"><span class='ocrx_word' id='word_1_544' title='bbox 2180 3222 2399 3288; x_wconf 79' lang='lat' dir='ltr'><strong>ferrum,</strong></span> <span class='ocrx_word' id='word_1_545' title='bbox 2425 3221 2498 3275; x_wconf 81' lang='lat' dir='ltr'><strong>ad</strong></span> <span class='ocrx_word' id='word_1_546' title='bbox 2525 3222 2888 3276; x_wconf 87' lang='lat' dir='ltr'><strong>calescendum</strong></span> <span class='ocrx_word' id='word_1_547' title='bbox 2921 3223 3131 3292; x_wconf 77' lang='lat' dir='ltr'><strong>qncerit,</strong></span> <span class='ocrx_word' id='word_1_548' title='bbox 3179 3223 3224 3276; x_wconf 88' lang='lat' dir='ltr'><strong>is</strong></span> <span class='ocrx_word' id='word_1_549' title='bbox 3257 3240 3290 3276; x_wconf 93' lang='lat' dir='ltr'><strong>a</strong></span> <span class='ocrx_word' id='word_1_550' title='bbox 3311 3240 3465 3293; x_wconf 86' lang='lat' dir='ltr'><strong>scopo</strong></span> <span class='ocrx_word' id='word_1_551' title='bbox 3499 3225 3757 3294; x_wconf 83' lang='lat' dir='ltr'><strong>aberrat;</strong></span> 
     </span>
    </p>
   </div>
   <div class='ocr_carea' id='block_1_73' title="bbox 2179 3313 3755 3388">
    <p class='ocr_par' dir='ltr' id='par_1_73' title="bbox 2179 3313 3755 3388">
     <span class='ocr_line' id='line_1_73' title="bbox 2179 3313 3755 3388; baseline 0.004 -22"><span class='ocrx_word' id='word_1_552' title='bbox 2179 3313 2436 3383; x_wconf 80' lang='lat' dir='ltr'><strong>siquidem</strong></span> <span class='ocrx_word' id='word_1_553' title='bbox 2457 3329 2518 3367; x_wconf 89' lang='lat' dir='ltr'><strong>ea</strong></span> <span class='ocrx_word' id='word_1_554' title='bbox 2547 3314 2768 3366; x_wconf 84' lang='lat' dir='ltr'><strong>materia</strong></span> <span class='ocrx_word' id='word_1_555' title='bbox 2798 3313 2866 3366; x_wconf 90' lang='lat' dir='ltr'><strong>ad</strong></span> <span class='ocrx_word' id='word_1_556' title='bbox 2898 3313 3044 3368; x_wconf 87' lang='lat' dir='ltr'><strong>breve</strong></span> <span class='ocrx_word' id='word_1_557' title='bbox 3085 3315 3285 3384; x_wconf 82' lang='lat' dir='ltr'><strong>tempus</strong></span> <span class='ocrx_word' id='word_1_558' title='bbox 3329 3325 3578 3370; x_wconf 89' lang='lat' dir='ltr'><strong>naturam</strong></span> <span class='ocrx_word' id='word_1_559' title='bbox 3611 3318 3755 3388; x_wconf 85' lang='lat' dir='ltr'><strong>ignis</strong></span> 
     </span>
    </p>
   </div>
   <div class='ocr_carea' id='block_1_74' title="bbox 2177 3407 3756 3477">
    <p class='ocr_par' dir='ltr' id='par_1_74' title="bbox 2177 3407 3756 3477">
     <span class='ocr_line' id='line_1_74' title="bbox 2177 3407 3756 3477; baseline 0.004 -18"><span class='ocrx_word' id='word_1_560' title='bbox 2177 3407 2397 3460; x_wconf 86' lang='lat' dir='ltr'><strong>mentita</strong></span> <span class='ocrx_word' id='word_1_561' title='bbox 2429 3407 2504 3459; x_wconf 80' lang='lat' dir='ltr'><strong>ad&#39;</strong></span> <span class='ocrx_word' id='word_1_562' title='bbox 2526 3407 2798 3475; x_wconf 90' lang='lat' dir='ltr'><strong>propriam</strong></span> <span class='ocrx_word' id='word_1_563' title='bbox 2826 3407 3140 3462; x_wconf 73' lang='lat' dir='ltr'><strong>substantia:</strong></span> <span class='ocrx_word' id='word_1_564' title='bbox 3163 3417 3410 3462; x_wconf 89' lang='lat' dir='ltr'><strong>naturam</strong></span> <span class='ocrx_word' id='word_1_565' title='bbox 3437 3410 3600 3477; x_wconf 89' lang='lat' dir='ltr'><strong>redit,</strong></span> <span class='ocrx_word' id='word_1_566' title='bbox 3627 3427 3756 3466; x_wconf 83' lang='lat' dir='ltr'><strong>eum</strong></span> 
     </span>
    </p>
   </div>
   <div class='ocr_carea' id='block_1_75' title="bbox 2177 3497 3755 3573">
    <p class='ocr_par' dir='ltr' id='par_1_75' title="bbox 2177 3497 3755 3573">
     <span class='ocr_line' id='line_1_75' title="bbox 2177 3497 3755 3573; baseline 0.003 -22"><span class='ocrx_word' id='word_1_567' title='bbox 2177 3507 2372 3561; x_wconf 85' lang='lat' dir='ltr'><strong>autem,</strong></span> <span class='ocrx_word' id='word_1_568' title='bbox 2407 3499 2497 3567; x_wconf 87' lang='lat' dir='ltr'><strong>qui</strong></span> <span class='ocrx_word' id='word_1_569' title='bbox 2527 3498 2697 3566; x_wconf 90' lang='lat' dir='ltr'><strong>ipsam</strong></span> <span class='ocrx_word' id='word_1_570' title='bbox 2721 3497 2896 3564; x_wconf 78' lang='lat' dir='ltr'><strong>habet,</strong></span> <span class='ocrx_word' id='word_1_571' title='bbox 2921 3498 3098 3573; x_wconf 76' lang='lat' dir='ltr'><strong>calore</strong></span> <span class='ocrx_word' id='word_1_572' title='bbox 3126 3516 3221 3554; x_wconf 91' lang='lat' dir='ltr'><strong>suo</strong></span> <span class='ocrx_word' id='word_1_573' title='bbox 3260 3500 3394 3554; x_wconf 84' lang='lat' dir='ltr'><strong>nihil</strong></span> <span class='ocrx_word' id='word_1_574' title='bbox 3429 3499 3606 3569; x_wconf 84' lang='lat' dir='ltr'><strong>juvat,</strong></span> <span class='ocrx_word' id='word_1_575' title='bbox 3647 3517 3755 3556; x_wconf 84' lang='lat' dir='ltr'><strong>nec</strong></span> 
     </span>
    </p>
   </div>
   <div class='ocr_carea' id='block_1_76' title="bbox 2175 3587 3752 3660">
    <p class='ocr_par' dir='ltr' id='par_1_76' title="bbox 2175 3587 3752 3660">
     <span class='ocr_line' id='line_1_76' title="bbox 2175 3587 3752 3660; baseline 0.005 -20"><span class='ocrx_word' id='word_1_576' title='bbox 2175 3589 2432 3658; x_wconf 74' lang='lat' dir='ltr'><strong>fulgorem</strong></span> <span class='ocrx_word' id='word_1_577' title='bbox 2453 3591 2500 3642; x_wconf 85' lang='lat' dir='ltr'><strong>ei</strong></span> <span class='ocrx_word' id='word_1_578' title='bbox 2533 3588 2737 3642; x_wconf 87' lang='lat' dir='ltr'><strong>clarum</strong></span> <span class='ocrx_word' id='word_1_579' title='bbox 2761 3587 3079 3656; x_wconf 87' lang='lat' dir='ltr'><strong>suppeditat.</strong></span> <span class='ocrx_word' id='word_1_580' title='bbox 3124 3588 3212 3644; x_wconf 90' lang='lat' dir='ltr'><strong>Ita</strong></span> <span class='ocrx_word' id='word_1_581' title='bbox 3239 3591 3328 3660; x_wconf 88' lang='lat' dir='ltr'><strong>qui</strong></span> <span class='ocrx_word' id='word_1_582' title='bbox 3377 3607 3508 3646; x_wconf 66' lang='lat' dir='ltr'><strong>verte</strong></span> <span class='ocrx_word' id='word_1_583' title='bbox 3534 3593 3752 3649; x_wconf 80' lang='lat' dir='ltr'><strong>virtutis</strong></span> 
     </span>
    </p>
   </div>
   <div class='ocr_carea' id='block_1_77' title="bbox 2175 3672 3753 3752">
    <p class='ocr_par' dir='ltr' id='par_1_77' title="bbox 2175 3672 3753 3752">
     <span class='ocr_line' id='line_1_77' title="bbox 2175 3672 3753 3752; baseline 0.004 -20"><span class='ocrx_word' id='word_1_584' title='bbox 2175 3680 2556 3735; x_wconf 87' lang='lat' dir='ltr'><strong>beatitudinem</strong></span> <span class='ocrx_word' id='word_1_585' title='bbox 2601 3679 2834 3749; x_wconf 82' lang='lat' dir='ltr'><strong>accipere</strong></span> <span class='ocrx_word' id='word_1_586' title='bbox 2862 3679 2994 3746; x_wconf 87' lang='lat' dir='ltr'><strong>vult,</strong></span> <span class='ocrx_word' id='word_1_587' title='bbox 3043 3697 3158 3736; x_wconf 83' lang='lat' dir='ltr'><strong>eam</strong></span> <span class='ocrx_word' id='word_1_588' title='bbox 3201 3681 3264 3735; x_wconf 93' lang='lat' dir='ltr'><strong>ab</strong></span> <span class='ocrx_word' id='word_1_589' title='bbox 3293 3697 3383 3748; x_wconf 90' lang='lat' dir='ltr'><strong>eo,</strong></span> <span class='ocrx_word' id='word_1_590' title='bbox 3412 3683 3502 3752; x_wconf 87' lang='lat' dir='ltr'><strong>qui</strong></span> <span class='ocrx_word' id='word_1_591' title='bbox 3548 3672 3753 3740; x_wconf 72' lang='lat' dir='ltr'><strong>natura</strong></span> 
     </span>
    </p>
   </div>
   <div class='ocr_carea' id='block_1_78' title="bbox 2173 3771 3752 3844">
    <p class='ocr_par' dir='ltr' id='par_1_78' title="bbox 2173 3771 3752 3844">
     <span class='ocr_line' id='line_1_78' title="bbox 2173 3771 3752 3844; baseline 0.003 -20"><span class='ocrx_word' id='word_1_592' title='bbox 2173 3772 2314 3826; x_wconf 85' lang='lat' dir='ltr'><strong>Deus</strong></span> <span class='ocrx_word' id='word_1_593' title='bbox 2340 3782 2440 3839; x_wconf 85' lang='lat' dir='ltr'><strong>est,</strong></span> <span class='ocrx_word' id='word_1_594' title='bbox 2469 3773 2515 3826; x_wconf 90' lang='lat' dir='ltr'><strong>si</strong></span> <span class='ocrx_word' id='word_1_595' title='bbox 2542 3780 2705 3841; x_wconf 87' lang='lat' dir='ltr'><strong>petat,</strong></span> <span class='ocrx_word' id='word_1_596' title='bbox 2733 3787 2834 3825; x_wconf 90' lang='lat' dir='ltr'><strong>non</strong></span> <span class='ocrx_word' id='word_1_597' title='bbox 2857 3771 3006 3825; x_wconf 77' lang='lat' dir='ltr'><strong>lwdit</strong></span> <span class='ocrx_word' id='word_1_598' title='bbox 3035 3788 3089 3828; x_wconf 89' lang='lat' dir='ltr'><strong>se</strong></span> <span class='ocrx_word' id='word_1_599' title='bbox 3112 3773 3324 3841; x_wconf 85' lang='lat' dir='ltr'><strong>ipsum;</strong></span> <span class='ocrx_word' id='word_1_600' title='bbox 3350 3773 3415 3826; x_wconf 90' lang='lat' dir='ltr'><strong>ab</strong></span> <span class='ocrx_word' id='word_1_601' title='bbox 3441 3774 3626 3844; x_wconf 86' lang='lat' dir='ltr'><strong>angelo</strong></span> <span class='ocrx_word' id='word_1_602' title='bbox 3647 3791 3718 3828; x_wconf 90' lang='lat' dir='ltr'><strong>au</strong></span> <span class='ocrx_word' id='word_1_603' title='bbox 3736 3803 3752 3819; x_wconf 68' lang='grc' dir='ltr'><strong><em>ι</em></strong></span> 
     </span>
    </p>
   </div>
   <div class='ocr_carea' id='block_1_79' title="bbox 2173 3864 3751 3936">
    <p class='ocr_par' dir='ltr' id='par_1_79' title="bbox 2173 3864 3751 3936">
     <span class='ocr_line' id='line_1_79' title="bbox 2173 3864 3751 3936; baseline 0.001 -16"><span class='ocrx_word' id='word_1_604' title='bbox 2173 3875 2274 3922; x_wconf 81' lang='lat' dir='ltr'><strong>tem</strong></span> <span class='ocrx_word' id='word_1_605' title='bbox 2296 3874 2494 3936; x_wconf 81' lang='lat' dir='ltr'><strong>petens,</strong></span> <span class='ocrx_word' id='word_1_606' title='bbox 2523 3864 2601 3919; x_wconf 87' lang='lat' dir='ltr'><strong>vel</strong></span> <span class='ocrx_word' id='word_1_607' title='bbox 2633 3864 2698 3918; x_wconf 92' lang='lat' dir='ltr'><strong>ab</strong></span> <span class='ocrx_word' id='word_1_608' title='bbox 2728 3864 2906 3935; x_wconf 88' lang='lat' dir='ltr'><strong>aliquo</strong></span> <span class='ocrx_word' id='word_1_609' title='bbox 2934 3865 3240 3935; x_wconf 80' lang='lat' dir='ltr'><strong>incorporeo</strong></span> <span class='ocrx_word' id='word_1_610' title='bbox 3265 3866 3548 3933; x_wconf 87' lang='lat' dir='ltr'><strong>superioris</strong></span> <span class='ocrx_word' id='word_1_611' title='bbox 3591 3868 3751 3921; x_wconf 79' lang='lat' dir='ltr'><strong>ordi--</strong></span> 
     </span>
    </p>
   </div>
   <div class='ocr_carea' id='block_1_80' title="bbox 2169 3957 3747 4029">
    <p class='ocr_par' dir='ltr' id='par_1_80' title="bbox 2169 3957 3747 4029">
     <span class='ocr_line' id='line_1_80' title="bbox 2169 3957 3747 4029; baseline 0 -16"><span class='ocrx_word' id='word_1_612' title='bbox 2169 3959 2273 4023; x_wconf 85' lang='lat' dir='ltr'><strong>nis,</strong></span> <span class='ocrx_word' id='word_1_613' title='bbox 2317 3959 2408 4029; x_wconf 86' lang='lat' dir='ltr'><strong>qui</strong></span> <span class='ocrx_word' id='word_1_614' title='bbox 2451 3958 2764 4027; x_wconf 88' lang='lat' dir='ltr'><strong>adoptione,</strong></span> <span class='ocrx_word' id='word_1_615' title='bbox 2815 3974 2918 4012; x_wconf 89' lang='lat' dir='ltr'><strong>non</strong></span> <span class='ocrx_word' id='word_1_616' title='bbox 2953 3968 3170 4022; x_wconf 86' lang='lat' dir='ltr'><strong>natura,</strong></span> <span class='ocrx_word' id='word_1_617' title='bbox 3206 3958 3276 4011; x_wconf 90' lang='lat' dir='ltr'><strong>sit</strong></span> <span class='ocrx_word' id='word_1_618' title='bbox 3305 3957 3462 4022; x_wconf 87' lang='lat' dir='ltr'><strong>deus,</strong></span> <span class='ocrx_word' id='word_1_619' title='bbox 3487 3958 3747 4013; x_wconf 79' lang='lat' dir='ltr'><strong>damnum</strong></span> 
     </span>
    </p>
   </div>
   <div class='ocr_carea' id='block_1_81' title="bbox 2168 4049 3746 4121">
    <p class='ocr_par' dir='ltr' id='par_1_81' title="bbox 2168 4049 3746 4121">
     <span class='ocr_line' id='line_1_81' title="bbox 2168 4049 3746 4121; baseline 0.003 -18"><span class='ocrx_word' id='word_1_620' title='bbox 2168 4067 2324 4121; x_wconf 89' lang='lat' dir='ltr'><strong>grave</strong></span> <span class='ocrx_word' id='word_1_621' title='bbox 2352 4050 2580 4118; x_wconf 81' lang='lat' dir='ltr'><strong>accipit,</strong></span> <span class='ocrx_word' id='word_1_622' title='bbox 2615 4051 2850 4121; x_wconf 87' lang='lat' dir='ltr'><strong>accipere</strong></span> <span class='ocrx_word' id='word_1_623' title='bbox 2892 4051 2949 4104; x_wconf 90' lang='lat' dir='ltr'><strong>id</strong></span> <span class='ocrx_word' id='word_1_624' title='bbox 2975 4049 3172 4116; x_wconf 81' lang='lat' dir='ltr'><strong>volens,</strong></span> <span class='ocrx_word' id='word_1_625' title='bbox 3217 4050 3355 4120; x_wconf 89' lang='lat' dir='ltr'><strong>quod</strong></span> <span class='ocrx_word' id='word_1_626' title='bbox 3385 4051 3432 4104; x_wconf 90' lang='lat' dir='ltr'><strong>si</strong></span> <span class='ocrx_word' id='word_1_627' title='bbox 3460 4050 3663 4105; x_wconf 87' lang='lat' dir='ltr'><strong>dederit</strong></span> <span class='ocrx_word' id='word_1_628' title='bbox 3694 4052 3746 4107; x_wconf 80' lang='lat' dir='ltr'><strong>is</strong></span> 
     </span>
    </p>
   </div>
   <div class='ocr_carea' id='block_1_82' title="bbox 2165 4143 3686 4218">
    <p class='ocr_par' dir='ltr' id='par_1_82' title="bbox 2165 4143 3686 4218">
     <span class='ocr_line' id='line_1_82' title="bbox 2165 4143 3686 4218; baseline 0.001 -22"><span class='ocrx_word' id='word_1_629' title='bbox 2165 4143 2256 4213; x_wconf 89' lang='lat' dir='ltr'><strong>qui</strong></span> <span class='ocrx_word' id='word_1_630' title='bbox 2278 4144 2543 4212; x_wconf 84' lang='lat' dir='ltr'><strong>possidet,</strong></span> <span class='ocrx_word' id='word_1_631' title='bbox 2576 4159 2630 4198; x_wconf 88' lang='lat' dir='ltr'><strong>se</strong></span> <span class='ocrx_word' id='word_1_632' title='bbox 2649 4145 2834 4214; x_wconf 82' lang='lat' dir='ltr'><strong>ipsum</strong></span> <span class='ocrx_word' id='word_1_633' title='bbox 2864 4145 3056 4198; x_wconf 87' lang='lat' dir='ltr'><strong>virtute</strong></span> <span class='ocrx_word' id='word_1_634' title='bbox 3072 4143 3260 4218; x_wconf 87' lang='lat' dir='ltr'><strong>spoliet</strong></span> <span class='ocrx_word' id='word_1_635' title='bbox 3301 4160 3503 4207; x_wconf 83' lang='lat' dir='ltr'><strong>necesse</strong></span> <span class='ocrx_word' id='word_1_636' title='bbox 3530 4154 3629 4205; x_wconf 80' lang='lat' dir='ltr'><strong>est.</strong></span> <span class='ocrx_word' id='word_1_637' title='bbox 3659 4184 3686 4208; x_wconf 81' lang='lat'><strong>_,</strong></span> 
     </span>
    </p>
   </div>
   <div class='ocr_carea' id='block_1_83' title="bbox 2203 4255 3704 4329">
    <p class='ocr_par' dir='ltr' id='par_1_83' title="bbox 2203 4255 3704 4329">
     <span class='ocr_line' id='line_1_83' title="bbox 2203 4255 3704 4329; baseline 0.005 -21"><span class='ocrx_word' id='word_1_638' title='bbox 2203 4257 2231 4329; x_wconf 84' lang='lat'>§</span> <span class='ocrx_word' id='word_1_639' title='bbox 2263 4255 2406 4317; x_wconf 69' lang='lat' dir='ltr'><strong>XVI.</strong></span> <span class='ocrx_word' id='word_1_640' title='bbox 2440 4257 2701 4312; x_wconf 87' lang='lat' dir='ltr'><strong>Doctrina</strong></span> <span class='ocrx_word' id='word_1_641' title='bbox 2733 4257 2990 4328; x_wconf 81' lang='lat' dir='ltr'><strong>Magnetis</strong></span> <span class='ocrx_word' id='word_1_642' title='bbox 3027 4259 3090 4312; x_wconf 86' lang='lat' dir='ltr'><strong>de</strong></span> <span class='ocrx_word' id='word_1_643' title='bbox 3123 4261 3384 4319; x_wconf 83' lang='lat' dir='ltr'><strong>creatione</strong></span> <span class='ocrx_word' id='word_1_644' title='bbox 3417 4269 3467 4314; x_wconf 90' lang='lat' dir='ltr'><strong>et</strong></span> <span class='ocrx_word' id='word_1_645' title='bbox 3492 4277 3704 4316; x_wconf 82' lang='lat' dir='ltr'><strong>conser-</strong></span> 
     </span>
    </p>
   </div>
   <div class='ocr_carea' id='block_1_84' title="bbox 499 4319 3631 4402">
    <p class='ocr_par' dir='ltr' id='par_1_84' title="bbox 499 4319 3631 4402">
     <span class='ocr_line' id='line_1_84' title="bbox 499 4319 3631 4402; baseline 0.007 -37"><span class='ocrx_word' id='word_1_646' title='bbox 499 4322 841 4381; x_wconf 86' lang='lat' dir='ltr'><strong>patraverat;</strong></span> <span class='ocrx_word' id='word_1_647' title='bbox 869 4330 1032 4384; x_wconf 89' lang='lat' dir='ltr'><strong>quam</strong></span> <span class='ocrx_word' id='word_1_648' title='bbox 1066 4325 1323 4383; x_wconf 88' lang='lat' dir='ltr'><strong>statuam,</strong></span> <span class='ocrx_word' id='word_1_649' title='bbox 1363 4319 1566 4376; x_wconf 70' lang='grc' dir='ltr'><strong>ϐίη-ἰειὶ</strong></span> <span class='ocrx_word' id='word_1_650' title='bbox 1592 4321 1885 4394; x_wconf 87' lang='lat' dir='ltr'><strong>imaginem</strong></span> <span class='ocrx_word' id='word_1_651' title='bbox 1912 4325 2066 4378; x_wconf 86' lang='lat' dir='ltr'><strong>cxhi-</strong></span> <span class='ocrx_word' id='word_1_652' title='bbox 2205 4319 2231 4329; x_wconf 74' lang='grc'><em>”</em></span> <span class='ocrx_word' id='word_1_653' title='bbox 2516 4329 2720 4382; x_wconf 83' lang='lat' dir='ltr'><strong>vatione</strong></span> <span class='ocrx_word' id='word_1_654' title='bbox 2750 4319 3038 4397; x_wconf 67' lang='lat' dir='ltr'><strong>corporum.</strong></span> <span class='ocrx_word' id='word_1_655' title='bbox 3076 4329 3382 4384; x_wconf 63' lang='lat' dir='ltr'><strong>caelestium.</strong></span> <span class='ocrx_word' id='word_1_656' title='bbox 3627 4399 3631 4402; x_wconf 18' lang='grc' dir='ltr'>ι</span> 
     </span>
    </p>
   </div>
   <div class='ocr_carea' id='block_1_85' title="bbox 496 4403 3818 4488">
    <p class='ocr_par' dir='ltr' id='par_1_85' title="bbox 496 4403 3818 4488">
     <span class='ocr_line' id='line_1_85' title="bbox 496 4403 3818 4488; baseline 0.007 -32"><span class='ocrx_word' id='word_1_657' title='bbox 496 4403 734 4469; x_wconf 88' lang='lat' dir='ltr'><strong>hentem,</strong></span> <span class='ocrx_word' id='word_1_658' title='bbox 779 4404 960 4461; x_wconf 84' lang='lat' dir='ltr'><strong>adhuc</strong></span> <span class='ocrx_word' id='word_1_659' title='bbox 1009 4422 1109 4461; x_wconf 86' lang='lat' dir='ltr'><strong>sua</strong></span> <span class='ocrx_word' id='word_1_660' title='bbox 1137 4417 1298 4463; x_wconf 58' lang='lat' dir='ltr'><strong>aetate</strong></span> <span class='ocrx_word' id='word_1_661' title='bbox 1328 4409 1382 4463; x_wconf 90' lang='lat' dir='ltr'><strong>in</strong></span> <span class='ocrx_word' id='word_1_662' title='bbox 1429 4408 1822 4480; x_wconf 84' lang='lat' dir='ltr'><strong>Mesopotamia</strong></span> <span class='ocrx_word' id='word_1_663' title='bbox 1855 4415 2060 4470; x_wconf 89' lang='lat' dir='ltr'><strong>salvam</strong></span> <span class='ocrx_word' id='word_1_664' title='bbox 2234 4417 2476 4488; x_wconf 87' lang='lat' dir='ltr'><strong>Corpora</strong></span> <span class='ocrx_word' id='word_1_665' title='bbox 2505 4419 2744 4474; x_wconf 61' lang='lat' dir='ltr'><strong>ets-testia</strong></span> <span class='ocrx_word' id='word_1_666' title='bbox 2779 4435 2808 4473; x_wconf 91' lang='lat' dir='ltr'><strong><em>a</em></strong></span> <span class='ocrx_word' id='word_1_667' title='bbox 2834 4419 2946 4474; x_wconf 83' lang='lat' dir='ltr'><strong>Deo</strong></span> <span class='ocrx_word' id='word_1_668' title='bbox 2967 4429 3148 4475; x_wconf 88' lang='lat' dir='ltr'><strong>creata</strong></span> <span class='ocrx_word' id='word_1_669' title='bbox 3177 4421 3375 4476; x_wconf 78' lang='lat' dir='ltr'><strong>exinde</strong></span> <span class='ocrx_word' id='word_1_670' title='bbox 3397 4410 3746 4480; x_wconf 81' lang='lat' dir='ltr'><strong>demonstrat</strong></span> <span class='ocrx_word' id='word_1_671' title='bbox 3811 4430 3818 4436; x_wconf 86' lang='lat'>&#39;</span> 
     </span>
    </p>
   </div>
   <div class='ocr_carea' id='block_1_86' title="bbox 496 4492 3739 4583">
    <p class='ocr_par' dir='ltr' id='par_1_86' title="bbox 496 4492 3739 4583">
     <span class='ocr_line' id='line_1_86' title="bbox 496 4492 3739 4583; baseline 0.008 -39"><span class='ocrx_word' id='word_1_672' title='bbox 496 4492 932 4564; x_wconf 88' lang='lat' dir='ltr'><strong>incolumemque</strong></span> <span class='ocrx_word' id='word_1_673' title='bbox 953 4497 1231 4552; x_wconf 75' lang='lat' dir='ltr'><strong>exstitisse</strong></span> <span class='ocrx_word' id='word_1_674' title='bbox 1255 4506 1484 4555; x_wconf 85' lang='lat' dir='ltr'><strong>testatur</strong></span> <span class='ocrx_word' id='word_1_675' title='bbox 1517 4501 1602 4557; x_wconf 81' lang='lat' dir='ltr'><strong>his</strong></span> <span class='ocrx_word' id='word_1_676' title='bbox 1632 4503 1850 4559; x_wconf 84' lang='lat' dir='ltr'><strong>verbis:</strong></span> <span class='ocrx_word' id='word_1_677' title='bbox 1889 4505 2067 4560; x_wconf 81' lang='grc' dir='ltr'><strong>Αὐτοῦ.</strong></span> <span class='ocrx_word' id='word_1_678' title='bbox 2165 4509 2456 4574; x_wconf 70' lang='lat' dir='ltr'><strong>Macarius,</strong></span> <span class='ocrx_word' id='word_1_679' title='bbox 2491 4509 2638 4580; x_wconf 90' lang='lat' dir='ltr'><strong>quod</strong></span> <span class='ocrx_word' id='word_1_680' title='bbox 2684 4509 2824 4564; x_wconf 89' lang='lat' dir='ltr'><strong>Deus</strong></span> <span class='ocrx_word' id='word_1_681' title='bbox 2869 4509 3058 4572; x_wconf 83' lang='lat' dir='ltr'><strong>eadem</strong></span> <span class='ocrx_word' id='word_1_682' title='bbox 3099 4527 3131 4566; x_wconf 87' lang='lat' dir='ltr'><strong>e</strong></span> <span class='ocrx_word' id='word_1_683' title='bbox 3181 4512 3319 4568; x_wconf 64' lang='lat' dir='ltr'><strong>caelo</strong></span> <span class='ocrx_word' id='word_1_684' title='bbox 3371 4515 3739 4583; x_wconf 88' lang='lat' dir='ltr'><strong>suspenderit,</strong></span> 
     </span>
    </p>
   </div>
   <div class='ocr_carea' id='block_1_87' title="bbox 494 4581 2085 4693">
    <p class='ocr_par' dir='ltr' id='par_1_87' title="bbox 494 4581 2060 4664">
     <span class='ocr_line' id='line_1_87' title="bbox 494 4581 2060 4664; baseline 0.017 -40"><span class='ocrx_word' id='word_1_685' title='bbox 494 4582 604 4654; x_wconf 75' lang='grc' dir='ltr'><strong>γάρ</strong></span> <span class='ocrx_word' id='word_1_686' title='bbox 640 4581 734 4636; x_wconf 79' lang='grc' dir='ltr'><strong>τοῦ</strong></span> <span class='ocrx_word' id='word_1_687' title='bbox 775 4584 1109 4655; x_wconf 71' lang='grc' dir='ltr'><strong>πραχθέντος</strong></span> <span class='ocrx_word' id='word_1_688' title='bbox 1150 4588 1184 4658; x_wconf 79' lang='grc' dir='ltr'>ὴ</span> <span class='ocrx_word' id='word_1_689' title='bbox 1227 4587 1364 4659; x_wconf 78' lang='grc' dir='ltr'><strong>γυνὴ</strong></span> <span class='ocrx_word' id='word_1_690' title='bbox 1410 4589 1508 4660; x_wconf 82' lang='grc' dir='ltr'><strong>τὴν</strong></span> <span class='ocrx_word' id='word_1_691' title='bbox 1556 4591 1796 4662; x_wconf 81' lang='grc' dir='ltr'><strong>ἱστορίαν</strong></span> <span class='ocrx_word' id='word_1_692' title='bbox 1847 4594 2060 4664; x_wconf 84' lang='grc' dir='ltr'><strong>σεμνῶς</strong></span> 
     </span>
    </p>
   </div>
   <div class='ocr_carea' id='block_1_88' title="bbox 2184 4581 3742 4693">
    <p class='ocr_par' dir='ltr' id='par_1_88' title="bbox 2184 4581 3742 4674">
     <span class='ocr_line' id='line_1_88' title="bbox 2184 4581 3742 4674; baseline 0.003 -19"><span class='ocrx_word' id='word_1_693' title='bbox 2184 4615 2497 4670; x_wconf 89' lang='lat' dir='ltr'><strong>:ursumque</strong></span> <span class='ocrx_word' id='word_1_694' title='bbox 2526 4601 2768 4670; x_wconf 86' lang='lat' dir='ltr'><strong>ipsorum</strong></span> <span class='ocrx_word' id='word_1_695' title='bbox 2796 4608 2851 4655; x_wconf 84' lang='lat' dir='ltr'><strong>et</strong></span> <span class='ocrx_word' id='word_1_696' title='bbox 2876 4601 3206 4657; x_wconf 84' lang='lat' dir='ltr'><strong>mutationes</strong></span> <span class='ocrx_word' id='word_1_697' title='bbox 3225 4618 3290 4656; x_wconf 83' lang='lat' dir='ltr'><strong>ex</strong></span> <span class='ocrx_word' id='word_1_698' title='bbox 3314 4581 3530 4674; x_wconf 77' lang='lat' dir='ltr'><strong>propria</strong></span> <span class='ocrx_word' id='word_1_699' title='bbox 3549 4605 3742 4660; x_wconf 87' lang='lat' dir='ltr'><strong>volun-</strong></span> 
     </span>
    </p>
   </div>
   <div class='ocr_carea' id='block_1_89' title="bbox 494 4673 2085 4765">
    <p class='ocr_par' dir='ltr' id='par_1_89' title="bbox 494 4673 2060 4757">
     <span class='ocr_line' id='line_1_89' title="bbox 494 4673 2060 4757; baseline 0.008 -29"><span class='ocrx_word' id='word_1_700' title='bbox 494 4673 953 4744; x_wconf 82' lang='grc' dir='ltr'><strong>ἀποχαλκεύσασα</strong></span> <span class='ocrx_word' id='word_1_701' title='bbox 985 4676 1061 4746; x_wconf 82' lang='grc' dir='ltr'><strong>τῷ</strong></span> <span class='ocrx_word' id='word_1_702' title='bbox 1093 4677 1191 4749; x_wconf 80' lang='grc' dir='ltr'><strong>βίῳ</strong></span> <span class='ocrx_word' id='word_1_703' title='bbox 1211 4680 1544 4750; x_wconf 79' lang='grc' dir='ltr'><strong>παρέδωκεν,</strong></span> <span class='ocrx_word' id='word_1_704' title='bbox 1573 4682 1648 4747; x_wconf 82' lang='grc' dir='ltr'><strong>ὡς</strong></span> <span class='ocrx_word' id='word_1_705' title='bbox 1679 4684 1804 4755; x_wconf 87' lang='grc' dir='ltr'><strong>άρτι</strong></span> <span class='ocrx_word' id='word_1_706' title='bbox 1833 4682 2060 4757; x_wconf 80' lang='grc' dir='ltr'><strong>τοῦργον</strong></span> 
     </span>
    </p>
   </div>
   <div class='ocr_carea' id='block_1_90' title="bbox 2184 4673 3739 4765">
    <p class='ocr_par' dir='ltr' id='par_1_90' title="bbox 2187 4673 3739 4765">
     <span class='ocr_line' id='line_1_90' title="bbox 2187 4673 3739 4765; baseline 0.005 -21"><span class='ocrx_word' id='word_1_707' title='bbox 2187 4701 2276 4747; x_wconf 87' lang='lat' dir='ltr'><strong>ate</strong></span> <span class='ocrx_word' id='word_1_708' title='bbox 2305 4691 2560 4746; x_wconf 85' lang='lat' dir='ltr'><strong>inﬂectat.</strong></span> <span class='ocrx_word' id='word_1_709' title='bbox 2589 4691 2710 4757; x_wconf 85' lang='lat' dir='ltr'><strong>Quo</strong></span> <span class='ocrx_word' id='word_1_710' title='bbox 2727 4701 2973 4760; x_wconf 82' lang='lat' dir='ltr'><strong>spectant</strong></span> <span class='ocrx_word' id='word_1_711' title='bbox 3003 4693 3118 4747; x_wconf 69' lang='lat' dir='ltr'><strong>haac</strong></span> <span class='ocrx_word' id='word_1_712' title='bbox 3138 4695 3297 4747; x_wconf 83' lang='lat' dir='ltr'><strong>verba</strong></span> <span class='ocrx_word' id='word_1_713' title='bbox 3315 4673 3604 4765; x_wconf 80' lang='lat' dir='ltr'><strong>fragmenti</strong></span> <span class='ocrx_word' id='word_1_714' title='bbox 3625 4695 3739 4753; x_wconf 76' lang='lat' dir='ltr'><strong>IX:</strong></span> 
     </span>
    </p>
   </div>
   <div class='ocr_carea' id='block_1_91' title="bbox 494 4765 2085 4856">
    <p class='ocr_par' dir='ltr' id='par_1_91' title="bbox 494 4765 2060 4849">
     <span class='ocr_line' id='line_1_91' title="bbox 494 4765 2060 4849; baseline 0.009 -31"><span class='ocrx_word' id='word_1_715' title='bbox 494 4765 802 4837; x_wconf 85' lang='grc' dir='ltr'><strong>γενόμενον,</strong></span> <span class='ocrx_word' id='word_1_716' title='bbox 836 4769 897 4822; x_wconf 82' lang='grc' dir='ltr'><strong>ού</strong></span> <span class='ocrx_word' id='word_1_717' title='bbox 922 4767 1107 4824; x_wconf 89' lang='grc' dir='ltr'><strong>πάλαι.</strong></span> <span class='ocrx_word' id='word_1_718' title='bbox 1134 4768 1188 4823; x_wconf 83' lang='lat' dir='ltr'><strong>Id</strong></span> <span class='ocrx_word' id='word_1_719' title='bbox 1210 4783 1323 4826; x_wconf 88' lang='lat' dir='ltr'><strong>est:</strong></span> <span class='ocrx_word' id='word_1_720' title='bbox 1349 4769 1526 4838; x_wconf 82' lang='lat' dir='ltr'><strong>Ipsius</strong></span> <span class='ocrx_word' id='word_1_721' title='bbox 1555 4775 1744 4849; x_wconf 84' lang='lat' dir='ltr'><strong>quippe</strong></span> <span class='ocrx_word' id='word_1_722' title='bbox 1772 4777 1904 4846; x_wconf 81' lang='lat' dir='ltr'><strong>facti</strong></span> <span class='ocrx_word' id='word_1_723' title='bbox 1922 4780 2060 4833; x_wconf 80' lang='lat' dir='ltr'><strong>ima-</strong></span> 
     </span>
    </p>
   </div>
   <div class='ocr_carea' id='block_1_92' title="bbox 2184 4765 3738 4856">
    <p class='ocr_par' dir='ltr' id='par_1_92' title="bbox 2184 4780 3738 4856">
     <span class='ocr_line' id='line_1_92' title="bbox 2184 4780 3738 4856; baseline 0.003 -22"><span class='ocrx_word' id='word_1_724' title='bbox 2184 4781 2281 4834; x_wconf 62' lang='grc' dir='ltr'><strong>(ἂν</strong></span> <span class='ocrx_word' id='word_1_725' title='bbox 2315 4780 2508 4835; x_wconf 81' lang='grc' dir='ltr'><strong>θέωσιν</strong></span> <span class='ocrx_word' id='word_1_726' title='bbox 2534 4782 2762 4853; x_wconf 77' lang='grc' dir='ltr'><strong>ἀστέρες</strong></span> <span class='ocrx_word' id='word_1_727' title='bbox 2799 4783 2891 4836; x_wconf 73' lang='grc' dir='ltr'><strong>καὶ</strong></span> <span class='ocrx_word' id='word_1_728' title='bbox 2937 4784 3199 4855; x_wconf 81' lang='grc' dir='ltr'><strong>τρέχωσιν</strong></span> <span class='ocrx_word' id='word_1_729' title='bbox 3240 4785 3470 4856; x_wconf 81' lang='grc' dir='ltr'><strong>ἄπειρα,</strong></span> <span class='ocrx_word' id='word_1_730' title='bbox 3511 4784 3738 4850; x_wconf 79' lang='grc' dir='ltr'><strong>τούτους</strong></span> 
     </span>
    </p>
   </div>
   <div class='ocr_carea' id='block_1_93' title="bbox 492 4858 2085 4947">
    <p class='ocr_par' dir='ltr' id='par_1_93' title="bbox 492 4858 2060 4934">
     <span class='ocr_line' id='line_1_93' title="bbox 492 4858 2060 4934; baseline 0.007 -24"><span class='ocrx_word' id='word_1_731' title='bbox 492 4859 666 4932; x_wconf 85' lang='lat' dir='ltr'><strong>ginem</strong></span> <span class='ocrx_word' id='word_1_732' title='bbox 689 4858 878 4912; x_wconf 84' lang='lat' dir='ltr'><strong>mulier</strong></span> <span class='ocrx_word' id='word_1_733' title='bbox 907 4860 1170 4914; x_wconf 78' lang='lat' dir='ltr'><strong>memoria:</strong></span> <span class='ocrx_word' id='word_1_734' title='bbox 1193 4861 1410 4930; x_wconf 86' lang='lat' dir='ltr'><strong>tradidit</strong></span> <span class='ocrx_word' id='word_1_735' title='bbox 1427 4880 1529 4918; x_wconf 78' lang='lat' dir='ltr'><strong>sere</strong></span> <span class='ocrx_word' id='word_1_736' title='bbox 1547 4880 1868 4934; x_wconf 73' lang='lat' dir='ltr'><strong>expressam,</strong></span> <span class='ocrx_word' id='word_1_737' title='bbox 1895 4879 1951 4921; x_wconf 89' lang='lat' dir='ltr'><strong>ut</strong></span> <span class='ocrx_word' id='word_1_738' title='bbox 1978 4885 2060 4922; x_wconf 84' lang='lat' dir='ltr'><strong>res</strong></span> 
     </span>
    </p>
   </div>
   <div class='ocr_carea' id='block_1_94' title="bbox 2184 4858 3734 4947">
    <p class='ocr_par' dir='ltr' id='par_1_94' title="bbox 2184 4874 3734 4947">
     <span class='ocr_line' id='line_1_94' title="bbox 2184 4874 3734 4947; baseline 0.004 -21"><span class='ocrx_word' id='word_1_739' title='bbox 2184 4874 2238 4945; x_wconf 80' lang='grc' dir='ltr'><strong>ιὴ</strong></span> <span class='ocrx_word' id='word_1_740' title='bbox 2282 4874 2603 4944; x_wconf 81' lang='grc' dir='ltr'><strong>θειάζωμεν.</strong></span> <span class='ocrx_word' id='word_1_741' title='bbox 2665 4875 2752 4939; x_wconf 85' lang='grc' dir='ltr'><strong>Ὧς</strong></span> <span class='ocrx_word' id='word_1_742' title='bbox 2805 4875 2915 4947; x_wconf 85' lang='grc' dir='ltr'><strong>γὰρ</strong></span> <span class='ocrx_word' id='word_1_743' title='bbox 2958 4875 3247 4946; x_wconf 83' lang='grc' dir='ltr'><strong>τρέχοντας</strong></span> <span class='ocrx_word' id='word_1_744' title='bbox 3304 4877 3504 4941; x_wconf 72' lang='grc' dir='ltr'><strong>ἵππους</strong></span> <span class='ocrx_word' id='word_1_745' title='bbox 3553 4877 3734 4942; x_wconf 79' lang='grc' dir='ltr'><strong>οὐδεὶς</strong></span> 
     </span>
    </p>
   </div>
   <div class='ocr_carea' id='block_1_95' title="bbox 471 4948 2085 5040">
    <p class='ocr_par' dir='ltr' id='par_1_95' title="bbox 471 4948 2059 5020">
     <span class='ocr_line' id='line_1_95' title="bbox 471 4948 2059 5020; baseline 0.008 -17"><span class='ocrx_word' id='word_1_746' title='bbox 471 4961 594 5004; x_wconf 82' lang='lat' dir='ltr'><strong>‘non</strong></span> <span class='ocrx_word' id='word_1_747' title='bbox 619 4948 746 5002; x_wconf 89' lang='lat' dir='ltr'><strong>olim</strong></span> <span class='ocrx_word' id='word_1_748' title='bbox 775 4948 952 5018; x_wconf 80' lang='lat' dir='ltr'><strong>facta,</strong></span> <span class='ocrx_word' id='word_1_749' title='bbox 982 4951 1071 5005; x_wconf 85' lang='lat' dir='ltr'><strong>sed</strong></span> <span class='ocrx_word' id='word_1_750' title='bbox 1100 4950 1252 5007; x_wconf 79' lang='lat' dir='ltr'><strong>hodie</strong></span> <span class='ocrx_word' id='word_1_751' title='bbox 1273 4952 1391 5020; x_wconf 74' lang='lat' dir='ltr'><strong>fieri</strong></span> <span class='ocrx_word' id='word_1_752' title='bbox 1410 4954 1664 5009; x_wconf 81' lang='lat' dir='ltr'><strong>videatur.</strong></span> <span class='ocrx_word' id='word_1_753' title='bbox 1701 4957 1778 5010; x_wconf 78' lang='lat' dir='ltr'><strong>Ex</strong></span> <span class='ocrx_word' id='word_1_754' title='bbox 1803 4960 2059 5014; x_wconf 88' lang='lat' dir='ltr'><strong>omnibus</strong></span> 
     </span>
    </p>
   </div>
   <div class='ocr_carea' id='block_1_96' title="bbox 2184 4948 3733 5040">
    <p class='ocr_par' dir='ltr' id='par_1_96' title="bbox 2184 4965 3733 5040">
     <span class='ocr_line' id='line_1_96' title="bbox 2184 4965 3733 5040; baseline 0.007 -27"><span class='ocrx_word' id='word_1_755' title='bbox 2184 4965 2550 5033; x_wconf 64' lang='lat' dir='ltr'><strong>,mscpdtvwaev,</strong></span> <span class='ocrx_word' id='word_1_756' title='bbox 2581 4965 2716 5019; x_wconf 83' lang='grc' dir='ltr'><strong>ἀλλὰ</strong></span> <span class='ocrx_word' id='word_1_757' title='bbox 2744 4965 2835 5020; x_wconf 84' lang='grc' dir='ltr'><strong>τὸν</strong></span> <span class='ocrx_word' id='word_1_758' title='bbox 2864 4967 3101 5038; x_wconf 77' lang='grc' dir='ltr'><strong>ἐλατῆρα</strong></span> <span class='ocrx_word' id='word_1_759' title='bbox 3134 4967 3337 5020; x_wconf 90' lang='grc' dir='ltr'><strong>τούτων</strong></span> <span class='ocrx_word' id='word_1_760' title='bbox 3364 4968 3456 5021; x_wconf 73' lang='grc' dir='ltr'><strong>καὶ</strong></span> <span class='ocrx_word' id='word_1_761' title='bbox 3495 4968 3733 5040; x_wconf 80' lang='grc' dir='ltr'><strong>ἡνίοχον,</strong></span> 
     </span>
    </p>
   </div>
   <div class='ocr_carea' id='block_1_97' title="bbox 489 5040 2085 5133">
    <p class='ocr_par' dir='ltr' id='par_1_97' title="bbox 489 5040 2060 5112">
     <span class='ocr_line' id='line_1_97' title="bbox 489 5040 2060 5112; baseline 0.008 -17"><span class='ocrx_word' id='word_1_762' title='bbox 489 5040 836 5110; x_wconf 85' lang='lat' dir='ltr'><strong>antiquitatis</strong></span> <span class='ocrx_word' id='word_1_763' title='bbox 864 5041 1125 5112; x_wconf 81' lang='lat' dir='ltr'><strong>exemplis</strong></span> <span class='ocrx_word' id='word_1_764' title='bbox 1169 5045 1644 5112; x_wconf 82' lang='lat' dir='ltr'><strong>expressissimum</strong></span> <span class='ocrx_word' id='word_1_765' title='bbox 1694 5049 1827 5105; x_wconf 88' lang='lat' dir='ltr'><strong>illud</strong></span> <span class='ocrx_word' id='word_1_766' title='bbox 1878 5061 1961 5106; x_wconf 89' lang='lat' dir='ltr'><strong>est</strong></span> <span class='ocrx_word' id='word_1_767' title='bbox 2005 5061 2060 5107; x_wconf 90' lang='lat' dir='ltr'><strong>et</strong></span> 
     </span>
    </p>
   </div>
   <div class='ocr_carea' id='block_1_98' title="bbox 2184 5040 3735 5133">
    <p class='ocr_par' dir='ltr' id='par_1_98' title="bbox 2184 5056 3735 5133">
     <span class='ocr_line' id='line_1_98' title="bbox 2184 5056 3735 5133; baseline 0.005 -26"><span class='ocrx_word' id='word_1_768' title='bbox 2184 5056 2332 5122; x_wconf 78' lang='grc' dir='ltr'><strong>›ΰτως</strong></span> <span class='ocrx_word' id='word_1_769' title='bbox 2359 5058 2460 5110; x_wconf 81' lang='grc' dir='ltr'><strong>οὐκ</strong></span> <span class='ocrx_word' id='word_1_770' title='bbox 2489 5057 2730 5130; x_wconf 80' lang='grc' dir='ltr'><strong>ἄστροις,</strong></span> <span class='ocrx_word' id='word_1_771' title='bbox 2762 5058 2897 5112; x_wconf 86' lang='grc' dir='ltr'><strong>ἀλλά</strong></span> <span class='ocrx_word' id='word_1_772' title='bbox 2928 5059 3066 5130; x_wconf 77' lang='grc' dir='ltr'><strong>Θεῷ,</strong></span> <span class='ocrx_word' id='word_1_773' title='bbox 3093 5061 3153 5114; x_wconf 82' lang='grc' dir='ltr'><strong>τὸ</strong></span> <span class='ocrx_word' id='word_1_774' title='bbox 3177 5061 3336 5124; x_wconf 84' lang='grc' dir='ltr'><strong>σέϐας</strong></span> <span class='ocrx_word' id='word_1_775' title='bbox 3373 5061 3610 5131; x_wconf 82' lang='grc' dir='ltr'><strong>γνησίως</strong></span> <span class='ocrx_word' id='word_1_776' title='bbox 3633 5079 3735 5133; x_wconf 86' lang='grc' dir='ltr'><strong>τη-</strong></span> 
     </span>
    </p>
   </div>
   <div class='ocr_carea' id='block_1_99' title="bbox 491 5133 2085 5220">
    <p class='ocr_par' dir='ltr' id='par_1_99' title="bbox 491 5133 2054 5209">
     <span class='ocr_line' id='line_1_99' title="bbox 491 5133 2054 5209; baseline 0.005 -20"><span class='ocrx_word' id='word_1_777' title='bbox 491 5133 727 5190; x_wconf 77' lang='lat' dir='ltr'><strong>maxime</strong></span> <span class='ocrx_word' id='word_1_778' title='bbox 760 5133 968 5189; x_wconf 88' lang='lat' dir='ltr'><strong>illustre</strong></span> <span class='ocrx_word' id='word_1_779' title='bbox 991 5149 1268 5190; x_wconf 81' lang='lat' dir='ltr'><strong>sacrarum</strong></span> <span class='ocrx_word' id='word_1_780' title='bbox 1295 5135 1590 5206; x_wconf 86' lang='lat' dir='ltr'><strong>imaginum</strong></span> <span class='ocrx_word' id='word_1_781' title='bbox 1618 5151 2054 5209; x_wconf 87' lang='lat' dir='ltr'><strong>monumentum,</strong></span> 
     </span>
    </p>
   </div>
   <div class='ocr_carea' id='block_1_100' title="bbox 2184 5133 3729 5220">
    <p class='ocr_par' dir='ltr' id='par_1_100' title="bbox 2184 5148 3729 5220">
     <span class='ocr_line' id='line_1_100' title="bbox 2184 5148 3729 5220; baseline 0.005 -20"><span class='ocrx_word' id='word_1_782' title='bbox 2184 5151 2416 5220; x_wconf 66' lang='grc' dir='ltr'><strong>ιήσωμεν</strong></span> <span class='ocrx_word' id='word_1_783' title='bbox 2452 5148 2530 5220; x_wconf 68' lang='grc' dir='ltr'><strong>τίς)</strong></span> <span class='ocrx_word' id='word_1_784' title='bbox 2575 5150 2796 5215; x_wconf 87' lang='grc' dir='ltr'><strong>τούτους</strong></span> <span class='ocrx_word' id='word_1_785' title='bbox 2824 5149 3098 5220; x_wconf 73' lang='grc' dir='ltr'><strong>ὲξάψαντι.</strong></span> <span class='ocrx_word' id='word_1_786' title='bbox 3131 5153 3188 5207; x_wconf 89' lang='lat' dir='ltr'><strong>Id</strong></span> <span class='ocrx_word' id='word_1_787' title='bbox 3237 5165 3352 5207; x_wconf 85' lang='lat' dir='ltr'><strong>est:</strong></span> <span class='ocrx_word' id='word_1_788' title='bbox 3401 5152 3511 5207; x_wconf 87' lang='lat' dir='ltr'><strong>Nec</strong></span> <span class='ocrx_word' id='word_1_789' title='bbox 3541 5153 3729 5208; x_wconf 85' lang='lat' dir='ltr'><strong>stellas</strong></span> 
     </span>
    </p>
   </div>
   <div class='ocr_carea' id='block_1_101' title="bbox 487 5224 3728 5310">
    <p class='ocr_par' dir='ltr' id='par_1_101' title="bbox 487 5224 3728 5310">
     <span class='ocr_line' id='line_1_101' title="bbox 487 5224 3728 5310; baseline 0.007 -34"><span class='ocrx_word' id='word_1_790' title='bbox 487 5225 635 5293; x_wconf 85' lang='lat' dir='ltr'><strong>quod</strong></span> <span class='ocrx_word' id='word_1_791' title='bbox 666 5224 936 5279; x_wconf 88' lang='lat' dir='ltr'><strong>Eusebius</strong></span> <span class='ocrx_word' id='word_1_792' title='bbox 957 5225 1310 5282; x_wconf 59' lang='lat' dir='ltr'><strong>Caesariensis</strong></span> <span class='ocrx_word' id='word_1_793' title='bbox 1333 5229 1532 5297; x_wconf 89' lang='lat' dir='ltr'><strong>pariter</strong></span> <span class='ocrx_word' id='word_1_794' title='bbox 1552 5231 1798 5300; x_wconf 82' lang='lat' dir='ltr'><strong>pluribus</strong></span> <span class='ocrx_word' id='word_1_795' title='bbox 1819 5233 2058 5287; x_wconf 83' lang='lat' dir='ltr'><strong>circum-</strong></span> <span class='ocrx_word' id='word_1_796' title='bbox 2158 5243 2322 5310; x_wconf 86' lang='lat' dir='ltr'><strong>ipsas,</strong></span> <span class='ocrx_word' id='word_1_797' title='bbox 2345 5241 2446 5295; x_wconf 87' lang='lat' dir='ltr'><strong>etsi</strong></span> <span class='ocrx_word' id='word_1_798' title='bbox 2477 5241 2587 5297; x_wconf 82' lang='lat' dir='ltr'><strong>illa:</strong></span> <span class='ocrx_word' id='word_1_799' title='bbox 2607 5251 2827 5296; x_wconf 86' lang='lat' dir='ltr'><strong>currunt</strong></span> <span class='ocrx_word' id='word_1_800' title='bbox 2871 5251 2920 5296; x_wconf 89' lang='lat' dir='ltr'><strong>et</strong></span> <span class='ocrx_word' id='word_1_801' title='bbox 2959 5254 3210 5298; x_wconf 70' lang='lat' dir='ltr'><strong>(sternunt</strong></span> <span class='ocrx_word' id='word_1_802' title='bbox 3248 5245 3544 5308; x_wconf 82' lang='lat' dir='ltr'><strong>volvuntur,</strong></span> <span class='ocrx_word' id='word_1_803' title='bbox 3600 5255 3728 5299; x_wconf 83' lang='lat' dir='ltr'><strong>tan-</strong></span> 
     </span>
    </p>
   </div>
   <div class='ocr_carea' id='block_1_102' title="bbox 488 5316 3726 5406">
    <p class='ocr_par' dir='ltr' id='par_1_102' title="bbox 488 5316 3726 5406">
     <span class='ocr_line' id='line_1_102' title="bbox 488 5316 3726 5406; baseline 0.003 -26"><span class='ocrx_word' id='word_1_804' title='bbox 488 5316 984 5373; x_wconf 67' lang='grc' dir='ltr'><strong>δῑτιιιιίῖειοΐηδιυηι</strong></span> <span class='ocrx_word' id='word_1_805' title='bbox 1023 5318 1243 5382; x_wconf 64' lang='lat' dir='ltr'><strong>Telum.</strong></span> <span class='ocrx_word' id='word_1_806' title='bbox 1279 5326 1334 5373; x_wconf 82' lang='lat' dir='ltr'><strong>et</strong></span> <span class='ocrx_word' id='word_1_807' title='bbox 1365 5319 1434 5376; x_wconf 82' lang='lat' dir='ltr'><strong>ad</strong></span> <span class='ocrx_word' id='word_1_808' title='bbox 1475 5337 1572 5378; x_wconf 85' lang='lat' dir='ltr'><strong>sua</strong></span> <span class='ocrx_word' id='word_1_809' title='bbox 1611 5322 1773 5379; x_wconf 76' lang='lat' dir='ltr'><strong>etiam</strong></span> <span class='ocrx_word' id='word_1_810' title='bbox 1809 5332 2053 5398; x_wconf 85' lang='lat' dir='ltr'><strong>tempora</strong></span> <span class='ocrx_word' id='word_1_811' title='bbox 2154 5348 2312 5399; x_wconf 87' lang='lat' dir='ltr'><strong>quam</strong></span> <span class='ocrx_word' id='word_1_812' title='bbox 2352 5331 2473 5386; x_wconf 88' lang='lat' dir='ltr'><strong>deos</strong></span> <span class='ocrx_word' id='word_1_813' title='bbox 2513 5350 2831 5390; x_wconf 88' lang='lat' dir='ltr'><strong>venerentur.</strong></span> <span class='ocrx_word' id='word_1_814' title='bbox 2878 5333 3022 5389; x_wconf 87' lang='lat' dir='ltr'><strong>Nam</strong></span> <span class='ocrx_word' id='word_1_815' title='bbox 3085 5336 3522 5406; x_wconf 88' lang='lat' dir='ltr'><strong>quemadmodum</strong></span> <span class='ocrx_word' id='word_1_816' title='bbox 3563 5353 3726 5406; x_wconf 86' lang='lat' dir='ltr'><strong>equos</strong></span> 
     </span>
    </p>
   </div>
   <div class='ocr_carea' id='block_1_103' title="bbox 487 5408 3727 5499">
    <p class='ocr_par' dir='ltr' id='par_1_103' title="bbox 487 5408 3727 5499">
     <span class='ocr_line' id='line_1_103' title="bbox 487 5408 3727 5499; baseline 0.003 -26"><span class='ocrx_word' id='word_1_817' title='bbox 487 5408 884 5499; x_wconf 54' lang='grc' dir='ltr'><strong>Ρθτξηθξιείδεθο</strong></span> <span class='ocrx_word' id='word_1_818' title='bbox 923 5419 1084 5477; x_wconf 61' lang='lat' dir='ltr'><strong>atque</strong></span> <span class='ocrx_word' id='word_1_819' title='bbox 1120 5410 1293 5465; x_wconf 72' lang='grc' dir='ltr'><strong>οθυιίε</strong></span> <span class='ocrx_word' id='word_1_820' title='bbox 1335 5411 1451 5466; x_wconf 57' lang='grc' dir='ltr'><strong>θυῖε</strong></span> <span class='ocrx_word' id='word_1_821' title='bbox 1482 5424 1836 5482; x_wconf 76' lang='lat' dir='ltr'><strong>COIISDeClum</strong></span> <span class='ocrx_word' id='word_1_822' title='bbox 1886 5415 2054 5471; x_wconf 67' lang='lat' dir='ltr'><strong>fuisse</strong></span> <span class='ocrx_word' id='word_1_823' title='bbox 2154 5437 2420 5479; x_wconf 84' lang='lat' dir='ltr'><strong>currentes</strong></span> <span class='ocrx_word' id='word_1_824' title='bbox 2446 5441 2594 5480; x_wconf 91' lang='lat' dir='ltr'><strong>nemo</strong></span> <span class='ocrx_word' id='word_1_825' title='bbox 2625 5441 2856 5496; x_wconf 89' lang='lat' dir='ltr'><strong>unquam</strong></span> <span class='ocrx_word' id='word_1_826' title='bbox 2895 5429 3196 5493; x_wconf 86' lang='lat' dir='ltr'><strong>coronavit,</strong></span> <span class='ocrx_word' id='word_1_827' title='bbox 3223 5428 3313 5482; x_wconf 86' lang='lat' dir='ltr'><strong>sed</strong></span> <span class='ocrx_word' id='word_1_828' title='bbox 3336 5444 3515 5481; x_wconf 88' lang='lat' dir='ltr'><strong>eorum</strong></span> <span class='ocrx_word' id='word_1_829' title='bbox 3539 5430 3727 5499; x_wconf 87' lang='lat' dir='ltr'><strong>agita-</strong></span> 
     </span>
    </p>
   </div>
   <div class='ocr_carea' id='block_1_104' title="bbox 489 5497 3722 5592">
    <p class='ocr_par' dir='ltr' id='par_1_104' title="bbox 489 5497 3722 5592">
     <span class='ocr_line' id='line_1_104' title="bbox 489 5497 3722 5592; baseline 0.006 -37"><span class='ocrx_word' id='word_1_830' title='bbox 489 5497 824 5592; x_wconf 60' lang='lat' dir='ltr'><strong>traditlibro</strong></span> <span class='ocrx_word' id='word_1_831' title='bbox 848 5515 925 5592; x_wconf 77' lang='lat' dir='ltr'><strong>vlt</strong></span> <span class='ocrx_word' id='word_1_832' title='bbox 959 5499 1214 5558; x_wconf 66' lang='lat' dir='ltr'><strong>Historia!</strong></span> <span class='ocrx_word' id='word_1_833' title='bbox 1252 5503 1641 5570; x_wconf 70' lang='lat' dir='ltr'><strong>ecclesiasticaz,</strong></span> <span class='ocrx_word' id='word_1_834' title='bbox 1671 5521 1792 5576; x_wconf 89' lang='lat' dir='ltr'><strong>cap.</strong></span> <span class='ocrx_word' id='word_1_835' title='bbox 1821 5507 1910 5562; x_wconf 82' lang='grc'><strong>18.</strong></span> <span class='ocrx_word' id='word_1_836' title='bbox 2155 5525 2319 5570; x_wconf 86' lang='lat' dir='ltr'><strong>torem</strong></span> <span class='ocrx_word' id='word_1_837' title='bbox 2341 5527 2390 5572; x_wconf 88' lang='lat' dir='ltr'><strong>et</strong></span> <span class='ocrx_word' id='word_1_838' title='bbox 2420 5519 2698 5589; x_wconf 88' lang='lat' dir='ltr'><strong>aurigam:</strong></span> <span class='ocrx_word' id='word_1_839' title='bbox 2730 5519 2807 5572; x_wconf 90' lang='lat' dir='ltr'><strong>ita</strong></span> <span class='ocrx_word' id='word_1_840' title='bbox 2843 5535 2937 5573; x_wconf 87' lang='lat' dir='ltr'><strong>nos</strong></span> <span class='ocrx_word' id='word_1_841' title='bbox 2965 5535 3066 5574; x_wconf 88' lang='lat' dir='ltr'><strong>non</strong></span> <span class='ocrx_word' id='word_1_842' title='bbox 3097 5523 3259 5575; x_wconf 88' lang='lat' dir='ltr'><strong>astris</strong></span> <span class='ocrx_word' id='word_1_843' title='bbox 3281 5561 3294 5586; x_wconf 90' lang='lat'><strong>,</strong></span> <span class='ocrx_word' id='word_1_844' title='bbox 3329 5523 3419 5577; x_wconf 82' lang='lat' dir='ltr'><strong>sed</strong></span> <span class='ocrx_word' id='word_1_845' title='bbox 3450 5497 3593 5584; x_wconf 71' lang='lat' dir='ltr'><strong>Deo,</strong></span> <span class='ocrx_word' id='word_1_846' title='bbox 3625 5523 3722 5592; x_wconf 84' lang='lat' dir='ltr'><strong>qui</strong></span> 
     </span>
    </p>
   </div>
   <div class='ocr_carea' id='block_1_105' title="bbox 559 5583 3723 5685">
    <p class='ocr_par' dir='ltr' id='par_1_105' title="bbox 559 5583 3723 5685">
     <span class='ocr_line' id='line_1_105' title="bbox 559 5583 3723 5685; baseline 0.01 -46"><span class='ocrx_word' id='word_1_847' title='bbox 559 5583 821 5685; x_wconf 78' lang='lat' dir='ltr'><strong>Ultimum</strong></span> <span class='ocrx_word' id='word_1_848' title='bbox 844 5591 1100 5685; x_wconf 67' lang='lat' dir='ltr'><strong>denique,</strong></span> <span class='ocrx_word' id='word_1_849' title='bbox 1137 5593 1283 5685; x_wconf 87' lang='lat' dir='ltr'><strong>quod</strong></span> <span class='ocrx_word' id='word_1_850' title='bbox 1309 5595 1454 5648; x_wconf 86' lang='lat' dir='ltr'><strong>circa</strong></span> <span class='ocrx_word' id='word_1_851' title='bbox 1480 5595 1783 5650; x_wconf 84' lang='lat' dir='ltr'><strong>doctrinam</strong></span> <span class='ocrx_word' id='word_1_852' title='bbox 1833 5596 2050 5669; x_wconf 86' lang='lat' dir='ltr'><strong>Magne-</strong></span> <span class='ocrx_word' id='word_1_853' title='bbox 2151 5607 2249 5661; x_wconf 89' lang='lat' dir='ltr'><strong>illa</strong></span> <span class='ocrx_word' id='word_1_854' title='bbox 2276 5625 2303 5662; x_wconf 89' lang='lat' dir='ltr'><strong>e</strong></span> <span class='ocrx_word' id='word_1_855' title='bbox 2333 5609 2460 5666; x_wconf 76' lang='lat' dir='ltr'><strong>ctelo</strong></span> <span class='ocrx_word' id='word_1_856' title='bbox 2485 5583 2779 5680; x_wconf 69' lang='lat' dir='ltr'><strong>suspendit,</strong></span> <span class='ocrx_word' id='word_1_857' title='bbox 2809 5628 2966 5666; x_wconf 87' lang='lat' dir='ltr'><strong>suum</strong></span> <span class='ocrx_word' id='word_1_858' title='bbox 2998 5613 3200 5667; x_wconf 80' lang='lat' dir='ltr'><strong>cultum</strong></span> <span class='ocrx_word' id='word_1_859' title='bbox 3246 5583 3506 5685; x_wconf 78' lang='lat' dir='ltr'><strong>integrum</strong></span> <span class='ocrx_word' id='word_1_860' title='bbox 3547 5583 3723 5670; x_wconf 72' lang='lat' dir='ltr'><strong>serve-</strong></span> 
     </span>
    </p>
   </div>
   <div class='ocr_carea' id='block_1_106' title="bbox 489 5676 2395 5760">
    <p class='ocr_par' dir='ltr' id='par_1_106' title="bbox 489 5676 2395 5760">
     <span class='ocr_line' id='line_1_106' title="bbox 489 5676 2395 5760; baseline 0.01 -29"><span class='ocrx_word' id='word_1_861' title='bbox 489 5676 558 5732; x_wconf 84' lang='lat' dir='ltr'><strong>tis</strong></span> <span class='ocrx_word' id='word_1_862' title='bbox 588 5679 762 5746; x_wconf 87' lang='lat' dir='ltr'><strong>nostri</strong></span> <span class='ocrx_word' id='word_1_863' title='bbox 791 5681 858 5734; x_wconf 90' lang='lat' dir='ltr'><strong>de</strong></span> <span class='ocrx_word' id='word_1_864' title='bbox 887 5683 1092 5752; x_wconf 85' lang='lat' dir='ltr'><strong>angelis</strong></span> <span class='ocrx_word' id='word_1_865' title='bbox 1111 5683 1290 5740; x_wconf 84' lang='lat' dir='ltr'><strong>adhuc</strong></span> <span class='ocrx_word' id='word_1_866' title='bbox 1313 5685 1717 5742; x_wconf 82' lang='lat' dir='ltr'><strong>observandum</strong></span> <span class='ocrx_word' id='word_1_867' title='bbox 1747 5689 1913 5756; x_wconf 86' lang='lat' dir='ltr'><strong>venit,</strong></span> <span class='ocrx_word' id='word_1_868' title='bbox 1932 5689 2050 5749; x_wconf 82' lang='lat' dir='ltr'><strong>cul—</strong></span> <span class='ocrx_word' id='word_1_869' title='bbox 2149 5715 2287 5760; x_wconf 76' lang='lat' dir='ltr'><strong>mus.</strong></span> <span class='ocrx_word' id='word_1_870' title='bbox 2392 5745 2395 5751; x_wconf 42' lang='grc' dir='ltr'><strong><em>λ</em></strong></span> 
     </span>
    </p>
   </div>
   <div class='ocr_carea' id='block_1_107' title="bbox 559 5853 1692 5935">
    <p class='ocr_par' dir='ltr' id='par_1_107' title="bbox 559 5853 1692 5935">
     <span class='ocr_line' id='line_1_107' title="bbox 559 5853 1692 5935; baseline 0.011 -22"><span class='ocrx_word' id='word_1_871' title='bbox 559 5853 670 5926; x_wconf 52' lang='lat'><strong>{&#39;28)</strong></span> <span class='ocrx_word' id='word_1_872' title='bbox 703 5855 758 5912; x_wconf 88' lang='lat' dir='ltr'><strong>In</strong></span> <span class='ocrx_word' id='word_1_873' title='bbox 781 5855 1080 5931; x_wconf 77' lang='lat' dir='ltr'><strong>fragmento</strong></span> <span class='ocrx_word' id='word_1_874' title='bbox 1111 5864 1156 5918; x_wconf 88' lang='lat' dir='ltr'><strong>ll</strong></span> <span class='ocrx_word' id='word_1_875' title='bbox 1180 5865 1357 5935; x_wconf 84' lang='lat' dir='ltr'><strong>operis</strong></span> <span class='ocrx_word' id='word_1_876' title='bbox 1383 5865 1692 5925; x_wconf 70' lang='lat' dir='ltr'><strong>Macarianl.</strong></span> 
     </span>
    </p>
   </div>
  </div>
