4058 6364
365 387 500 445 1⁸597

1480 394 1757 453 ΝΟΤΙἸΊΑ
1795 394 1883 448 ET
1919 392 2332 450 FRAGMENTA
2344 437 2357 450 .

3460 398 3601 454 1398

436 507 743 564 Generatim
773 509 839 565 de
868 512 1279 567 conservatione
1300 527 1481 567 rerum
1510 524 1814 569 ereatarum
1855 513 1928 566 ita
1960 519 2003 573 Α
2032 512 2330 577 litndinem,
2370 530 2388 562 ι
2425 510 2557 564 nihil
2577 510 2727 564 aliud
2755 511 2976 574 indicat,
3020 510 3124 564 nisi
3150 511 3287 581 quod
3330 510 3487 565 Pater
3535 517 3596 567 its

367 599 533 656 sentit
561 598 831 654 Macarius
850 608 1056 664 noster,
1081 607 1141 653 ut
1168 599 1358 666 Deum,
1387 603 1479 671 qui
1512 611 1789 656 creaturas
1811 615 1928 653 om-

366 707 462 748 nes
501 692 555 746 in
577 700 840 761 potestate
874 692 1057 757 habet,
1081 707 1282 769 easque
1312 694 1574 763 providus
1622 695 1760 764 regit
1789 692 1925 762 (29),

363 797 427 837 ea
459 781 668 845 omnia,
696 796 929 853 quorum
971 782 1173 834 creavit
1222 782 1613 847 substantiam,
1646 782 1847 850 pariter
1877 788 1931 833 et

363 887 691 929 wnservare
730 872 975 927 aﬂlrmet.
1006 873 1082 927 lta
1116 874 1260 929 enim
1292 875 1344 927 in
1373 873 1674 944 fragmento
1702 876 1748 926 ll
1778 887 1930 926 men-

363 973 473 1019 tem
500 980 657 1020 suam
686 964 923 1033 explicat
954 966 1038 1019 his
1061 964 1268 1020 verbis:
1299 964 1407 1017 Καὶ
1435 963 1542 1017 τῶν
1585 964 1684 1033 μὲν
1714 963 1812 1034 τὴν
1840 964 1928 1016 οὑ·-

366 1056 487 1121 σίαν
524 1055 684 1119 αὐτὸς
720 1055 918 1125 (Θεὸς)
943 1055 1393 1128 ἐδημιούργησεν,
1418 1056 1467 1108 οἰ
1492 1055 1550 1107 δὲ
1582 1055 1929 1117 ὑποστάσεως

365 1147 538 1218 ἀρχὴν
571 1146 632 1200 οὑ
665 1144 958 1221 κατέλαϐον
994 1149 1052 1200 ὲν
1098 1145 1274 1215 αὑτῷ·
1315 1146 1408 1199 καὶ
1445 1147 1474 1198 ὁ
1528 1145 1627 1215 μὲν
1669 1145 1925 1208 ἐκείνους,

362 1233 436 1291 ὧν
467 1237 644 1308 ἄρχει,
676 1234 869 1303 σώζειν
901 1231 1039 1290 οἶδεν
1061 1254 1073 1267 ·
1095 1238 1145 1289 οἰ
1167 1237 1224 1289 δὲ
1253 1237 1402 1291 οὐδὲν
1423 1238 1710 1308 ἀρχόμενοι
1737 1236 1928 1306 ἐκείνῳ

364 1325 694 1397 χαρίζονται.
732 1325 788 1379 id
817 1335 899 1380 est
923 1343 936 1377 :
960 1326 1036 1380 Ac
1060 1326 1276 1379 illorum
1305 1327 1560 1394 (deorum
1586 1328 1791 1381 scilicet
1820 1327 1925 1380 im-

363 1420 579 1490 proprie
602 1421 678 1474 ila
710 1418 1015 1487 dictorum)
1048 1418 1257 1488 quidem
1280 1419 1389 1482 ipse
1416 1416 1556 1470 Deus
1581 1417 1775 1470 creavit
1800 1418 1927 1469 sub-

274 1568 279 1573 .
364 1515 657 1579 stantiam;
680 1514 761 1568 illi
794 1523 971 1568 autem
1008 1514 1223 1567 initium
1248 1512 1541 1566 exsistendi
1566 1510 1768 1563 nullum
1788 1509 1845 1561 in
1868 1523 1935 1560 eo

362 1604 845 1677 deprehenderunt:
875 1606 1001 1659 item
1031 1604 1122 1658 ille
1156 1619 1262 1667 eos,
1311 1619 1438 1673 quos
1484 1601 1721 1655 subditos
1752 1599 1925 1662 habet,

362 1701 463 1754 scit
497 1710 851 1774 conservare;
892 1699 933 1752 ii
960 1713 1076 1753 vero
1116 1696 1243 1751 dum
1282 1695 1481 1749 subditi
1518 1704 1659 1759 sunt,
1702 1691 1834 1745 nihil
1880 1691 1929 1743 ei

362 1792 752 1862 gratiﬁcantur.

365 1903 394 1977 ᾗ
430 1901 591 1977 XVII.
621 1902 879 1977 Doctrina
902 1908 965 1955 de
991 1902 1252 1977 creatione
1276 1898 1521 1977 hominis,
1545 1895 1926 1977 ejusqueima-I

395 1976 515 2044 gine
536 1975 736 2038 divina,
765 1973 1167 2026 immortalitate
1198 1972 1413 2034 animat,
1437 1977 1591 2038 atque
1626 1967 1888 2019 libertate.
1909 1972 1930 2007 ι·

430 2065 508 2120 De
527 2067 801 2120 creatione
836 2065 1071 2120 hominis
1102 2074 1210 2119 tam
1244 2062 1527 2132 magniﬁce
1557 2060 1719 2115 sentit
1753 2059 1927 2112 Maca-

361 2157 496 2221 rius,
527 2164 589 2209 ut
622 2165 789 2210 totam
816 2155 935 2225 ejus
968 2153 1350 2208 formationem
1386 2166 1496 2221 prae
1527 2152 1738 2206 caeteris
1778 2163 1928 2203 crea-

357 2250 499 2305 turis
522 2248 743 2317 speciali
775 2247 1007 2303 consilio
1030 2256 1084 2302 et
1104 2245 1490 2300 deliberatione
1520 2244 1618 2298 SS.
1644 2241 1927 2297 Trinitatis

288 2341 295 2350 '
352 2341 651 2410 perfectam
698 2354 820 2396 esse
865 2339 1175 2394 contendat.
1206 2338 1285 2392 Ita
1315 2337 1461 2391 enim
1515 2335 1569 2390 in
1608 2334 1927 2405 fragmentis

356 2432 734 2487 Commentarii
766 2432 822 2484 in
861 2428 1083 2485 Genesin
1126 2428 1375 2484 eamdem
1410 2428 1760 2497 depracdieat:
1817 2429 1927 2482 Kal.

355 2524 423 2576 τὰ
449 2523 551 2595 μὲν
575 2523 709 2577 ἀλλα
733 2522 1007 2593 κτίσματα
1039 2524 1243 2595 ῥήματι
1281 2521 1426 2591 μόνῳ
1452 2520 1764 2590 παρῆκται·
1799 2522 1827 2573 ὀ
1869 2519 1926 2573 δὲ

354 2615 640 2688 ἄνθρωπος
662 2616 817 2686 ἔσχεν
838 2615 1111 2687 ἐξαίρετόν
1138 2633 1191 2668 τι
1217 2614 1357 2668 κατά
1393 2613 1491 2684 τὴν
1527 2614 1742 2685 ποίησιν
1775 2616 1927 2686 παρά

354 2702 544 2755 ταῦτα.
596 2703 801 2773 Βουλῆς
853 2703 962 2774 γὰρ
1009 2701 1426 2774 προηγουμένης
1471 2702 1715 2774 ἐκτίσθη,
1749 2704 1834 2757 ἵνα
1863 2707 1927 2759 ὲκ

352 2794 542 2848 τούτου
573 2793 754 2865 δειχθῇ
777 2795 966 2864 ὅτιπερ
984 2795 1187 2863 κτίσμα
1206 2793 1383 2864 τίμιον
1414 2795 1666 2866 ὑπάρχει.
1699 2796 1772 2848 Τὸ
1792 2795 1922 2868 γάρ,

354 2884 705 2954 Ποιήσωμεν
732 2883 1047 2951 ἄνθρωπον
1079 2888 1207 2938 κατ’
1251 2886 1456 2938 εἰκόνα
1496 2884 1789 2955 ἡμετέραν
1826 2887 1958 2947 καὶ,

268 3032 273 3037 ,
353 2974 482 3029 καθ’
518 2976 833 3044 ὁμοίωσιν,
878 2975 1031 3029 οὐδὲν
1060 2976 1244 3048 ἕτερον
1276 2976 1545 3031 δείκνυσιν
1569 3016 1584 3041 ,
1614 2978 1646 3047 ἢ
1677 2978 1758 3030 ὅτι
1791 2995 1927 3048 συμς-

355 3064 530 3135 δούλῳ
558 3068 828 3138 ἐχρήσατο
846 3069 876 3121 ὁ
900 3067 1088 3138 Πατὴρ
1110 3068 1188 3139 τῷ
1219 3072 1495 3139 μονογενεῖ
1515 3068 1680 3122 αὑτοῦ
1707 3068 1785 3139 τῷ
1811 3069 1925 3140 Υἱῷ

353 3158 445 3211 ἰπὶ
470 3160 534 3253 τῇ
550 3159 738 3253 τούτου
761 3163 1097 3231 κατασκευῇ,
1120 3159 1199 3232 τῷ
1211 3162 1605 3232 ἀπαυγάσματι
1628 3164 1726 3233 τῆς
1742 3164 1918 3235 δόξης,
1949 3195 1992 3253 C

353 3248 497 3302 κατὰ
525 3248 618 3303 τδν
651 3250 989 3315 ’Δπόστολον,
1015 3253 1109 3305 καὶ¹
1125 3253 1431 3325 χαρακτῆρι
1456 3256 1553 3325 τῆς
1576 3256 1924 3320 ὑποστάσεως

353 3342 516 3396 αὑτοῦ
543 3382 556 3395 .
594 3381 610 3397 .
641 3381 656 3397 .
690 3382 705 3397 .
739 3384 752 3397 .
789 3343 1006 3414 Ἐπειδὴ
1045 3344 1222 3397 τοίνυν
1244 3383 1259 3409 ,
1320 3344 1395 3407 ὡς
1445 3346 1678 3416 εἴρηται,
1734 3344 1924 3419 ὥσπερ

352 3432 606 3506 βασιλεὺς
637 3434 861 3505 εἰσήχθη
885 3438 943 3489 ὲν
974 3435 1160 3506 κόσμῳ
1186 3435 1215 3487 ὁ
1246 3434 1547 3508 ἄνθρωπος,
1581 3438 1805 3503 εἰκότως
1831 3441 1923 3493 καὶ

336 3527 473 3579 κατ’
501 3526 681 3579 εἰκόνα
712 3525 845 3579 Θεοῦ
887 3527 1195 3597 γεγένηται.
1238 3526 1383 3580 Ἔδει
1415 3527 1523 3599 γάρ
1543 3530 1632 3582 τὸν
1667 3530 1923 3599 μέλλοντα

351 3617 539 3688 ἄρχειν
585 3614 694 3670 τῶν
735 3614 910 3669 ἀλλων
950 3614 1137 3687 ὥσπερ
1165 3618 1289 3669 τινά
1325 3617 1506 3671 εἰκόνα
1555 3617 1793 3690 ἔμψυχον
1825 3621 1929 3690 τῆς

350 3707 446 3761 τοῦ
476 3707 736 3777 βασιλέως
776 3704 921 3787 ὁμοιί
946 3724 1091 3778 ἠτος
1135 3707 1462 3771 ἀπολαύειν,
1490 3711 1590 3764 οὐκ
1622 3712 1680 3764 ὲν
1712 3728 1923 3782 πορφυ-

354 3796 593 3881 ρίδιίμαὶ
642 3788 891 3867 σκήπτριζ
998 3798 1039 3867 ft,
1076 3797 1369 3881 διαδήματι
1395 3799 1496 3870 τὴν
1533 3798 1689 3866 ἀξίαν
1734 3800 1925 3870 ὲμφαίς

265 3900 273 3909 ’
351 3874 514 3967 νοντί,
532 3888 665 3942 ἐπεὶ
696 3887 831 3967 μηδὲ
854 3888 915 3940 τὸ
949 3888 1255 3958 ἀρχέτυπον
1275 3874 1346 3943 ’ἐν
1375 3889 1584 3953 τούτοις
1609 3886 1699 3962 ἦν,
1726 3890 1840 3944 ἀλλ’
1866 3893 1924 3945 ἐν

350 3978 428 4051 τῷ
453 3964 837 4051 κεκοσμεΐσθαι
868 3978 968 4050 τὴν
1005 3978 1315 4051 ἀφθαρσίαν
1351 3980 1446 4032 καὶ
1482 3970 1790 4036 ἀθανασίαν
1828 3983 1923 4035 καὶ

350 4074 569 4145 ἀρετήν.
597 4069 819 4135 Τούτοις
849 4069 957 4140 γὰρ
986 4069 1239 4140 τιμηθεὶς
1266 4067 1294 4124 ὁ
1328 4069 1612 4140 ἄνθρωπος
1634 4070 1740 4143 τὴν
1786 4073 1943 4145 πρὸς

348 4167 415 4221 τὸ
446 4165 797 4237 πρωτότυπον
821 4163 1004 4216 εἰκόνα
1042 4162 1319 4234 ὁμοιότητι
1360 4160 1630 4226 διασώζει.
1669 4163 1820 4216 Ἐπεὶ
1864 4164 1921 4219 δὲ

350 4253 446 4307 καὶ
467 4249 879 4321 αὑτεξουσιότης
890 4249 949 4302 τὸ
977 4247 1253 4319 βασιλικὸν
1274 4247 1688 4319 καὶὲπηρμένον
1708 4248 1807 4319 τῆς
1824 4248 1923 4317 φύ-

353 4362 490 4406 σεως
518 4342 611 4397 τοῦ
642 4339 953 4413 ἀνθρώπου,
980 4328 1230 4411 καὶπρὸς
1252 4338 1349 4410 τὴν
1374 4338 1523 4395 θείαν
1547 4337 1728 4391 εἰκόνα
1756 4340 1923 4409 ἐμφε-

355 4438 445 4509 ρὲς
474 4434 947 4508 προσφανέστατον
971 4432 1207 4489 δείκνυσι
1226 4474 1242 4496 ,
1289 4431 1383 4486 καὶ
1417 4427 1557 4484 κατᾶ
1602 4429 1786 4484 τοῦτον
1826 4432 1920 4484 τὸν

1958 1843 2007 1902 Β

2031 604 2186 672 hujus
2219 603 2534 674 formatione
2566 602 2873 655 consiliario
2911 618 3037 655 usus
3075 613 3152 656 est
3183 602 3324 656 Filio
3349 620 3444 657 suo
3474 603 3596 658 uni-

2032 693 2226 762 genito,
2252 694 2342 763 qui
2369 693 2615 761 splendor
2642 701 2719 744 est
2748 689 2949 761 gloriae,
2971 691 3134 759 juxta
3164 693 3495 761 Apostolnm,
3542 704 3594 747 et

2030 786 2200 853 ﬁgura
2225 786 2535 839 substantiae
2566 785 2680 853 ejus
2713 825 2727 839 .
2754 825 2769 839 .
2797 824 2811 838 .
2845 824 2859 837 .
2894 783 3157 848 Quoniam
3186 785 3383 854 itaque,
3421 796 3479 841 ut
3512 788 3597 839 di—
3700 809 3720 825 ο

2029 885 2170 928 ctum
2197 884 2297 940 est,
2324 876 2479 929 homo
2506 878 2559 930 in
2594 877 2846 930 mundum
2870 887 3118 947 tanquam
3139 892 3231 930 rex
3252 888 3327 930 est
3352 877 3597 930 introdu-

2031 977 2168 1029 ctus,
2217 966 2559 1035 probabiliter
2602 969 2765 1021 etiam
2807 969 3088 1021 secundum
3150 968 3433 1037 imaginem
3495 967 3595 1021 Dei

2030 1055 2202 1124 factus
2232 1064 2329 1109 est.
2388 1054 2673 1124 Oportebat
2698 1055 2837 1108 enim
2865 1054 2989 1109 aliis
3022 1056 3404 1122 imperaturum
3432 1055 3595 1108 ueluti

2028 1147 2307 1216 imaginem
2322 1146 2604 1216 quamdam
2626 1145 2909 1213 spirantem
2936 1147 3070 1215 regis
3095 1145 3444 1198 similitudine
3464 1161 3595 1213 gan-

2027 1238 2167 1304 dere,
2220 1254 2321 1292 non
2352 1239 2408 1291 in
2436 1252 2671 1307 purpura
2697 1249 2746 1291 et
2777 1246 2978 1306 sceptro
3010 1247 3061 1291 et
3097 1237 3394 1290 diademate
3419 1237 3596 1306 digni—

2030 1341 2188 1385 tatem
2215 1340 2507 1385 ostentante
2552 1333 2768 1402 (quippe
2816 1346 2907 1385 nec
2955 1332 3127 1401 ipsum
3170 1330 3507 1397 archetypum
3536 1329 3589 1381 in

2029 1423 2111 1477 his
2154 1423 2313 1494 erat),
2343 1424 2433 1477 sed
2463 1439 2523 1477 eo
2573 1424 2713 1492 quod
2737 1433 3022 1476 ornaretur
3067 1420 3589 1489 incorruptibilitate,

2028 1515 2451 1578 immortalitate,
2476 1532 2539 1568 ac
2557 1516 2770 1568 virtute.
2799 1512 2939 1567 Nam
2962 1514 3043 1567 his
3061 1515 3218 1567 homo
3244 1522 3458 1566 ornatus
3481 1512 3601 1580 [or-

2029 1622 2171 1658 mam
2199 1607 2461 1675 prototypi
2488 1606 2837 1660 similitudine
2869 1621 3172 1675 expressam
3212 1613 3400 1657 seruat.
3448 1601 3597 1668 Quo-

2030 1699 2171 1751 niam
2199 1715 2315 1753 vero
2343 1701 2458 1769 ipsa
2490 1716 2692 1770 quoque
2713 1700 2930 1753 libertas
2958 1701 3154 1768 regiam
3195 1707 3255 1751 et
3283 1697 3594 1750 eminentem

2031 1800 2235 1844 natura:
2286 1791 2532 1844 humana:
2581 1790 2889 1860 dignitatem
2940 1800 2989 1845 et
3046 1789 3442 1845 similitudinem
3478 1786 3595 1855 ejus

2029 1901 2146 1939 cum
2189 1885 2369 1938 divina
2397 1886 2622 1956 imagine
2650 1885 3093 1940 evidentissimum
3142 1881 3401 1943 ostendit,
3432 1880 3595 1933 etiam

2028 1977 2126 2029 hac
2154 1977 2355 2029 ratione
2385 1976 2537 2029 homo
2565 1990 2818 2028 manuum
2858 1973 2954 2027 Dei
2976 1989 3105 2042 opus
3129 1984 3228 2036 est,
3256 1978 3464 2039 propter
3485 1969 3598 2037 for-

2027 2069 2275 2123 mulionis
2329 2084 2441 2122 sate
2484 2067 2886 2123 excellentiam:
2938 2083 3058 2120 nam
3085 2075 3253 2119 totum
3297 2064 3433 2118 illud
3465 2079 3596 2133 opus

2028 2162 2237 2216 consilii
2260 2170 2357 2216 est.
2394 2160 2591 2216 Eadem
2622 2160 3093 2231 argumentatione
3131 2159 3301 2213 utitur
3322 2155 3607 2228 Theophi-

2028 2259 2114 2312 lus
2139 2256 2514 2311 Antioehenus
2538 2254 2679 2309 libro
2707 2269 2746 2307 ιι
2771 2262 2955 2307 contra
2987 2252 3325 2322 Autolycum,
3355 2266 3475 2320 cap.
3500 2250 3594 2313 28,

2027 2360 2081 2418 p.
2132 2363 2208 2403 ιιι.
2259 2347 2364 2402 158
2399 2361 2541 2416 seq.,
2596 2360 2721 2401 cum
2768 2344 3143 2400 excellentiam
3174 2342 3411 2397 hominis
3445 2342 3499 2395 in
3527 2356 3613 2395 eo.

2027 2441 2199 2510 ponit,
2226 2438 2391 2509 quod,
2421 2452 2543 2493 cum
2575 2445 2768 2492 caetera
2810 2435 2996 2489 omnia
3039 2434 3200 2489 verbo
3242 2433 3605 2488 constitueret

2029 2536 2172 2588 Deus
2199 2542 2253 2587 et
2284 2532 2440 2602 quasi
2488 2530 2744 2601 πάρεργα.
2794 2527 3068 2590 conderet,
3131 2527 3302 2580 solius
3358 2524 3595 2578 honuinis

2027 2624 2354 2680 creationem
2404 2620 2801 2677 existimaverit
2837 2634 2960 2675 esse
3002 2632 3140 2687 opus
3186 2616 3439 2671 manibus
3475 2616 3593 2669 suis

2025 2718 2270 2787 dignum,
2303 2715 2465 2786 μόνον
2498 2712 2644 2768 ἰδίων
2670 2712 2830 2783 ἔργον
2856 2710 3055 2782 χειρῶν
3077 2708 3225 2773 ἀξιον
3255 2708 3469 2779 ἡγεῖται
3494 2706 3594 2777 τὴν

2027 2807 2244 2878 ποίησιν
2280 2804 2373 2858 τοῦ
2411 2802 2714 2875 ἀνθρώπου.
2757 2800 3014 2855 Naturam
3053 2800 3289 2855 hominis
3343 2796 3597 2867 inprimis

2026 2898 2097 2952 ob
2122 2884 2464 2954 concreatam
2489 2894 2775 2964 imaginem
2806 2891 3046 2947 divinam
3077 2889 3291 2946 extollit
3323 2886 3595 2942 Macarius

2026 2988 2264 3067 Magnes,
2294 3002 2525 3056 eamque
2547 3001 2654 3040 non
2679 2985 2734 3038 in
2763 2997 2993 3052 corpore
3015 2980 3152 3051 ('50),
3190 2980 3282 3035 sed
3327 2980 3383 3034 in
3413 2984 3601 3033 mente

2026 3077 2262 3131 hominis
2284 3076 2496 3146 quaerit,
2516 3074 2659 3144 quod
2687 3070 3050 3142 cognitionem
3089 3070 3215 3125 boni
3243 3078 3295 3124 et
3335 3067 3464 3149 mali
3490 3083 3592 3121 na-

2028 3177 2149 3222 tura
2183 3166 2400 3222 insitam
2437 3165 2703 3220 habuerit.
2754 3164 3086 3234 Argumenta
3137 3161 3240 3231 ipsi
3264 3169 3392 3216 sunt
3428 3159 3593 3213 verba

2026 3258 2317 3317 Geueseos,
2349 3271 2468 3323 cap.
2507 3272 2588 3320 ιιι,
2616 3254 2719 3308 22:
2751 3253 2887 3308 Ecce
2916 3254 3090 3307 Adam
3130 3252 3303 3321 factus
3326 3261 3402 3304 est
3454 3250 3595 3303 sicut

2024 3364 2159 3403 unus
2181 3362 2245 3401 ea:
2284 3347 2461 3419 nobis,
2494 3346 2562 3398 ad
2609 3343 2879 3398 sciendum
2924 3344 3114 3397 bonum
3145 3353 3193 3397 et
3223 3342 3440 3395 malum.
3507 3340 3601 3395 Ad.

2024 3454 2187 3512 quem
2235 3438 2411 3492 locum
2457 3438 2600 3490 hunc
2638 3434 2692 3487 in
2732 3433 2952 3489 modum
2998 3439 3433 3488 commentatur:
3479 3430 3593 3501 Οὑχ

2022 3532 2098 3597 ὡς
2127 3527 2535 3603 τφοσκόψαντος
2563 3523 2726 3579 αὑτοῦ
2758 3524 2851 3577 ἐπὶ
2878 3522 2973 3595 τὴν
3006 3523 3106 3593 τῆς
3145 3522 3343 3595 ἀρετῆς
3371 3522 3465 3575 καὶ
3487 3538 3589 3574 κα-

2024 3624 2147 3687 κίας
2169 3618 2389 3693 γνῶσιν.
2419 3616 2531 3670 ἀλλ’
2562 3616 2638 3680 ὡς
2673 3614 2909 3670 τοιούτου
2935 3615 2999 3679 ἐξ
3030 3613 3208 3685 ἀρχῆς
3239 3611 3587 3675 πλασθέντος.

2022 3714 2234 3778 Φθάσας
2262 3714 2372 3787 γὰρ
2404 3706 2550 3764 εἶπεν
2576 3708 2611 3779 ἡ
2637 3706 2846 3779 Γραφὴ,
2873 3706 3056 3763 ausu
3079 3704 3367 3772 ἐποίησεν
3395 3706 3427 3756 ό
3448 3700 3592 3769 Θεὸς

2022 3804 2129 3859 τὸν
2154 3804 2470 3872 ἄνθρωπον
2493 3799 2623 3856 κατ’
2652 3797 2858 3851 εἰκόνα
2887 3794 3053 3850 Θεοῦ.
3084 3794 3252 3864 Δῆλον
3282 3793 3357 3856 ὡς
3386 3807 3594 3862 προκα-

2022 3893 2427 3965 ταϐεόλημένην
2452 3889 2595 3963 εἶχεν
2621 3888 2681 3947 ἐν
2706 3890 2772 3964 τῇ
2791 3886 2951 3964 φύσει
2972 3885 3070 3956 τὴν
3088 3884 3286 3953 γνῶσιν
3300 3881 3393 3937 τοῦ
3423 3880 3594 3935 καλοῦ

2022 3985 2118 4039 καὶ
2150 3983 2410 4056 πονηροῦ.
2442 3984 2500 4038 ld
2521 3993 2637 4040 est:
2666 3983 2791 4038 Non
2821 3980 2977 4055 quasi
3000 3977 3305 4053 profecisset
3335 3976 3397 4028 is‘
3416 3974 3472 4027 in
3502 3988 3601 4026 co-.

2022 4075 2254 4145 gnitione
2270 4074 2482 4128 uirtutis
2515 4090 2579 4128 ac
2606 4074 2746 4137 vitii,
2775 4075 2866 4128 sed
2887 4075 3017 4144 quia
3047 4072 3172 4126 talis
3200 4072 3265 4125 ab
3293 4057 3446 4125 initio
3477 4069 3590 4138 [or-

2021 4176 2196 4220 matus
2215 4174 2367 4221 esset.
2399 4163 2542 4218 Nam
2564 4174 2683 4219 ante
2720 4164 2929 4220 dixerat
2975 4164 3285 4233 Scriptura:
3329 4180 3349 4214 ι
3399 4161 3588 4214 Adhuc

2023 4257 2146 4327 fecit
2172 4257 2308 4313 Deus
2334 4257 2593 4311 hominem
2622 4256 2923 4313 secundum.
2942 4256 3225 4326 imaginem
3242 4254 3360 4309 Dei.
3393 4271 3413 4306 ι
3445 4250 3599 4307 Hinc.

2021 4359 2185 4419 putet,
2206 4350 2449 4404 habuisse
2467 4366 2585 4405 eum
2614 4349 2831 4404 insitam
2839 4348 2959 4419 jam
2983 4359 3105 4403 ante
3129 4364 3162 4401 a
3186 4354 3383 4400 natura
3402 4344 3587 4415 cogni-

2026 4444 2217 4496 tionem
2246 4443 2366 4496 boni
2394 4452 2444 4497 et
2470 4441 2621 4495 mali.
2657 4441 2940 4496 Hominem
2971 4440 3135 4509 igitur
3162 4440 3233 4495 ab
3255 4438 3411 4493 initio
3447 4437 3590 4492 inte-

352 4529 508 4597 λόγον
535 4528 631 4582 καὶ
659 4525 856 4598 χειρῶν
882 4523 1015 4579 Θεοῦ
1042 4525 1199 4596 ἔργον
1221 4526 1250 4577 ὁ
1269 4523 1551 4594 ἄνθρωπος
1571 4562 1585 4585 ,
1625 4522 1711 4575 διὰ
1744 4522 1805 4575 τὸ
1835 4522 1918 4575 τί-

2025 4547 2179 4602 grum
2213 4540 2268 4587 et
2293 4540 2501 4586 rectum
2538 4531 2595 4586 in
2619 4531 2766 4587 omni
2786 4531 3094 4603 cognitione
3127 4531 3345 4587 virtutis
3376 4546 3441 4586 ae
3466 4528 3599 4584 vitii

357 4637 476 4692 μιον
503 4620 606 4690 τῆς
636 4618 997 4688 κατασκευῆς.
1028 4616 1230 4687 Βουλῆς
1248 4615 1356 4686 γὰρ
1387 4615 1637 4687 ἐνέργεια
1680 4615 1740 4668 τὸ
1789 4615 1917 4669 πᾶν.

354 4711 410 4766 Id
436 4721 550 4768 est:
584 4711 659 4764 Ac
684 4719 888 4766 caeterte
926 4709 1138 4779 quidem
1166 4718 1424 4763 creatura:
1461 4714 1571 4763 solo
1620 4707 1771 4762 verbo
1798 4723 1921 4776 pro-

351 4803 528 4858 ducta:
547 4812 669 4856 sunt
693 4818 712 4865 ;
740 4804 892 4856 homo
929 4814 1106 4855 autem
1134 4802 1458 4871 principatum
1507 4801 1761 4871 quiddam
1783 4816 1921 4869 pra:-

353 4908 496 4952 terea
522 4895 706 4949 habuit
744 4896 798 4949 in
821 4896 1104 4948 creatione.
1139 4893 1283 4946 Nam
1311 4893 1491 4946 habita
1519 4902 1641 4960 ante
1662 4891 1918 4945 delibera-

356 4990 496 5043 tione
516 4996 723 5041 creatus
750 4994 849 5050 est,
881 4998 940 5039 ut
964 5001 1029 5039 ea:
1068 5001 1128 5039 eo
1155 4985 1511 5040 ostenderetur
1528 5024 1547 5050 ,
1588 4982 1920 5037 excellentem

350 5096 464 5136 esse
482 5096 601 5134 eam
627 5089 947 5134 creaturam.
980 5079 1183 5148 Quippe
1207 5078 1374 5132 illud:
1403 5096 1422 5128 ι
1447 5075 1731 5131 Faciamus
1755 5073 1920 5127 Itami-

355 5186 473 5225 nem
500 5169 788 5224 secundum
814 5169 1096 5240 imaginem
1125 5179 1358 5223 nostram
1380 5179 1426 5222 et
1453 5168 1740 5221 secundum
1765 5162 1918 5219 simi-

428 5326 541 5397 (29)
568 5327 778 5398 Κρατεῖ
803 5325 1271 5398 τῶν-κτισμάτων,
1303 5325 1395 5398 καὶ
1422 5320 1740 5398 ἡγεμονεύει
1770 5318 1922 5398 κηδό-

359 5388 542 5469 μενος,
572 5388 701 5452 sunt
727 5397 889 5451 verba
910 5388 1171 5467 Magnetis
1217 5400 1270 5451 iu
1316 5388 1619 5465 fragmento
1658 5392 1723 5443 ll.
1789 5388 1919 5441 Viue

355 5482 543 5605 “iiii
575 5532 666 5590 Uti
692 5533 1045 5600 Melitoniani,
1099 5530 1760 5605 Autlnropomorpl:itaa_et
1792 5512 1916 5605 llu-

358 5598 822 5675 diani'quondam
852 5598 1177 5675 statuerunt,
1204 5606 1294 5663 .de
1314 5598 1525 5674 'quibus'
1570 5598 1917 5675 eonfer_lj3pi-

380 5672 641 5740 illauiuin,
678 5677 805 5729 hazr.
861 5675 949 5739 90,
983 5682 1038 5728 et
1063 5672 1483 5736 Theodoretum,
1512 5680 1702 5742 quaest.
1758 5672 1828 5724 20
1865 5675 1919 5724 in

384 5745 613 5808 ienesin,
667 5755 720 5798 et
765 5744 909 5799 alibi.
945 5743 1197 5810 Quamvis
1234 5744 1502 5799 Macarius
1549 5751 1730 5795 uoster
1774 5743 1918 5797 haud

362 5823 541 5885 neget,
566 5812 727 5869 etiam
753 5815 803 5869 in
831 5815 1003 5885 ipsum
1036 5813 1226 5871 Adami
1268 5830 1464 5885 corpus
1498 5813 1690 5868 divinae
1720 5812 1917 5882 imagi—

2022 4633 2265 4679 creatum
2295 4622 2467 4679 fuisse
2508 4625 2665 4694 plane
2713 4624 2780 4678 ad
2830 4638 3050 4679 sensum
3096 4623 3390 4694 Scriptura!
3416 4636 3588 4678 sacrm

2023 4712 2199 4769 Eccle.
2224 4730 2324 4781 vu,
2350 4716 2442 4779 50,
2471 4714 2781 4770 contendit:
2808 4700 3124 4785 qu'inimoin
3143 4714 3597 4771 antecedentibus

2021 4807 2269 4861 eumdem
2290 4823 2385 4877 per
2405 4807 2894 4878 transgressionem
2912 4806 3197 4877 pristinam
3217 4806 3585 4862 innocentiam

2022 4910 2255 4963 morum,
2280 4896 2343 4949 τὸ
2365 4897 2751 4970 ἀπειρόκακον,
2781 4896 3034 4952 amisisse
3061 4896 3271 4962 statuit,
3297 4909 3418 4966 quae
3442 4894 3585 4949 fece-

2022 4993 2127 5053 rat,
2164 4995 2224 5043 ut
2246 4987 2406 5058 primi
2435 4998 2688 5057 parentes
2713 4987 2976 5043 nuditatis
3016 5003 3129 5042 suae
3167 4982 3430 5041 rationem
3461 4985 3587 5039 nul-

2020 5077 2127 5131 lam
2160 5075 2450 5132 haberent:
2505 5076 2766 5142 unde;
2795 5078 2858 5132 τὸ
2901 5078 3265 5147 ἀπειρόκακον
3306 5075 3582 5146 ἀποθεμέ-

2008 5183 2127 5222 νων
2164 5166 2253 5220 διά
2280 5166 2658 5240 παραϐάσεως,
2684 5168 2713 5220 ὃ
2743 5169 2836 5221 καὶ
2872 5167 2967 5239 τὴν
2997 5166 3271 5238 γύμνωσιν
3293 5166 3584 5235 ἀδιάφορον

2022 5327 2109 5381 nis
2131 5327 2443 5397 dignitatem
2472 5326 2652 5396 aliquo
2677 5325 2837 5397 modo
2866 5324 3212 5397 redundasse,
3241 5323 3369 5377 dum
3407 5331 3583 5397 totum

2023 5393 2296 5451 hominem
2329 5393 2627 5452 secundum
2664 5396 2951 5464 imaginem
2974 5394 3069 5464 Dei
3105 5393 3307 5464 factum
3337 5408 3459 5464 esse
3497 5393 3583 5446 fa-

2020 5476 2185 5530 tetur,
2214 5476 2375 5535 atque
2394 5466 2639 5535 inprimis
2666 5465 2718 5517 in
2741 5462 2988 5518 oratione
3014 5463 3082 5516 l7
3116 5464 3168 5535 in
3196 5462 3430 5518 Genesin
3456 5477 3583 5535 cor:

2023 5552 2124 5605 pus
2154 5532 2604 5606 protoplastarum
2639 5544 2765 5588 ante
2807 5532 3579 5606 transgressionempraecepti

2022 5603 2275 5660 Subtilius
2298 5603 2362 5660 ac
2388 5606 2738 5675 splendidius,
2765 5613 2818 5657 et
2836 5604 2904 5658 ad
2930 5603 3231 5673 specierum
3271 5603 3587 5675 divinarum

2021 5672 2617 5800 lmreeptjoueni—magis
2643 5672 3034 5746 promptum’et
3069 5674 3375 5743 expeditum
3411 5672 3594 5729 luisset

2022 5756 2214 5800 conten
2258 5754 2310 5799 ιι.
2573 5790 2577 5797 .

2022 5754 2310 5801 contendit.
