  <div class='ocr_page' id='page_1' title='image "/cluster/home/n/w/nwhite01/storage/ocr_20150623/10/coo.31924054872894/712.png"; bbox 0 0 4058 6384; ppageno 0'>
   <div class='ocr_carea' id='block_1_1' title="bbox 390 387 518 443">
    <p class='ocr_par' dir='ltr' id='par_1_1' title="bbox 390 387 518 443">
     <span class='ocr_line' id='line_1_1' title="bbox 390 387 518 443; baseline 0.023 -3"><span class='ocrx_word' id='word_1_1' title='bbox 390 387 518 443; x_wconf 78' lang='grc' dir='ltr'><strong><em>ΗΜ</em></strong></span> 
     </span>
    </p>
   </div>
   <div class='ocr_carea' id='block_1_2' title="bbox 1507 394 2400 455">
    <p class='ocr_par' dir='ltr' id='par_1_2' title="bbox 1507 394 2400 455">
     <span class='ocr_line' id='line_1_2' title="bbox 1507 394 2400 455; baseline 0.006 -5"><span class='ocrx_word' id='word_1_2' title='bbox 1507 394 1784 453; x_wconf 74' lang='grc' dir='ltr'><strong><em>ΝΟΤΙΤΙΑ</em></strong></span> <span class='ocrx_word' id='word_1_3' title='bbox 1825 395 1915 451; x_wconf 83' lang='grc' dir='ltr'><strong>ΕΤ</strong></span> <span class='ocrx_word' id='word_1_4' title='bbox 1954 395 2400 455; x_wconf 76' lang='lat' dir='ltr'><strong><em>FRAGMENTA.</em></strong></span> 
     </span>
    </p>
   </div>
   <div class='ocr_carea' id='block_1_3' title="bbox 3506 392 3644 450">
    <p class='ocr_par' dir='ltr' id='par_1_3' title="bbox 3506 392 3644 450">
     <span class='ocr_line' id='line_1_3' title="bbox 3506 392 3644 450; baseline 0.029 -4"><span class='ocrx_word' id='word_1_5' title='bbox 3506 392 3644 450; x_wconf 71' lang='grc'>1402</span> 
     </span>
    </p>
   </div>
   <div class='ocr_carea' id='block_1_4' title="bbox 384 505 1955 586">
    <p class='ocr_par' dir='ltr' id='par_1_4' title="bbox 384 509 1955 586">
     <span class='ocr_line' id='line_1_4' title="bbox 384 509 1955 586; baseline 0.01 -25"><span class='ocrx_word' id='word_1_6' title='bbox 384 509 583 573; x_wconf 59' lang='lat' dir='ltr'><strong><em>Habeo</em></strong></span> <span class='ocrx_word' id='word_1_7' title='bbox 628 513 1022 586; x_wconf 71' lang='grc' dir='ltr'><strong><em>παντοκράτωρ</em></strong></span> <span class='ocrx_word' id='word_1_8' title='bbox 1056 513 1323 573; x_wconf 77' lang='grc' dir='ltr'><strong><em>ἀθάνατον</em></strong></span> <span class='ocrx_word' id='word_1_9' title='bbox 1359 514 1528 569; x_wconf 80' lang='grc' dir='ltr'>κακὸν</span> <span class='ocrx_word' id='word_1_10' title='bbox 1575 514 1635 584; x_wconf 72' lang='grc' dir='ltr'><strong><em>ἐξ</em></strong></span> <span class='ocrx_word' id='word_1_11' title='bbox 1674 514 1955 586; x_wconf 75' lang='grc' dir='ltr'><strong><em>ὲπιῦουλῆς</em></strong></span> 
     </span>
    </p>
   </div>
   <div class='ocr_carea' id='block_1_5' title="bbox 2056 505 3643 586">
    <p class='ocr_par' dir='ltr' id='par_1_5' title="bbox 2070 505 3643 582">
     <span class='ocr_line' id='line_1_5' title="bbox 2070 505 3643 582; baseline -0.001 -18"><span class='ocrx_word' id='word_1_12' title='bbox 2070 526 2193 581; x_wconf 67' lang='lat' dir='ltr'><strong><em>quae</em></strong></span> <span class='ocrx_word' id='word_1_13' title='bbox 2220 510 2273 566; x_wconf 91' lang='lat' dir='ltr'><strong><em>in</em></strong></span> <span class='ocrx_word' id='word_1_14' title='bbox 2300 519 2431 582; x_wconf 84' lang='lat' dir='ltr'><strong><em>typo</em></strong></span> <span class='ocrx_word' id='word_1_15' title='bbox 2461 524 2559 580; x_wconf 89' lang='lat' dir='ltr'><strong><em>per</em></strong></span> <span class='ocrx_word' id='word_1_16' title='bbox 2583 508 2777 580; x_wconf 80' lang='lat' dir='ltr'><strong><em>pellem</em></strong></span> <span class='ocrx_word' id='word_1_17' title='bbox 2805 508 2929 580; x_wconf 89' lang='lat' dir='ltr'><strong><em>agni</em></strong></span> <span class='ocrx_word' id='word_1_18' title='bbox 2958 508 3028 567; x_wconf 87' lang='lat' dir='ltr'><strong><em>ab</em></strong></span> <span class='ocrx_word' id='word_1_19' title='bbox 3061 508 3185 580; x_wconf 84' lang='lat' dir='ltr'><strong><em>ipsa</em></strong></span> <span class='ocrx_word' id='word_1_20' title='bbox 3214 506 3425 579; x_wconf 84' lang='lat' dir='ltr'><strong><em>origine</em></strong></span> <span class='ocrx_word' id='word_1_21' title='bbox 3452 505 3643 564; x_wconf 80' lang='lat' dir='ltr'><strong><em>mundi</em></strong></span> 
     </span>
    </p>
   </div>
   <div class='ocr_carea' id='block_1_6' title="bbox 388 600 1963 680">
    <p class='ocr_par' dir='ltr' id='par_1_6' title="bbox 388 600 1963 680">
     <span class='ocr_line' id='line_1_6' title="bbox 388 600 1963 680; baseline 0.003 -25"><span class='ocrx_word' id='word_1_22' title='bbox 388 600 513 656; x_wconf 69' lang='grc' dir='ltr'>ἰδὼν</span> <span class='ocrx_word' id='word_1_23' title='bbox 545 603 942 672; x_wconf 79' lang='grc' dir='ltr'><strong><em>γεγενημένον,</em></strong></span> <span class='ocrx_word' id='word_1_24' title='bbox 989 606 1242 679; x_wconf 80' lang='grc' dir='ltr'>καθάπερ</span> <span class='ocrx_word' id='word_1_25' title='bbox 1278 608 1373 662; x_wconf 77' lang='grc' dir='ltr'>καὶ</span> <span class='ocrx_word' id='word_1_26' title='bbox 1413 610 1442 663; x_wconf 86' lang='grc' dir='ltr'>ὁ</span> <span class='ocrx_word' id='word_1_27' title='bbox 1485 608 1763 680; x_wconf 82' lang='grc' dir='ltr'>πλανήσας</span> <span class='ocrx_word' id='word_1_28' title='bbox 1804 608 1963 663; x_wconf 78' lang='grc' dir='ltr'>αὑτὸν</span> 
     </span>
    </p>
   </div>
   <div class='ocr_carea' id='block_1_7' title="bbox 382 690 1966 772">
    <p class='ocr_par' dir='ltr' id='par_1_7' title="bbox 382 690 1966 772">
     <span class='ocr_line' id='line_1_7' title="bbox 382 690 1966 772; baseline 0.006 -26"><span class='ocrx_word' id='word_1_29' title='bbox 382 691 625 759; x_wconf 73' lang='grc' dir='ltr'>διάϐολος</span> <span class='ocrx_word' id='word_1_30' title='bbox 642 690 731 767; x_wconf 72' lang='grc' dir='ltr'><strong><em>ἦν,</em></strong></span> <span class='ocrx_word' id='word_1_31' title='bbox 749 700 876 762; x_wconf 78' lang='grc' dir='ltr'>τοὺς</span> <span class='ocrx_word' id='word_1_32' title='bbox 893 699 1247 770; x_wconf 80' lang='grc' dir='ltr'><strong><em>δερματίνους</em></strong></span> <span class='ocrx_word' id='word_1_33' title='bbox 1274 700 1505 772; x_wconf 83' lang='grc' dir='ltr'><strong><em>χιτῶνας</em></strong></span> <span class='ocrx_word' id='word_1_34' title='bbox 1530 700 1619 755; x_wconf 79' lang='grc' dir='ltr'><strong><em>διὰ</em></strong></span> <span class='ocrx_word' id='word_1_35' title='bbox 1650 700 1809 755; x_wconf 79' lang='grc' dir='ltr'>τοῦτο</span> <span class='ocrx_word' id='word_1_36' title='bbox 1833 718 1966 755; x_wconf 82' lang='grc' dir='ltr'>κατ-</span> 
     </span>
    </p>
   </div>
   <div class='ocr_carea' id='block_1_8' title="bbox 381 787 1964 865">
    <p class='ocr_par' dir='ltr' id='par_1_8' title="bbox 381 787 1964 865">
     <span class='ocr_line' id='line_1_8' title="bbox 381 787 1964 865; baseline 0.004 -25"><span class='ocrx_word' id='word_1_37' title='bbox 381 787 701 854; x_wconf 66' lang='grc' dir='ltr'>εσκεύασεν,</span> <span class='ocrx_word' id='word_1_38' title='bbox 728 792 891 845; x_wconf 77' lang='grc' dir='ltr'>οἱονεὶ</span> <span class='ocrx_word' id='word_1_39' title='bbox 920 791 1209 865; x_wconf 81' lang='grc' dir='ltr'><strong><em>νεκρότητι</em></strong></span> <span class='ocrx_word' id='word_1_40' title='bbox 1258 791 1568 865; x_wconf 73' lang='grc' dir='ltr'>περιϐαλὼν</span> <span class='ocrx_word' id='word_1_41' title='bbox 1599 792 1783 858; x_wconf 77' lang='grc' dir='ltr'>αὐτὸν,</span> <span class='ocrx_word' id='word_1_42' title='bbox 1813 794 1964 859; x_wconf 81' lang='grc' dir='ltr'>ὅπως</span> 
     </span>
    </p>
   </div>
   <div class='ocr_carea' id='block_1_9' title="bbox 379 881 1963 958">
    <p class='ocr_par' dir='ltr' id='par_1_9' title="bbox 379 881 1963 958">
     <span class='ocr_line' id='line_1_9' title="bbox 379 881 1963 958; baseline 0.005 -25"><span class='ocrx_word' id='word_1_43' title='bbox 379 881 471 936; x_wconf 74' lang='grc' dir='ltr'><strong><em>διὰ</em></strong></span> <span class='ocrx_word' id='word_1_44' title='bbox 503 882 602 953; x_wconf 82' lang='grc' dir='ltr'><strong><em>τῆς</em></strong></span> <span class='ocrx_word' id='word_1_45' title='bbox 630 881 835 947; x_wconf 81' lang='grc' dir='ltr'><strong><em>λύσεως</em></strong></span> <span class='ocrx_word' id='word_1_46' title='bbox 856 883 952 937; x_wconf 79' lang='grc' dir='ltr'><strong><em>τοῦ</em></strong></span> <span class='ocrx_word' id='word_1_47' title='bbox 977 884 1228 956; x_wconf 80' lang='grc' dir='ltr'><strong><em>σώματος</em></strong></span> <span class='ocrx_word' id='word_1_48' title='bbox 1255 887 1363 939; x_wconf 83' lang='grc' dir='ltr'>πᾶν</span> <span class='ocrx_word' id='word_1_49' title='bbox 1401 884 1462 940; x_wconf 84' lang='grc' dir='ltr'><strong><em>τδ</em></strong></span> <span class='ocrx_word' id='word_1_50' title='bbox 1503 888 1561 939; x_wconf 80' lang='grc' dir='ltr'>ἐν</span> <span class='ocrx_word' id='word_1_51' title='bbox 1589 885 1740 957; x_wconf 84' lang='grc' dir='ltr'>αὐτῷ</span> <span class='ocrx_word' id='word_1_52' title='bbox 1768 903 1963 958; x_wconf 82' lang='grc' dir='ltr'>γεννη-</span> 
     </span>
    </p>
   </div>
   <div class='ocr_carea' id='block_1_10' title="bbox 388 973 1961 1050">
    <p class='ocr_par' dir='ltr' id='par_1_10' title="bbox 388 973 1961 1050">
     <span class='ocr_line' id='line_1_10' title="bbox 388 973 1961 1050; baseline 0.006 -25"><span class='ocrx_word' id='word_1_53' title='bbox 388 973 474 1026; x_wconf 59' lang='grc' dir='ltr'><strong><em>δὲν</em></strong></span> <span class='ocrx_word' id='word_1_54' title='bbox 525 973 695 1029; x_wconf 79' lang='grc' dir='ltr'>κακὸν</span> <span class='ocrx_word' id='word_1_55' title='bbox 741 975 1009 1050; x_wconf 80' lang='grc' dir='ltr'><strong><em>ἀποθάνῃ.</em></strong></span> <span class='ocrx_word' id='word_1_56' title='bbox 1063 976 1121 1032; x_wconf 86' lang='lat' dir='ltr'><strong><em>Id</em></strong></span> <span class='ocrx_word' id='word_1_57' title='bbox 1157 987 1242 1034; x_wconf 88' lang='lat' dir='ltr'><strong><em>est</em></strong></span> <span class='ocrx_word' id='word_1_58' title='bbox 1273 994 1287 1031; x_wconf 90' lang='lat'><strong>:</strong></span> <span class='ocrx_word' id='word_1_59' title='bbox 1319 976 1425 1033; x_wconf 88' lang='lat' dir='ltr'><strong><em>Per</em></strong></span> <span class='ocrx_word' id='word_1_60' title='bbox 1462 978 1708 1048; x_wconf 88' lang='lat' dir='ltr'><strong><em>pelliceas</em></strong></span> <span class='ocrx_word' id='word_1_61' title='bbox 1755 980 1961 1034; x_wconf 88' lang='lat' dir='ltr'><strong><em>tunicas</em></strong></span> 
     </span>
    </p>
   </div>
   <div class='ocr_carea' id='block_1_11' title="bbox 384 1068 1962 1139">
    <p class='ocr_par' dir='ltr' id='par_1_11' title="bbox 384 1068 1962 1139">
     <span class='ocr_line' id='line_1_11' title="bbox 384 1068 1962 1139; baseline 0.006 -24"><span class='ocrx_word' id='word_1_62' title='bbox 384 1074 605 1119; x_wconf 86' lang='lat' dir='ltr'><strong><em>mortem</em></strong></span> <span class='ocrx_word' id='word_1_63' title='bbox 654 1068 923 1139; x_wconf 87' lang='lat' dir='ltr'><strong><em>intelligit.</em></strong></span> <span class='ocrx_word' id='word_1_64' title='bbox 977 1069 1186 1124; x_wconf 87' lang='lat' dir='ltr'><strong><em>Narrat</em></strong></span> <span class='ocrx_word' id='word_1_65' title='bbox 1230 1072 1369 1125; x_wconf 90' lang='lat' dir='ltr'><strong><em>enim</em></strong></span> <span class='ocrx_word' id='word_1_66' title='bbox 1408 1071 1473 1125; x_wconf 90' lang='lat' dir='ltr'><strong><em>de</em></strong></span> <span class='ocrx_word' id='word_1_67' title='bbox 1502 1071 1744 1126; x_wconf 82' lang='lat' dir='ltr'><strong><em>Adamo:</em></strong></span> <span class='ocrx_word' id='word_1_68' title='bbox 1795 1070 1962 1136; x_wconf 82' lang='lat' dir='ltr'><strong><em>Quem</em></strong></span> 
     </span>
    </p>
   </div>
   <div class='ocr_carea' id='block_1_12' title="bbox 382 1155 1961 1234">
    <p class='ocr_par' dir='ltr' id='par_1_12' title="bbox 382 1155 1961 1234">
     <span class='ocr_line' id='line_1_12' title="bbox 382 1155 1961 1234; baseline 0.006 -25"><span class='ocrx_word' id='word_1_69' title='bbox 382 1155 525 1211; x_wconf 82' lang='lat' dir='ltr'><strong><em>Deus</em></strong></span> <span class='ocrx_word' id='word_1_70' title='bbox 578 1161 905 1229; x_wconf 82' lang='lat' dir='ltr'><strong><em>omnipotens</em></strong></span> <span class='ocrx_word' id='word_1_71' title='bbox 949 1179 1068 1217; x_wconf 88' lang='lat' dir='ltr'><strong><em>cum</em></strong></span> <span class='ocrx_word' id='word_1_72' title='bbox 1100 1164 1455 1218; x_wconf 88' lang='lat' dir='ltr'><strong><em>immortalem</em></strong></span> <span class='ocrx_word' id='word_1_73' title='bbox 1492 1165 1737 1234; x_wconf 90' lang='lat' dir='ltr'><strong><em>fecisset,</em></strong></span> <span class='ocrx_word' id='word_1_74' title='bbox 1792 1166 1961 1219; x_wconf 87' lang='lat' dir='ltr'><strong><em>sciens</em></strong></span> 
     </span>
    </p>
   </div>
   <div class='ocr_carea' id='block_1_13' title="bbox 381 1251 1963 1329">
    <p class='ocr_par' dir='ltr' id='par_1_13' title="bbox 381 1251 1963 1329">
     <span class='ocr_line' id='line_1_13' title="bbox 381 1251 1963 1329; baseline 0.007 -29"><span class='ocrx_word' id='word_1_75' title='bbox 381 1263 502 1301; x_wconf 88' lang='lat' dir='ltr'><strong><em>eum</em></strong></span> <span class='ocrx_word' id='word_1_76' title='bbox 531 1264 596 1304; x_wconf 78' lang='lat' dir='ltr'><strong><em>ea:</em></strong></span> <span class='ocrx_word' id='word_1_77' title='bbox 623 1251 837 1307; x_wconf 89' lang='lat' dir='ltr'><strong><em>insidiis</em></strong></span> <span class='ocrx_word' id='word_1_78' title='bbox 867 1254 1145 1329; x_wconf 80' lang='lat' dir='ltr'><strong><em>(diaboli)</em></strong></span> <span class='ocrx_word' id='word_1_79' title='bbox 1178 1256 1375 1311; x_wconf 91' lang='lat' dir='ltr'><strong><em>malum</em></strong></span> <span class='ocrx_word' id='word_1_80' title='bbox 1408 1257 1632 1327; x_wconf 89' lang='lat' dir='ltr'><strong><em>factum,</em></strong></span> <span class='ocrx_word' id='word_1_81' title='bbox 1673 1258 1755 1311; x_wconf 87' lang='lat' dir='ltr'><strong><em>uti</em></strong></span> <span class='ocrx_word' id='word_1_82' title='bbox 1789 1268 1839 1312; x_wconf 82' lang='lat' dir='ltr'><strong><em>et</em></strong></span> <span class='ocrx_word' id='word_1_83' title='bbox 1869 1258 1963 1311; x_wconf 89' lang='lat' dir='ltr'><strong><em>ille</em></strong></span> 
     </span>
    </p>
   </div>
   <div class='ocr_carea' id='block_1_14' title="bbox 382 1343 1961 1419">
    <p class='ocr_par' dir='ltr' id='par_1_14' title="bbox 382 1343 1961 1419">
     <span class='ocr_line' id='line_1_14' title="bbox 382 1343 1961 1419; baseline 0.007 -26"><span class='ocrx_word' id='word_1_84' title='bbox 382 1350 520 1404; x_wconf 87' lang='lat' dir='ltr'><strong><em>erat,</em></strong></span> <span class='ocrx_word' id='word_1_85' title='bbox 546 1343 638 1412; x_wconf 91' lang='lat' dir='ltr'><strong><em>qui</em></strong></span> <span class='ocrx_word' id='word_1_86' title='bbox 661 1360 781 1398; x_wconf 85' lang='lat' dir='ltr'><strong><em>eum</em></strong></span> <span class='ocrx_word' id='word_1_87' title='bbox 800 1345 1096 1416; x_wconf 80' lang='lat' dir='ltr'><strong><em>deceperat,</em></strong></span> <span class='ocrx_word' id='word_1_88' title='bbox 1116 1348 1382 1416; x_wconf 73' lang='lat' dir='ltr'><strong><em>diabolus,</em></strong></span> <span class='ocrx_word' id='word_1_89' title='bbox 1402 1359 1675 1419; x_wconf 79' lang='lat' dir='ltr'><strong><em>propterea</em></strong></span> <span class='ocrx_word' id='word_1_90' title='bbox 1702 1350 1784 1405; x_wconf 87' lang='lat' dir='ltr'><strong><em>illi</em></strong></span> <span class='ocrx_word' id='word_1_91' title='bbox 1806 1350 1961 1419; x_wconf 86' lang='lat' dir='ltr'><strong><em>pelli-</em></strong></span> 
     </span>
    </p>
   </div>
   <div class='ocr_carea' id='block_1_15' title="bbox 381 1439 1961 1511">
    <p class='ocr_par' dir='ltr' id='par_1_15' title="bbox 381 1439 1961 1511">
     <span class='ocr_line' id='line_1_15' title="bbox 381 1439 1961 1511; baseline 0.007 -24"><span class='ocrx_word' id='word_1_92' title='bbox 381 1450 501 1488; x_wconf 90' lang='lat' dir='ltr'><strong><em>ceas</em></strong></span> <span class='ocrx_word' id='word_1_93' title='bbox 524 1444 686 1490; x_wconf 83' lang='lat' dir='ltr'><strong><em>uestes</em></strong></span> <span class='ocrx_word' id='word_1_94' title='bbox 712 1439 1066 1507; x_wconf 82' lang='lat' dir='ltr'><strong><em>concinnavit,</em></strong></span> <span class='ocrx_word' id='word_1_95' title='bbox 1096 1442 1251 1511; x_wconf 89' lang='lat' dir='ltr'><strong><em>quasi</em></strong></span> <span class='ocrx_word' id='word_1_96' title='bbox 1283 1442 1435 1495; x_wconf 86' lang='lat' dir='ltr'><strong><em>illum</em></strong></span> <span class='ocrx_word' id='word_1_97' title='bbox 1463 1442 1685 1497; x_wconf 90' lang='lat' dir='ltr'><strong><em>induens</em></strong></span> <span class='ocrx_word' id='word_1_98' title='bbox 1711 1444 1961 1498; x_wconf 88' lang='lat' dir='ltr'><strong><em>mortali-</em></strong></span> 
     </span>
    </p>
   </div>
   <div class='ocr_carea' id='block_1_16' title="bbox 382 1531 1961 1605">
    <p class='ocr_par' dir='ltr' id='par_1_16' title="bbox 382 1531 1961 1605">
     <span class='ocr_line' id='line_1_16' title="bbox 382 1531 1961 1605; baseline 0.008 -28"><span class='ocrx_word' id='word_1_99' title='bbox 382 1534 515 1590; x_wconf 87' lang='lat' dir='ltr'><strong><em>tate,</em></strong></span> <span class='ocrx_word' id='word_1_100' title='bbox 553 1535 612 1580; x_wconf 90' lang='lat' dir='ltr'><strong><em>ut</em></strong></span> <span class='ocrx_word' id='word_1_101' title='bbox 662 1545 753 1597; x_wconf 91' lang='lat' dir='ltr'><strong><em>per</em></strong></span> <span class='ocrx_word' id='word_1_102' title='bbox 780 1533 1015 1599; x_wconf 88' lang='lat' dir='ltr'><strong><em>corporis</em></strong></span> <span class='ocrx_word' id='word_1_103' title='bbox 1059 1531 1376 1588; x_wconf 71' lang='lat' dir='ltr'><strong><em>solutionem</em></strong></span> <span class='ocrx_word' id='word_1_104' title='bbox 1424 1550 1596 1599; x_wconf 88' lang='lat' dir='ltr'><strong><em>omne,</em></strong></span> <span class='ocrx_word' id='word_1_105' title='bbox 1649 1537 1788 1605; x_wconf 89' lang='lat' dir='ltr'><strong><em>quod</em></strong></span> <span class='ocrx_word' id='word_1_106' title='bbox 1818 1536 1873 1589; x_wconf 91' lang='lat' dir='ltr'><strong><em>in</em></strong></span> <span class='ocrx_word' id='word_1_107' title='bbox 1900 1551 1961 1590; x_wconf 91' lang='lat' dir='ltr'><strong><em>eo</em></strong></span> 
     </span>
    </p>
   </div>
   <div class='ocr_carea' id='block_1_17' title="bbox 382 1617 1962 1686">
    <p class='ocr_par' dir='ltr' id='par_1_17' title="bbox 382 1617 1962 1686">
     <span class='ocr_line' id='line_1_17' title="bbox 382 1617 1962 1686; baseline 0.009 -16"><span class='ocrx_word' id='word_1_108' title='bbox 382 1617 585 1672; x_wconf 86' lang='lat' dir='ltr'><strong><em>malum</em></strong></span> <span class='ocrx_word' id='word_1_109' title='bbox 606 1630 741 1686; x_wconf 89' lang='lat' dir='ltr'><strong><em>erat,</em></strong></span> <span class='ocrx_word' id='word_1_110' title='bbox 773 1632 1084 1679; x_wconf 82' lang='lat' dir='ltr'><strong><em>moreretur.</em></strong></span> <span class='ocrx_word' id='word_1_111' title='bbox 1112 1625 1195 1679; x_wconf 87' lang='lat' dir='ltr'><strong><em>An</em></strong></span> <span class='ocrx_word' id='word_1_112' title='bbox 1225 1624 1533 1683; x_wconf 84' lang='lat' dir='ltr'><strong><em>Methodius</em></strong></span> <span class='ocrx_word' id='word_1_113' title='bbox 1573 1627 1689 1683; x_wconf 80' lang='lat' dir='ltr'><strong><em>haec</em></strong></span> <span class='ocrx_word' id='word_1_114' title='bbox 1718 1644 1750 1682; x_wconf 89' lang='lat' dir='ltr'><strong><em>a</em></strong></span> <span class='ocrx_word' id='word_1_115' title='bbox 1781 1627 1962 1683; x_wconf 82' lang='lat' dir='ltr'><strong><em>Maca—</em></strong></span> 
     </span>
    </p>
   </div>
   <div class='ocr_carea' id='block_1_18' title="bbox 382 1710 1958 1787">
    <p class='ocr_par' dir='ltr' id='par_1_18' title="bbox 382 1710 1958 1787">
     <span class='ocr_line' id='line_1_18' title="bbox 382 1710 1958 1787; baseline 0.008 -22"><span class='ocrx_word' id='word_1_116' title='bbox 382 1710 466 1765; x_wconf 96' lang='lat' dir='ltr'><strong><em>rio</em></strong></span> <span class='ocrx_word' id='word_1_117' title='bbox 506 1710 774 1782; x_wconf 79' lang='lat' dir='ltr'><strong><em>Magnete,</em></strong></span> <span class='ocrx_word' id='word_1_118' title='bbox 799 1730 868 1769; x_wconf 90' lang='lat' dir='ltr'><strong><em>au</em></strong></span> <span class='ocrx_word' id='word_1_119' title='bbox 897 1730 1026 1771; x_wconf 86' lang='lat' dir='ltr'><strong><em>vero</em></strong></span> <span class='ocrx_word' id='word_1_120' title='bbox 1052 1715 1275 1787; x_wconf 83' lang='lat' dir='ltr'><strong><em>Magnes</em></strong></span> <span class='ocrx_word' id='word_1_121' title='bbox 1303 1733 1334 1772; x_wconf 92' lang='lat' dir='ltr'><strong><em>a</em></strong></span> <span class='ocrx_word' id='word_1_122' title='bbox 1362 1716 1636 1773; x_wconf 81' lang='lat' dir='ltr'><strong><em>Methodio</em></strong></span> <span class='ocrx_word' id='word_1_123' title='bbox 1685 1718 1958 1787; x_wconf 81' lang='lat' dir='ltr'><strong><em>habuerit,</em></strong></span> 
     </span>
    </p>
   </div>
   <div class='ocr_carea' id='block_1_19' title="bbox 381 1804 1959 1885">
    <p class='ocr_par' dir='ltr' id='par_1_19' title="bbox 381 1804 1959 1885">
     <span class='ocr_line' id='line_1_19' title="bbox 381 1804 1959 1885; baseline 0.008 -29"><span class='ocrx_word' id='word_1_124' title='bbox 381 1804 650 1871; x_wconf 79' lang='lat' dir='ltr'><strong><em>disputari</em></strong></span> <span class='ocrx_word' id='word_1_125' title='bbox 677 1807 898 1875; x_wconf 83' lang='lat' dir='ltr'><strong><em>quidem</em></strong></span> <span class='ocrx_word' id='word_1_126' title='bbox 948 1818 1166 1878; x_wconf 84' lang='lat' dir='ltr'><strong><em>posset;</em></strong></span> <span class='ocrx_word' id='word_1_127' title='bbox 1202 1810 1306 1864; x_wconf 82' lang='lat' dir='ltr'><strong><em>nisi</em></strong></span> <span class='ocrx_word' id='word_1_128' title='bbox 1351 1810 1465 1880; x_wconf 86' lang='lat' dir='ltr'><strong><em>jam</em></strong></span> <span class='ocrx_word' id='word_1_129' title='bbox 1507 1820 1632 1866; x_wconf 87' lang='lat' dir='ltr'><strong><em>ante</em></strong></span> <span class='ocrx_word' id='word_1_130' title='bbox 1665 1821 1959 1885; x_wconf 85' lang='lat' dir='ltr'><strong><em>utrumque</em></strong></span> 
     </span>
    </p>
   </div>
   <div class='ocr_carea' id='block_1_20' title="bbox 378 1892 1958 1979">
    <p class='ocr_par' dir='ltr' id='par_1_20' title="bbox 378 1892 1958 1979">
     <span class='ocr_line' id='line_1_20' title="bbox 378 1892 1958 1979; baseline 0.006 -30"><span class='ocrx_word' id='word_1_131' title='bbox 378 1892 644 1979; x_wconf 66' lang='lat' dir='ltr'><strong><em>prigenes</em></strong></span> <span class='ocrx_word' id='word_1_132' title='bbox 660 1905 825 1968; x_wconf 88' lang='lat' dir='ltr'><strong><em>atque</em></strong></span> <span class='ocrx_word' id='word_1_133' title='bbox 856 1894 1175 1971; x_wconf 80' lang='lat' dir='ltr'><strong><em>Hippolytus</em></strong></span> <span class='ocrx_word' id='word_1_134' title='bbox 1199 1900 1252 1956; x_wconf 92' lang='lat' dir='ltr'><strong><em>in</em></strong></span> <span class='ocrx_word' id='word_1_135' title='bbox 1278 1902 1526 1956; x_wconf 81' lang='lat' dir='ltr'><strong><em>eamdem</em></strong></span> <span class='ocrx_word' id='word_1_136' title='bbox 1553 1904 1958 1960; x_wconf 81' lang='lat' dir='ltr'><strong><em>concessissent</em></strong></span> 
     </span>
    </p>
   </div>
   <div class='ocr_carea' id='block_1_21' title="bbox 382 1989 1954 2070">
    <p class='ocr_par' dir='ltr' id='par_1_21' title="bbox 382 1989 1954 2070">
     <span class='ocr_line' id='line_1_21' title="bbox 382 1989 1954 2070; baseline 0.007 -28"><span class='ocrx_word' id='word_1_137' title='bbox 382 1989 735 2045; x_wconf 86' lang='lat' dir='ltr'><strong><em>sententiam.</em></strong></span> <span class='ocrx_word' id='word_1_138' title='bbox 760 1990 858 2047; x_wconf 87' lang='lat' dir='ltr'><strong><em>llle</em></strong></span> <span class='ocrx_word' id='word_1_139' title='bbox 900 1992 1048 2048; x_wconf 89' lang='lat' dir='ltr'><strong><em>enim</em></strong></span> <span class='ocrx_word' id='word_1_140' title='bbox 1082 1992 1307 2048; x_wconf 89' lang='lat' dir='ltr'><strong><em>homilia</em></strong></span> <span class='ocrx_word' id='word_1_141' title='bbox 1328 2010 1383 2049; x_wconf 78' lang='lat' dir='ltr'><strong><em>Vl</em></strong></span> <span class='ocrx_word' id='word_1_142' title='bbox 1412 1993 1466 2048; x_wconf 90' lang='lat' dir='ltr'><strong><em>in</em></strong></span> <span class='ocrx_word' id='word_1_143' title='bbox 1491 1993 1789 2051; x_wconf 81' lang='lat' dir='ltr'><strong><em>Leviticum</em></strong></span> <span class='ocrx_word' id='word_1_144' title='bbox 1816 1999 1954 2070; x_wconf 73' lang='grc'><strong>(55),</strong></span> 
     </span>
    </p>
   </div>
   <div class='ocr_carea' id='block_1_22' title="bbox 381 2075 1957 2153">
    <p class='ocr_par' dir='ltr' id='par_1_22' title="bbox 381 2075 1957 2153">
     <span class='ocr_line' id='line_1_22' title="bbox 381 2075 1957 2153; baseline 0.01 -24"><span class='ocrx_word' id='word_1_145' title='bbox 381 2089 507 2129; x_wconf 92' lang='lat' dir='ltr'><strong><em>cum</em></strong></span> <span class='ocrx_word' id='word_1_146' title='bbox 536 2075 604 2130; x_wconf 91' lang='lat' dir='ltr'><strong><em>de</em></strong></span> <span class='ocrx_word' id='word_1_147' title='bbox 637 2077 972 2136; x_wconf 89' lang='lat' dir='ltr'><strong><em>indumentis</em></strong></span> <span class='ocrx_word' id='word_1_148' title='bbox 1010 2079 1271 2138; x_wconf 87' lang='lat' dir='ltr'><strong><em>Leviticis</em></strong></span> <span class='ocrx_word' id='word_1_149' title='bbox 1314 2084 1588 2153; x_wconf 79' lang='lat' dir='ltr'><strong><em>pontiﬁcis</em></strong></span> <span class='ocrx_word' id='word_1_150' title='bbox 1622 2095 1675 2141; x_wconf 92' lang='lat' dir='ltr'><strong><em>et</em></strong></span> <span class='ocrx_word' id='word_1_151' title='bbox 1705 2089 1957 2144; x_wconf 86' lang='lat' dir='ltr'><strong><em>sacerdo-</em></strong></span> 
     </span>
    </p>
   </div>
   <div class='ocr_carea' id='block_1_23' title="bbox 380 2168 1957 2242">
    <p class='ocr_par' dir='ltr' id='par_1_23' title="bbox 380 2168 1957 2242">
     <span class='ocr_line' id='line_1_23' title="bbox 380 2168 1957 2242; baseline 0.009 -22"><span class='ocrx_word' id='word_1_152' title='bbox 380 2174 496 2222; x_wconf 86' lang='lat' dir='ltr'><strong><em>tum</em></strong></span> <span class='ocrx_word' id='word_1_153' title='bbox 532 2168 662 2237; x_wconf 83' lang='lat' dir='ltr'><strong><em>agit,</em></strong></span> <span class='ocrx_word' id='word_1_154' title='bbox 681 2168 822 2224; x_wconf 90' lang='lat' dir='ltr'><strong><em>hanc</em></strong></span> <span class='ocrx_word' id='word_1_155' title='bbox 844 2172 1310 2242; x_wconf 90' lang='lat' dir='ltr'><strong><em>comparationem</em></strong></span> <span class='ocrx_word' id='word_1_156' title='bbox 1331 2175 1603 2231; x_wconf 81' lang='lat' dir='ltr'><strong><em>instituit:</em></strong></span> <span class='ocrx_word' id='word_1_157' title='bbox 1644 2175 1806 2233; x_wconf 82' lang='lat' dir='ltr'><strong><em>Velim</em></strong></span> <span class='ocrx_word' id='word_1_158' title='bbox 1831 2195 1957 2235; x_wconf 87' lang='lat' dir='ltr'><strong><em>con-</em></strong></span> 
     </span>
    </p>
   </div>
   <div class='ocr_carea' id='block_1_24' title="bbox 379 2260 1956 2340">
    <p class='ocr_par' dir='ltr' id='par_1_24' title="bbox 379 2260 1956 2340">
     <span class='ocr_line' id='line_1_24' title="bbox 379 2260 1956 2340; baseline 0.009 -28"><span class='ocrx_word' id='word_1_159' title='bbox 379 2260 518 2329; x_wconf 86' lang='lat' dir='ltr'><strong><em>ferre</em></strong></span> <span class='ocrx_word' id='word_1_160' title='bbox 543 2260 642 2314; x_wconf 92' lang='lat' dir='ltr'><strong><em>illa</em></strong></span> <span class='ocrx_word' id='word_1_161' title='bbox 669 2261 909 2331; x_wconf 81' lang='lat' dir='ltr'><strong><em>infelicia</em></strong></span> <span class='ocrx_word' id='word_1_162' title='bbox 933 2264 1279 2332; x_wconf 88' lang='lat' dir='ltr'><strong><em>indumenta,</em></strong></span> <span class='ocrx_word' id='word_1_163' title='bbox 1313 2268 1504 2336; x_wconf 93' lang='lat' dir='ltr'><strong><em>quibus</em></strong></span> <span class='ocrx_word' id='word_1_164' title='bbox 1548 2271 1751 2340; x_wconf 86' lang='lat' dir='ltr'><strong><em>primus</em></strong></span> <span class='ocrx_word' id='word_1_165' title='bbox 1802 2271 1956 2326; x_wconf 88' lang='lat' dir='ltr'><strong><em>homo</em></strong></span> 
     </span>
    </p>
   </div>
   <div class='ocr_carea' id='block_1_25' title="bbox 379 2355 1955 2434">
    <p class='ocr_par' dir='ltr' id='par_1_25' title="bbox 379 2355 1955 2434">
     <span class='ocr_line' id='line_1_25' title="bbox 379 2355 1955 2434; baseline 0.009 -29"><span class='ocrx_word' id='word_1_166' title='bbox 379 2369 500 2415; x_wconf 81' lang='lat' dir='ltr'><strong><em>cum</em></strong></span> <span class='ocrx_word' id='word_1_167' title='bbox 526 2365 812 2423; x_wconf 74' lang='lat' dir='ltr'><strong><em>peccasset,</em></strong></span> <span class='ocrx_word' id='word_1_168' title='bbox 841 2355 1061 2411; x_wconf 85' lang='lat' dir='ltr'><strong><em>indutus</em></strong></span> <span class='ocrx_word' id='word_1_169' title='bbox 1093 2368 1195 2422; x_wconf 87' lang='lat' dir='ltr'><strong><em>est,</em></strong></span> <span class='ocrx_word' id='word_1_170' title='bbox 1232 2376 1354 2413; x_wconf 88' lang='lat' dir='ltr'><strong><em>cum</em></strong></span> <span class='ocrx_word' id='word_1_171' title='bbox 1389 2360 1471 2416; x_wconf 92' lang='lat' dir='ltr'><strong><em>his</em></strong></span> <span class='ocrx_word' id='word_1_172' title='bbox 1500 2364 1699 2418; x_wconf 84' lang='lat' dir='ltr'><strong><em>sanctis</em></strong></span> <span class='ocrx_word' id='word_1_173' title='bbox 1742 2375 1790 2419; x_wconf 90' lang='lat' dir='ltr'><strong><em>et</em></strong></span> <span class='ocrx_word' id='word_1_174' title='bbox 1821 2365 1955 2434; x_wconf 84' lang='lat' dir='ltr'><strong><em>fide-</em></strong></span> 
     </span>
    </p>
   </div>
   <div class='ocr_carea' id='block_1_26' title="bbox 378 2443 1955 2526">
    <p class='ocr_par' dir='ltr' id='par_1_26' title="bbox 378 2443 1955 2526">
     <span class='ocr_line' id='line_1_26' title="bbox 378 2443 1955 2526; baseline 0.01 -29"><span class='ocrx_word' id='word_1_175' title='bbox 378 2443 518 2511; x_wconf 80' lang='lat' dir='ltr'><strong><em>libus</em></strong></span> <span class='ocrx_word' id='word_1_176' title='bbox 543 2445 886 2502; x_wconf 81' lang='lat' dir='ltr'><strong><em>indumentis.</em></strong></span> <span class='ocrx_word' id='word_1_177' title='bbox 920 2446 990 2501; x_wconf 84' lang='lat' dir='ltr'><strong><em>Et</em></strong></span> <span class='ocrx_word' id='word_1_178' title='bbox 1011 2449 1223 2518; x_wconf 85' lang='lat' dir='ltr'><strong><em>quidem</em></strong></span> <span class='ocrx_word' id='word_1_179' title='bbox 1245 2452 1343 2506; x_wconf 89' lang='lat' dir='ltr'><strong><em>illa</em></strong></span> <span class='ocrx_word' id='word_1_180' title='bbox 1363 2453 1564 2507; x_wconf 89' lang='lat' dir='ltr'><strong><em>dicitur</em></strong></span> <span class='ocrx_word' id='word_1_181' title='bbox 1590 2453 1732 2509; x_wconf 85' lang='lat' dir='ltr'><strong><em>Deus</em></strong></span> <span class='ocrx_word' id='word_1_182' title='bbox 1750 2456 1955 2526; x_wconf 80' lang='lat' dir='ltr'><strong><em>fecisse:</em></strong></span> 
     </span>
    </p>
   </div>
   <div class='ocr_carea' id='block_1_27' title="bbox 385 2536 1958 2616">
    <p class='ocr_par' dir='ltr' id='par_1_27' title="bbox 385 2536 1958 2616">
     <span class='ocr_line' id='line_1_27' title="bbox 385 2536 1958 2616; baseline 0.007 -23"><span class='ocrx_word' id='word_1_183' title='bbox 385 2555 406 2593; x_wconf 74' lang='lat' dir='ltr'><strong><em>s</em></strong></span> <span class='ocrx_word' id='word_1_184' title='bbox 434 2536 581 2593; x_wconf 79' lang='lat' dir='ltr'><strong><em>Fecit</em></strong></span> <span class='ocrx_word' id='word_1_185' title='bbox 609 2541 769 2605; x_wconf 88' lang='lat' dir='ltr'><strong><em>enim,</em></strong></span> <span class='ocrx_word' id='word_1_186' title='bbox 796 2542 990 2611; x_wconf 82' lang='lat' dir='ltr'><strong><em>inquit,</em></strong></span> <span class='ocrx_word' id='word_1_187' title='bbox 1020 2544 1158 2597; x_wconf 83' lang='lat' dir='ltr'><strong><em>Deus</em></strong></span> <span class='ocrx_word' id='word_1_188' title='bbox 1184 2546 1393 2599; x_wconf 85' lang='lat' dir='ltr'><strong><em>tunicas</em></strong></span> <span class='ocrx_word' id='word_1_189' title='bbox 1415 2546 1682 2616; x_wconf 87' lang='lat' dir='ltr'><strong><em>pelliceas,</em></strong></span> <span class='ocrx_word' id='word_1_190' title='bbox 1707 2559 1758 2602; x_wconf 88' lang='lat' dir='ltr'><strong><em>et</em></strong></span> <span class='ocrx_word' id='word_1_191' title='bbox 1781 2550 1958 2605; x_wconf 88' lang='lat' dir='ltr'><strong><em>induit</em></strong></span> 
     </span>
    </p>
   </div>
   <div class='ocr_carea' id='block_1_28' title="bbox 378 2630 1955 2713">
    <p class='ocr_par' dir='ltr' id='par_1_28' title="bbox 378 2630 1955 2713">
     <span class='ocr_line' id='line_1_28' title="bbox 378 2630 1955 2713; baseline 0.01 -31"><span class='ocrx_word' id='word_1_192' title='bbox 378 2630 554 2684; x_wconf 81' lang='lat' dir='ltr'><strong><em>Adam</em></strong></span> <span class='ocrx_word' id='word_1_193' title='bbox 590 2641 640 2686; x_wconf 90' lang='lat' dir='ltr'><strong><em>et</em></strong></span> <span class='ocrx_word' id='word_1_194' title='bbox 666 2634 940 2688; x_wconf 85' lang='lat' dir='ltr'><strong><em>mulierem</em></strong></span> <span class='ocrx_word' id='word_1_195' title='bbox 966 2636 1102 2705; x_wconf 87' lang='lat' dir='ltr'><strong><em>ejus.</em></strong></span> <span class='ocrx_word' id='word_1_196' title='bbox 1137 2655 1156 2688; x_wconf 77' lang='grc' dir='ltr'><strong><em>ι</em></strong></span> <span class='ocrx_word' id='word_1_197' title='bbox 1187 2636 1310 2693; x_wconf 68' lang='lat' dir='ltr'><strong><em>Illa!</em></strong></span> <span class='ocrx_word' id='word_1_198' title='bbox 1331 2655 1453 2708; x_wconf 89' lang='lat' dir='ltr'><strong><em>ergo</em></strong></span> <span class='ocrx_word' id='word_1_199' title='bbox 1482 2642 1676 2697; x_wconf 78' lang='lat' dir='ltr'><strong><em>tunica:</em></strong></span> <span class='ocrx_word' id='word_1_200' title='bbox 1702 2643 1765 2696; x_wconf 90' lang='lat' dir='ltr'><strong><em>de</em></strong></span> <span class='ocrx_word' id='word_1_201' title='bbox 1798 2643 1955 2713; x_wconf 90' lang='lat' dir='ltr'><strong><em>pelli-</em></strong></span> 
     </span>
    </p>
   </div>
   <div class='ocr_carea' id='block_1_29' title="bbox 378 2719 1961 2805">
    <p class='ocr_par' dir='ltr' id='par_1_29' title="bbox 378 2719 1961 2805">
     <span class='ocr_line' id='line_1_29' title="bbox 378 2719 1961 2805; baseline 0.009 -30"><span class='ocrx_word' id='word_1_202' title='bbox 378 2719 475 2781; x_wconf 84' lang='lat' dir='ltr'><strong><em>bus</em></strong></span> <span class='ocrx_word' id='word_1_203' title='bbox 494 2732 646 2777; x_wconf 86' lang='lat' dir='ltr'><strong><em>erant</em></strong></span> <span class='ocrx_word' id='word_1_204' title='bbox 674 2740 739 2779; x_wconf 82' lang='lat' dir='ltr'><strong><em>ea:</em></strong></span> <span class='ocrx_word' id='word_1_205' title='bbox 767 2726 1093 2782; x_wconf 83' lang='lat' dir='ltr'><strong><em>animalibus</em></strong></span> <span class='ocrx_word' id='word_1_206' title='bbox 1114 2740 1359 2800; x_wconf 65' lang='lat' dir='ltr'><strong><em>sumptis.</em></strong></span> <span class='ocrx_word' id='word_1_207' title='bbox 1390 2730 1608 2787; x_wconf 87' lang='lat' dir='ltr'><strong><em>Talibus</em></strong></span> <span class='ocrx_word' id='word_1_208' title='bbox 1640 2736 1778 2788; x_wconf 87' lang='lat' dir='ltr'><strong><em>enim</em></strong></span> <span class='ocrx_word' id='word_1_209' title='bbox 1802 2751 1961 2805; x_wconf 57' lang='lat' dir='ltr'><strong><em>opora</em></strong></span> 
     </span>
    </p>
   </div>
   <div class='ocr_carea' id='block_1_30' title="bbox 378 2814 1953 2897">
    <p class='ocr_par' dir='ltr' id='par_1_30' title="bbox 378 2814 1953 2897">
     <span class='ocr_line' id='line_1_30' title="bbox 378 2814 1953 2897; baseline 0.011 -31"><span class='ocrx_word' id='word_1_210' title='bbox 378 2814 520 2868; x_wconf 89' lang='lat' dir='ltr'><strong><em>tebat</em></strong></span> <span class='ocrx_word' id='word_1_211' title='bbox 568 2816 721 2871; x_wconf 85' lang='lat' dir='ltr'><strong><em>indui</em></strong></span> <span class='ocrx_word' id='word_1_212' title='bbox 753 2829 1120 2889; x_wconf 86' lang='lat' dir='ltr'><strong><em>peccatorem,</em></strong></span> <span class='ocrx_word' id='word_1_213' title='bbox 1165 2823 1415 2892; x_wconf 85' lang='lat' dir='ltr'><strong><em>pelliceis,</em></strong></span> <span class='ocrx_word' id='word_1_214' title='bbox 1446 2827 1681 2897; x_wconf 88' lang='lat' dir='ltr'><strong><em>inquant,</em></strong></span> <span class='ocrx_word' id='word_1_215' title='bbox 1738 2830 1953 2895; x_wconf 86' lang='lat' dir='ltr'><strong><em>tunicis,</em></strong></span> 
     </span>
    </p>
   </div>
   <div class='ocr_carea' id='block_1_31' title="bbox 375 2912 1956 2989">
    <p class='ocr_par' dir='ltr' id='par_1_31' title="bbox 375 2912 1956 2989">
     <span class='ocr_line' id='line_1_31' title="bbox 375 2912 1956 2989; baseline 0.01 -30"><span class='ocrx_word' id='word_1_216' title='bbox 375 2922 494 2975; x_wconf 76' lang='lat' dir='ltr'><strong><em>qua:</em></strong></span> <span class='ocrx_word' id='word_1_217' title='bbox 523 2919 692 2962; x_wconf 87' lang='lat' dir='ltr'><strong><em>essent</em></strong></span> <span class='ocrx_word' id='word_1_218' title='bbox 728 2912 1099 2977; x_wconf 87' lang='lat' dir='ltr'><strong><em>mortalitatis,</em></strong></span> <span class='ocrx_word' id='word_1_219' title='bbox 1129 2930 1286 2985; x_wconf 90' lang='lat' dir='ltr'><strong><em>quam</em></strong></span> <span class='ocrx_word' id='word_1_220' title='bbox 1303 2932 1397 2986; x_wconf 92' lang='lat' dir='ltr'><strong><em>pro</em></strong></span> <span class='ocrx_word' id='word_1_221' title='bbox 1428 2930 1640 2981; x_wconf 83' lang='lat' dir='ltr'><strong><em>peccato</em></strong></span> <span class='ocrx_word' id='word_1_222' title='bbox 1660 2930 1956 2989; x_wconf 83' lang='lat' dir='ltr'><strong><em>acceperat,</em></strong></span> 
     </span>
    </p>
   </div>
   <div class='ocr_carea' id='block_1_32' title="bbox 377 3000 1954 3076">
    <p class='ocr_par' dir='ltr' id='par_1_32' title="bbox 377 3000 1954 3076">
     <span class='ocr_line' id='line_1_32' title="bbox 377 3000 1954 3076; baseline 0.01 -22"><span class='ocrx_word' id='word_1_223' title='bbox 377 3008 429 3054; x_wconf 93' lang='lat' dir='ltr'><strong><em>et</em></strong></span> <span class='ocrx_word' id='word_1_224' title='bbox 454 3000 770 3071; x_wconf 83' lang='lat' dir='ltr'><strong><em>fragilitatis</em></strong></span> <span class='ocrx_word' id='word_1_225' title='bbox 786 3002 900 3073; x_wconf 89' lang='lat' dir='ltr'><strong><em>ejus</em></strong></span> <span class='ocrx_word' id='word_1_226' title='bbox 921 3020 1039 3075; x_wconf 68' lang='lat' dir='ltr'><strong><em>quis</em></strong></span> <span class='ocrx_word' id='word_1_227' title='bbox 1056 3021 1121 3060; x_wconf 82' lang='lat' dir='ltr'><strong><em>ea:</em></strong></span> <span class='ocrx_word' id='word_1_228' title='bbox 1136 3009 1314 3063; x_wconf 87' lang='lat' dir='ltr'><strong><em>carnis</em></strong></span> <span class='ocrx_word' id='word_1_229' title='bbox 1332 3011 1671 3076; x_wconf 84' lang='lat' dir='ltr'><strong><em>corruptione</em></strong></span> <span class='ocrx_word' id='word_1_230' title='bbox 1698 3012 1954 3071; x_wconf 83' lang='lat' dir='ltr'><strong><em>veniebat.</em></strong></span> 
     </span>
    </p>
   </div>
   <div class='ocr_carea' id='block_1_33' title="bbox 378 3094 1952 3172">
    <p class='ocr_par' dir='ltr' id='par_1_33' title="bbox 378 3094 1952 3172">
     <span class='ocr_line' id='line_1_33' title="bbox 378 3094 1952 3172; baseline 0.009 -26"><span class='ocrx_word' id='word_1_231' title='bbox 378 3094 638 3148; x_wconf 86' lang='lat' dir='ltr'><strong><em>indicium</em></strong></span> <span class='ocrx_word' id='word_1_232' title='bbox 671 3095 805 3168; x_wconf 74' lang='grc'><strong>(54).</strong></span> <span class='ocrx_word' id='word_1_233' title='bbox 830 3096 1089 3165; x_wconf 86' lang='lat' dir='ltr'><strong><em>Quinimo</em></strong></span> <span class='ocrx_word' id='word_1_234' title='bbox 1124 3098 1465 3172; x_wconf 80' lang='lat' dir='ltr'><strong><em>Hippolytus,</em></strong></span> <span class='ocrx_word' id='word_1_235' title='bbox 1485 3101 1685 3159; x_wconf 89' lang='lat' dir='ltr'><strong><em>Portus</em></strong></span> <span class='ocrx_word' id='word_1_236' title='bbox 1720 3103 1952 3161; x_wconf 81' lang='lat' dir='ltr'><strong><em>Romani</em></strong></span> 
     </span>
    </p>
   </div>
   <div class='ocr_carea' id='block_1_34' title="bbox 2068 598 3643 673">
    <p class='ocr_par' dir='ltr' id='par_1_34' title="bbox 2068 598 3643 673">
     <span class='ocr_line' id='line_1_34' title="bbox 2068 598 3643 673; baseline -0.003 -16"><span class='ocrx_word' id='word_1_237' title='bbox 2068 602 2378 672; x_wconf 60' lang='lat' dir='ltr'><strong><em>mactatiad</em></strong></span> <span class='ocrx_word' id='word_1_238' title='bbox 2399 600 2791 673; x_wconf 86' lang='lat' dir='ltr'><strong><em>designandam</em></strong></span> <span class='ocrx_word' id='word_1_239' title='bbox 2810 600 3144 655; x_wconf 88' lang='lat' dir='ltr'><strong><em>oblationem</em></strong></span> <span class='ocrx_word' id='word_1_240' title='bbox 3171 600 3423 656; x_wconf 80' lang='lat' dir='ltr'><strong><em>sacriﬁcii</em></strong></span> <span class='ocrx_word' id='word_1_241' title='bbox 3452 598 3643 668; x_wconf 84' lang='lat' dir='ltr'><strong><em>expia-</em></strong></span> 
     </span>
    </p>
   </div>
   <div class='ocr_carea' id='block_1_35' title="bbox 2066 690 3639 762">
    <p class='ocr_par' dir='ltr' id='par_1_35' title="bbox 2066 690 3639 762">
     <span class='ocr_line' id='line_1_35' title="bbox 2066 690 3639 762; baseline -0.004 -11"><span class='ocrx_word' id='word_1_242' title='bbox 2066 696 2262 751; x_wconf 88' lang='lat' dir='ltr'><strong><em>toriam</em></strong></span> <span class='ocrx_word' id='word_1_243' title='bbox 2295 695 2620 751; x_wconf 81' lang='lat' dir='ltr'><strong><em>adumbrata</em></strong></span> <span class='ocrx_word' id='word_1_244' title='bbox 2648 702 2788 749; x_wconf 90' lang='lat' dir='ltr'><strong><em>erat.</em></strong></span> <span class='ocrx_word' id='word_1_245' title='bbox 2815 691 2974 748; x_wconf 85' lang='lat' dir='ltr'><strong><em>Conl‘.</em></strong></span> <span class='ocrx_word' id='word_1_246' title='bbox 3007 692 3179 762; x_wconf 86' lang='lat' dir='ltr'><strong><em>Apoc.</em></strong></span> <span class='ocrx_word' id='word_1_247' title='bbox 3209 710 3331 756; x_wconf 79' lang='lat' dir='ltr'><strong><em>xm,</em></strong></span> <span class='ocrx_word' id='word_1_248' title='bbox 3371 692 3435 758; x_wconf 89' lang='lat'><strong><em>8;</em></strong></span> <span class='ocrx_word' id='word_1_249' title='bbox 3470 690 3639 745; x_wconf 86' lang='lat' dir='ltr'><strong><em>Zach.</em></strong></span> 
     </span>
    </p>
   </div>
   <div class='ocr_carea' id='block_1_36' title="bbox 2065 780 3641 856">
    <p class='ocr_par' dir='ltr' id='par_1_36' title="bbox 2065 780 3641 856">
     <span class='ocr_line' id='line_1_36' title="bbox 2065 780 3641 856; baseline -0.006 -14"><span class='ocrx_word' id='word_1_250' title='bbox 2065 803 2150 852; x_wconf 86' lang='lat' dir='ltr'><strong><em>nt,</em></strong></span> <span class='ocrx_word' id='word_1_251' title='bbox 2176 788 2243 856; x_wconf 69' lang='grc' dir='ltr'><strong><em>ις</em></strong></span> <span class='ocrx_word' id='word_1_252' title='bbox 2271 787 2380 843; x_wconf 90' lang='lat' dir='ltr'><strong><em>Isa.</em></strong></span> <span class='ocrx_word' id='word_1_253' title='bbox 2417 803 2531 853; x_wconf 73' lang='lat' dir='ltr'><strong><em>ut,</em></strong></span> <span class='ocrx_word' id='word_1_254' title='bbox 2560 787 2614 850; x_wconf 82' lang='lat'><strong><em>&#39;5,</em></strong></span> <span class='ocrx_word' id='word_1_255' title='bbox 2652 784 2741 840; x_wconf 90' lang='grc'>10.</span> <span class='ocrx_word' id='word_1_256' title='bbox 2769 784 2942 851; x_wconf 85' lang='lat' dir='ltr'><strong><em>Quam</em></strong></span> <span class='ocrx_word' id='word_1_257' title='bbox 2975 782 3429 854; x_wconf 83' lang='lat' dir='ltr'><strong><em>signiﬁcationem</em></strong></span> <span class='ocrx_word' id='word_1_258' title='bbox 3475 780 3641 835; x_wconf 84' lang='lat' dir='ltr'><strong><em>etiam</em></strong></span> 
     </span>
    </p>
   </div>
   <div class='ocr_carea' id='block_1_37' title="bbox 2064 875 3642 937">
    <p class='ocr_par' dir='ltr' id='par_1_37' title="bbox 2064 875 3642 937">
     <span class='ocr_line' id='line_1_37' title="bbox 2064 875 3642 937; baseline -0.005 0"><span class='ocrx_word' id='word_1_259' title='bbox 2064 882 2119 937; x_wconf 91' lang='lat' dir='ltr'><strong><em>in</em></strong></span> <span class='ocrx_word' id='word_1_260' title='bbox 2148 881 2335 937; x_wconf 87' lang='lat' dir='ltr'><strong><em>animo</em></strong></span> <span class='ocrx_word' id='word_1_261' title='bbox 2362 881 2618 937; x_wconf 86' lang='lat' dir='ltr'><strong><em>habuisse</em></strong></span> <span class='ocrx_word' id='word_1_262' title='bbox 2644 879 2861 934; x_wconf 89' lang='lat' dir='ltr'><strong><em>videtur</em></strong></span> <span class='ocrx_word' id='word_1_263' title='bbox 2884 878 3124 932; x_wconf 72' lang='lat' dir='ltr'><strong><em>Irenaeus</em></strong></span> <span class='ocrx_word' id='word_1_264' title='bbox 3153 877 3250 931; x_wconf 89' lang='lat' dir='ltr'><strong><em>lib.</em></strong></span> <span class='ocrx_word' id='word_1_265' title='bbox 3283 891 3345 930; x_wconf 88' lang='grc' dir='ltr'><strong><em>ιιι</em></strong></span> <span class='ocrx_word' id='word_1_266' title='bbox 3378 875 3642 930; x_wconf 74' lang='lat' dir='ltr'><strong><em>Adversus</em></strong></span> 
     </span>
    </p>
   </div>
   <div class='ocr_carea' id='block_1_38' title="bbox 2063 968 3645 1043">
    <p class='ocr_par' dir='ltr' id='par_1_38' title="bbox 2063 968 3645 1043">
     <span class='ocr_line' id='line_1_38' title="bbox 2063 968 3645 1043; baseline -0.003 -18"><span class='ocrx_word' id='word_1_267' title='bbox 2063 973 2305 1042; x_wconf 71' lang='lat' dir='ltr'><strong><em>Irmreses,</em></strong></span> <span class='ocrx_word' id='word_1_268' title='bbox 2332 990 2453 1043; x_wconf 89' lang='lat' dir='ltr'><strong><em>cap.</em></strong></span> <span class='ocrx_word' id='word_1_269' title='bbox 2484 972 2552 1027; x_wconf 83' lang='grc'><strong><em>’57</em></strong></span> <span class='ocrx_word' id='word_1_270' title='bbox 2583 990 2596 1029; x_wconf 92' lang='lat'><strong>:</strong></span> <span class='ocrx_word' id='word_1_271' title='bbox 2635 970 2918 1037; x_wconf 85' lang='lat' dir='ltr'><strong><em>Quoniam,</em></strong></span> <span class='ocrx_word' id='word_1_272' title='bbox 2946 969 3143 1041; x_wconf 87' lang='lat' dir='ltr'><strong><em>inquit,</em></strong></span> <span class='ocrx_word' id='word_1_273' title='bbox 3183 986 3340 1039; x_wconf 87' lang='lat' dir='ltr'><strong><em>quam</em></strong></span> <span class='ocrx_word' id='word_1_274' title='bbox 3376 968 3562 1021; x_wconf 85' lang='lat' dir='ltr'><strong><em>habuit</em></strong></span> <span class='ocrx_word' id='word_1_275' title='bbox 3608 984 3645 1020; x_wconf 92' lang='lat' dir='ltr'><strong><em>a</em></strong></span> 
     </span>
    </p>
   </div>
   <div class='ocr_carea' id='block_1_39' title="bbox 2063 1061 3643 1136">
    <p class='ocr_par' dir='ltr' id='par_1_39' title="bbox 2063 1061 3643 1136">
     <span class='ocr_line' id='line_1_39' title="bbox 2063 1061 3643 1136; baseline -0.006 -15"><span class='ocrx_word' id='word_1_276' title='bbox 2063 1065 2290 1136; x_wconf 81' lang='lat' dir='ltr'><strong><em>Spiritu,</em></strong></span> <span class='ocrx_word' id='word_1_277' title='bbox 2317 1065 2623 1120; x_wconf 85' lang='lat' dir='ltr'><strong><em>sanctitatis</em></strong></span> <span class='ocrx_word' id='word_1_278' title='bbox 2665 1062 2860 1117; x_wconf 88' lang='lat' dir='ltr'><strong><em>stolam</em></strong></span> <span class='ocrx_word' id='word_1_279' title='bbox 2900 1062 3081 1116; x_wconf 87' lang='lat' dir='ltr'><strong><em>amisit</em></strong></span> <span class='ocrx_word' id='word_1_280' title='bbox 3110 1078 3203 1131; x_wconf 88' lang='lat' dir='ltr'><strong><em>per</em></strong></span> <span class='ocrx_word' id='word_1_281' title='bbox 3231 1061 3643 1114; x_wconf 77' lang='lat' dir='ltr'><strong><em>inobedientians</em></strong></span> 
     </span>
    </p>
   </div>
   <div class='ocr_carea' id='block_1_40' title="bbox 2064 1152 3642 1225">
    <p class='ocr_par' dir='ltr' id='par_1_40' title="bbox 2064 1152 3642 1225">
     <span class='ocr_line' id='line_1_40' title="bbox 2064 1152 3642 1225; baseline -0.005 -11"><span class='ocrx_word' id='word_1_282' title='bbox 2064 1203 2073 1214; x_wconf 83' lang='lat'><strong><em>.</em></strong></span> <span class='ocrx_word' id='word_1_283' title='bbox 2113 1195 2128 1210; x_wconf 94' lang='lat'><strong><em>.</em></strong></span> <span class='ocrx_word' id='word_1_284' title='bbox 2160 1196 2176 1212; x_wconf 93' lang='lat'><strong><em>.</em></strong></span> <span class='ocrx_word' id='word_1_285' title='bbox 2208 1198 2222 1213; x_wconf 94' lang='lat'><strong><em>.</em></strong></span> <span class='ocrx_word' id='word_1_286' title='bbox 2260 1156 2536 1222; x_wconf 88' lang='lat' dir='ltr'><strong><em>Dominus,</em></strong></span> <span class='ocrx_word' id='word_1_287' title='bbox 2562 1154 2654 1225; x_wconf 90' lang='lat' dir='ltr'><strong><em>qui</em></strong></span> <span class='ocrx_word' id='word_1_288' title='bbox 2681 1163 2757 1207; x_wconf 90' lang='lat' dir='ltr'><strong><em>est</em></strong></span> <span class='ocrx_word' id='word_1_289' title='bbox 2786 1153 3110 1218; x_wconf 79' lang='lat' dir='ltr'><strong><em>misericors,</em></strong></span> <span class='ocrx_word' id='word_1_290' title='bbox 3146 1154 3355 1206; x_wconf 84' lang='lat' dir='ltr'><strong><em>tunicas</em></strong></span> <span class='ocrx_word' id='word_1_291' title='bbox 3393 1152 3642 1222; x_wconf 88' lang='lat' dir='ltr'><strong><em>pelliceas</em></strong></span> 
     </span>
    </p>
   </div>
   <div class='ocr_carea' id='block_1_41' title="bbox 2061 1246 2828 1320">
    <p class='ocr_par' dir='ltr' id='par_1_41' title="bbox 2061 1246 2828 1320">
     <span class='ocr_line' id='line_1_41' title="bbox 2061 1246 2828 1320; baseline -0.008 -16"><span class='ocrx_word' id='word_1_292' title='bbox 2061 1265 2158 1320; x_wconf 86' lang='lat' dir='ltr'><strong><em>pro</em></strong></span> <span class='ocrx_word' id='word_1_293' title='bbox 2185 1249 2331 1319; x_wconf 88' lang='lat' dir='ltr'><strong><em>foliis</em></strong></span> <span class='ocrx_word' id='word_1_294' title='bbox 2362 1248 2603 1318; x_wconf 82' lang='lat' dir='ltr'><strong><em>ﬁculneis</em></strong></span> <span class='ocrx_word' id='word_1_295' title='bbox 2633 1246 2828 1301; x_wconf 87' lang='lat' dir='ltr'><strong><em>induit.</em></strong></span> 
     </span>
    </p>
   </div>
   <div class='ocr_carea' id='block_1_42' title="bbox 2130 1336 3641 1415">
    <p class='ocr_par' dir='ltr' id='par_1_42' title="bbox 2130 1336 3641 1415">
     <span class='ocr_line' id='line_1_42' title="bbox 2130 1336 3641 1415; baseline -0.003 -19"><span class='ocrx_word' id='word_1_296' title='bbox 2130 1341 2209 1399; x_wconf 88' lang='lat' dir='ltr'><strong><em>Ne</em></strong></span> <span class='ocrx_word' id='word_1_297' title='bbox 2249 1344 2377 1415; x_wconf 88' lang='lat' dir='ltr'><strong><em>quid</em></strong></span> <span class='ocrx_word' id='word_1_298' title='bbox 2418 1352 2599 1398; x_wconf 89' lang='lat' dir='ltr'><strong><em>tamen</em></strong></span> <span class='ocrx_word' id='word_1_299' title='bbox 2641 1338 3071 1402; x_wconf 89' lang='lat' dir='ltr'><strong><em>dissimulemus.</em></strong></span> <span class='ocrx_word' id='word_1_300' title='bbox 3114 1338 3347 1393; x_wconf 87' lang='lat' dir='ltr'><strong><em>similem</em></strong></span> <span class='ocrx_word' id='word_1_301' title='bbox 3396 1337 3508 1393; x_wconf 79' lang='lat' dir='ltr'><strong><em>fere</em></strong></span> <span class='ocrx_word' id='word_1_302' title='bbox 3532 1336 3641 1392; x_wconf 86' lang='lat' dir='ltr'><strong><em>ﬂu-</em></strong></span> 
     </span>
    </p>
   </div>
   <div class='ocr_carea' id='block_1_43' title="bbox 2061 1431 3641 1504">
    <p class='ocr_par' dir='ltr' id='par_1_43' title="bbox 2061 1431 3641 1504">
     <span class='ocr_line' id='line_1_43' title="bbox 2061 1431 3641 1504; baseline -0.003 -13"><span class='ocrx_word' id='word_1_303' title='bbox 2061 1436 2417 1499; x_wconf 88' lang='lat' dir='ltr'><strong><em>ctuationem,</em></strong></span> <span class='ocrx_word' id='word_1_304' title='bbox 2472 1448 2637 1504; x_wconf 87' lang='lat' dir='ltr'><strong><em>quam</em></strong></span> <span class='ocrx_word' id='word_1_305' title='bbox 2693 1433 2748 1488; x_wconf 90' lang='lat' dir='ltr'><strong><em>in</em></strong></span> <span class='ocrx_word' id='word_1_306' title='bbox 2797 1433 2900 1488; x_wconf 90' lang='lat' dir='ltr'><strong><em>hac</em></strong></span> <span class='ocrx_word' id='word_1_307' title='bbox 2936 1433 3239 1503; x_wconf 62' lang='lat' dir='ltr'><strong><em>quaestione</em></strong></span> <span class='ocrx_word' id='word_1_308' title='bbox 3273 1431 3492 1501; x_wconf 85' lang='lat' dir='ltr'><strong><em>Origeni</em></strong></span> <span class='ocrx_word' id='word_1_309' title='bbox 3541 1448 3641 1486; x_wconf 85' lang='lat' dir='ltr'><strong><em>ex-</em></strong></span> 
     </span>
    </p>
   </div>
   <div class='ocr_carea' id='block_1_44' title="bbox 2059 1521 3645 1596">
    <p class='ocr_par' dir='ltr' id='par_1_44' title="bbox 2059 1521 3645 1596">
     <span class='ocr_line' id='line_1_44' title="bbox 2059 1521 3645 1596; baseline -0.004 -15"><span class='ocrx_word' id='word_1_310' title='bbox 2059 1527 2284 1596; x_wconf 89' lang='lat' dir='ltr'><strong><em>probrat</em></strong></span> <span class='ocrx_word' id='word_1_311' title='bbox 2332 1524 2562 1580; x_wconf 85' lang='lat' dir='ltr'><strong><em>Huetius</em></strong></span> <span class='ocrx_word' id='word_1_312' title='bbox 2612 1523 2719 1580; x_wconf 90' lang='lat' dir='ltr'><strong><em>loc.</em></strong></span> <span class='ocrx_word' id='word_1_313' title='bbox 2772 1522 2868 1578; x_wconf 81' lang='lat' dir='ltr'><strong><em>cit.</em></strong></span> <span class='ocrx_word' id='word_1_314' title='bbox 2909 1521 3119 1593; x_wconf 73' lang='lat' dir='ltr'><strong><em>p.168,</em></strong></span> <span class='ocrx_word' id='word_1_315' title='bbox 3170 1521 3409 1577; x_wconf 85' lang='lat' dir='ltr'><strong><em>Macario</em></strong></span> <span class='ocrx_word' id='word_1_316' title='bbox 3450 1531 3645 1576; x_wconf 89' lang='lat' dir='ltr'><strong><em>nostro</em></strong></span> 
     </span>
    </p>
   </div>
   <div class='ocr_carea' id='block_1_45' title="bbox 2060 1612 3644 1687">
    <p class='ocr_par' dir='ltr' id='par_1_45' title="bbox 2060 1612 3644 1687">
     <span class='ocr_line' id='line_1_45' title="bbox 2060 1612 3644 1687; baseline -0.004 -14"><span class='ocrx_word' id='word_1_317' title='bbox 2060 1617 2251 1673; x_wconf 88' lang='lat' dir='ltr'><strong><em>eodem</em></strong></span> <span class='ocrx_word' id='word_1_318' title='bbox 2283 1616 2406 1687; x_wconf 79' lang='lat' dir='ltr'><strong><em>jure</em></strong></span> <span class='ocrx_word' id='word_1_319' title='bbox 2437 1615 2677 1670; x_wconf 88' lang='lat' dir='ltr'><strong><em>tribuere</em></strong></span> <span class='ocrx_word' id='word_1_320' title='bbox 2720 1629 3013 1684; x_wconf 89' lang='lat' dir='ltr'><strong><em>possumus</em></strong></span> <span class='ocrx_word' id='word_1_321' title='bbox 3042 1630 3055 1667; x_wconf 91' lang='lat'><strong>:</strong></span> <span class='ocrx_word' id='word_1_322' title='bbox 3082 1613 3350 1682; x_wconf 88' lang='lat' dir='ltr'><strong><em>siquidem</em></strong></span> <span class='ocrx_word' id='word_1_323' title='bbox 3387 1612 3441 1667; x_wconf 92' lang='lat' dir='ltr'><strong><em>in</em></strong></span> <span class='ocrx_word' id='word_1_324' title='bbox 3476 1627 3644 1681; x_wconf 89' lang='lat' dir='ltr'><strong><em>pecu-</em></strong></span> 
     </span>
    </p>
   </div>
   <div class='ocr_carea' id='block_1_46' title="bbox 2060 1705 3642 1779">
    <p class='ocr_par' dir='ltr' id='par_1_46' title="bbox 2060 1705 3642 1779">
     <span class='ocr_line' id='line_1_46' title="bbox 2060 1705 3642 1779; baseline -0.003 -16"><span class='ocrx_word' id='word_1_325' title='bbox 2060 1709 2206 1775; x_wconf 89' lang='lat' dir='ltr'><strong><em>liari,</em></strong></span> <span class='ocrx_word' id='word_1_326' title='bbox 2222 1724 2383 1779; x_wconf 87' lang='lat' dir='ltr'><strong><em>quem</em></strong></span> <span class='ocrx_word' id='word_1_327' title='bbox 2399 1708 2466 1763; x_wconf 92' lang='lat' dir='ltr'><strong><em>de</em></strong></span> <span class='ocrx_word' id='word_1_328' title='bbox 2486 1707 2589 1763; x_wconf 87' lang='lat' dir='ltr'><strong><em>hoc</em></strong></span> <span class='ocrx_word' id='word_1_329' title='bbox 2613 1713 2939 1777; x_wconf 87' lang='lat' dir='ltr'><strong><em>argumento</em></strong></span> <span class='ocrx_word' id='word_1_330' title='bbox 2977 1705 3238 1771; x_wconf 89' lang='lat' dir='ltr'><strong><em>instituit,</em></strong></span> <span class='ocrx_word' id='word_1_331' title='bbox 3253 1721 3506 1761; x_wconf 87' lang='lat' dir='ltr'><strong><em>sermone</em></strong></span> <span class='ocrx_word' id='word_1_332' title='bbox 3527 1721 3642 1760; x_wconf 82' lang='lat' dir='ltr'><strong><em>xvu</em></strong></span> 
     </span>
    </p>
   </div>
   <div class='ocr_carea' id='block_1_47' title="bbox 2062 1799 3640 1868">
    <p class='ocr_par' dir='ltr' id='par_1_47' title="bbox 2062 1799 3640 1868">
     <span class='ocr_line' id='line_1_47' title="bbox 2062 1799 3640 1868; baseline -0.002 -11"><span class='ocrx_word' id='word_1_333' title='bbox 2062 1802 2116 1857; x_wconf 87' lang='lat' dir='ltr'><strong><em>in</em></strong></span> <span class='ocrx_word' id='word_1_334' title='bbox 2141 1801 2377 1857; x_wconf 86' lang='lat' dir='ltr'><strong><em>Genesin</em></strong></span> <span class='ocrx_word' id='word_1_335' title='bbox 2406 1799 2695 1857; x_wconf 84' lang='lat' dir='ltr'><strong><em>litteralctu</em></strong></span> <span class='ocrx_word' id='word_1_336' title='bbox 2718 1799 3160 1868; x_wconf 76' lang='lat' dir='ltr'><strong><em>explicationem,</em></strong></span> <span class='ocrx_word' id='word_1_337' title='bbox 3185 1800 3340 1868; x_wconf 86' lang='lat' dir='ltr'><strong><em>quasi</em></strong></span> <span class='ocrx_word' id='word_1_338' title='bbox 3358 1800 3640 1854; x_wconf 87' lang='lat' dir='ltr'><strong><em>brutarum</em></strong></span> 
     </span>
    </p>
   </div>
   <div class='ocr_carea' id='block_1_48' title="bbox 2061 1890 3638 1964">
    <p class='ocr_par' dir='ltr' id='par_1_48' title="bbox 2061 1890 3638 1964">
     <span class='ocr_line' id='line_1_48' title="bbox 2061 1890 3638 1964; baseline 0 -17"><span class='ocrx_word' id='word_1_339' title='bbox 2061 1894 2424 1949; x_wconf 88' lang='lat' dir='ltr'><strong><em>animantium</em></strong></span> <span class='ocrx_word' id='word_1_340' title='bbox 2470 1893 2782 1964; x_wconf 87' lang='lat' dir='ltr'><strong><em>tergoribus</em></strong></span> <span class='ocrx_word' id='word_1_341' title='bbox 2819 1891 2993 1947; x_wconf 90' lang='lat' dir='ltr'><strong><em>induti</em></strong></span> <span class='ocrx_word' id='word_1_342' title='bbox 3032 1890 3238 1947; x_wconf 78' lang='lat' dir='ltr'><strong><em>fuerint</em></strong></span> <span class='ocrx_word' id='word_1_343' title='bbox 3270 1893 3638 1962; x_wconf 67' lang='lat' dir='ltr'><strong><em>protoplastte,</em></strong></span> 
     </span>
    </p>
   </div>
   <div class='ocr_carea' id='block_1_49' title="bbox 2060 1985 3638 2049">
    <p class='ocr_par' dir='ltr' id='par_1_49' title="bbox 2060 1985 3638 2049">
     <span class='ocr_line' id='line_1_49' title="bbox 2060 1985 3638 2049; baseline -0.001 -8"><span class='ocrx_word' id='word_1_344' title='bbox 2060 1994 2212 2042; x_wconf 88' lang='lat' dir='ltr'><strong><em>tanto</em></strong></span> <span class='ocrx_word' id='word_1_345' title='bbox 2260 1996 2458 2043; x_wconf 90' lang='lat' dir='ltr'><strong><em>conatu</em></strong></span> <span class='ocrx_word' id='word_1_346' title='bbox 2503 1985 2663 2049; x_wconf 89' lang='lat' dir='ltr'><strong><em>ridet,</em></strong></span> <span class='ocrx_word' id='word_1_347' title='bbox 2702 1994 2763 2040; x_wconf 91' lang='lat' dir='ltr'><strong><em>ut</em></strong></span> <span class='ocrx_word' id='word_1_348' title='bbox 2794 1986 2959 2042; x_wconf 83' lang='lat' dir='ltr'><strong><em>istam</em></strong></span> <span class='ocrx_word' id='word_1_349' title='bbox 2993 1986 3311 2042; x_wconf 86' lang='lat' dir='ltr'><strong><em>socordium</em></strong></span> <span class='ocrx_word' id='word_1_350' title='bbox 3344 1985 3638 2041; x_wconf 87' lang='lat' dir='ltr'><strong><em>hominum</em></strong></span> 
     </span>
    </p>
   </div>
   <div class='ocr_carea' id='block_1_50' title="bbox 2059 2077 3639 2149">
    <p class='ocr_par' dir='ltr' id='par_1_50' title="bbox 2059 2077 3639 2149">
     <span class='ocr_line' id='line_1_50' title="bbox 2059 2077 3639 2149; baseline 0.002 -19"><span class='ocrx_word' id='word_1_351' title='bbox 2059 2077 2568 2133; x_wconf 80' lang='lat' dir='ltr'><strong><em>commentationem</em></strong></span> <span class='ocrx_word' id='word_1_352' title='bbox 2600 2086 2655 2132; x_wconf 90' lang='lat' dir='ltr'><strong><em>et</em></strong></span> <span class='ocrx_word' id='word_1_353' title='bbox 2686 2078 2839 2133; x_wconf 86' lang='lat' dir='ltr'><strong><em>chori</em></strong></span> <span class='ocrx_word' id='word_1_354' title='bbox 2874 2078 3079 2134; x_wconf 85' lang='lat' dir='ltr'><strong><em>indocti</em></strong></span> <span class='ocrx_word' id='word_1_355' title='bbox 3112 2077 3351 2134; x_wconf 88' lang='lat' dir='ltr'><strong><em>fabulam</em></strong></span> <span class='ocrx_word' id='word_1_356' title='bbox 3388 2078 3639 2149; x_wconf 62' lang='lat' dir='ltr'><strong><em>appllet.</em></strong></span> 
     </span>
    </p>
   </div>
   <div class='ocr_carea' id='block_1_51' title="bbox 2058 2166 3643 2240">
    <p class='ocr_par' dir='ltr' id='par_1_51' title="bbox 2058 2166 3643 2240">
     <span class='ocr_line' id='line_1_51' title="bbox 2058 2166 3643 2240; baseline 0.001 -17"><span class='ocrx_word' id='word_1_357' title='bbox 2058 2166 2201 2225; x_wconf 82' lang='lat' dir='ltr'><strong><em>Hinc</em></strong></span> <span class='ocrx_word' id='word_1_358' title='bbox 2237 2170 2291 2224; x_wconf 92' lang='lat' dir='ltr'><strong><em>in</em></strong></span> <span class='ocrx_word' id='word_1_359' title='bbox 2326 2170 2490 2225; x_wconf 90' lang='lat' dir='ltr'><strong><em>aliam</em></strong></span> <span class='ocrx_word' id='word_1_360' title='bbox 2528 2170 2837 2240; x_wconf 87' lang='lat' dir='ltr'><strong><em>prolabitur</em></strong></span> <span class='ocrx_word' id='word_1_361' title='bbox 2887 2171 3239 2237; x_wconf 88' lang='lat' dir='ltr'><strong><em>sententiam,</em></strong></span> <span class='ocrx_word' id='word_1_362' title='bbox 3275 2171 3485 2228; x_wconf 87' lang='lat' dir='ltr'><strong><em>scilicet</em></strong></span> <span class='ocrx_word' id='word_1_363' title='bbox 3514 2179 3643 2226; x_wconf 85' lang='lat' dir='ltr'><strong><em>ante</em></strong></span> 
     </span>
    </p>
   </div>
   <div class='ocr_carea' id='block_1_52' title="bbox 2059 2262 3641 2336">
    <p class='ocr_par' dir='ltr' id='par_1_52' title="bbox 2059 2262 3641 2336">
     <span class='ocr_line' id='line_1_52' title="bbox 2059 2262 3641 2336; baseline 0.003 -20"><span class='ocrx_word' id='word_1_364' title='bbox 2059 2262 2552 2333; x_wconf 87' lang='lat' dir='ltr'><strong><em>transgressionem</em></strong></span> <span class='ocrx_word' id='word_1_365' title='bbox 2583 2263 2843 2319; x_wconf 89' lang='lat' dir='ltr'><strong><em>subtilius</em></strong></span> <span class='ocrx_word' id='word_1_366' title='bbox 2866 2262 3039 2320; x_wconf 76' lang='lat' dir='ltr'><strong><em>fuisse</em></strong></span> <span class='ocrx_word' id='word_1_367' title='bbox 3067 2279 3133 2320; x_wconf 87' lang='lat' dir='ltr'><strong><em>ac</em></strong></span> <span class='ocrx_word' id='word_1_368' title='bbox 3165 2264 3504 2336; x_wconf 87' lang='lat' dir='ltr'><strong><em>splendidius</em></strong></span> <span class='ocrx_word' id='word_1_369' title='bbox 3537 2264 3641 2320; x_wconf 88' lang='lat' dir='ltr'><strong><em>ho-</em></strong></span> 
     </span>
    </p>
   </div>
   <div class='ocr_carea' id='block_1_53' title="bbox 2058 2354 3640 2424">
    <p class='ocr_par' dir='ltr' id='par_1_53' title="bbox 2058 2354 3640 2424">
     <span class='ocr_line' id='line_1_53' title="bbox 2058 2354 3640 2424; baseline 0.001 -14"><span class='ocrx_word' id='word_1_370' title='bbox 2058 2354 2228 2411; x_wconf 79' lang='lat' dir='ltr'><strong><em>minis</em></strong></span> <span class='ocrx_word' id='word_1_371' title='bbox 2260 2370 2486 2424; x_wconf 92' lang='lat' dir='ltr'><strong><em>corpus,</em></strong></span> <span class='ocrx_word' id='word_1_372' title='bbox 2534 2354 2682 2410; x_wconf 88' lang='lat' dir='ltr'><strong><em>nulla</em></strong></span> <span class='ocrx_word' id='word_1_373' title='bbox 2707 2355 2978 2411; x_wconf 81' lang='lat' dir='ltr'><strong><em>crassiori</em></strong></span> <span class='ocrx_word' id='word_1_374' title='bbox 3010 2356 3156 2410; x_wconf 88' lang='lat' dir='ltr'><strong><em>mole</em></strong></span> <span class='ocrx_word' id='word_1_375' title='bbox 3199 2355 3495 2422; x_wconf 88' lang='lat' dir='ltr'><strong><em>tardatum,</em></strong></span> <span class='ocrx_word' id='word_1_376' title='bbox 3543 2354 3640 2412; x_wconf 81' lang='lat' dir='ltr'><strong><em>sed</em></strong></span> 
     </span>
    </p>
   </div>
   <div class='ocr_carea' id='block_1_54' title="bbox 2058 2449 3639 2520">
    <p class='ocr_par' dir='ltr' id='par_1_54' title="bbox 2058 2449 3639 2520">
     <span class='ocr_line' id='line_1_54' title="bbox 2058 2449 3639 2520; baseline -0.001 -15"><span class='ocrx_word' id='word_1_377' title='bbox 2058 2450 2266 2520; x_wconf 88' lang='lat' dir='ltr'><strong><em>speculi</em></strong></span> <span class='ocrx_word' id='word_1_378' title='bbox 2317 2450 2497 2504; x_wconf 89' lang='lat' dir='ltr'><strong><em>instar</em></strong></span> <span class='ocrx_word' id='word_1_379' title='bbox 2541 2450 3011 2519; x_wconf 88' lang='lat' dir='ltr'><strong><em>speciosissimum</em></strong></span> <span class='ocrx_word' id='word_1_380' title='bbox 3065 2449 3440 2519; x_wconf 87' lang='lat' dir='ltr'><strong><em>lucidumque,</em></strong></span> <span class='ocrx_word' id='word_1_381' title='bbox 3487 2449 3639 2509; x_wconf 84' lang='lat' dir='ltr'><strong><em>nulla</em></strong></span> 
     </span>
    </p>
   </div>
   <div class='ocr_carea' id='block_1_55' title="bbox 2059 2544 3640 2614">
    <p class='ocr_par' dir='ltr' id='par_1_55' title="bbox 2059 2544 3640 2614">
     <span class='ocr_line' id='line_1_55' title="bbox 2059 2544 3640 2614; baseline -0.001 -16"><span class='ocrx_word' id='word_1_382' title='bbox 2059 2546 2310 2601; x_wconf 76' lang='lat' dir='ltr'><strong><em>videlicet</em></strong></span> <span class='ocrx_word' id='word_1_383' title='bbox 2338 2554 2433 2599; x_wconf 87' lang='lat' dir='ltr'><strong><em>aut</em></strong></span> <span class='ocrx_word' id='word_1_384' title='bbox 2471 2544 2592 2599; x_wconf 87' lang='lat' dir='ltr'><strong><em>labe</em></strong></span> <span class='ocrx_word' id='word_1_385' title='bbox 2619 2545 2962 2600; x_wconf 80' lang='lat' dir='ltr'><strong><em>extrinsecus</em></strong></span> <span class='ocrx_word' id='word_1_386' title='bbox 2998 2559 3308 2614; x_wconf 81' lang='lat' dir='ltr'><strong><em>aspersum,</em></strong></span> <span class='ocrx_word' id='word_1_387' title='bbox 3344 2552 3439 2599; x_wconf 89' lang='lat' dir='ltr'><strong><em>aut</em></strong></span> <span class='ocrx_word' id='word_1_388' title='bbox 3465 2552 3640 2598; x_wconf 81' lang='lat' dir='ltr'><strong><em>ntale-</em></strong></span> 
     </span>
    </p>
   </div>
   <div class='ocr_carea' id='block_1_56' title="bbox 2060 2633 3641 2705">
    <p class='ocr_par' dir='ltr' id='par_1_56' title="bbox 2060 2633 3641 2705">
     <span class='ocr_line' id='line_1_56' title="bbox 2060 2633 3641 2705; baseline -0.002 -15"><span class='ocrx_word' id='word_1_389' title='bbox 2060 2637 2140 2690; x_wconf 89' lang='lat' dir='ltr'><strong><em>ria</em></strong></span> <span class='ocrx_word' id='word_1_390' title='bbox 2188 2636 2499 2689; x_wconf 85' lang='lat' dir='ltr'><strong><em>hebetatutn</em></strong></span> <span class='ocrx_word' id='word_1_391' title='bbox 2550 2634 2705 2703; x_wconf 75' lang='lat'><strong>(36);</strong></span> <span class='ocrx_word' id='word_1_392' title='bbox 2752 2645 2879 2704; x_wconf 89' lang='lat' dir='ltr'><strong><em>post</em></strong></span> <span class='ocrx_word' id='word_1_393' title='bbox 2923 2637 3137 2705; x_wconf 88' lang='lat' dir='ltr'><strong><em>lapsum</em></strong></span> <span class='ocrx_word' id='word_1_394' title='bbox 3194 2650 3327 2689; x_wconf 83' lang='lat' dir='ltr'><strong><em>vero</em></strong></span> <span class='ocrx_word' id='word_1_395' title='bbox 3379 2633 3641 2689; x_wconf 84' lang='lat' dir='ltr'><strong><em>crassiori</em></strong></span> 
     </span>
    </p>
   </div>
   <div class='ocr_carea' id='block_1_57' title="bbox 2057 2725 3641 2796">
    <p class='ocr_par' dir='ltr' id='par_1_57' title="bbox 2057 2725 3641 2796">
     <span class='ocr_line' id='line_1_57' title="bbox 2057 2725 3641 2796; baseline -0.003 -13"><span class='ocrx_word' id='word_1_396' title='bbox 2057 2742 2290 2796; x_wconf 72' lang='lat' dir='ltr'><strong><em>co:pore</em></strong></span> <span class='ocrx_word' id='word_1_397' title='bbox 2318 2742 2517 2781; x_wconf 79' lang='lat' dir='ltr'><strong><em>carnea</em></strong></span> <span class='ocrx_word' id='word_1_398' title='bbox 2550 2742 2673 2780; x_wconf 87' lang='lat' dir='ltr'><strong><em>eum</em></strong></span> <span class='ocrx_word' id='word_1_399' title='bbox 2708 2725 2879 2782; x_wconf 84' lang='lat' dir='ltr'><strong><em>luisse</em></strong></span> <span class='ocrx_word' id='word_1_400' title='bbox 2909 2726 3331 2792; x_wconf 87' lang='lat' dir='ltr'><strong><em>circumdatum,</em></strong></span> <span class='ocrx_word' id='word_1_401' title='bbox 3367 2726 3513 2796; x_wconf 88' lang='lat' dir='ltr'><strong><em>quod</em></strong></span> <span class='ocrx_word' id='word_1_402' title='bbox 3545 2740 3641 2795; x_wconf 91' lang='lat' dir='ltr'><strong><em>per</em></strong></span> 
     </span>
    </p>
   </div>
   <div class='ocr_carea' id='block_1_58' title="bbox 2059 2819 3642 2891">
    <p class='ocr_par' dir='ltr' id='par_1_58' title="bbox 2059 2819 3642 2891">
     <span class='ocr_line' id='line_1_58' title="bbox 2059 2819 3642 2891; baseline 0 -17"><span class='ocrx_word' id='word_1_403' title='bbox 2059 2819 2301 2875; x_wconf 87' lang='lat' dir='ltr'><strong><em>tunicam</em></strong></span> <span class='ocrx_word' id='word_1_404' title='bbox 2356 2820 2503 2874; x_wconf 88' lang='lat' dir='ltr'><strong><em>illam</em></strong></span> <span class='ocrx_word' id='word_1_405' title='bbox 2547 2820 2826 2889; x_wconf 88' lang='lat' dir='ltr'><strong><em>pelliceam</em></strong></span> <span class='ocrx_word' id='word_1_406' title='bbox 2865 2819 3089 2890; x_wconf 86' lang='lat' dir='ltr'><strong><em>intelligi</em></strong></span> <span class='ocrx_word' id='word_1_407' title='bbox 3144 2820 3441 2882; x_wconf 80' lang='lat' dir='ltr'><strong><em>existimat,</em></strong></span> <span class='ocrx_word' id='word_1_408' title='bbox 3477 2829 3642 2891; x_wconf 82' lang='lat' dir='ltr'><strong><em>atque</em></strong></span> 
     </span>
    </p>
   </div>
   <div class='ocr_carea' id='block_1_59' title="bbox 2058 2911 3645 2981">
    <p class='ocr_par' dir='ltr' id='par_1_59' title="bbox 2058 2911 3645 2981">
     <span class='ocr_line' id='line_1_59' title="bbox 2058 2911 3645 2981; baseline 0.003 -16"><span class='ocrx_word' id='word_1_409' title='bbox 2058 2925 2438 2979; x_wconf 81' lang='lat' dir='ltr'><strong><em>argumentum</em></strong></span> <span class='ocrx_word' id='word_1_410' title='bbox 2491 2911 2768 2981; x_wconf 88' lang='lat' dir='ltr'><strong><em>opinionis</em></strong></span> <span class='ocrx_word' id='word_1_411' title='bbox 2815 2926 2928 2966; x_wconf 71' lang='lat' dir='ltr'><strong><em>suae</em></strong></span> <span class='ocrx_word' id='word_1_412' title='bbox 2960 2911 3307 2981; x_wconf 87' lang='lat' dir='ltr'><strong><em>potissimum</em></strong></span> <span class='ocrx_word' id='word_1_413' title='bbox 3356 2927 3424 2967; x_wconf 81' lang='lat' dir='ltr'><strong><em>ex</em></strong></span> <span class='ocrx_word' id='word_1_414' title='bbox 3456 2912 3645 2969; x_wconf 83' lang='lat' dir='ltr'><strong><em>verbis</em></strong></span> 
     </span>
    </p>
   </div>
   <div class='ocr_carea' id='block_1_60' title="bbox 2057 3001 3638 3073">
    <p class='ocr_par' dir='ltr' id='par_1_60' title="bbox 2057 3001 3638 3073">
     <span class='ocr_line' id='line_1_60' title="bbox 2057 3001 3638 3073; baseline -0.001 -16"><span class='ocrx_word' id='word_1_415' title='bbox 2057 3001 2179 3057; x_wconf 84' lang='lat' dir='ltr'><strong><em>Jobi</em></strong></span> <span class='ocrx_word' id='word_1_416' title='bbox 2214 3018 2332 3073; x_wconf 89' lang='lat' dir='ltr'><strong><em>cap.</em></strong></span> <span class='ocrx_word' id='word_1_417' title='bbox 2373 3018 2439 3066; x_wconf 71' lang='grc' dir='ltr'><strong>ιι,</strong></span> <span class='ocrx_word' id='word_1_418' title='bbox 2480 3003 2569 3067; x_wconf 83' lang='lat' dir='ltr'><strong><em>ll,</em></strong></span> <span class='ocrx_word' id='word_1_419' title='bbox 2599 3003 2871 3071; x_wconf 87' lang='lat' dir='ltr'><strong><em>desumit,</em></strong></span> <span class='ocrx_word' id='word_1_420' title='bbox 2909 3002 3003 3058; x_wconf 90' lang='lat' dir='ltr'><strong><em>ubi</em></strong></span> <span class='ocrx_word' id='word_1_421' title='bbox 3051 3003 3099 3058; x_wconf 91' lang='lat' dir='ltr'><strong><em>is</em></strong></span> <span class='ocrx_word' id='word_1_422' title='bbox 3138 3002 3433 3065; x_wconf 85' lang='lat' dir='ltr'><strong><em>creationis</em></strong></span> <span class='ocrx_word' id='word_1_423' title='bbox 3472 3017 3638 3072; x_wconf 82' lang='lat' dir='ltr'><strong><em>argu-</em></strong></span> 
     </span>
    </p>
   </div>
   <div class='ocr_carea' id='block_1_61' title="bbox 2059 3092 3640 3165">
    <p class='ocr_par' dir='ltr' id='par_1_61' title="bbox 2059 3092 3640 3165">
     <span class='ocr_line' id='line_1_61' title="bbox 2059 3092 3640 3165; baseline -0.001 -16"><span class='ocrx_word' id='word_1_424' title='bbox 2059 3102 2304 3149; x_wconf 88' lang='lat' dir='ltr'><strong><em>mentum</em></strong></span> <span class='ocrx_word' id='word_1_425' title='bbox 2334 3109 2597 3150; x_wconf 86' lang='lat' dir='ltr'><strong><em>enarrans</em></strong></span> <span class='ocrx_word' id='word_1_426' title='bbox 2622 3094 2935 3150; x_wconf 84' lang='lat' dir='ltr'><strong><em>Creatorem</em></strong></span> <span class='ocrx_word' id='word_1_427' title='bbox 2970 3093 3046 3150; x_wconf 91' lang='lat' dir='ltr'><strong><em>ita</em></strong></span> <span class='ocrx_word' id='word_1_428' title='bbox 3074 3094 3371 3165; x_wconf 87' lang='lat' dir='ltr'><strong><em>alloquitur</em></strong></span> <span class='ocrx_word' id='word_1_429' title='bbox 3398 3113 3412 3151; x_wconf 90' lang='lat'><strong>:</strong></span> <span class='ocrx_word' id='word_1_430' title='bbox 3437 3092 3640 3149; x_wconf 85' lang='lat' dir='ltr'><strong><em>Pellem</em></strong></span> 
     </span>
    </p>
   </div>
   <div class='ocr_carea' id='block_1_62' title="bbox 378 3186 1955 3267">
    <p class='ocr_par' dir='ltr' id='par_1_62' title="bbox 378 3187 1955 3266">
     <span class='ocr_line' id='line_1_62' title="bbox 378 3187 1955 3266; baseline 0.008 -25"><span class='ocrx_word' id='word_1_431' title='bbox 378 3187 697 3257; x_wconf 86' lang='lat' dir='ltr'><strong><em>episcopus,</em></strong></span> <span class='ocrx_word' id='word_1_432' title='bbox 736 3189 790 3244; x_wconf 95' lang='lat' dir='ltr'><strong><em>in</em></strong></span> <span class='ocrx_word' id='word_1_433' title='bbox 817 3189 1124 3261; x_wconf 81' lang='lat' dir='ltr'><strong><em>fragmento</em></strong></span> <span class='ocrx_word' id='word_1_434' title='bbox 1158 3192 1422 3248; x_wconf 88' lang='lat' dir='ltr'><strong><em>hactenus</em></strong></span> <span class='ocrx_word' id='word_1_435' title='bbox 1459 3194 1684 3255; x_wconf 87' lang='lat' dir='ltr'><strong><em>inedito.</em></strong></span> <span class='ocrx_word' id='word_1_436' title='bbox 1716 3197 1861 3266; x_wconf 89' lang='lat' dir='ltr'><strong><em>quod</em></strong></span> <span class='ocrx_word' id='word_1_437' title='bbox 1888 3215 1955 3253; x_wconf 79' lang='lat' dir='ltr'><strong><em>ex</em></strong></span> 
     </span>
    </p>
   </div>
   <div class='ocr_carea' id='block_1_63' title="bbox 2056 3186 3638 3267">
    <p class='ocr_par' dir='ltr' id='par_1_63' title="bbox 2058 3186 3638 3258">
     <span class='ocr_line' id='line_1_63' title="bbox 2058 3186 3638 3258; baseline 0 -18"><span class='ocrx_word' id='word_1_438' title='bbox 2058 3195 2107 3240; x_wconf 81' lang='lat' dir='ltr'><strong><em>et</em></strong></span> <span class='ocrx_word' id='word_1_439' title='bbox 2142 3202 2353 3241; x_wconf 81' lang='lat' dir='ltr'><strong><em>carnem</em></strong></span> <span class='ocrx_word' id='word_1_440' title='bbox 2390 3188 2615 3243; x_wconf 84' lang='lat' dir='ltr'><strong><em>induisti</em></strong></span> <span class='ocrx_word' id='word_1_441' title='bbox 2649 3204 2763 3254; x_wconf 91' lang='lat' dir='ltr'><strong><em>me,</em></strong></span> <span class='ocrx_word' id='word_1_442' title='bbox 2804 3202 2998 3257; x_wconf 85' lang='lat' dir='ltr'><strong><em>nempe</em></strong></span> <span class='ocrx_word' id='word_1_443' title='bbox 3045 3186 3205 3254; x_wconf 89' lang='lat' dir='ltr'><strong><em>illud,</em></strong></span> <span class='ocrx_word' id='word_1_444' title='bbox 3238 3202 3351 3258; x_wconf 90' lang='lat' dir='ltr'><strong><em>quo</em></strong></span> <span class='ocrx_word' id='word_1_445' title='bbox 3400 3187 3638 3243; x_wconf 77' lang='lat' dir='ltr'><strong><em>circum~</em></strong></span> 
     </span>
    </p>
   </div>
   <div class='ocr_carea' id='block_1_64' title="bbox 333 3264 1955 3355">
    <p class='ocr_par' dir='ltr' id='par_1_64' title="bbox 333 3264 1955 3355">
     <span class='ocr_line' id='line_1_64' title="bbox 333 3264 1955 3355; baseline 0.008 -22"><span class='ocrx_word' id='word_1_446' title='bbox 333 3264 338 3271; x_wconf 82' lang='lat'><strong><em>&#39;</em></strong></span> <span class='ocrx_word' id='word_1_447' title='bbox 377 3278 595 3334; x_wconf 89' lang='lat' dir='ltr'><strong><em>duobus</em></strong></span> <span class='ocrx_word' id='word_1_448' title='bbox 624 3295 759 3337; x_wconf 77' lang='lat' dir='ltr'><strong><em>mss.</em></strong></span> <span class='ocrx_word' id='word_1_449' title='bbox 802 3282 1084 3339; x_wconf 78' lang='lat' dir='ltr'><strong><em>codicibus</em></strong></span> <span class='ocrx_word' id='word_1_450' title='bbox 1120 3282 1305 3355; x_wconf 84' lang='lat' dir='ltr'><strong><em>Regiis</em></strong></span> <span class='ocrx_word' id='word_1_451' title='bbox 1347 3264 1754 3344; x_wconf 79' lang='lat' dir='ltr'><strong><em>Parisienslbus</em></strong></span> <span class='ocrx_word' id='word_1_452' title='bbox 1813 3289 1955 3346; x_wconf 78' lang='lat' dir='ltr'><strong><em>l825</em></strong></span> 
     </span>
    </p>
   </div>
   <div class='ocr_carea' id='block_1_65' title="bbox 377 3370 1954 3448">
    <p class='ocr_par' dir='ltr' id='par_1_65' title="bbox 377 3370 1954 3448">
     <span class='ocr_line' id='line_1_65' title="bbox 377 3370 1954 3448; baseline 0.009 -23"><span class='ocrx_word' id='word_1_453' title='bbox 377 3380 434 3426; x_wconf 89' lang='lat' dir='ltr'><strong><em>et</em></strong></span> <span class='ocrx_word' id='word_1_454' title='bbox 458 3370 597 3427; x_wconf 92' lang='grc'>1888</span> <span class='ocrx_word' id='word_1_455' title='bbox 616 3374 1013 3444; x_wconf 79' lang='lat' dir='ltr'><strong><em>excerpsimus,</em></strong></span> <span class='ocrx_word' id='word_1_456' title='bbox 1035 3376 1175 3432; x_wconf 88' lang='lat' dir='ltr'><strong><em>hanc</em></strong></span> <span class='ocrx_word' id='word_1_457' title='bbox 1201 3378 1667 3448; x_wconf 89' lang='lat' dir='ltr'><strong><em>interpretationis</em></strong></span> <span class='ocrx_word' id='word_1_458' title='bbox 1686 3383 1954 3438; x_wconf 82' lang='lat' dir='ltr'><strong><em>rationem</em></strong></span> 
     </span>
    </p>
   </div>
   <div class='ocr_carea' id='block_1_66' title="bbox 330 3462 1955 3548">
    <p class='ocr_par' dir='ltr' id='par_1_66' title="bbox 330 3462 1955 3548">
     <span class='ocr_line' id='line_1_66' title="bbox 330 3462 1955 3548; baseline 0.008 -32"><span class='ocrx_word' id='word_1_459' title='bbox 330 3462 651 3533; x_wconf 80' lang='lat' dir='ltr'><strong><em>&#39;elegauter</em></strong></span> <span class='ocrx_word' id='word_1_460' title='bbox 695 3465 951 3536; x_wconf 77' lang='lat' dir='ltr'><strong><em>subiicit:</em></strong></span> <span class='ocrx_word' id='word_1_461' title='bbox 989 3466 1208 3540; x_wconf 75' lang='grc' dir='ltr'>Νεκρὰν</span> <span class='ocrx_word' id='word_1_462' title='bbox 1255 3468 1366 3542; x_wconf 85' lang='grc' dir='ltr'><strong><em>γὰρ</em></strong></span> <span class='ocrx_word' id='word_1_463' title='bbox 1409 3470 1620 3545; x_wconf 79' lang='grc' dir='ltr'><strong><em>σκέπην</em></strong></span> <span class='ocrx_word' id='word_1_464' title='bbox 1663 3473 1835 3527; x_wconf 76' lang='grc' dir='ltr'><strong><em>ἐποίει</em></strong></span> <span class='ocrx_word' id='word_1_465' title='bbox 1877 3474 1955 3548; x_wconf 85' lang='grc' dir='ltr'><strong><em>τῷ</em></strong></span> 
     </span>
    </p>
   </div>
   <div class='ocr_carea' id='block_1_67' title="bbox 372 3554 1953 3641">
    <p class='ocr_par' dir='ltr' id='par_1_67' title="bbox 372 3554 1953 3641">
     <span class='ocr_line' id='line_1_67' title="bbox 372 3554 1953 3641; baseline 0.009 -32"><span class='ocrx_word' id='word_1_466' title='bbox 372 3554 699 3626; x_wconf 80' lang='grc' dir='ltr'><strong><em>νεκρωθέντι</em></strong></span> <span class='ocrx_word' id='word_1_467' title='bbox 742 3558 830 3611; x_wconf 80' lang='grc' dir='ltr'><strong><em>διὰ</em></strong></span> <span class='ocrx_word' id='word_1_468' title='bbox 868 3559 969 3630; x_wconf 75' lang='grc' dir='ltr'>τὴν</span> <span class='ocrx_word' id='word_1_469' title='bbox 1000 3560 1302 3632; x_wconf 75' lang='grc' dir='ltr'><strong><em>ἁμαρτίαν·</em></strong></span> <span class='ocrx_word' id='word_1_470' title='bbox 1331 3561 1408 3633; x_wconf 84' lang='grc' dir='ltr'><strong><em>τῷ</em></strong></span> <span class='ocrx_word' id='word_1_471' title='bbox 1437 3563 1547 3637; x_wconf 74' lang='grc' dir='ltr'><strong><em>γὰρ</em></strong></span> <span class='ocrx_word' id='word_1_472' title='bbox 1570 3565 1740 3639; x_wconf 77' lang='grc' dir='ltr'>νεκρὰ</span> <span class='ocrx_word' id='word_1_473' title='bbox 1767 3569 1953 3641; x_wconf 84' lang='grc' dir='ltr'><strong><em>ἀμαρ-</em></strong></span> 
     </span>
    </p>
   </div>
   <div class='ocr_carea' id='block_1_68' title="bbox 370 3651 1956 3732">
    <p class='ocr_par' dir='ltr' id='par_1_68' title="bbox 370 3651 1956 3732">
     <span class='ocr_line' id='line_1_68' title="bbox 370 3651 1956 3732; baseline 0.009 -29"><span class='ocrx_word' id='word_1_474' title='bbox 370 3652 589 3723; x_wconf 79' lang='grc' dir='ltr'><strong><em>τήματα</em></strong></span> <span class='ocrx_word' id='word_1_475' title='bbox 630 3651 807 3723; x_wconf 77' lang='grc' dir='ltr'><strong><em>ἔχοντι</em></strong></span> <span class='ocrx_word' id='word_1_476' title='bbox 857 3654 987 3725; x_wconf 76' lang='grc' dir='ltr'><strong><em>περὶ</em></strong></span> <span class='ocrx_word' id='word_1_477' title='bbox 1021 3653 1083 3708; x_wconf 84' lang='grc' dir='ltr'><strong><em>τὸ</em></strong></span> <span class='ocrx_word' id='word_1_478' title='bbox 1140 3654 1304 3726; x_wconf 86' lang='grc' dir='ltr'>σῶμα</span> <span class='ocrx_word' id='word_1_479' title='bbox 1354 3656 1560 3730; x_wconf 72' lang='grc' dir='ltr'>φθορὰν</span> <span class='ocrx_word' id='word_1_480' title='bbox 1603 3660 1869 3732; x_wconf 74' lang='grc' dir='ltr'><strong><em>ἐσήμαινε</em></strong></span> <span class='ocrx_word' id='word_1_481' title='bbox 1894 3662 1956 3717; x_wconf 84' lang='grc' dir='ltr'><strong><em>τδ</em></strong></span> 
     </span>
    </p>
   </div>
   <div class='ocr_carea' id='block_1_69' title="bbox 370 3743 1956 3824">
    <p class='ocr_par' dir='ltr' id='par_1_69' title="bbox 370 3743 1956 3824">
     <span class='ocr_line' id='line_1_69' title="bbox 370 3743 1956 3824; baseline 0.008 -27"><span class='ocrx_word' id='word_1_482' title='bbox 370 3743 566 3816; x_wconf 79' lang='grc' dir='ltr'><strong><em>δέρμα.</em></strong></span> <span class='ocrx_word' id='word_1_483' title='bbox 609 3743 666 3799; x_wconf 81' lang='lat' dir='ltr'><strong><em>Id</em></strong></span> <span class='ocrx_word' id='word_1_484' title='bbox 698 3756 816 3801; x_wconf 85' lang='lat' dir='ltr'><strong><em>est:</em></strong></span> <span class='ocrx_word' id='word_1_485' title='bbox 844 3745 1118 3801; x_wconf 80' lang='lat' dir='ltr'><strong><em>Mortuum</em></strong></span> <span class='ocrx_word' id='word_1_486' title='bbox 1147 3750 1287 3803; x_wconf 91' lang='lat' dir='ltr'><strong><em>enim</em></strong></span> <span class='ocrx_word' id='word_1_487' title='bbox 1318 3760 1673 3821; x_wconf 78' lang='lat' dir='ltr'><strong><em>tegumentum</em></strong></span> <span class='ocrx_word' id='word_1_488' title='bbox 1714 3755 1838 3824; x_wconf 87' lang='lat' dir='ltr'><strong><em>fecit</em></strong></span> <span class='ocrx_word' id='word_1_489' title='bbox 1860 3756 1956 3810; x_wconf 85' lang='lat' dir='ltr'><strong><em>lto-</em></strong></span> 
     </span>
    </p>
   </div>
   <div class='ocr_carea' id='block_1_70' title="bbox 372 3837 1955 3917">
    <p class='ocr_par' dir='ltr' id='par_1_70' title="bbox 372 3837 1955 3917">
     <span class='ocr_line' id='line_1_70' title="bbox 372 3837 1955 3917; baseline 0.009 -28"><span class='ocrx_word' id='word_1_490' title='bbox 372 3837 505 3891; x_wconf 89' lang='lat' dir='ltr'><strong><em>mini</em></strong></span> <span class='ocrx_word' id='word_1_491' title='bbox 538 3853 631 3907; x_wconf 86' lang='lat' dir='ltr'><strong><em>per</em></strong></span> <span class='ocrx_word' id='word_1_492' title='bbox 654 3848 925 3906; x_wconf 90' lang='lat' dir='ltr'><strong><em>peccatum</em></strong></span> <span class='ocrx_word' id='word_1_493' title='bbox 959 3853 1191 3905; x_wconf 88' lang='lat' dir='ltr'><strong><em>mortuo,</em></strong></span> <span class='ocrx_word' id='word_1_494' title='bbox 1223 3859 1341 3896; x_wconf 89' lang='lat' dir='ltr'><strong><em>cum</em></strong></span> <span class='ocrx_word' id='word_1_495' title='bbox 1370 3843 1522 3912; x_wconf 70' lang='lat' dir='ltr'><strong><em>pellis</em></strong></span> <span class='ocrx_word' id='word_1_496' title='bbox 1575 3846 1955 3917; x_wconf 78' lang='lat' dir='ltr'><strong><em>signiﬁcaverit</em></strong></span> 
     </span>
    </p>
   </div>
   <div class='ocr_carea' id='block_1_71' title="bbox 372 3930 1952 4007">
    <p class='ocr_par' dir='ltr' id='par_1_71' title="bbox 372 3930 1952 4007">
     <span class='ocr_line' id='line_1_71' title="bbox 372 3930 1952 4007; baseline 0.008 -24"><span class='ocrx_word' id='word_1_497' title='bbox 372 3930 763 3999; x_wconf 87' lang='lat' dir='ltr'><strong><em>corruptionem</em></strong></span> <span class='ocrx_word' id='word_1_498' title='bbox 786 3931 962 4001; x_wconf 86' lang='lat' dir='ltr'><strong><em>quoad</em></strong></span> <span class='ocrx_word' id='word_1_499' title='bbox 985 3947 1174 4001; x_wconf 89' lang='lat' dir='ltr'><strong><em>corpus</em></strong></span> <span class='ocrx_word' id='word_1_500' title='bbox 1212 3936 1269 3989; x_wconf 89' lang='lat' dir='ltr'><strong><em>in</em></strong></span> <span class='ocrx_word' id='word_1_501' title='bbox 1297 3935 1505 3991; x_wconf 81' lang='lat' dir='ltr'><strong><em>homine</em></strong></span> <span class='ocrx_word' id='word_1_502' title='bbox 1536 3940 1766 4007; x_wconf 87' lang='lat' dir='ltr'><strong><em>peccatis</em></strong></span> <span class='ocrx_word' id='word_1_503' title='bbox 1809 3957 1952 3995; x_wconf 90' lang='lat' dir='ltr'><strong><em>mor-</em></strong></span> 
     </span>
    </p>
   </div>
   <div class='ocr_carea' id='block_1_72' title="bbox 374 4021 1951 4103">
    <p class='ocr_par' dir='ltr' id='par_1_72' title="bbox 374 4021 1951 4103">
     <span class='ocr_line' id='line_1_72' title="bbox 374 4021 1951 4103; baseline 0.01 -29"><span class='ocrx_word' id='word_1_504' title='bbox 374 4021 481 4075; x_wconf 83' lang='lat' dir='ltr'><strong><em>tuis</em></strong></span> <span class='ocrx_word' id='word_1_505' title='bbox 515 4022 864 4077; x_wconf 87' lang='lat' dir='ltr'><strong><em>circumdato.</em></strong></span> <span class='ocrx_word' id='word_1_506' title='bbox 892 4021 973 4077; x_wconf 87' lang='lat' dir='ltr'><strong><em>Ex</em></strong></span> <span class='ocrx_word' id='word_1_507' title='bbox 1016 4024 1263 4082; x_wconf 87' lang='lat' dir='ltr'><strong><em>adductis</em></strong></span> <span class='ocrx_word' id='word_1_508' title='bbox 1305 4026 1457 4084; x_wconf 88' lang='lat' dir='ltr'><strong><em>hisce</em></strong></span> <span class='ocrx_word' id='word_1_509' title='bbox 1486 4031 1816 4088; x_wconf 88' lang='lat' dir='ltr'><strong><em>testimoniis</em></strong></span> <span class='ocrx_word' id='word_1_510' title='bbox 1834 4034 1951 4103; x_wconf 85' lang='lat' dir='ltr'><strong><em>jam</em></strong></span> 
     </span>
    </p>
   </div>
   <div class='ocr_carea' id='block_1_73' title="bbox 370 4113 1950 4194">
    <p class='ocr_par' dir='ltr' id='par_1_73' title="bbox 370 4113 1950 4194">
     <span class='ocr_line' id='line_1_73' title="bbox 370 4113 1950 4194; baseline 0.009 -27"><span class='ocrx_word' id='word_1_511' title='bbox 370 4121 488 4167; x_wconf 90' lang='lat' dir='ltr'><strong><em>tum</em></strong></span> <span class='ocrx_word' id='word_1_512' title='bbox 523 4113 716 4185; x_wconf 87' lang='lat' dir='ltr'><strong><em>liquet,</em></strong></span> <span class='ocrx_word' id='word_1_513' title='bbox 750 4113 1054 4186; x_wconf 84' lang='lat' dir='ltr'><strong><em>Magnetem</em></strong></span> <span class='ocrx_word' id='word_1_514' title='bbox 1093 4127 1344 4173; x_wconf 87' lang='lat' dir='ltr'><strong><em>nostrum</em></strong></span> <span class='ocrx_word' id='word_1_515' title='bbox 1371 4135 1480 4175; x_wconf 89' lang='lat' dir='ltr'><strong><em>non</em></strong></span> <span class='ocrx_word' id='word_1_516' title='bbox 1508 4120 1682 4179; x_wconf 82' lang='lat' dir='ltr'><strong><em>fuisse</em></strong></span> <span class='ocrx_word' id='word_1_517' title='bbox 1711 4125 1950 4194; x_wconf 89' lang='lat' dir='ltr'><strong><em>primum</em></strong></span> 
     </span>
    </p>
   </div>
   <div class='ocr_carea' id='block_1_74' title="bbox 372 4208 1952 4287">
    <p class='ocr_par' dir='ltr' id='par_1_74' title="bbox 372 4208 1952 4287">
     <span class='ocr_line' id='line_1_74' title="bbox 372 4208 1952 4287; baseline 0.008 -25"><span class='ocrx_word' id='word_1_518' title='bbox 372 4208 540 4278; x_wconf 85' lang='lat' dir='ltr'><strong><em>hujus</em></strong></span> <span class='ocrx_word' id='word_1_519' title='bbox 579 4208 1047 4279; x_wconf 87' lang='lat' dir='ltr'><strong><em>interpretationis</em></strong></span> <span class='ocrx_word' id='word_1_520' title='bbox 1092 4210 1396 4282; x_wconf 61' lang='lat' dir='ltr'><strong><em>allegoricae</em></strong></span> <span class='ocrx_word' id='word_1_521' title='bbox 1426 4213 1543 4269; x_wconf 90' lang='lat' dir='ltr'><strong><em>sive</em></strong></span> <span class='ocrx_word' id='word_1_522' title='bbox 1582 4217 1825 4287; x_wconf 74' lang='lat' dir='ltr'><strong><em>mystica:</em></strong></span> <span class='ocrx_word' id='word_1_523' title='bbox 1853 4232 1952 4273; x_wconf 87' lang='lat' dir='ltr'><strong><em>au-</em></strong></span> 
     </span>
    </p>
   </div>
   <div class='ocr_carea' id='block_1_75' title="bbox 369 4299 1943 4373">
    <p class='ocr_par' dir='ltr' id='par_1_75' title="bbox 369 4299 1943 4373">
     <span class='ocr_line' id='line_1_75' title="bbox 369 4299 1943 4373; baseline 0.006 -19"><span class='ocrx_word' id='word_1_524' title='bbox 369 4308 577 4355; x_wconf 89' lang='lat' dir='ltr'><strong><em>ctorem</em></strong></span> <span class='ocrx_word' id='word_1_525' title='bbox 601 4299 714 4370; x_wconf 76' lang='lat'><strong>(35)</strong></span> <span class='ocrx_word' id='word_1_526' title='bbox 738 4316 753 4365; x_wconf 90' lang='lat'><strong>;</strong></span> <span class='ocrx_word' id='word_1_527' title='bbox 777 4316 899 4371; x_wconf 61' lang='lat' dir='ltr'><strong><em>qua</em></strong></span> <span class='ocrx_word' id='word_1_528' title='bbox 913 4300 1094 4372; x_wconf 90' lang='lat' dir='ltr'><strong><em>quoad</em></strong></span> <span class='ocrx_word' id='word_1_529' title='bbox 1122 4301 1296 4373; x_wconf 89' lang='lat' dir='ltr'><strong><em>ipsam</em></strong></span> <span class='ocrx_word' id='word_1_530' title='bbox 1316 4302 1393 4360; x_wconf 89' lang='lat' dir='ltr'><strong><em>rei</em></strong></span> <span class='ocrx_word' id='word_1_531' title='bbox 1417 4305 1653 4362; x_wconf 91' lang='lat' dir='ltr'><strong><em>indolem</em></strong></span> <span class='ocrx_word' id='word_1_532' title='bbox 1681 4322 1783 4363; x_wconf 92' lang='lat' dir='ltr'><strong><em>suo</em></strong></span> <span class='ocrx_word' id='word_1_533' title='bbox 1810 4323 1943 4364; x_wconf 90' lang='lat' dir='ltr'><strong><em>sane</em></strong></span> 
     </span>
    </p>
   </div>
   <div class='ocr_carea' id='block_1_76' title="bbox 370 4391 1950 4463">
    <p class='ocr_par' dir='ltr' id='par_1_76' title="bbox 370 4391 1950 4463">
     <span class='ocr_line' id='line_1_76' title="bbox 370 4391 1950 4463; baseline 0.006 -17"><span class='ocrx_word' id='word_1_534' title='bbox 370 4407 482 4447; x_wconf 88' lang='lat' dir='ltr'><strong><em>non</em></strong></span> <span class='ocrx_word' id='word_1_535' title='bbox 512 4391 832 4448; x_wconf 87' lang='lat' dir='ltr'><strong><em>destituitur</em></strong></span> <span class='ocrx_word' id='word_1_536' title='bbox 860 4392 1242 4463; x_wconf 80' lang='lat' dir='ltr'><strong><em>fundamento,</em></strong></span> <span class='ocrx_word' id='word_1_537' title='bbox 1266 4405 1329 4451; x_wconf 90' lang='lat' dir='ltr'><strong><em>ut</em></strong></span> <span class='ocrx_word' id='word_1_538' title='bbox 1358 4397 1568 4454; x_wconf 89' lang='lat' dir='ltr'><strong><em>scilicet</em></strong></span> <span class='ocrx_word' id='word_1_539' title='bbox 1614 4400 1842 4457; x_wconf 85' lang='lat' dir='ltr'><strong><em>vestitus</em></strong></span> <span class='ocrx_word' id='word_1_540' title='bbox 1881 4416 1950 4456; x_wconf 79' lang='lat' dir='ltr'><strong><em>ex</em></strong></span> 
     </span>
    </p>
   </div>
   <div class='ocr_carea' id='block_1_77' title="bbox 266 4485 1950 4563">
    <p class='ocr_par' dir='ltr' id='par_1_77' title="bbox 266 4485 1950 4563">
     <span class='ocr_line' id='line_1_77' title="bbox 266 4485 1950 4563; baseline 0.008 -27"><span class='ocrx_word' id='word_1_541' title='bbox 266 4522 270 4526; x_wconf 86' lang='grc'><strong>-</strong></span> <span class='ocrx_word' id='word_1_542' title='bbox 371 4491 718 4539; x_wconf 89' lang='lat' dir='ltr'><strong><em>mortuorum</em></strong></span> <span class='ocrx_word' id='word_1_543' title='bbox 765 4485 1127 4542; x_wconf 86' lang='lat' dir='ltr'><strong><em>animantium</em></strong></span> <span class='ocrx_word' id='word_1_544' title='bbox 1167 4489 1398 4558; x_wconf 85' lang='lat' dir='ltr'><strong><em>pellibus</em></strong></span> <span class='ocrx_word' id='word_1_545' title='bbox 1432 4488 1713 4548; x_wconf 81' lang='lat' dir='ltr'><strong><em>confectus</em></strong></span> <span class='ocrx_word' id='word_1_546' title='bbox 1736 4493 1950 4563; x_wconf 90' lang='lat' dir='ltr'><strong><em>primos</em></strong></span> 
     </span>
    </p>
   </div>
   <div class='ocr_carea' id='block_1_78' title="bbox 370 4574 1952 4650">
    <p class='ocr_par' dir='ltr' id='par_1_78' title="bbox 370 4574 1952 4650">
     <span class='ocr_line' id='line_1_78' title="bbox 370 4574 1952 4650; baseline 0.007 -20"><span class='ocrx_word' id='word_1_547' title='bbox 370 4574 624 4633; x_wconf 89' lang='lat' dir='ltr'><strong><em>homines</em></strong></span> <span class='ocrx_word' id='word_1_548' title='bbox 650 4576 717 4632; x_wconf 91' lang='lat' dir='ltr'><strong><em>de</em></strong></span> <span class='ocrx_word' id='word_1_549' title='bbox 741 4584 895 4632; x_wconf 85' lang='lat' dir='ltr'><strong><em>reatu</em></strong></span> <span class='ocrx_word' id='word_1_550' title='bbox 921 4578 1115 4635; x_wconf 89' lang='lat' dir='ltr'><strong><em>mortis</em></strong></span> <span class='ocrx_word' id='word_1_551' title='bbox 1135 4581 1649 4650; x_wconf 83' lang='lat' dir='ltr'><strong><em>commonefaceret,</em></strong></span> <span class='ocrx_word' id='word_1_552' title='bbox 1682 4594 1740 4640; x_wconf 91' lang='lat' dir='ltr'><strong><em>et</em></strong></span> <span class='ocrx_word' id='word_1_553' title='bbox 1766 4592 1826 4640; x_wconf 91' lang='lat' dir='ltr'><strong><em>ut</em></strong></span> <span class='ocrx_word' id='word_1_554' title='bbox 1852 4586 1952 4641; x_wconf 84' lang='lat' dir='ltr'><strong><em>ad-</em></strong></span> 
     </span>
    </p>
   </div>
   <div class='ocr_carea' id='block_1_79' title="bbox 369 4668 1955 4734">
    <p class='ocr_par' dir='ltr' id='par_1_79' title="bbox 369 4668 1955 4734">
     <span class='ocr_line' id='line_1_79' title="bbox 369 4668 1955 4734; baseline 0.008 -14"><span class='ocrx_word' id='word_1_555' title='bbox 369 4675 748 4734; x_wconf 87' lang='lat' dir='ltr'><strong><em>monerentur,</em></strong></span> <span class='ocrx_word' id='word_1_556' title='bbox 793 4668 917 4724; x_wconf 90' lang='lat' dir='ltr'><strong><em>loco</em></strong></span> <span class='ocrx_word' id='word_1_557' title='bbox 974 4669 1193 4727; x_wconf 71' lang='lat' dir='ltr'><strong><em>amissae</em></strong></span> <span class='ocrx_word' id='word_1_558' title='bbox 1222 4672 1393 4728; x_wconf 82' lang='lat' dir='ltr'><strong><em>vestis</em></strong></span> <span class='ocrx_word' id='word_1_559' title='bbox 1439 4682 1745 4730; x_wconf 75' lang='lat' dir='ltr'><strong><em>concreata:</em></strong></span> <span class='ocrx_word' id='word_1_560' title='bbox 1793 4676 1955 4732; x_wconf 88' lang='lat' dir='ltr'><strong><em>inno-</em></strong></span> 
     </span>
    </p>
   </div>
   <div class='ocr_carea' id='block_1_80' title="bbox 368 4759 1950 4836">
    <p class='ocr_par' dir='ltr' id='par_1_80' title="bbox 368 4759 1950 4836">
     <span class='ocr_line' id='line_1_80' title="bbox 368 4759 1950 4836; baseline 0.004 -22"><span class='ocrx_word' id='word_1_561' title='bbox 368 4759 583 4826; x_wconf 59' lang='lat' dir='ltr'><strong><em>centiae,</em></strong></span> <span class='ocrx_word' id='word_1_562' title='bbox 625 4768 828 4816; x_wconf 80' lang='lat' dir='ltr'><strong><em>vestem</em></strong></span> <span class='ocrx_word' id='word_1_563' title='bbox 851 4760 1080 4832; x_wconf 66' lang='lat' dir='ltr'><strong><em>iustitiae</em></strong></span> <span class='ocrx_word' id='word_1_564' title='bbox 1107 4776 1139 4818; x_wconf 89' lang='lat' dir='ltr'><strong><em>a</em></strong></span> <span class='ocrx_word' id='word_1_565' title='bbox 1167 4778 1333 4823; x_wconf 83' lang='lat' dir='ltr'><strong><em>manu</em></strong></span> <span class='ocrx_word' id='word_1_566' title='bbox 1365 4762 1458 4819; x_wconf 89' lang='lat' dir='ltr'><strong><em>Dei</em></strong></span> <span class='ocrx_word' id='word_1_567' title='bbox 1480 4764 1779 4836; x_wconf 87' lang='lat' dir='ltr'><strong><em>parandam</em></strong></span> <span class='ocrx_word' id='word_1_568' title='bbox 1806 4781 1950 4834; x_wconf 84' lang='lat' dir='ltr'><strong><em>esse,</em></strong></span> 
     </span>
    </p>
   </div>
   <div class='ocr_carea' id='block_1_81' title="bbox 373 4936 1953 5063">
    <p class='ocr_par' dir='ltr' id='par_1_81' title="bbox 373 4936 1953 5063">
     <span class='ocr_line' id='line_1_81' title="bbox 373 4936 1953 5063; baseline 0.006 -71"><span class='ocrx_word' id='word_1_569' title='bbox 373 4936 655 5063; x_wconf 39' lang='lat' dir='ltr'><strong><em>“(aitait</em></strong></span> <span class='ocrx_word' id='word_1_570' title='bbox 710 4937 852 5003; x_wconf 73' lang='lat'><strong><em>.216,</em></strong></span> <span class='ocrx_word' id='word_1_571' title='bbox 896 4947 1028 4995; x_wconf 90' lang='lat' dir='ltr'><strong><em>tom.</em></strong></span> <span class='ocrx_word' id='word_1_572' title='bbox 1067 4938 1108 4995; x_wconf 87' lang='lat' dir='ltr'><strong><em>ll</em></strong></span> <span class='ocrx_word' id='word_1_573' title='bbox 1137 4939 1395 4998; x_wconf 87' lang='lat' dir='ltr'><strong><em>editionis</em></strong></span> <span class='ocrx_word' id='word_1_574' title='bbox 1444 4943 1755 5000; x_wconf 72' lang='lat' dir='ltr'><strong><em>novissima:</em></strong></span> <span class='ocrx_word' id='word_1_575' title='bbox 1787 4943 1850 5001; x_wconf 84' lang='lat' dir='ltr'><strong><em>D.</em></strong></span> <span class='ocrx_word' id='word_1_576' title='bbox 1882 4945 1953 5002; x_wconf 88' lang='lat' dir='ltr'><strong><em>de</em></strong></span> 
     </span>
    </p>
   </div>
   <div class='ocr_carea' id='block_1_82' title="bbox 397 5025 597 5064">
    <p class='ocr_par' dir='ltr' id='par_1_82' title="bbox 397 5025 597 5064">
     <span class='ocr_line' id='line_1_82' title="bbox 397 5025 597 5064; baseline -0.005 0"><span class='ocrx_word' id='word_1_577' title='bbox 397 5025 428 5064; x_wconf 69' lang='lat'><strong>3</strong></span> <span class='ocrx_word' id='word_1_578' title='bbox 460 5025 597 5063; x_wconf 79' lang='lat' dir='ltr'><strong><em>nue.</em></strong></span> 
     </span>
    </p>
   </div>
   <div class='ocr_carea' id='block_1_83' title="bbox 445 5078 1952 5161">
    <p class='ocr_par' dir='ltr' id='par_1_83' title="bbox 445 5078 1952 5161">
     <span class='ocr_line' id='line_1_83' title="bbox 445 5078 1952 5161; baseline 0.005 -28"><span class='ocrx_word' id='word_1_579' title='bbox 445 5078 559 5161; x_wconf 67' lang='grc'><strong>(54)</strong></span> <span class='ocrx_word' id='word_1_580' title='bbox 592 5079 733 5161; x_wconf 59' lang='lat' dir='ltr'><strong><em>Cum</em></strong></span> <span class='ocrx_word' id='word_1_581' title='bbox 770 5081 972 5161; x_wconf 64' lang='lat' dir='ltr'><strong><em>quibus</em></strong></span> <span class='ocrx_word' id='word_1_582' title='bbox 995 5081 1158 5161; x_wconf 69' lang='lat' dir='ltr'><strong><em>etiam</em></strong></span> <span class='ocrx_word' id='word_1_583' title='bbox 1188 5080 1428 5161; x_wconf 77' lang='lat' dir='ltr'><strong><em>conferri</em></strong></span> <span class='ocrx_word' id='word_1_584' title='bbox 1457 5096 1688 5161; x_wconf 77' lang='lat' dir='ltr'><strong><em>possunt</em></strong></span> <span class='ocrx_word' id='word_1_585' title='bbox 1710 5101 1796 5149; x_wconf 87' lang='lat' dir='ltr'><strong><em>ea,</em></strong></span> <span class='ocrx_word' id='word_1_586' title='bbox 1827 5101 1952 5161; x_wconf 64' lang='lat' dir='ltr'><strong><em>qua;</em></strong></span> 
     </span>
    </p>
   </div>
   <div class='ocr_carea' id='block_1_84' title="bbox 373 5147 1947 5224">
    <p class='ocr_par' dir='ltr' id='par_1_84' title="bbox 373 5147 1947 5224">
     <span class='ocr_line' id='line_1_84' title="bbox 373 5147 1947 5224; baseline 0.006 -19"><span class='ocrx_word' id='word_1_587' title='bbox 373 5147 638 5224; x_wconf 73' lang='lat' dir='ltr'><strong><em>Origenes</em></strong></span> <span class='ocrx_word' id='word_1_588' title='bbox 670 5150 763 5203; x_wconf 90' lang='lat' dir='ltr'><strong><em>lib.</em></strong></span> <span class='ocrx_word' id='word_1_589' title='bbox 780 5147 849 5224; x_wconf 51' lang='grc' dir='ltr'><strong><em>ςιν</em></strong></span> <span class='ocrx_word' id='word_1_590' title='bbox 874 5152 1077 5224; x_wconf 79' lang='lat' dir='ltr'><strong><em>Contra</em></strong></span> <span class='ocrx_word' id='word_1_591' title='bbox 1107 5152 1319 5207; x_wconf 87' lang='lat' dir='ltr'><strong><em>Celsum</em></strong></span> <span class='ocrx_word' id='word_1_592' title='bbox 1361 5147 1616 5223; x_wconf 81' lang='lat' dir='ltr'><strong><em>scripsit,</em></strong></span> <span class='ocrx_word' id='word_1_593' title='bbox 1656 5147 1811 5210; x_wconf 86' lang='lat' dir='ltr'><strong><em>num.</em></strong></span> <span class='ocrx_word' id='word_1_594' title='bbox 1845 5147 1947 5224; x_wconf 55' lang='lat'><strong><em>&#39;40,</em></strong></span> 
     </span>
    </p>
   </div>
   <div class='ocr_carea' id='block_1_85' title="bbox 371 5222 1076 5290">
    <p class='ocr_par' dir='ltr' id='par_1_85' title="bbox 371 5222 1076 5290">
     <span class='ocr_line' id='line_1_85' title="bbox 371 5222 1076 5290; baseline 0.001 -14"><span class='ocrx_word' id='word_1_595' title='bbox 371 5236 427 5290; x_wconf 89' lang='lat' dir='ltr'><strong><em>p.</em></strong></span> <span class='ocrx_word' id='word_1_596' title='bbox 465 5222 593 5286; x_wconf 81' lang='lat'><strong><em>555,</em></strong></span> <span class='ocrx_word' id='word_1_597' title='bbox 614 5229 752 5290; x_wconf 75' lang='lat' dir='ltr'><strong><em>tum.</em></strong></span> <span class='ocrx_word' id='word_1_598' title='bbox 778 5222 799 5274; x_wconf 88' lang='grc' dir='ltr'><strong><em>ι</em></strong></span> <span class='ocrx_word' id='word_1_599' title='bbox 823 5223 954 5276; x_wconf 84' lang='lat' dir='ltr'><strong><em>edit.</em></strong></span> <span class='ocrx_word' id='word_1_600' title='bbox 982 5225 1076 5277; x_wconf 88' lang='lat' dir='ltr'><strong><em>cit.</em></strong></span> 
     </span>
    </p>
   </div>
   <div class='ocr_carea' id='block_1_86' title="bbox 443 5289 1949 5364">
    <p class='ocr_par' dir='ltr' id='par_1_86' title="bbox 443 5289 1949 5364">
     <span class='ocr_line' id='line_1_86' title="bbox 443 5289 1949 5364; baseline 0.006 -19"><span class='ocrx_word' id='word_1_601' title='bbox 443 5291 562 5364; x_wconf 82' lang='lat'><strong><em>(55)</em></strong></span> <span class='ocrx_word' id='word_1_602' title='bbox 608 5289 861 5364; x_wconf 81' lang='lat' dir='ltr'><strong><em>Diversas</em></strong></span> <span class='ocrx_word' id='word_1_603' title='bbox 916 5294 1286 5364; x_wconf 84' lang='lat' dir='ltr'><strong><em>antiquiorum</em></strong></span> <span class='ocrx_word' id='word_1_604' title='bbox 1355 5293 1599 5364; x_wconf 10' lang='lat' dir='ltr'><strong><em>Patrum,</em></strong></span> <span class='ocrx_word' id='word_1_605' title='bbox 1646 5298 1949 5354; x_wconf 86' lang='lat' dir='ltr'><strong><em>sententias</em></strong></span> 
     </span>
    </p>
   </div>
   <div class='ocr_carea' id='block_1_87' title="bbox 373 5362 1948 5439">
    <p class='ocr_par' dir='ltr' id='par_1_87' title="bbox 373 5362 1948 5439">
     <span class='ocr_line' id='line_1_87' title="bbox 373 5362 1948 5439; baseline 0.003 -23"><span class='ocrx_word' id='word_1_606' title='bbox 373 5362 520 5439; x_wconf 78' lang='lat' dir='ltr'><strong><em>circa</em></strong></span> <span class='ocrx_word' id='word_1_607' title='bbox 550 5363 698 5439; x_wconf 73' lang='lat' dir='ltr'><strong><em>hunc</em></strong></span> <span class='ocrx_word' id='word_1_608' title='bbox 720 5362 938 5439; x_wconf 61' lang='lat' dir='ltr'><strong><em>locum,</em></strong></span> <span class='ocrx_word' id='word_1_609' title='bbox 967 5362 1203 5433; x_wconf 85' lang='lat' dir='ltr'><strong><em>quorum</em></strong></span> <span class='ocrx_word' id='word_1_610' title='bbox 1231 5363 1322 5423; x_wconf 87' lang='lat' dir='ltr'><strong><em>alii</em></strong></span> <span class='ocrx_word' id='word_1_611' title='bbox 1354 5379 1450 5439; x_wconf 81' lang='lat' dir='ltr'><strong><em>per</em></strong></span> <span class='ocrx_word' id='word_1_612' title='bbox 1479 5363 1710 5439; x_wconf 66' lang='grc' dir='ltr'><strong><em>χιτῶνας</em></strong></span> <span class='ocrx_word' id='word_1_613' title='bbox 1741 5366 1948 5439; x_wconf 81' lang='grc' dir='ltr'>δερμα-</span> 
     </span>
    </p>
   </div>
   <div class='ocr_carea' id='block_1_88' title="bbox 372 5431 1945 5501">
    <p class='ocr_par' dir='ltr' id='par_1_88' title="bbox 372 5431 1945 5501">
     <span class='ocr_line' id='line_1_88' title="bbox 372 5431 1945 5501; baseline 0.005 -17"><span class='ocrx_word' id='word_1_614' title='bbox 372 5432 554 5495; x_wconf 77' lang='grc' dir='ltr'><strong><em>τίνους</em></strong></span> <span class='ocrx_word' id='word_1_615' title='bbox 605 5431 913 5501; x_wconf 80' lang='lat' dir='ltr'><strong><em>intelligunt</em></strong></span> <span class='ocrx_word' id='word_1_616' title='bbox 955 5431 1178 5496; x_wconf 80' lang='lat' dir='ltr'><strong><em>carnem</em></strong></span> <span class='ocrx_word' id='word_1_617' title='bbox 1225 5431 1533 5497; x_wconf 82' lang='lat' dir='ltr'><strong><em>mortalem,</em></strong></span> <span class='ocrx_word' id='word_1_618' title='bbox 1562 5436 1655 5489; x_wconf 90' lang='lat' dir='ltr'><strong><em>alii</em></strong></span> <span class='ocrx_word' id='word_1_619' title='bbox 1684 5431 1945 5493; x_wconf 68' lang='lat' dir='ltr'><strong><em>arborum</em></strong></span> 
     </span>
    </p>
   </div>
   <div class='ocr_carea' id='block_1_89' title="bbox 374 5502 1948 5576">
    <p class='ocr_par' dir='ltr' id='par_1_89' title="bbox 374 5502 1948 5576">
     <span class='ocr_line' id='line_1_89' title="bbox 374 5502 1948 5576; baseline 0.004 -20"><span class='ocrx_word' id='word_1_620' title='bbox 374 5502 633 5576; x_wconf 71' lang='lat' dir='ltr'><strong><em>cortices,</em></strong></span> <span class='ocrx_word' id='word_1_621' title='bbox 671 5502 763 5576; x_wconf 79' lang='lat' dir='ltr'><strong><em>alii</em></strong></span> <span class='ocrx_word' id='word_1_622' title='bbox 799 5504 1186 5576; x_wconf 84' lang='lat' dir='ltr'><strong><em>mortalitatem</em></strong></span> <span class='ocrx_word' id='word_1_623' title='bbox 1221 5507 1417 5576; x_wconf 87' lang='lat' dir='ltr'><strong><em>ipsam,</em></strong></span> <span class='ocrx_word' id='word_1_624' title='bbox 1451 5504 1541 5557; x_wconf 88' lang='lat' dir='ltr'><strong><em>alii</em></strong></span> <span class='ocrx_word' id='word_1_625' title='bbox 1572 5520 1702 5561; x_wconf 88' lang='lat' dir='ltr'><strong><em>vero</em></strong></span> <span class='ocrx_word' id='word_1_626' title='bbox 1731 5511 1948 5564; x_wconf 88' lang='lat' dir='ltr'><strong><em>tunicas</em></strong></span> 
     </span>
    </p>
   </div>
   <div class='ocr_carea' id='block_1_90' title="bbox 436 5571 1949 5645">
    <p class='ocr_par' dir='ltr' id='par_1_90' title="bbox 436 5571 1949 5645">
     <span class='ocr_line' id='line_1_90' title="bbox 436 5571 1949 5645; baseline 0.005 -20"><span class='ocrx_word' id='word_1_627' title='bbox 436 5572 633 5645; x_wconf 10' lang='lat' dir='ltr'><strong><em>eliliceas</em></strong></span> <span class='ocrx_word' id='word_1_628' title='bbox 673 5571 841 5645; x_wconf 78' lang='lat' dir='ltr'><strong><em>juxt_a</em></strong></span> <span class='ocrx_word' id='word_1_629' title='bbox 877 5573 1112 5629; x_wconf 85' lang='lat' dir='ltr'><strong><em>litteram</em></strong></span> <span class='ocrx_word' id='word_1_630' title='bbox 1167 5571 1621 5645; x_wconf 47' lang='lat' dir='ltr'><strong><em>int—erpraantur,</em></strong></span> <span class='ocrx_word' id='word_1_631' title='bbox 1673 5579 1949 5645; x_wconf 79' lang='lat' dir='ltr'><strong><em>congessit</em></strong></span> 
     </span>
    </p>
   </div>
   <div class='ocr_carea' id='block_1_91' title="bbox 422 5642 1942 5718">
    <p class='ocr_par' dir='ltr' id='par_1_91' title="bbox 422 5642 1942 5718">
     <span class='ocr_line' id='line_1_91' title="bbox 422 5642 1942 5718; baseline 0.004 -22"><span class='ocrx_word' id='word_1_632' title='bbox 422 5644 639 5718; x_wconf 70' lang='lat' dir='ltr'><strong><em>uicerus</em></strong></span> <span class='ocrx_word' id='word_1_633' title='bbox 685 5645 739 5697; x_wconf 87' lang='lat' dir='ltr'><strong><em>iu</em></strong></span> <span class='ocrx_word' id='word_1_634' title='bbox 754 5642 1050 5718; x_wconf 69' lang='lat' dir='ltr'><strong><em>_Thesauro</em></strong></span> <span class='ocrx_word' id='word_1_635' title='bbox 1090 5642 1429 5718; x_wconf 30' lang='lat' dir='ltr'><strong><em>ecclessfsub</em></strong></span> <span class='ocrx_word' id='word_1_636' title='bbox 1466 5658 1599 5718; x_wconf 86' lang='lat' dir='ltr'><strong><em>voce</em></strong></span> <span class='ocrx_word' id='word_1_637' title='bbox 1642 5642 1842 5715; x_wconf 62' lang='lat' dir='ltr'><strong><em>xtta’ir,</em></strong></span> <span class='ocrx_word' id='word_1_638' title='bbox 1888 5663 1942 5718; x_wconf 89' lang='lat' dir='ltr'><strong><em>p.</em></strong></span> 
     </span>
    </p>
   </div>
   <div class='ocr_carea' id='block_1_92' title="bbox 378 5712 1943 5786">
    <p class='ocr_par' dir='ltr' id='par_1_92' title="bbox 378 5712 1943 5786">
     <span class='ocr_line' id='line_1_92' title="bbox 378 5712 1943 5786; baseline 0.005 -21"><span class='ocrx_word' id='word_1_639' title='bbox 378 5712 519 5766; x_wconf 78' lang='lat' dir='ltr'><strong><em>l5l8</em></strong></span> <span class='ocrx_word' id='word_1_640' title='bbox 542 5727 696 5786; x_wconf 81' lang='lat' dir='ltr'><strong><em>seqq.</em></strong></span> <span class='ocrx_word' id='word_1_641' title='bbox 729 5713 903 5786; x_wconf 73' lang='lat' dir='ltr'><strong><em>Cotti.</em></strong></span> <span class='ocrx_word' id='word_1_642' title='bbox 937 5713 1331 5786; x_wconf 65' lang='lat' dir='ltr'><strong><em>etiamﬂuetii</em></strong></span> <span class='ocrx_word' id='word_1_643' title='bbox 1366 5712 1708 5786; x_wconf 77' lang='lat' dir='ltr'><strong><em>Origeniana,</em></strong></span> <span class='ocrx_word' id='word_1_644' title='bbox 1752 5712 1845 5773; x_wconf 87' lang='lat' dir='ltr'><strong><em>lib.</em></strong></span> <span class='ocrx_word' id='word_1_645' title='bbox 1882 5712 1943 5784; x_wconf 86' lang='grc' dir='ltr'>ιί,</span> 
     </span>
    </p>
   </div>
   <div class='ocr_carea' id='block_1_93' title="bbox 378 5782 1176 5856">
    <p class='ocr_par' dir='ltr' id='par_1_93' title="bbox 378 5782 1176 5856">
     <span class='ocr_line' id='line_1_93' title="bbox 378 5782 1176 5856; baseline 0.005 -21"><span class='ocrx_word' id='word_1_646' title='bbox 378 5792 569 5856; x_wconf 61' lang='lat' dir='ltr'><strong><em>quiest.</em></strong></span> <span class='ocrx_word' id='word_1_647' title='bbox 598 5783 686 5856; x_wconf 55' lang='grc' dir='ltr'>Ψ,</span> <span class='ocrx_word' id='word_1_648' title='bbox 722 5782 753 5856; x_wconf 68' lang='grc' dir='ltr'><strong>ς</strong></span> <span class='ocrx_word' id='word_1_649' title='bbox 781 5784 836 5848; x_wconf 89' lang='lat'><strong><em>8,</em></strong></span> <span class='ocrx_word' id='word_1_650' title='bbox 873 5799 927 5854; x_wconf 73' lang='grc' dir='ltr'><strong><em>ι).</em></strong></span> <span class='ocrx_word' id='word_1_651' title='bbox 950 5802 1027 5839; x_wconf 90' lang='lat' dir='ltr'><strong><em>m.</em></strong></span> <span class='ocrx_word' id='word_1_652' title='bbox 1053 5784 1176 5840; x_wconf 86' lang='grc'>168.</span> 
     </span>
    </p>
   </div>
   <div class='ocr_carea' id='block_1_94' title="bbox 449 5851 1941 5927">
    <p class='ocr_par' dir='ltr' id='par_1_94' title="bbox 449 5851 1941 5927">
     <span class='ocr_line' id='line_1_94' title="bbox 449 5851 1941 5927; baseline 0.005 -19"><span class='ocrx_word' id='word_1_653' title='bbox 449 5851 558 5923; x_wconf 71' lang='grc'><strong>(56)</strong></span> <span class='ocrx_word' id='word_1_654' title='bbox 611 5851 784 5927; x_wconf 72' lang='lat' dir='ltr'><strong><em>Quam</em></strong></span> <span class='ocrx_word' id='word_1_655' title='bbox 832 5851 1154 5913; x_wconf 72' lang='lat' dir='ltr'><strong><em>sententiam</em></strong></span> <span class='ocrx_word' id='word_1_656' title='bbox 1191 5859 1327 5923; x_wconf 86' lang='lat' dir='ltr'><strong><em>inter</em></strong></span> <span class='ocrx_word' id='word_1_657' title='bbox 1362 5859 1694 5917; x_wconf 82' lang='lat' dir='ltr'><strong><em>recentiores</em></strong></span> <span class='ocrx_word' id='word_1_658' title='bbox 1745 5859 1941 5921; x_wconf 79' lang='lat' dir='ltr'><strong><em>iterum</em></strong></span> 
     </span>
    </p>
   </div>
   <div class='ocr_carea' id='block_1_95' title="bbox 2056 3276 3637 3348">
    <p class='ocr_par' dir='ltr' id='par_1_95' title="bbox 2056 3276 3637 3348">
     <span class='ocr_line' id='line_1_95' title="bbox 2056 3276 3637 3348; baseline -0.001 -15"><span class='ocrx_word' id='word_1_659' title='bbox 2056 3277 2277 3342; x_wconf 88' lang='lat' dir='ltr'><strong><em>damur,</em></strong></span> <span class='ocrx_word' id='word_1_660' title='bbox 2308 3292 2569 3333; x_wconf 89' lang='lat' dir='ltr'><strong><em>carneum</em></strong></span> <span class='ocrx_word' id='word_1_661' title='bbox 2602 3292 2804 3348; x_wconf 90' lang='lat' dir='ltr'><strong><em>corpus</em></strong></span> <span class='ocrx_word' id='word_1_662' title='bbox 2835 3277 3154 3348; x_wconf 89' lang='lat' dir='ltr'><strong><em>indigitans.</em></strong></span> <span class='ocrx_word' id='word_1_663' title='bbox 3186 3276 3487 3333; x_wconf 88' lang='lat' dir='ltr'><strong><em>Inoleverat</em></strong></span> <span class='ocrx_word' id='word_1_664' title='bbox 3513 3277 3637 3347; x_wconf 87' lang='lat' dir='ltr'><strong><em>qui-</em></strong></span> 
     </span>
    </p>
   </div>
   <div class='ocr_carea' id='block_1_96' title="bbox 2056 3368 3638 3439">
    <p class='ocr_par' dir='ltr' id='par_1_96' title="bbox 2056 3368 3638 3439">
     <span class='ocr_line' id='line_1_96' title="bbox 2056 3368 3638 3439; baseline -0.001 -14"><span class='ocrx_word' id='word_1_665' title='bbox 2056 3371 2178 3425; x_wconf 88' lang='lat' dir='ltr'><strong><em>dem</em></strong></span> <span class='ocrx_word' id='word_1_666' title='bbox 2212 3368 2326 3439; x_wconf 87' lang='lat' dir='ltr'><strong><em>jam</em></strong></span> <span class='ocrx_word' id='word_1_667' title='bbox 2361 3369 2503 3424; x_wconf 84' lang='lat' dir='ltr'><strong><em>inter</em></strong></span> <span class='ocrx_word' id='word_1_668' title='bbox 2520 3369 2938 3439; x_wconf 87' lang='lat' dir='ltr'><strong><em>antiquissimos</em></strong></span> <span class='ocrx_word' id='word_1_669' title='bbox 2972 3371 3259 3426; x_wconf 70' lang='lat' dir='ltr'><strong><em>luereticos</em></strong></span> <span class='ocrx_word' id='word_1_670' title='bbox 3280 3371 3384 3426; x_wconf 89' lang='lat' dir='ltr'><strong><em>ista</em></strong></span> <span class='ocrx_word' id='word_1_671' title='bbox 3417 3370 3638 3438; x_wconf 74' lang='lat' dir='ltr'><strong><em>exposi-</em></strong></span> 
     </span>
    </p>
   </div>
   <div class='ocr_carea' id='block_1_97' title="bbox 2057 3458 3640 3531">
    <p class='ocr_par' dir='ltr' id='par_1_97' title="bbox 2057 3458 3640 3531">
     <span class='ocr_line' id='line_1_97' title="bbox 2057 3458 3640 3531; baseline -0.001 -15"><span class='ocrx_word' id='word_1_672' title='bbox 2057 3462 2154 3526; x_wconf 92' lang='lat' dir='ltr'><strong><em>tio,</em></strong></span> <span class='ocrx_word' id='word_1_673' title='bbox 2182 3476 2346 3530; x_wconf 89' lang='lat' dir='ltr'><strong><em>quam</em></strong></span> <span class='ocrx_word' id='word_1_674' title='bbox 2378 3461 2436 3515; x_wconf 90' lang='lat' dir='ltr'><strong><em>in</em></strong></span> <span class='ocrx_word' id='word_1_675' title='bbox 2461 3460 2962 3520; x_wconf 86' lang='lat' dir='ltr'><strong><em>Valentinianorum</em></strong></span> <span class='ocrx_word' id='word_1_676' title='bbox 2989 3462 3269 3517; x_wconf 89' lang='lat' dir='ltr'><strong><em>erroribus</em></strong></span> <span class='ocrx_word' id='word_1_677' title='bbox 3294 3458 3640 3531; x_wconf 87' lang='lat' dir='ltr'><strong><em>reprehendit</em></strong></span> 
     </span>
    </p>
   </div>
   <div class='ocr_carea' id='block_1_98' title="bbox 2055 3550 3639 3623">
    <p class='ocr_par' dir='ltr' id='par_1_98' title="bbox 2055 3550 3639 3623">
     <span class='ocr_line' id='line_1_98' title="bbox 2055 3550 3639 3623; baseline -0.001 -16"><span class='ocrx_word' id='word_1_678' title='bbox 2055 3551 2292 3609; x_wconf 65' lang='lat' dir='ltr'><strong><em>lrenasus</em></strong></span> <span class='ocrx_word' id='word_1_679' title='bbox 2321 3551 2467 3622; x_wconf 77' lang='grc'><strong>(57),</strong></span> <span class='ocrx_word' id='word_1_680' title='bbox 2498 3550 2870 3609; x_wconf 80' lang='lat' dir='ltr'><strong><em>&#39;l‘ertullianus</em></strong></span> <span class='ocrx_word' id='word_1_681' title='bbox 2912 3553 3057 3623; x_wconf 79' lang='grc'>(58),</span> <span class='ocrx_word' id='word_1_682' title='bbox 3108 3552 3363 3609; x_wconf 86' lang='lat' dir='ltr'><strong><em>Clemens</em></strong></span> <span class='ocrx_word' id='word_1_683' title='bbox 3400 3553 3639 3607; x_wconf 83' lang='lat' dir='ltr'><strong><em>Alexan-</em></strong></span> 
     </span>
    </p>
   </div>
   <div class='ocr_carea' id='block_1_99' title="bbox 2055 3642 3635 3715">
    <p class='ocr_par' dir='ltr' id='par_1_99' title="bbox 2055 3642 3635 3715">
     <span class='ocr_line' id='line_1_99' title="bbox 2055 3642 3635 3715; baseline -0.001 -17"><span class='ocrx_word' id='word_1_684' title='bbox 2055 3643 2250 3698; x_wconf 88' lang='lat' dir='ltr'><strong><em>drinus</em></strong></span> <span class='ocrx_word' id='word_1_685' title='bbox 2281 3642 2417 3714; x_wconf 77' lang='lat'><strong><em>(59),</em></strong></span> <span class='ocrx_word' id='word_1_686' title='bbox 2460 3643 2662 3714; x_wconf 90' lang='lat' dir='ltr'><strong><em>aliique</em></strong></span> <span class='ocrx_word' id='word_1_687' title='bbox 2711 3645 2782 3699; x_wconf 91' lang='lat' dir='ltr'><strong><em>ab</em></strong></span> <span class='ocrx_word' id='word_1_688' title='bbox 2813 3643 3010 3700; x_wconf 87' lang='lat' dir='ltr'><strong><em>Huetio</em></strong></span> <span class='ocrx_word' id='word_1_689' title='bbox 3056 3646 3110 3700; x_wconf 90' lang='lat' dir='ltr'><strong><em>in</em></strong></span> <span class='ocrx_word' id='word_1_690' title='bbox 3142 3643 3502 3715; x_wconf 85' lang='lat' dir='ltr'><strong><em>Origenianis,</em></strong></span> <span class='ocrx_word' id='word_1_691' title='bbox 3526 3644 3635 3699; x_wconf 91' lang='lat' dir='ltr'><strong><em>loc.</em></strong></span> 
     </span>
    </p>
   </div>
   <div class='ocr_carea' id='block_1_100' title="bbox 2055 3730 3640 3804">
    <p class='ocr_par' dir='ltr' id='par_1_100' title="bbox 2055 3730 3640 3804">
     <span class='ocr_line' id='line_1_100' title="bbox 2055 3730 3640 3804; baseline -0.001 -15"><span class='ocrx_word' id='word_1_692' title='bbox 2055 3734 2150 3790; x_wconf 90' lang='lat' dir='ltr'><strong><em>cit.</em></strong></span> <span class='ocrx_word' id='word_1_693' title='bbox 2174 3740 2230 3789; x_wconf 87' lang='lat' dir='ltr'><strong><em>et</em></strong></span> <span class='ocrx_word' id='word_1_694' title='bbox 2248 3730 2296 3787; x_wconf 78' lang='grc' dir='ltr'>ι.</span> <span class='ocrx_word' id='word_1_695' title='bbox 2315 3730 2848 3793; x_wconf 80' lang='lat' dir='ltr'><strong><em>Rod.Wetstenioin</em></strong></span> <span class='ocrx_word' id='word_1_696' title='bbox 2876 3738 3024 3793; x_wconf 87' lang='lat' dir='ltr'><strong><em>notis</em></strong></span> <span class='ocrx_word' id='word_1_697' title='bbox 3056 3739 3121 3791; x_wconf 80' lang='lat' dir='ltr'><strong><em>ad</em></strong></span> <span class='ocrx_word' id='word_1_698' title='bbox 3153 3735 3405 3804; x_wconf 80' lang='lat' dir='ltr'><strong><em>Origenis</em></strong></span> <span class='ocrx_word' id='word_1_699' title='bbox 3453 3734 3640 3789; x_wconf 88' lang='lat' dir='ltr'><strong><em>Dialo-</em></strong></span> 
     </span>
    </p>
   </div>
   <div class='ocr_carea' id='block_1_101' title="bbox 2055 3826 3638 3898">
    <p class='ocr_par' dir='ltr' id='par_1_101' title="bbox 2055 3826 3638 3898">
     <span class='ocr_line' id='line_1_101' title="bbox 2055 3826 3638 3898; baseline 0.001 -20"><span class='ocrx_word' id='word_1_700' title='bbox 2055 3842 2179 3897; x_wconf 84' lang='lat' dir='ltr'><strong><em>gum</em></strong></span> <span class='ocrx_word' id='word_1_701' title='bbox 2223 3836 2406 3880; x_wconf 86' lang='lat' dir='ltr'><strong><em>contra</em></strong></span> <span class='ocrx_word' id='word_1_702' title='bbox 2439 3826 2813 3889; x_wconf 79' lang='lat' dir='ltr'><strong><em>Marcionitas,</em></strong></span> <span class='ocrx_word' id='word_1_703' title='bbox 2860 3843 2914 3898; x_wconf 91' lang='lat' dir='ltr'><strong><em>p.</em></strong></span> <span class='ocrx_word' id='word_1_704' title='bbox 2939 3828 3009 3881; x_wconf 89' lang='lat'><strong><em>88</em></strong></span> <span class='ocrx_word' id='word_1_705' title='bbox 3038 3827 3466 3897; x_wconf 80' lang='lat' dir='ltr'><strong><em>seqq.,excitati.</em></strong></span> <span class='ocrx_word' id='word_1_706' title='bbox 3499 3826 3638 3893; x_wconf 86' lang='lat' dir='ltr'><strong><em>Qui-</em></strong></span> 
     </span>
    </p>
   </div>
   <div class='ocr_carea' id='block_1_102' title="bbox 2054 3914 3636 3985">
    <p class='ocr_par' dir='ltr' id='par_1_102' title="bbox 2054 3914 3636 3985">
     <span class='ocr_line' id='line_1_102' title="bbox 2054 3914 3636 3985; baseline -0.003 -13"><span class='ocrx_word' id='word_1_707' title='bbox 2054 3917 2159 3972; x_wconf 86' lang='lat' dir='ltr'><strong><em>bus</em></strong></span> <span class='ocrx_word' id='word_1_708' title='bbox 2204 3932 2351 3972; x_wconf 92' lang='lat' dir='ltr'><strong><em>nunc</em></strong></span> <span class='ocrx_word' id='word_1_709' title='bbox 2379 3916 2571 3972; x_wconf 88' lang='lat' dir='ltr'><strong><em>saltem</em></strong></span> <span class='ocrx_word' id='word_1_710' title='bbox 2612 3918 2887 3981; x_wconf 82' lang='lat' dir='ltr'><strong><em>addimus,</em></strong></span> <span class='ocrx_word' id='word_1_711' title='bbox 2926 3915 3251 3985; x_wconf 89' lang='lat' dir='ltr'><strong><em>Procopium</em></strong></span> <span class='ocrx_word' id='word_1_712' title='bbox 3281 3914 3534 3970; x_wconf 69' lang='lat' dir='ltr'><strong><em>Garanum</em></strong></span> <span class='ocrx_word' id='word_1_713' title='bbox 3578 3914 3636 3968; x_wconf 88' lang='lat' dir='ltr'><strong><em>in</em></strong></span> 
     </span>
    </p>
   </div>
   <div class='ocr_carea' id='block_1_103' title="bbox 2053 4006 3636 4077">
    <p class='ocr_par' dir='ltr' id='par_1_103' title="bbox 2053 4006 3636 4077">
     <span class='ocr_line' id='line_1_103' title="bbox 2053 4006 3636 4077; baseline -0.002 -14"><span class='ocrx_word' id='word_1_714' title='bbox 2053 4022 2254 4063; x_wconf 89' lang='lat' dir='ltr'><strong><em>comm.</em></strong></span> <span class='ocrx_word' id='word_1_715' title='bbox 2295 4007 2365 4062; x_wconf 88' lang='lat' dir='ltr'><strong><em>ad</em></strong></span> <span class='ocrx_word' id='word_1_716' title='bbox 2396 4022 2517 4076; x_wconf 86' lang='lat' dir='ltr'><strong><em>cap.</em></strong></span> <span class='ocrx_word' id='word_1_717' title='bbox 2544 4023 2604 4061; x_wconf 92' lang='grc' dir='ltr'><strong><em>ιιι</em></strong></span> <span class='ocrx_word' id='word_1_718' title='bbox 2629 4006 2925 4071; x_wconf 88' lang='lat' dir='ltr'><strong><em>Ceneseos,</em></strong></span> <span class='ocrx_word' id='word_1_719' title='bbox 2956 4008 3121 4061; x_wconf 91' lang='lat' dir='ltr'><strong><em>etiam</em></strong></span> <span class='ocrx_word' id='word_1_720' title='bbox 3147 4006 3349 4062; x_wconf 82' lang='lat' dir='ltr'><strong><em>lustini</em></strong></span> <span class='ocrx_word' id='word_1_721' title='bbox 3380 4006 3636 4077; x_wconf 81' lang='lat' dir='ltr'><strong><em>martyris</em></strong></span> 
     </span>
    </p>
   </div>
   <div class='ocr_carea' id='block_1_104' title="bbox 2052 4097 3635 4154">
    <p class='ocr_par' dir='ltr' id='par_1_104' title="bbox 2052 4097 3635 4154">
     <span class='ocr_line' id='line_1_104' title="bbox 2052 4097 3635 4154; baseline -0.002 0"><span class='ocrx_word' id='word_1_722' title='bbox 2052 4099 2356 4154; x_wconf 88' lang='lat' dir='ltr'><strong><em>orationem</em></strong></span> <span class='ocrx_word' id='word_1_723' title='bbox 2401 4097 2481 4152; x_wconf 86' lang='lat' dir='ltr'><strong><em>De</em></strong></span> <span class='ocrx_word' id='word_1_724' title='bbox 2524 4104 2903 4153; x_wconf 87' lang='lat' dir='ltr'><strong><em>resurrectione</em></strong></span> <span class='ocrx_word' id='word_1_725' title='bbox 2941 4098 3085 4153; x_wconf 90' lang='lat' dir='ltr'><strong><em>inter</em></strong></span> <span class='ocrx_word' id='word_1_726' title='bbox 3131 4098 3236 4153; x_wconf 88' lang='lat' dir='ltr'><strong><em>ista</em></strong></span> <span class='ocrx_word' id='word_1_727' title='bbox 3263 4098 3367 4153; x_wconf 87' lang='lat' dir='ltr'><strong><em>SS.</em></strong></span> <span class='ocrx_word' id='word_1_728' title='bbox 3409 4097 3635 4152; x_wconf 85' lang='lat' dir='ltr'><strong><em>Patrum</em></strong></span> 
     </span>
    </p>
   </div>
   <div class='ocr_carea' id='block_1_105' title="bbox 2052 4186 3636 4259">
    <p class='ocr_par' dir='ltr' id='par_1_105' title="bbox 2052 4186 3636 4259">
     <span class='ocr_line' id='line_1_105' title="bbox 2052 4186 3636 4259; baseline -0.001 -12"><span class='ocrx_word' id='word_1_729' title='bbox 2052 4196 2407 4247; x_wconf 87' lang='lat' dir='ltr'><strong><em>monumenta</em></strong></span> <span class='ocrx_word' id='word_1_730' title='bbox 2455 4186 2680 4254; x_wconf 82' lang='lat' dir='ltr'><strong><em>referre,</em></strong></span> <span class='ocrx_word' id='word_1_731' title='bbox 2731 4188 2933 4259; x_wconf 87' lang='lat' dir='ltr'><strong><em>quibus</em></strong></span> <span class='ocrx_word' id='word_1_732' title='bbox 2978 4188 3201 4243; x_wconf 82' lang='lat' dir='ltr'><strong><em>inventa</em></strong></span> <span class='ocrx_word' id='word_1_733' title='bbox 3252 4188 3323 4243; x_wconf 91' lang='lat' dir='ltr'><strong><em>ab</em></strong></span> <span class='ocrx_word' id='word_1_734' title='bbox 3363 4187 3636 4245; x_wconf 72' lang='lat' dir='ltr'><strong><em>haereticis</em></strong></span> 
     </span>
    </p>
   </div>
   <div class='ocr_carea' id='block_1_106' title="bbox 2052 4279 3636 4352">
    <p class='ocr_par' dir='ltr' id='par_1_106' title="bbox 2052 4279 3636 4352">
     <span class='ocr_line' id='line_1_106' title="bbox 2052 4279 3636 4352; baseline -0.001 -15"><span class='ocrx_word' id='word_1_735' title='bbox 2052 4281 2321 4351; x_wconf 74' lang='lat' dir='ltr'><strong><em>expositio</em></strong></span> <span class='ocrx_word' id='word_1_736' title='bbox 2360 4280 2721 4352; x_wconf 86' lang='lat' dir='ltr'><strong><em>pellicearum</em></strong></span> <span class='ocrx_word' id='word_1_737' title='bbox 2771 4279 2966 4337; x_wconf 83' lang='lat' dir='ltr'><strong><em>Adami</em></strong></span> <span class='ocrx_word' id='word_1_738' title='bbox 3014 4281 3327 4335; x_wconf 87' lang='lat' dir='ltr'><strong><em>tunicarum</em></strong></span> <span class='ocrx_word' id='word_1_739' title='bbox 3371 4280 3435 4335; x_wconf 90' lang='lat' dir='ltr'><strong><em>de</em></strong></span> <span class='ocrx_word' id='word_1_740' title='bbox 3476 4296 3636 4335; x_wconf 77' lang='lat' dir='ltr'><strong><em>carne</em></strong></span> 
     </span>
    </p>
   </div>
   <div class='ocr_carea' id='block_1_107' title="bbox 2054 4370 3636 4443">
    <p class='ocr_par' dir='ltr' id='par_1_107' title="bbox 2054 4370 3636 4443">
     <span class='ocr_line' id='line_1_107' title="bbox 2054 4370 3636 4443; baseline 0 -14"><span class='ocrx_word' id='word_1_741' title='bbox 2054 4374 2275 4429; x_wconf 80' lang='lat' dir='ltr'><strong><em>humani</em></strong></span> <span class='ocrx_word' id='word_1_742' title='bbox 2306 4373 2542 4443; x_wconf 86' lang='lat' dir='ltr'><strong><em>corporis</em></strong></span> <span class='ocrx_word' id='word_1_743' title='bbox 2564 4372 2812 4443; x_wconf 88' lang='lat' dir='ltr'><strong><em>rejicitur</em></strong></span> <span class='ocrx_word' id='word_1_744' title='bbox 2841 4370 2978 4443; x_wconf 74' lang='grc'><strong>(40).</strong></span> <span class='ocrx_word' id='word_1_745' title='bbox 3020 4371 3476 4443; x_wconf 85' lang='lat' dir='ltr'><strong><em>Quandoquidem</em></strong></span> <span class='ocrx_word' id='word_1_746' title='bbox 3501 4387 3636 4429; x_wconf 82' lang='lat' dir='ltr'><strong><em>vero</em></strong></span> 
     </span>
    </p>
   </div>
   <div class='ocr_carea' id='block_1_108' title="bbox 2055 4461 3636 4529">
    <p class='ocr_par' dir='ltr' id='par_1_108' title="bbox 2055 4461 3636 4529">
     <span class='ocr_line' id='line_1_108' title="bbox 2055 4461 3636 4529; baseline 0.001 -12"><span class='ocrx_word' id='word_1_747' title='bbox 2055 4462 2291 4519; x_wconf 61' lang='lat' dir='ltr'><strong><em>heretici</em></strong></span> <span class='ocrx_word' id='word_1_748' title='bbox 2328 4466 2385 4517; x_wconf 84' lang='lat' dir='ltr'><strong><em>in</em></strong></span> <span class='ocrx_word' id='word_1_749' title='bbox 2415 4477 2483 4518; x_wconf 90' lang='lat' dir='ltr'><strong><em>eo</em></strong></span> <span class='ocrx_word' id='word_1_750' title='bbox 2518 4476 2708 4517; x_wconf 89' lang='lat' dir='ltr'><strong><em>errore</em></strong></span> <span class='ocrx_word' id='word_1_751' title='bbox 2740 4462 3123 4529; x_wconf 81' lang='lat' dir='ltr'><strong><em>versabantur,</em></strong></span> <span class='ocrx_word' id='word_1_752' title='bbox 3157 4461 3329 4517; x_wconf 90' lang='lat' dir='ltr'><strong><em>Deum</em></strong></span> <span class='ocrx_word' id='word_1_753' title='bbox 3382 4462 3636 4518; x_wconf 81' lang='lat' dir='ltr'><strong><em>faciendo</em></strong></span> 
     </span>
    </p>
   </div>
   <div class='ocr_carea' id='block_1_109' title="bbox 1982 4549 3637 4627">
    <p class='ocr_par' dir='ltr' id='par_1_109' title="bbox 1982 4549 3637 4627">
     <span class='ocr_line' id='line_1_109' title="bbox 1982 4549 3637 4627; baseline 0.004 -22"><span class='ocrx_word' id='word_1_754' title='bbox 1982 4549 2029 4605; x_wconf 87' lang='lat' dir='ltr'><strong>D</strong></span> <span class='ocrx_word' id='word_1_755' title='bbox 2058 4555 2376 4613; x_wconf 85' lang='lat' dir='ltr'><strong><em>hominibus</em></strong></span> <span class='ocrx_word' id='word_1_756' title='bbox 2411 4555 2630 4612; x_wconf 85' lang='lat' dir='ltr'><strong><em>tunicas</em></strong></span> <span class='ocrx_word' id='word_1_757' title='bbox 2658 4555 2914 4626; x_wconf 90' lang='lat' dir='ltr'><strong><em>pelliceas</em></strong></span> <span class='ocrx_word' id='word_1_758' title='bbox 2943 4556 3235 4622; x_wconf 85' lang='lat' dir='ltr'><strong><em>vestivisse</em></strong></span> <span class='ocrx_word' id='word_1_759' title='bbox 3274 4571 3370 4613; x_wconf 90' lang='lat' dir='ltr'><strong><em>eos</em></strong></span> <span class='ocrx_word' id='word_1_760' title='bbox 3395 4556 3637 4627; x_wconf 84' lang='lat' dir='ltr'><strong><em>primum</em></strong></span> 
     </span>
    </p>
   </div>
   <div class='ocr_carea' id='block_1_110' title="bbox 2056 4647 3639 4719">
    <p class='ocr_par' dir='ltr' id='par_1_110' title="bbox 2056 4647 3639 4719">
     <span class='ocr_line' id='line_1_110' title="bbox 2056 4647 3639 4719; baseline 0.001 -14"><span class='ocrx_word' id='word_1_761' title='bbox 2056 4649 2403 4719; x_wconf 89' lang='lat' dir='ltr'><strong><em>corporibus,</em></strong></span> <span class='ocrx_word' id='word_1_762' title='bbox 2436 4648 2596 4719; x_wconf 88' lang='lat' dir='ltr'><strong><em>quasi</em></strong></span> <span class='ocrx_word' id='word_1_763' title='bbox 2625 4658 2753 4704; x_wconf 89' lang='lat' dir='ltr'><strong><em>ante</em></strong></span> <span class='ocrx_word' id='word_1_764' title='bbox 2779 4648 2990 4719; x_wconf 88' lang='lat' dir='ltr'><strong><em>lapsum</em></strong></span> <span class='ocrx_word' id='word_1_765' title='bbox 3014 4647 3259 4706; x_wconf 83' lang='lat' dir='ltr'><strong><em>Adamus</em></strong></span> <span class='ocrx_word' id='word_1_766' title='bbox 3286 4657 3341 4706; x_wconf 89' lang='lat' dir='ltr'><strong><em>et</em></strong></span> <span class='ocrx_word' id='word_1_767' title='bbox 3363 4648 3469 4705; x_wconf 86' lang='lat' dir='ltr'><strong><em>Eva</em></strong></span> <span class='ocrx_word' id='word_1_768' title='bbox 3499 4649 3639 4706; x_wconf 83' lang='lat' dir='ltr'><strong><em>fuis-</em></strong></span> 
     </span>
    </p>
   </div>
   <div class='ocr_carea' id='block_1_111' title="bbox 2054 4740 3638 4812">
    <p class='ocr_par' dir='ltr' id='par_1_111' title="bbox 2054 4740 3638 4812">
     <span class='ocr_line' id='line_1_111' title="bbox 2054 4740 3638 4812; baseline 0.001 -15"><span class='ocrx_word' id='word_1_769' title='bbox 2054 4750 2178 4797; x_wconf 82' lang='lat' dir='ltr'><strong><em>sent</em></strong></span> <span class='ocrx_word' id='word_1_770' title='bbox 2220 4740 2567 4812; x_wconf 85' lang='lat' dir='ltr'><strong><em>incorporei;</em></strong></span> <span class='ocrx_word' id='word_1_771' title='bbox 2606 4755 2716 4796; x_wconf 90' lang='lat' dir='ltr'><strong><em>non</em></strong></span> <span class='ocrx_word' id='word_1_772' title='bbox 2748 4741 2947 4797; x_wconf 90' lang='lat' dir='ltr'><strong><em>desunt</em></strong></span> <span class='ocrx_word' id='word_1_773' title='bbox 2990 4749 3172 4798; x_wconf 88' lang='lat' dir='ltr'><strong><em>tamen</em></strong></span> <span class='ocrx_word' id='word_1_774' title='bbox 3202 4742 3392 4799; x_wconf 75' lang='lat' dir='ltr'><strong><em>Patres</em></strong></span> <span class='ocrx_word' id='word_1_775' title='bbox 3432 4744 3638 4799; x_wconf 82' lang='lat' dir='ltr'><strong><em>rectius</em></strong></span> 
     </span>
    </p>
   </div>
   <div class='ocr_carea' id='block_1_112' title="bbox 2053 4936 3640 5010">
    <p class='ocr_par' dir='ltr' id='par_1_112' title="bbox 2053 4936 3640 5010">
     <span class='ocr_line' id='line_1_112' title="bbox 2053 4936 3640 5010; baseline -0.003 -14"><span class='ocrx_word' id='word_1_776' title='bbox 2053 4940 2378 4996; x_wconf 87' lang='lat' dir='ltr'><strong><em>incrustavit</em></strong></span> <span class='ocrx_word' id='word_1_777' title='bbox 2399 4954 2708 5010; x_wconf 84' lang='lat' dir='ltr'><strong><em>anonymus</em></strong></span> <span class='ocrx_word' id='word_1_778' title='bbox 2733 4938 2958 5009; x_wconf 88' lang='lat' dir='ltr'><strong><em>quidam</em></strong></span> <span class='ocrx_word' id='word_1_779' title='bbox 2976 4943 3030 4997; x_wconf 93' lang='lat' dir='ltr'><strong><em>in</em></strong></span> <span class='ocrx_word' id='word_1_780' title='bbox 3046 4938 3480 4995; x_wconf 80' lang='lat' dir='ltr'><strong><em>Observationum</em></strong></span> <span class='ocrx_word' id='word_1_781' title='bbox 3503 4936 3640 5010; x_wconf 72' lang='lat' dir='ltr'><strong><em>llat-</em></strong></span> 
     </span>
    </p>
   </div>
   <div class='ocr_carea' id='block_1_113' title="bbox 2054 5007 3632 5079">
    <p class='ocr_par' dir='ltr' id='par_1_113' title="bbox 2054 5007 3632 5079">
     <span class='ocr_line' id='line_1_113' title="bbox 2054 5007 3632 5079; baseline -0.001 -14"><span class='ocrx_word' id='word_1_782' title='bbox 2054 5011 2280 5066; x_wconf 88' lang='lat' dir='ltr'><strong><em>lensium</em></strong></span> <span class='ocrx_word' id='word_1_783' title='bbox 2321 5019 2473 5066; x_wconf 92' lang='lat' dir='ltr'><strong><em>tomo</em></strong></span> <span class='ocrx_word' id='word_1_784' title='bbox 2502 5007 2637 5076; x_wconf 81' lang='lat' dir='ltr'><strong><em>Vill,</em></strong></span> <span class='ocrx_word' id='word_1_785' title='bbox 2683 5007 2805 5066; x_wconf 82' lang='lat' dir='ltr'><strong><em>obs.</em></strong></span> <span class='ocrx_word' id='word_1_786' title='bbox 2861 5025 2935 5075; x_wconf 78' lang='grc' dir='ltr'><strong><em>γι,</em></strong></span> <span class='ocrx_word' id='word_1_787' title='bbox 2986 5025 3040 5079; x_wconf 89' lang='lat' dir='ltr'><strong><em>p.</em></strong></span> <span class='ocrx_word' id='word_1_788' title='bbox 3079 5010 3181 5063; x_wconf 80' lang='grc'>157</span> <span class='ocrx_word' id='word_1_789' title='bbox 3214 5024 3392 5077; x_wconf 83' lang='lat' dir='ltr'><strong><em>seqq.;</em></strong></span> <span class='ocrx_word' id='word_1_790' title='bbox 3449 5009 3536 5079; x_wconf 91' lang='lat' dir='ltr'><strong><em>cui</em></strong></span> <span class='ocrx_word' id='word_1_791' title='bbox 3582 5007 3632 5065; x_wconf 83' lang='lat' dir='ltr'><strong><em>J.</em></strong></span> 
     </span>
    </p>
   </div>
   <div class='ocr_carea' id='block_1_114' title="bbox 2053 5078 3637 5150">
    <p class='ocr_par' dir='ltr' id='par_1_114' title="bbox 2053 5078 3637 5150">
     <span class='ocr_line' id='line_1_114' title="bbox 2053 5078 3637 5150; baseline 0 -15"><span class='ocrx_word' id='word_1_792' title='bbox 2053 5080 2312 5137; x_wconf 85' lang='lat' dir='ltr'><strong><em>Fechtius</em></strong></span> <span class='ocrx_word' id='word_1_793' title='bbox 2335 5081 2665 5150; x_wconf 86' lang='lat' dir='ltr'><strong><em>peculiarem</em></strong></span> <span class='ocrx_word' id='word_1_794' title='bbox 2685 5078 3126 5150; x_wconf 70' lang='lat' dir='ltr'><strong><em>dissertationem</em></strong></span> <span class='ocrx_word' id='word_1_795' title='bbox 3156 5079 3224 5133; x_wconf 90' lang='lat' dir='ltr'><strong><em>de</em></strong></span> <span class='ocrx_word' id='word_1_796' title='bbox 3244 5078 3637 5150; x_wconf 68' lang='lat' dir='ltr'><strong><em>gloriosissime</em></strong></span> 
     </span>
    </p>
   </div>
   <div class='ocr_carea' id='block_1_115' title="bbox 2054 5146 3524 5219">
    <p class='ocr_par' dir='ltr' id='par_1_115' title="bbox 2054 5146 3524 5219">
     <span class='ocr_line' id='line_1_115' title="bbox 2054 5146 3524 5219; baseline -0.003 -13"><span class='ocrx_word' id='word_1_797' title='bbox 2054 5153 2267 5208; x_wconf 88' lang='lat' dir='ltr'><strong><em>lucente</em></strong></span> <span class='ocrx_word' id='word_1_798' title='bbox 2292 5146 2486 5206; x_wconf 77' lang='lat' dir='ltr'><strong><em>Adami</em></strong></span> <span class='ocrx_word' id='word_1_799' title='bbox 2513 5166 2743 5219; x_wconf 89' lang='lat' dir='ltr'><strong><em>corpore</em></strong></span> <span class='ocrx_word' id='word_1_800' title='bbox 2767 5150 3023 5219; x_wconf 84' lang='lat' dir='ltr'><strong><em>opposuit</em></strong></span> <span class='ocrx_word' id='word_1_801' title='bbox 3050 5146 3333 5219; x_wconf 75' lang='lat' dir='ltr'><strong><em>Rostocltii</em></strong></span> <span class='ocrx_word' id='word_1_802' title='bbox 3366 5146 3524 5202; x_wconf 82' lang='grc'>1706.</span> 
     </span>
    </p>
   </div>
   <div class='ocr_carea' id='block_1_116' title="bbox 2125 5218 3637 5294">
    <p class='ocr_par' dir='ltr' id='par_1_116' title="bbox 2125 5218 3637 5294">
     <span class='ocr_line' id='line_1_116' title="bbox 2125 5218 3637 5294; baseline -0.002 -15"><span class='ocrx_word' id='word_1_803' title='bbox 2125 5222 2237 5294; x_wconf 80' lang='grc'><strong>(57)</strong></span> <span class='ocrx_word' id='word_1_804' title='bbox 2291 5218 2751 5294; x_wconf 70' lang='lat' dir='ltr'><strong><em>Lib._tAdversus</em></strong></span> <span class='ocrx_word' id='word_1_805' title='bbox 2799 5218 3053 5285; x_wconf 70' lang='lat' dir='ltr'><strong><em>Ilienses,</em></strong></span> <span class='ocrx_word' id='word_1_806' title='bbox 3102 5234 3225 5288; x_wconf 86' lang='lat' dir='ltr'><strong><em>cap.</em></strong></span> <span class='ocrx_word' id='word_1_807' title='bbox 3257 5218 3311 5284; x_wconf 91' lang='grc'><strong><em>1,</em></strong></span> <span class='ocrx_word' id='word_1_808' title='bbox 3362 5233 3518 5273; x_wconf 88' lang='lat' dir='ltr'><strong><em>num.</em></strong></span> <span class='ocrx_word' id='word_1_809' title='bbox 3542 5219 3637 5287; x_wconf 81' lang='grc'>10,</span> 
     </span>
    </p>
   </div>
   <div class='ocr_carea' id='block_1_117' title="bbox 2051 5292 2597 5365">
    <p class='ocr_par' dir='ltr' id='par_1_117' title="bbox 2051 5292 2597 5365">
     <span class='ocr_line' id='line_1_117' title="bbox 2051 5292 2597 5365; baseline -0.004 -18"><span class='ocrx_word' id='word_1_810' title='bbox 2051 5309 2104 5365; x_wconf 90' lang='lat' dir='ltr'><strong><em>p.</em></strong></span> <span class='ocrx_word' id='word_1_811' title='bbox 2134 5292 2372 5365; x_wconf 66' lang='lat' dir='ltr'><strong><em>ascen.</em></strong></span> <span class='ocrx_word' id='word_1_812' title='bbox 2389 5292 2597 5348; x_wconf 85' lang='lat' dir='ltr'><strong><em>Grahii.</em></strong></span> 
     </span>
    </p>
   </div>
   <div class='ocr_carea' id='block_1_118' title="bbox 2126 5358 3639 5435">
    <p class='ocr_par' dir='ltr' id='par_1_118' title="bbox 2126 5358 3639 5435">
     <span class='ocr_line' id='line_1_118' title="bbox 2126 5358 3639 5435; baseline -0.002 -17"><span class='ocrx_word' id='word_1_813' title='bbox 2126 5363 2241 5435; x_wconf 76' lang='lat'><strong><em>(38)</em></strong></span> <span class='ocrx_word' id='word_1_814' title='bbox 2293 5363 2553 5435; x_wconf 82' lang='lat' dir='ltr'><strong><em>Adversus</em></strong></span> <span class='ocrx_word' id='word_1_815' title='bbox 2614 5360 3030 5435; x_wconf 63' lang='lat' dir='ltr'><strong><em>Valentinianus,</em></strong></span> <span class='ocrx_word' id='word_1_816' title='bbox 3079 5374 3199 5430; x_wconf 89' lang='lat' dir='ltr'><strong><em>cap.</em></strong></span> <span class='ocrx_word' id='word_1_817' title='bbox 3230 5358 3322 5426; x_wconf 66' lang='grc'><strong><em>24,</em></strong></span> <span class='ocrx_word' id='word_1_818' title='bbox 3366 5367 3422 5414; x_wconf 88' lang='lat' dir='ltr'><strong><em>et</em></strong></span> <span class='ocrx_word' id='word_1_819' title='bbox 3471 5358 3566 5414; x_wconf 90' lang='lat' dir='ltr'><strong><em>lib.</em></strong></span> <span class='ocrx_word' id='word_1_820' title='bbox 3598 5374 3639 5415; x_wconf 70' lang='grc' dir='ltr'><strong><em>ν</em></strong></span> 
     </span>
    </p>
   </div>
   <div class='ocr_carea' id='block_1_119' title="bbox 2051 5428 2986 5501">
    <p class='ocr_par' dir='ltr' id='par_1_119' title="bbox 2051 5428 2986 5501">
     <span class='ocr_line' id='line_1_119' title="bbox 2051 5428 2986 5501; baseline -0.003 -12"><span class='ocrx_word' id='word_1_821' title='bbox 2051 5428 2531 5490; x_wconf 62' lang='grc' dir='ltr'><strong><em>οβ’τθέιιτνθειίοηε</em></strong></span> <span class='ocrx_word' id='word_1_822' title='bbox 2561 5434 2763 5498; x_wconf 90' lang='lat' dir='ltr'><strong><em>carnis,</em></strong></span> <span class='ocrx_word' id='word_1_823' title='bbox 2792 5428 2986 5501; x_wconf 85' lang='lat' dir='ltr'><strong><em>cap.7.</em></strong></span> 
     </span>
    </p>
   </div>
   <div class='ocr_carea' id='block_1_120' title="bbox 2124 5499 3630 5577">
    <p class='ocr_par' dir='ltr' id='par_1_120' title="bbox 2124 5499 3630 5577">
     <span class='ocr_line' id='line_1_120' title="bbox 2124 5499 3630 5577; baseline -0.005 -17"><span class='ocrx_word' id='word_1_824' title='bbox 2124 5505 2238 5577; x_wconf 75' lang='lat'><strong>(39)</strong></span> <span class='ocrx_word' id='word_1_825' title='bbox 2288 5502 2489 5577; x_wconf 86' lang='lat' dir='ltr'><strong><em>Strom.</em></strong></span> <span class='ocrx_word' id='word_1_826' title='bbox 2542 5503 2638 5557; x_wconf 91' lang='lat' dir='ltr'><strong><em>lib.</em></strong></span> <span class='ocrx_word' id='word_1_827' title='bbox 2665 5517 2750 5577; x_wconf 74' lang='lat' dir='ltr'><strong><em>tu,</em></strong></span> <span class='ocrx_word' id='word_1_828' title='bbox 2796 5499 2985 5577; x_wconf 52' lang='lat' dir='ltr'><strong>p13“)</strong></span> <span class='ocrx_word' id='word_1_829' title='bbox 3031 5500 3288 5577; x_wconf 84' lang='lat' dir='ltr'><strong><em>editionis</em></strong></span> <span class='ocrx_word' id='word_1_830' title='bbox 3334 5499 3630 5577; x_wconf 74' lang='lat' dir='ltr'><strong><em>Sylburgii,</em></strong></span> 
     </span>
    </p>
   </div>
   <div class='ocr_carea' id='block_1_121' title="bbox 2050 5572 3634 5640">
    <p class='ocr_par' dir='ltr' id='par_1_121' title="bbox 2050 5572 3634 5640">
     <span class='ocr_line' id='line_1_121' title="bbox 2050 5572 3634 5640; baseline -0.003 -11"><span class='ocrx_word' id='word_1_831' title='bbox 2050 5572 2143 5630; x_wconf 88' lang='lat' dir='ltr'><strong><em>ubi</em></strong></span> <span class='ocrx_word' id='word_1_832' title='bbox 2173 5572 2425 5630; x_wconf 83' lang='lat' dir='ltr'><strong><em>eumdem</em></strong></span> <span class='ocrx_word' id='word_1_833' title='bbox 2458 5588 2700 5630; x_wconf 87' lang='lat' dir='ltr'><strong><em>errorem</em></strong></span> <span class='ocrx_word' id='word_1_834' title='bbox 2733 5573 2788 5626; x_wconf 87' lang='lat' dir='ltr'><strong><em>in</em></strong></span> <span class='ocrx_word' id='word_1_835' title='bbox 2816 5572 3081 5627; x_wconf 84' lang='lat' dir='ltr'><strong><em>Cassiano</em></strong></span> <span class='ocrx_word' id='word_1_836' title='bbox 3111 5572 3347 5640; x_wconf 87' lang='lat' dir='ltr'><strong><em>quodam</em></strong></span> <span class='ocrx_word' id='word_1_837' title='bbox 3374 5574 3634 5640; x_wconf 73' lang='lat' dir='ltr'><strong><em>damnat;</em></strong></span> 
     </span>
    </p>
   </div>
   <div class='ocr_carea' id='block_1_122' title="bbox 2049 5641 3628 5711">
    <p class='ocr_par' dir='ltr' id='par_1_122' title="bbox 2049 5641 3628 5711">
     <span class='ocr_line' id='line_1_122' title="bbox 2049 5641 3628 5711; baseline -0.002 -10"><span class='ocrx_word' id='word_1_838' title='bbox 2049 5663 2151 5701; x_wconf 86' lang='lat' dir='ltr'><strong><em>nec</em></strong></span> <span class='ocrx_word' id='word_1_839' title='bbox 2182 5646 2363 5700; x_wconf 90' lang='lat' dir='ltr'><strong><em>minus</em></strong></span> <span class='ocrx_word' id='word_1_840' title='bbox 2388 5644 2442 5697; x_wconf 92' lang='lat' dir='ltr'><strong><em>in</em></strong></span> <span class='ocrx_word' id='word_1_841' title='bbox 2467 5643 2744 5711; x_wconf 72' lang='lat' dir='ltr'><strong><em>Excerptis</em></strong></span> <span class='ocrx_word' id='word_1_842' title='bbox 2769 5641 3067 5698; x_wconf 74' lang='lat' dir='ltr'><strong><em>Clementis</em></strong></span> <span class='ocrx_word' id='word_1_843' title='bbox 3095 5657 3159 5695; x_wconf 82' lang='lat' dir='ltr'><strong><em>ea:</em></strong></span> <span class='ocrx_word' id='word_1_844' title='bbox 3186 5642 3473 5708; x_wconf 86' lang='lat' dir='ltr'><strong><em>Theodoto,</em></strong></span> <span class='ocrx_word' id='word_1_845' title='bbox 3505 5657 3628 5711; x_wconf 85' lang='lat' dir='ltr'><strong><em>pag.</em></strong></span> 
     </span>
    </p>
   </div>
   <div class='ocr_carea' id='block_1_123' title="bbox 2050 5712 3325 5784">
    <p class='ocr_par' dir='ltr' id='par_1_123' title="bbox 2050 5712 3325 5784">
     <span class='ocr_line' id='line_1_123' title="bbox 2050 5712 3325 5784; baseline -0.004 -12"><span class='ocrx_word' id='word_1_846' title='bbox 2050 5717 2147 5772; x_wconf 70' lang='lat'><strong><em>571</em></strong></span> <span class='ocrx_word' id='word_1_847' title='bbox 2192 5716 2297 5784; x_wconf 88' lang='lat' dir='ltr'><strong><em>(vel</em></strong></span> <span class='ocrx_word' id='word_1_848' title='bbox 2337 5729 2389 5784; x_wconf 92' lang='lat' dir='ltr'><strong><em>p.</em></strong></span> <span class='ocrx_word' id='word_1_849' title='bbox 2417 5714 2540 5784; x_wconf 76' lang='lat'><strong><em>797,</em></strong></span> <span class='ocrx_word' id='word_1_850' title='bbox 2571 5712 2677 5769; x_wconf 84' lang='lat' dir='ltr'><strong><em>col.</em></strong></span> <span class='ocrx_word' id='word_1_851' title='bbox 2709 5713 2745 5767; x_wconf 77' lang='lat'><strong><em>‘2</em></strong></span> <span class='ocrx_word' id='word_1_852' title='bbox 2784 5713 3043 5784; x_wconf 80' lang='lat' dir='ltr'><strong><em>editionis</em></strong></span> <span class='ocrx_word' id='word_1_853' title='bbox 3070 5712 3325 5784; x_wconf 73' lang='lat' dir='ltr'><strong><em>Potteri).</em></strong></span> 
     </span>
    </p>
   </div>
   <div class='ocr_carea' id='block_1_124' title="bbox 2121 5782 3632 5855">
    <p class='ocr_par' dir='ltr' id='par_1_124' title="bbox 2121 5782 3632 5855">
     <span class='ocr_line' id='line_1_124' title="bbox 2121 5782 3632 5855; baseline -0.005 -14"><span class='ocrx_word' id='word_1_854' title='bbox 2121 5782 2232 5852; x_wconf 76' lang='grc'><strong>(10)</strong></span> <span class='ocrx_word' id='word_1_855' title='bbox 2262 5782 2385 5839; x_wconf 78' lang='lat' dir='ltr'><strong><em>Vid.</em></strong></span> <span class='ocrx_word' id='word_1_856' title='bbox 2415 5783 2464 5838; x_wconf 77' lang='lat' dir='ltr'><strong><em>J.</em></strong></span> <span class='ocrx_word' id='word_1_857' title='bbox 2490 5784 2553 5841; x_wconf 86' lang='lat' dir='ltr'><strong><em>E.</em></strong></span> <span class='ocrx_word' id='word_1_858' title='bbox 2583 5784 2767 5839; x_wconf 84' lang='lat' dir='ltr'><strong><em>Grabii</em></strong></span> <span class='ocrx_word' id='word_1_859' title='bbox 2816 5782 3158 5855; x_wconf 83' lang='lat' dir='ltr'><strong><em>Spicilegium</em></strong></span> <span class='ocrx_word' id='word_1_860' title='bbox 3184 5782 3414 5839; x_wconf 83' lang='lat' dir='ltr'><strong><em>Patrum</em></strong></span> <span class='ocrx_word' id='word_1_861' title='bbox 3440 5790 3489 5837; x_wconf 88' lang='lat' dir='ltr'><strong><em>et</em></strong></span> <span class='ocrx_word' id='word_1_862' title='bbox 3521 5784 3632 5842; x_wconf 64' lang='lat' dir='ltr'><strong><em>hc-</em></strong></span> 
     </span>
    </p>
   </div>
   <div class='ocr_carea' id='block_1_125' title="bbox 2053 5856 2878 5926">
    <p class='ocr_par' dir='ltr' id='par_1_125' title="bbox 2053 5856 2878 5926">
     <span class='ocr_line' id='line_1_125' title="bbox 2053 5856 2878 5926; baseline 0 -15"><span class='ocrx_word' id='word_1_863' title='bbox 2053 5861 2334 5914; x_wconf 81' lang='lat' dir='ltr'><strong><em>reticorum</em></strong></span> <span class='ocrx_word' id='word_1_864' title='bbox 2362 5856 2544 5911; x_wconf 71' lang='lat' dir='ltr'><strong><em>swculi</em></strong></span> <span class='ocrx_word' id='word_1_865' title='bbox 2577 5872 2637 5921; x_wconf 90' lang='grc' dir='ltr'><strong>ιι,</strong></span> <span class='ocrx_word' id='word_1_866' title='bbox 2675 5872 2731 5926; x_wconf 90' lang='lat' dir='ltr'><strong><em>p.</em></strong></span> <span class='ocrx_word' id='word_1_867' title='bbox 2758 5856 2878 5911; x_wconf 68' lang='grc'>191.</span> 
     </span>
    </p>
   </div>
  </div>
