4058 6384
439 405 576 462 14θὸ

1272 403 1626 461 MACARIUS
1663 404 1960 461 MAGNISS.
2002 403 2281 459 NOTI'I‘IA
2314 403 2402 458 ET
2442 402 2881 461 FRAGMENTA.

3547 403 3685 460 1404

437 524 755 589 sentientes,
783 522 876 593 qui
917 523 1196 594 mysticam
1234 509 1380 577 illam
1417 524 1764 595 pellicearum
1792 523 2004 578 tunica—

2114 523 2301 576 στάσει
2349 523 2418 576 τὰ
2448 524 2674 594 σώματα
2703 523 2807 577 τῶν
2853 522 3169 594 ἀνθρώπων.
3227 522 3281 577 Id
3326 531 3447 578 est:
3480 520 3683 576 Habuit

436 627 562 666 rum
589 611 1002 682 expositionem,
1026 627 1189 667 sensu
1222 611 1348 667 licet
1372 614 1440 668 ab
1467 613 1735 668 haereticis
1768 613 2006 668 maxime

437 703 675 767 diverso,
726 703 1126 773 quodammodo
1177 705 1548 774 approbarunt
1588 720 1602 757 :
1646 705 1855 761 scilicet
1904 706 2006 761 sub

436 794 696 852 historica
728 796 1043 850 narratione
1075 796 1267 851 litterae
1296 797 1462 851 etiam
1503 797 1637 852 illud
1683 797 2005 867 signiﬁcari,

434 887 641 956 primos
677 886 925 942 homines
950 895 1073 956 post
1101 898 1383 958 peccatum
1419 902 1647 958 corpore
1689 890 1907 943 mortali
1943 905 2008 944 ac

434 974 614 1045 fragili
659 975 826 1031 fuisse
868 974 1108 1039 indutos,
1146 976 1515 1045 voluptatibus
1559 979 1739 1033 carnis
1776 978 2005 1045 deditus,

433 1073 490 1121 et
518 1066 821 1125 innumeris
848 1065 1006 1120 malis
1038 1073 1201 1134 atque
1232 1066 1472 1121 miseriis
1502 1068 1768 1124 obnoxios
1830 1070 2010 1124 reddi-

437 1167 541 1213 tos.
579 1157 856 1224 Quorsum
913 1167 1159 1228 spectant
1190 1160 1351 1213 verba
1399 1158 1641 1230 Gregorii
1675 1159 2006 1214 Nazianzeni

432 1252 683 1305 oratione
720 1264 929 1306 xxxvi"
971 1252 1022 1303 in
1055 1248 1399 1305 Nativitatem
1427 1250 1629 1306 Christi
1667 1266 1681 1303 :
1726 1252 1836 1306 Καὶ
1880 1252 2008 1315 τοὺς

430 1342 784 1414 δερματίνους
826 1342 1185 1413 ἀμφιέννυται
1234 1342 1488 1412 χιτῶνας,
1536 1320 1665 1406 Eadd;
1702 1342 1800 1413 τὴν
1831 1358 2006 1412 παχυη

430 1436 595 1507 τέραν
658 1435 841 1508 σάρκα
910 1436 1005 1488 καὶ
1065 1434 1303 1505 θνητὴν,
1365 1436 1460 1488 καὶ
1527 1435 1843 1499 ἀντίτυπον,
1912 1435 2008 1488 καὶ

428 1522 586 1576 τοῦτο
616 1524 830 1594 πρῶτον
848 1524 1104 1591 γινώσκει
1137 1523 1235 1594 τὴν
1267 1524 1402 1577 ἰδίαν
1434 1523 1717 1595 αἰσχύνην,
1759 1527 1853 1578 καὶ
1901 1525 2007 1577 ἀπὸ

428 1612 564 1666 Θεοῦ
594 1614 912 1685 κρύπτεται.
941 1615 1227 1686 Κερδαὶνει
1266 1615 1365 1687 μέν
1394 1634 1447 1670 τι
1477 1617 1757 1670 κάνταῦθα
1783 1618 1873 1670 τὸν
1906 1617 2003 1670 θά-

427 1719 608 1768 νατον,
637 1705 728 1757 καὶ
751 1704 811 1756 τὸ
832 1704 1155 1775 διακοπῆναι
1175 1705 1274 1777 τὴν
1306 1707 1604 1779 ἁμαρτίαν,
1637 1708 1721 1761 ἵνα
1755 1708 1828 1778 μὴ
1873 1708 2006 1761 ἀθά-

337 1864 340 1871 .
429 1810 589 1850 νατον
706 1799 768 1851 τὸ
788 1799 976 1852 κακόν.
1006 1800 1117 1853 Καὶ
1155 1799 1361 1867 γίνεται
1386 1800 1758 1872 φιλανθρωπία
1783 1802 1816 1871 ἡ
1837 1818 2005 1870 τιμω-

431 1888 541 1959 ρία.
584 1888 637 1942 ld
672 1899 752 1943 est
793 1908 805 1942 :
854 1889 920 1943 Et
957 1889 1201 1958 pelliceas
1241 1892 1448 1944 tunicas
1500 1891 1705 1956 induit,
1757 1892 1855 1946 hoc
1901 1903 2000 1960 est,

431 1980 662 2049 fortasse
695 1981 1009 2035 crassiorem
1055 1997 1287 2047 carnem,
1332 1991 1383 2036 et
1425 1983 1703 2035 mortalem
1736 2000 1798 2037 ac
1826 1984 2002 2054 refra-

326 2072 331 2077 ’
424 2073 655 2125 ctoriam
676 2088 695 2125 :
718 2072 987 2142 primoque
1019 2074 1266 2141 probrum
1300 2089 1455 2126 suum
1492 2084 1543 2126 et
1565 2074 1785 2127 dedecus
1816 2091 2004 2145 cogno-

425 2163 559 2226 scit,
591 2160 792 2233 Deoque
830 2179 885 2217 se
920 2162 1216 2217 abscondit.
1264 2163 1435 2233 Atque
1476 2164 1561 2217 hic
1595 2180 1797 2234 quoque
1827 2175 2002 2219 tamen

426 2261 652 2307 mortem
678 2269 741 2307 ac
768 2254 967 2322 peccati
999 2254 1361 2322 pra-cisionem
1394 2254 1685 2319 elucratnr,
1715 2271 1779 2309 ne
1801 2256 2000 2310 malum

423 2342 730 2397 immortale
779 2352 934 2397 esset.
986 2342 1077 2397 Ita
1117 2360 1270 2414 paena
1316 2345 1435 2412 ipsa
1485 2344 1541 2396 in
1589 2345 2000 2399 misericordiam

424 2434 600 2486 cessit.
642 2432 773 2499 Quae
818 2434 1007 2489 eadem
1059 2432 1241 2489 adhuc
1284 2442 1608 2503 repetuntur
1643 2434 1698 2487 in
1748 2435 1999 2489 oratione

426 2523 601 2592 ipsius
652 2523 888 2578 secunda
943 2523 997 2578 in
1027 2523 1259 2586 Pascha.
1290 2541 1342 2593 p.
1375 2541 1451 2579 m.
1474 2524 1601 2579 257.
1660 2524 1995 2581 Sententiam

423 2613 672 2686 Gregorii
721 2614 793 2670 ita
844 2615 1229 2685 interpretatur
1273 2614 1491 2672 Nicetas
1533 2615 1824 2672 Serronius
1851 2618 1992 2686 (ll):

426 2707 596 2776 Atque
635 2710 796 2761 etiam
843 2707 1077 2776 pellicem
1118 2718 1305 2772 vestes,
1344 2724 1476 2777 quas
1509 2707 1765 2762 Dominus
1792 2709 2016 2777 Adanto,

423 2797 692 2867 ipsiusque
721 2799 877 2853 uxori
915 2798 1060 2867 fecit,
1097 2799 1489 2853 mortalitatem
1527 2799 1805 2870 carnisque
1847 2815 1996 2854 cras—

427 2889 600 2943 sitiem
643 2889 966 2960 signiﬁcant.
1014 2888 1219 2959 Corpus
1267 2893 1407 2944 enim
1431 2890 1627 2945 Adami
1670 2908 1704 2945 a
1734 2893 1995 2961 principio

430 2981 635 3034 tenuius
666 2989 780 3035 erat
816 2990 867 3034 et
906 2981 1155 3045 mollius,
1191 2984 1308 3035 nec:
1332 2981 1544 3037 omnino
1598 2982 1820 3036 mortale
1843 3022 1857 3043 ,
1904 2984 1994 3037 sed

430 3072 620 3128 media:
672 3072 950 3142 cujusdam
1004 3074 1324 3127 conditionis
1367 3075 1507 3128 inter
1544 3075 1771 3129 mortale
1808 3084 1858 3129 et
1894 3077 1995 3129 im-

426 3164 669 3221 mortale.
723 3166 793 3220 At
838 3174 956 3235 post
1000 3169 1466 3236 transgressionem
1491 3208 1508 3233 ,
1553 3169 1991 3237 quemadmodum
2017 3205 2060 3262 Ο

425 3257 579 3327 pellis
615 3273 799 3311 crassa
829 3267 927 3321 est,
954 3266 1005 3311 et
1026 3269 1259 3323 mortua,
1291 3274 1353 3311 ac
1381 3259 1538 3325 dura,
1567 3259 1644 3314 ita
1678 3276 1802 3313 caro
1830 3261 1991 3315 etiam

425 3365 631 3413 crassa,
668 3359 719 3403 et
748 3349 945 3418 gratis,
983 3358 1033 3402 et
1071 3348 1348 3416 mortalis,
1389 3366 1453 3402 ac
1484 3350 1622 3403 dura
1652 3358 1704 3404 et
1733 3351 1995 3420 refracta-

426 3442 514 3494 ria
557 3438 689 3511 (42).
750 3436 955 3495 Praeter
1006 3438 1317 3509 Origenem,
1367 3441 1461 3509 qui
1500 3441 1552 3493 in
1587 3451 1879 3497 comment.
1925 3441 1993 3494 ad

428 3531 565 3586 Gen.
614 3543 699 3597 ill,
745 3530 838 3597 21,
895 3530 1037 3584 hanc
1084 3531 1395 3599 Opinionem
1437 3532 1651 3599 quidem
1703 3532 1993 3587 admodum

427 3622 785 3692 probabilem,
812 3635 923 3675 non
955 3629 1132 3675 tamen
1164 3622 1438 3697 evidenter
1483 3637 1666 3676 veram
1696 3637 1818 3677 esse
1845 3622 1995 3692 judi-

429 3712 575 3766 cavit
600 3709 1063 3780 (45),Methodius
1094 3710 1258 3764 etiam
1293 3710 1416 3765 loco
1446 3726 1610 3781 supra
1641 3711 1877 3766 excitato
1905 3727 1998 3767 ve-

429 3812 542 3859 stes
584 3802 705 3856 illas
749 3817 854 3857 non
897 3800 1113 3873 quidem
1157 3802 1387 3856 mortale
1429 3817 1627 3870 corpus
1673 3817 1795 3857 esse
1834 3803 1993 3868 dixit,

428 3893 524 3948 sed
552 3892 795 3962 corporis
820 3899 978 3946 antea
1006 3892 1349 3958 immortalis,
1377 3892 1572 3947 deinde
1596 3908 1725 3948 vero
1750 3895 1996 3949 mortalis

427 3983 606 4040 eﬁ‘ecti
632 3984 1043 4041 dissolutionem
1080 3985 1406 4054 signiﬁcare.
1456 3983 1735 4040 Pertinent
1765 3986 1873 4041 huc
1900 4001 1997 4056 pa-

427 4079 562 4133 riter
582 4091 646 4132 ea
669 4091 790 4146 quae
830 4077 887 4130 in
909 4076 1247 4131 bibliothecae
1269 4075 1445 4145 Regia:
1462 4074 1782 4132 Parisiensis
1806 4078 1998 4133 codice

378 4168 700 4227 .ms.i998
730 4180 836 4223 ~me
883 4167 1078 4239 legisse
1129 4167 1353 4222 memini
1402 4168 1469 4222 de
1516 4168 1621 4235 hoc
1652 4177 1992 4237 argumento,

433 4258 658 4324 Qualem
701 4258 940 4314 habuerit
988 4275 1201 4314 carnem
1227 4259 1709 4327 homo,antequam
1736 4269 1992 4328 peccaret.

432 4347 563 4423 Εἶχε
607 4351 706 4423 μὲν
738 4351 844 4423 γὰρ
876 4351 971 4404 καὶ
999 4350 1127 4421 πρὶν
1163 4348 1387 4423 ἁμάρτῃ
1407 4349 1608 4422 σᾴρκα,
1643 4349 1761 4403 ἀλλ’
1792 4351 1853 4404 οὐ
1888 4368 1996 4407 παμ-

432 4445 604 4513 χείαν,
648 4441 771 4500 οὐδὲ
815 4441 1016 4514 θνητὴν
1039 4480 1056 4507 ,
1105 4439 1240 4495 ἀλλὰ
1293 4442 1408 4496 οἵαν
1448 4439 1626 4506 ἕξουσι
1668 4443 1726 4495 ὲν
1759 4444 1826 4511 τῇ
1866 4442 1998 4497 ἀνα-

504 4574 617 4645 (Η)
638 4575 697 4645 In
727 4572 1127 4645 commentariis
1155 4573 1221 4629 ad
1244 4573 1485 4645 Gregorii
1514 4573 1838 4629 Nazianzeni
1870 4589 1995 4629 ora-

434 4644 613 4699 tiones
638 4644 853 4705 citata-s,
883 4659 938 4713 p.
956 4659 1035 4713 in.
1065 4644 1168 4699 479
1203 4653 1259 4697 et
1288 4644 1490 4713 p.547.

506 4714 619 4782 (42)
646 4711 940 4776 Gregorius
954 4711 1231 4784 Nyssenus
1256 4711 1310 4766 in
1339 4712 1705 4782 Disputatione
1729 4713 1995 4784 deﬁanima

434 4793 484 4838 et
506 4784 900 4845 resurrectione,
927 4798 981 4851 p.
1002 4783 1076 4836 m.
1099 4783 1225 4849 278,
1252 4784 1491 4838 tunicam
1519 4784 1664 4837 illam
1690 4783 1990 4852 pelliceam,

434 4869 596 4924 quam
623 4853 765 4924 Dens
793 4852 1190 4924 liomirninlapso
1216 4863 1435 4924 propter
1469 4854 1887 4924 propensionem
1924 4854 1994 4907 ad

435 4871 596 4976 303"]
623 4871 765 4907 ueus
793 4871 996 4906 ηοιῐιιηι
1037 4871 1190 4922 lapso
1216 4871 1435 4922 propter
1469 4871 1887 4924 propensmnem
1924 4871 1986 4907 au

472 4926 675 4980 eterius
707 4922 1083 4986 circumdedit,
1112 4922 1346 4992 appellat
1373 4934 1643 4978 mortuam
1687 4939 1751 4977 ac
1774 4932 1986 4991 turpem

437 4992 585 5049 illam
612 4993 850 5048 tunicam
876 5007 944 5047 ex
968 4992 1178 5047 ratione
1205 4994 1513 5048 carentibus
1540 4994 1696 5048 nobis
1718 4992 1991 5061 injectam,

433 5081 526 5132 per
558 5079 718 5133 quam
759 5072 968 5118 natura:
999 5061 1167 5133 brut_4_e
1200 5072 1249 5116 et
1282 5064 1614 5133 irrationalis
1652 5063 1993 5132 proprietates

434 5131 632 5188 homini
658 5133 902 5188 admistte
933 5141 1075 5186 sunt.
1106 5131 1258 5187 Unde
1285 5131 1462 5188 Moses
1492 5132 1827 5199 Bar-Cepha,
1860 5132 1949 5184 lib.
1978 5147 1993 5186 l

434 5204 513 5257 De
550 5203 824 5272 paradiso,
867 5218 988 5272 cap.
1011 5202 1105 5268 28,
1130 5203 1344 5267 scribit,
1366 5219 1431 5256 ex
1460 5205 1727 5258 sententia
1748 5200 1993 5272 Gregorii

438 5270 662 5341 Nysseni
688 5274 901 5328 tunicas
926 5270 1176 5341 pelliceas
1222 5272 1392 5326 fuisse
1422 5273 1723 5328 libidinem.
1767 5270 1991 5333 coitum,

436 5352 780 5412 conceptum,
820 5353 1053 5413 partum.
1096 5343 1492 5405 educationem,
1540 5357 1645 5413 qua
1684 5341 1993 5413 minutatim

436 5408 779 5480 augescimus
801 5408 837 5477 ,'
874 5413 1188 5466 alimentum
1214 5451 1229 5475 ,
1287 5414 1537 5465 morbum
1558 5408 1581 5476 “,
1634 5408 1992 5480 iracundiam,

440 5478 667 5535 mortem
721 5482 994 5551 denique:
1032 5481 1115 5536 his
1162 5483 1308 5534 enim
1359 5482 1615 5536 omnibus
1660 5478 1824 5551 malis
1875 5480 1994 5551 illos

440 5550 657 5605 indutos
702 5566 822 5627 esse
849 5549 883 5627 ,ξ
915 5551 1087 5605 simul
1120 5560 1283 5627 atque
1322 5550 1765 5620 douisSpiritus
1820 5549 1995 5602 sancti

439 5629 571 5676 sunt
601 5620 882 5688 exspoliati
895 5661 907 5672 .

512 5688 637 5759 (43)
672 5687 872 5743 Locum
901 5687 1181 5759 Origenis,
1211 5705 1371 5758 quem
1402 5689 1771 5745 Thcodoretus
1799 5696 1991 5759 quaest.

439 5755 510 5812 39
530 5757 581 5810 in
599 5755 830 5811 Genesin
858 5769 913 5813 et
935 5755 1356 5813 oninesCaienae
1384 5774 1492 5811 uno
1521 5774 1787 5813 consensu
1819 5755 1994 5813 cidem

443 5825 707 5891 tribuunt,
740 5826 878 5881 inter
907 5828 1100 5882 selecta
1139 5843 1205 5883 ex
1229 5828 1631 5884 Commentariis
1665 5829 1913 5901 Orige-nis
1939 5829 1995 5882 in

2111 613 2346 683 quidem,
2380 615 2541 666 etiam
2593 623 2873 683 antequam
2913 622 3170 682 peccaret,
3203 629 3431 677 carnem,
3462 613 3552 666 sed
3579 629 3682 665 non

2112 704 2243 757 adeo
2285 720 2556 770 crassam,
2612 720 2771 774 neque
2803 704 3094 768 mortalem,
3141 720 3319 759 verum
3370 703 3580 773 qualem
3624 703 3684 757 in

2110 794 2490 847 resurrectione
2544 810 2762 863 corpora
2807 795 3075 848 hominum
3123 794 3370 847 habitura
3406 795 3532 847 sint.
3584 792 3685 849 Est

2107 897 2312 952 tamen,
2360 887 2505 958 quod
2554 888 2683 942 huic
2728 887 2889 943 etiam
2931 888 3213 942 sententia:
3254 886 3448 942 merito
3475 885 3681 957 opponi

2107 978 2326 1049 poterit,
2373 993 2496 1033 eum
2526 993 2635 1033 non
2665 978 2869 1034 eaedem
2918 979 3028 1033 sint
3062 978 3354 1049 qualitates
3386 992 3678 1047 corporum

2106 1070 2557 1140 gloriﬁcatorum,
2605 1079 2659 1123 et
2699 1070 2943 1139 corporis
2983 1069 3173 1124 Adami
3211 1070 3391 1124 adhuc
3431 1070 3485 1123 in
3529 1079 3679 1124 statu

2107 1160 2425 1215 tentationis
2465 1160 2770 1214 constituti.
2822 1157 2957 1214 Nam
3007 1160 3217 1230 primus
3270 1161 3433 1216 homo
3482 1162 3678 1230 pulve-

2105 1266 2235 1309 reus
2283 1270 2315 1309 c
2365 1260 2512 1306 terra
2562 1248 2738 1305 factus
2818 1259 2903 1305 est
2944 1251 3010 1305 ad
3051 1251 3351 1306 naturalem
3386 1251 3584 1318 vitam;
3622 1260 3681 1306 at

2104 1341 2429 1410 corporibus
2461 1343 2515 1395 in
2544 1341 2946 1397 resurrectione
2979 1341 3294 1409 gloritlcatis
3322 1341 3497 1412 major
3523 1357 3678 1412 qua:-

2104 1432 2228 1486 dam
2260 1433 2532 1488 subtilitas
2565 1448 2629 1488 ac
2660 1432 3017 1502 spiritualitas
3049 1433 3306 1487 tribuitur
3334 1433 3402 1488 ab
3426 1433 3678 1503 apostolo

2102 1523 2272 1577 Paulo
2305 1522 2477 1578 lCor.
2512 1540 2601 1590 xv,
2635 1523 2704 1578 44
2738 1539 2919 1594 seqq.,
2964 1539 3086 1595 quae
3113 1526 3179 1579 de
3216 1539 3446 1594 corpore
3478 1525 3675 1578 Adami

2104 1630 2210 1669 non
2248 1614 2547 1685 gloriﬁcato
2588 1614 2844 1669 allirmari
2893 1615 3082 1685 nequit
3120 1632 3136 1669 :
3179 1616 3316 1670 alias
3347 1615 3496 1669 nulla
3526 1622 3677 1670 esset

2104 1705 2419 1760 differentia
2443 1705 2583 1760 inter
2616 1715 2819 1760 statum
2866 1706 3195 1775 integritatis
3223 1714 3283 1760 ct
3303 1715 3521 1760 aeternae
3550 1706 3674 1776 glo-

2104 1795 2217 1850 riae.
2572 1838 2587 1851 κ

2175 1886 2499 1943 Macarianae
2529 1887 2748 1942 demum
2795 1885 3228 1957 interpretationi
3269 1886 3472 1941 saniori
3505 1902 3673 1957 sensu

2105 1988 2338 2046 acceptae
2365 1987 2647 2058 succurret
2693 1978 2810 2048 ipsa
2839 1976 3135 2047 Scriptura
3183 1993 3354 2033 sacrae
3399 1978 3570 2041 notio,
3615 1981 3663 2032 si

2103 2069 2447 2127 conferamus
2475 2072 2638 2126 verba
2670 2072 2729 2129 Β.
2751 2071 2903 2127 ludas
2929 2071 2983 2126 in
3012 2072 3183 2142 Epist.
3212 2088 3265 2127 v.
3289 2072 3381 2137 23,
3416 2071 3505 2125 ubi
3537 2088 3673 2143 apo-

2103 2164 2275 2219 stolus
2329 2164 2514 2218 ﬁdeles
2578 2165 2812 2234 graviter
2876 2164 3194 2219 cohortatur
3243 2163 3310 2217 ad
3355 2170 3568 2219 mentes
3613 2165 3672 2218 iu

2100 2254 2224 2320 ﬁde,
2255 2253 2587 2323 precatione,
2628 2268 2815 2308 amore
2839 2263 2889 2309 et
2925 2268 3019 2323 spe
3046 2253 3472 2319 conservandas,
3506 2261 3675 2323 atque

2101 2360 2131 2398 a
2161 2346 2287 2399 vita;
2314 2342 2589 2398 terrestris
2622 2342 2875 2398 sordibus
2902 2342 3288 2412 prrecavendas
3315 2361 3327 2395 :
3367 2340 3671 2412 μισοῦντες,

2100 2433 2305 2502 inquit,
2358 2433 2452 2486 καὶ
2486 2431 2577 2485 τὸν
2619 2431 2725 2485 ἀπὸ
2784 2431 2884 2501 τῆς
2923 2430 3124 2502 σαρκὸς
3173 2430 3541 2502 ἐσπιλωμένον
3586 2448 3675 2502 χι-

2097 2524 2261 2588 τῶνα,
2287 2526 2408 2578 odio
2430 2525 2677 2578 habentes
2715 2540 2831 2577 eam
2868 2524 3123 2590 tunicam,
3154 2540 3271 2594 quae
3308 2541 3343 2577 a
3364 2540 3522 2578 carne
3553 2540 3673 2577 ma-

2099 2618 2276 2670 culata
2304 2627 2400 2671 est.
2436 2615 2695 2683 Quamvis
2719 2616 2964 2685 Apostoli
3000 2630 3168 2685 scopo
3197 2614 3528 2671 conveniens
3556 2614 3669 2669 uti—

2098 2724 2205 2776 que
2249 2710 2322 2763 sit
2361 2725 2423 2763 ea
2468 2707 2762 2777 explicatio
2807 2707 3167 2777 interpretum
3204 2715 3541 2772 nostrorum,
3573 2707 3677 2776 qui-

2098 2799 2189 2854 bic
2228 2799 2293 2854 ad
2338 2808 2593 2853 externas
2636 2798 2852 2854 vivendi
2902 2798 3206 2868 agendique
3248 2798 3674 2855 consuetudines

2096 2892 2431 2961 respiciunt,
2498 2891 2699 2961 quibus
2745 2892 2899 2961 pravi
2961 2905 3021 2947 se
3070 2891 3322 2946 homines
3369 2906 3437 2946 ex
3485 2892 3678 2947 saeculi-

2096 2997 2251 3037 more
2291 2984 2448 3052 quasi
2485 2985 2780 3050 amiciant;
2818 2982 2981 3038 altius
3026 2992 3207 3037 tamen
3252 2983 3544 3052 repetenda
3582 2984 3671 3037 vi-

2095 3074 2255 3128 detur
2282 3074 2448 3144 hujus
2490 3075 2750 3144 phraseos
2800 3073 2973 3149 origo,
3020 3074 3226 3130 scilicet
3258 3092 3288 3129 a
3314 3074 3519 3130 tunicis
3560 3074 3673 3131 illis

2093 3164 2378 3234 pelliceis,
2440 3165 2642 3236 quibus
2684 3166 2956 3234 corrupta
3015 3164 3319 3235 primorum
3380 3172 3675 3234 parentum-

2097 3269 2227 3309 caro
2253 3253 2357 3309 fuit
2383 3255 2740 3310 circumdata.
2773 3252 2899 3309 Haec
2925 3262 3045 3309 erat
3070 3253 3254 3309 tunica
3287 3254 3378 3308 illa
3403 3253 3667 3318 carnalis,

2093 3361 2202 3416 qua
2245 3359 2556 3416 peccatores
2588 3345 2738 3400 carni
2770 3361 2883 3400 suae
2908 3345 3138 3415 ejusque
3158 3345 3371 3400 vitiosis
3403 3346 3673 3415 cupidita-

2094 3436 2243 3491 tibus
2274 3437 2638 3507 obsequentes
2680 3444 2805 3505 post
2851 3435 3061 3505 lapsum
3098 3435 3485 3504 induebantur,
3513 3452 3671 3506 quae—

2094 3547 2201 3602 que
2233 3529 2539 3584 alidclibus
2584 3527 2642 3581 in
2668 3535 2814 3583 statu
2865 3527 3303 3597 regenerationis.
3343 3529 3494 3583 omni
3539 3530 3672 3586 odio

2094 3631 2177 3675 est
2200 3618 2598 3690 prosequenda,
2627 3627 2683 3673 et
2704 3618 2903 3673 virtute
2930 3617 3163 3688 Spiritus
3192 3618 3379 3689 gratim
3398 3620 3669 3690 exuenda,

2096 3713 2234 3783 Eph.
2258 3728 2333 3779 1v,
2358 3711 2451 3765 22.

2100 3826 2128 3898 ς
2170 3824 2310 3880 XXI.
2374 3823 2631 3898 Doctrina
2675 3822 2932 3893 Magnetis
2965 3823 3029 3898 de
3065 3833 3276 3893 peccato
3309 3817 3527 3895 Originis
3573 3842 3672 3895 per

2343 3894 2730 3965 generationem
2769 3893 3070 3948 naturalem
3109 3893 3420 3963 propagato.

2165 3986 2243 4041 Ex
2272 3985 2543 4057 superiori
2575 3985 2739 4057 igitur
2778 3985 3101 4041 tractatione
3128 3999 3225 4054 per
3251 4000 3311 4041 se
3332 3985 3444 4056 jam
3473 3994 3672 4055 sponte

2097 4078 2390 4149 colligitur,
2430 4077 2560 4147 quid
2605 4079 2672 4133 de
2708 4088 2930 4147 peccato
2971 4076 3199 4148 originis
3229 4077 3464 4133 senserit
3483 4075 3671 4134 Maca-

2097 4171 2213 4225 rius
2243 4191 2254 4225 :
2282 4169 2558 4223 hominem
2593 4168 2802 4225 scilicet
2840 4169 2908 4224 ad
2940 4169 3231 4240 imaginem
3262 4169 3356 4226 Dei
3385 4175 3669 4231 conditum

2096 4277 2194 4332 per
2222 4260 2489 4315 libertatis
2514 4260 2745 4315 abusum
2779 4259 3066 4330 pristinam
3102 4261 3470 4330 cognitionem
3495 4265 3669 4322 virtu-

2098 4352 2170 4407 tis
2215 4362 2380 4421 atque
2433 4351 2570 4416 vitii,
2614 4352 2668 4406 in
2713 4366 2821 4420 qua
2861 4351 2931 4405 ab
2969 4351 3127 4405 initio
3173 4350 3439 4409 formatus
3489 4354 3674 4413 fuerat

2099 4440 2154 4512 (ᾗ
2181 4441 2291 4509 17),
2336 4455 2445 4495 una
2485 4456 2609 4497 cum
2652 4440 2938 4497 sanctitate
2975 4442 3269 4512 primaeva,
3309 4445 3579 4513 amisisse,
3613 4456 3674 4503 et

2097 4579 2318 4651 Genesin
2336 4578 2520 4633 retulit
2546 4576 2856 4651 D_._Carolus
2879 4577 3020 4651 dela
3043 4577 3160 4632 Rue
3187 4587 3337 4634 tomo
3362 4578 3402 4633 ll
3427 4579 3668 4651 Operam

2094 4650 2364 4721 Otigenis,
2395 4663 2449 4716 p.
2473 4663 2549 4700 ιιι.
2576 4646 2666 4710 29,
2696 4662 2763 4701 ex
2795 4662 2906 4717 quo
2942 4648 3059 4702 haec
3084 4664 3256 4717 pauca
3285 4646 3499 4716 saltem,
3531 4669 3662 4721 quae

2095 4720 2163 4773 ad
2180 4719 2503 4791 institutum
2552 4724 2797 4791 nostrum
2838 4726 3100 4791 spectant,
3149 4733 3423 4791 apponere
3464 4719 3663 4791 juvat:

2095 4789 2263 4858 Πάλιν
2301 4786 2499 4858 λέγειν,
2535 4786 2662 4858 τοὺς
2698 4786 3051 4858 δερματίνους
3081 4786 3313 4858 χιτῶνας
3341 4788 3440 4841 οὐκ
3466 4786 3667 4857 ἄλλους

2096 4854 2235 4930 εἶναι
2259 4897 2273 4920 ,
2331 4854 2474 4930 ἢξτὰ
2514 4854 2771 4930 σῲματας
2800 4854 3027 4930 ’πιθανὸν
3062 4854 3181 4928 μὲν,
3225 4858 3315 4930 καὶ
3347 4861 3427 4930 εις
3457 4854 3666 4930 συγκαί-

2094 4926 2778 5013 τάοξσινλέέπιοζπάησασραδι
2838 4926 3154 5013 summa»,
3184 4927 3269 5010 ,οὐ
3331 4928 3436 5013 μὴν
3498 4926 3671 5002 σαφὲς

2092 4998 2167 5069 ᾡς
2196 4995 2394 5069 ᾁληθές
2412 5013 2424 5025 ·
2459 4997 2514 5069 el
2532 4995 2638 5066 γὰρ
2662 4998 2710 5069 οἱ
2739 4995 3061 5069 δξρμάτινοιλ
3087 4997 3309 5069 χιτῶνες
3333 4995 3539 5069 σάρκες
3572 4995 3669 5055 καὶ

2094 5064 2422 5145 ὀοζτέαηβεισὶι
2439 5064 2555 5145 πῷς
2582 5064 2689 5145 πρὸ
2709 5064 2911 5145 τούτοιν
2943 5064 3119 5135 φησὶν
3143 5068 3172 5119 ὁ
3200 5067 3400 5145 ιἈᾷάρέ
3413 5064 3427 5098 ³
3446 5138 3459 5145 _
3482 5070 3665 5145 Τοῦςο

2093 5136 2212 5190 νῦν
2243 5135 2465 5208 ὀστοῦν
2489 5135 2558 5188 ἐκ
2586 5135 2925 5208 τῶνλόστῷν
2945 5154 3083 5205 μου,
3114 5136 3217 5208 καὶ
3244 5135 3400 5205 σὰρξ
3433 5138 3504 5192 ἐκ
3551 5138 3677 5208 τῆς

2094 5206 2321 5277 σαρκός
2361 5220 2517 5277 μους
2554 5221 2697 5277 uss.
2718 5203 2767 5256 λ.
2816 5203 3046 5259 Rursum
3087 5206 3277 5277 dicere,
3323 5203 3489 5261 uestes
3530 5203 3673 5264 illas.

2096 5276 2342 5347 pelliceas
2377 5274 2508 5327 nihil
2548 5274 2698 5347 aliud
2743 5290 2874 5347 esse,
2916 5290 3073 5347 quam
3107 5276 3349 5345 corpora,
3388 5277 3665 5347 probabile

2096 5346 2307 5417 quidem
2350 5353 2442 5417 est
2470 5353 2518 5398 et
2548 5343 2842 5417 ejusmodi,
2882 5343 2946 5417 ut
2973 5345 3040 5397 ad
3080 5343 3464 5417 assentiendum
3501 5348 3667 5417 facile

2097 5413 2338 5486 inducat;
2352 5413 2442 5467 sed
2461 5430 2571 5486 non
2585 5414 2974 5486 evidens,quale
2994 5430 3106 5469 esse
3125 5416 3295 5478 debet,
3319 5419 3457 5486 quod
3482 5413 3665 5473 uerum

2094 5493 2189 5537 est.
2209 5484 2286 5558 _Si
2313 5485 2449 5537 enim
2474 5484 2701 5558 pellicere
2718 5492 2894 5558 _uestes
2927 5493 3049 5558 sunt
3076 5501 3256 5539 carnes
3282 5484 3341 5539 et
3358 5503 3499 5551 ossa,
3524 5503 3661 5558 quo-

2097 5555 2252 5607 modo
2296 5563 2452 5606 antea
2486 5554 2621 5607 dixit
2648 5552 2818 5605 Adam
2841 5569 2860 5607 :
2895 5571 2914 5604 ι
2943 5552 3059 5608 Hoc
3098 5571 3234 5608 nunc
3265 5572 3323 5609 os
3363 5571 3427 5610 ea:
3453 5552 3662 5612 ossibus

2097 5624 2255 5689 meis,
2286 5633 2336 5699 et
2372 5638 2497 5699 caro
2529 5622 2595 5699 de
2618 5638 2775 5699 carne
2815 5624 2968 5699 mea?
2996 5641 3015 5674 ι
3055 5635 3175 5699 etc._
3199 5624 3360 5699 Conf.
3393 5624 3665 5699 βίοι-θηγ-

2096 5708 2219 5748 mus
2246 5693 2404 5762 epist.
2437 5691 2495 5745 61
2531 5692 2597 5745 ad
2632 5693 3059 5755 Pammachium,
3089 5695 3181 5748 ubi
3212 5695 3352 5749 hanc
3384 5691 3669 5753 ﬂuctuati:

2099 5772 2205 5817 tem
2237 5763 2555 5818 sententiam
2590 5762 2839 5833 Origenis
2869 5762 3081 5820 crimini
3117 5764 3220 5836 ipsi
3252 5766 3432 5822 vertit.
