4058 6422
489 466 629 523 “03

1097 461 1154 516 S.
1197 457 1615 514 ARCHELAUS
1653 454 2166 511 MESOPOTAMIAE
2204 452 2602 511 EPISCOPUS’.
2628 482 2696 495 —
2719 452 3012 509 NOTITIA.

3575 455 3714 511 “06

484 581 792 641 ccontrario
838 582 1254 651 propensionem
1305 580 1373 634 ad
1421 579 1560 633 mala
1599 579 1762 633 veluti
1811 578 2039 630 tunicam

2151 579 2244 630 καὶ
2284 579 2382 649 τὴν
2427 578 2656 646 ὓπαρξιν
2697 580 2759 630 ὲκ
2794 579 3041 649 ρυπαρᾶς
3077 577 3184 630 τῶν
3223 577 3438 651 σαρκῶν
3484 575 3715 649 βλάστης

484 673 760 732 carnalem
817 672 1180 741 assumpsisse
1216 693 1228 726 :
1267 673 1402 725 adeo
1441 681 1500 725 ut
1537 686 1682 724 nunc
1722 671 2048 738 deploranda

483 769 558 822 sit
587 767 869 821 hominum
901 765 1162 828 conditio,
1194 765 1284 834 qui
1310 780 1375 818 ex
1403 763 1680 818 immunda
1711 763 1892 817 carnis
1927 776 2050 829 pro-

485 857 773 930 pagatione
803 856 1145 910 existentiam
1177 871 1327 910 suam
1361 855 1622 924 ceperint,
1657 853 1887 908 docente
1913 853 2049 907 Jobo

485 968 606 1020 cap.
660 965 772 1015 x1v,
803 950 859 1014 tl,
898 959 952 1004 et
993 948 1192 1004 Davide
1239 948 1433 1019 psalm.
1480 962 1554 1010 LI,
1601 946 1650 1000 7.
1699 944 1884 1000 Elucet
1937 945 2050 998 haec

486 1043 753 1099 sententia
779 1043 1020 1098 auctoris
1046 1042 1216 1096 nostri
1239 1057 1304 1094 ex
1319 1037 1720 1110 comparatione
1735 1037 2048 1106 angelorum

487 1143 650 1203 atque
699 1136 978 1188 hominum
1017 1133 1350 1195 mortalium,
1387 1147 1546 1201 quam
1581 1129 1928 1198 sequentibus
1969 1128 2051 1180 in-

487 1225 662 1279 stituit
702 1225 918 1280 verbis:
956 1226 1065 1295 Τὴν
1115 1223 1488 1295 μακαριότητα
1525 1220 1692 1286 δεῖξαι
1736 1219 2051 1290 βουλόμενος

483 1319 513 1370 ὁ
539 1317 772 1388 Χριστὸς
814 1316 921 1370 τῶν
953 1317 1119 1368 οἰκεῖν
1152 1316 1421 1386 λαχόντων
1451 1313 1548 1384 τὴν
1573 1313 1818 1384 οὐράνιον
1841 1310 2049 1381 χώραν,

485 1409 578 1461 καὶ
616 1407 895 1463 ταλανισαι
927 1410 1052 1470 τοὺς
1092 1409 1148 1461 ἐν
1196 1407 1370 1478 φθορᾷ
1403 1405 1502 1475 τῆς
1551 1404 1655 1473 γῆς
1689 1402 2046 1473 βιοτεύοντας,

488 1572 1952 1600 _

2157 671 2538 741 ἀνειληφότας,
2563 669 2929 739 γεννωμένους
2959 669 3052 721 καὶ
3076 668 3396 736 γεννῶντας,
3433 670 3527 722 καὶ
3561 670 3716 739 δίκην

2158 763 2365 832 φύλλων
2401 763 2589 816 Θᾶττον
2616 761 2996 832 ἁπορῤἐοντας,
3027 761 3209 833 φησίν,
3245 779 3300 814 κ.
3325 779 3374 814 τ.
3399 762 3446 815 λ.
3472 761 3713 816 Christus

2156 853 2489 906 indicaturus
2527 852 2900 905 beatitudinem
2929 867 3128 916 eorum,
3159 851 3346 921 quibus
3381 851 3600 907 ccclesiis
3630 868 3714 906 re-

2158 943 2242 1010 gio
2277 941 2566 993 habitanda
2621 941 2840 1010 obtigit,
2890 939 3258 1010 deploraturus
3301 950 3475 994 autem
3522 951 3715 995 sortem

2156 1031 2369 1084 illorum
2401 1032 2489 1100 qtti
2524 1032 2578 1084 in
2611 1031 2706 1084 hac
2744 1041 2950 1084 terrena
2986 1032 3308 1084 mortalitate
3334 1032 3529 1095 vivunt,
3561 1042 3616 1085 et.
3647 1034 3712 1084 ab

2155 1123 2428 1176 immunda
2465 1139 2740 1191 corporum
2769 1123 3146 1192 germinatione
3189 1123 3538 1175 substantiam
3569 1139 3716 1192 cepe-

2154 1226 2295 1279 runt,
2325 1215 2484 1284 geniti
2513 1215 2906 1284 gignentesque,
2936 1223 2986 1267 et
3018 1216 3188 1267 instar
3212 1214 3462 1283 foliorum
3490 1215 3593 1266 cito
3630 1215 3717 1267 de-

2157 1306 2398 1373 ﬂuentes,
2437 1305 2546 1359 haec
2584 1305 2721 1358 dixit
2760 1304 2904 1373 (qua:
2931 1304 3138 1359 scilicet
3187 1305 3242 1357 in
3274 1303 3715 1358 antecedentibus

2153 1413 2219 1452 ex
2247 1395 2378 1450 Luc.
2405 1413 2496 1463 xx,
2529 1396 2620 1463 55,
2646 1395 2733 1462 56,
2763 1395 2994 1449 adducta
3024 1395 3218 1466 erant),
3252 1405 3354 1450 eLc.

1969 1561 3702 1598 αι-εμ--ᾉῌ--ᾲ--Ξ

1537 1729 1728 1773 ειιιεΔ
1770 1728 1996 1771 ANNUM
2036 1725 2266 1769 DOMINI
2303 1725 2647 1769 οςιχινιιι.

930 2103 938 2112 ,
1085 1907 1300 2120 S.
1534 1903 3113 2117 ARCHELAUS

1555 2232 2162 2296 MESOPOTAML‘E
2218 2230 2640 2294 EPISCOPUS

889 2542 1487 2660 NOTITIA
1578 2540 3302 2659 HlSTORICO-LITTERARIA

1268 2765 1556 2828 (Gutum,
1583 2764 1813 2814 Veterum
1835 2763 2041 2812 Patrum
2065 2759 2378 2822 Bibliotheca,
2405 2760 2491 2821 Ill,
2517 2759 2740 2823 Proleg.,
2763 2773 2814 2822 p.
2843 2758 2952 2822 ιιι..)

481 3056 523 3115 Ι.
557 3058 833 3114 Dissensus
863 3070 1090 3114 veterum
1137 3059 1200 3113 de
1241 3060 1495 3128 scriptore
1544 3059 1792 3112 Actorum
1839 3060 2028 3123 dispu—
2067 3065 2106 3122 Β
2140 3059 2226 3113 IX.
2267 3059 2432 3124 quue
2457 3074 2667 3112 rursum
2701 3057 2981 3111 astruitur.

547 3133 760 3183 tationis
826 3146 943 3182 cum
978 3129 1214 3199 _Manete,
1260 3130 1415 3199 facile
1466 3129 1847 3182 conciliandus.
1906 3129 2033 3181 llrec

544 3205 678 3253 Acta
710 3200 936 3269 primum
964 3197 1270 3269 Syr-iacekab‘
1298 3200 1552 3253 Archelao
1594 3201 1789 3268 scripta
1815 3200 2034 3269 :deimle

547 3270 682 3338 forte
710 3267 786 3322 ab
819 3267 1133 3338 Hegemonio
1160 3267 1568 3323 Chalcedonensi
1587 3267 1828 3337 episcopo
1856 3268 2034 3323 Grazce

548 3337 776 3392 reddita.
810 3338 950 3402 Quid
979 3337 1289 3392 censendum
1322 3339 1383 3392 de
1409 3337 1603 3391 Latina
1628 3341 1898 3394 versione?

477 3406 538 3462 II.
569 3408 789 3462 Latinus
815 3409 1064 3474 interpres
1103 3406 1288 3463 erca
1325 3410 1558 3464 versione
1585 3411 1837 3462 Actorum
1873 3409 2034 3478 fuisse

548 3496 676 3532 usus
700 3479 1082 3547 comprobatur.

476 3545 564 3601 III.
629 3547 776 3600 Num
817 3545 1113 3602 Archelaus
1168 3557 1359 3617 prteter
1419 3548 1554 3602 Acta
1613 3548 2035 3617 disputationis,

544 3619 678 3672 alios
695 3618 868 3688 libros
899 3627 1082 3688 contra
1110 3617 1370 3672 Manetem
1399 3618 1786 3688 perscripserit,
1818 3621 2038 3688 inquiri-

544 3697 649 3741 tur.
685 3686 886 3754 Lapsus
921 3686 1226 3757 Epiphanii.

472 3754 561 3812 Π.
609 3757 894 3810 Archelaus
937 3754 1039 3810 non
1075 3756 1458 3812 Cascharorum
1493 3768 1582 3811 aut
1621 3756 2032 3823 Carcharorum,

626 3827 715 3880 sed
746 3827 1069 3881 Charrarum
1100 3830 1154 3880 in
1189 3827 1568 3894 Mesopotamia
1592 3829 1882 3896 episcopus.

473 3891 703 4018 V.MQuo
761 3907 987 3964 tempore
1047 3897 1226 3951 habita
1273 3891 1562 3965 disputatio
1616 3891 1860 3951 Archelai
1920 3914 2037 3951 cum

607 3975 776 4018 anete.

607 3975 776 4020 anete.

473 4032 563 4088 Vl.
597 4034 837 4089 Secundo
867 4050 1004 4088 anno
1031 4033 1194 4087 Probi
1212 4036 1336 4103 imp.
1359 4034 1522 4102 juxta
1553 4034 1856 4089 Eusebium.

477 4104 586 4158 VII.
641 4104 826 4158 Verum
887 4105 941 4158 id
997 4104 1250 4160 accidisse
1309 4114 1546 4158 currente
1593 4121 1730 4158 anno
1779 4105 1885 4160 277
1936 4115 2048 4162 sta-

547 4176 735 4228 tuitur.

473 4241 612 4297 VIII.
659 4247 909 4297 Actorum
968 4243 1346 4312 disputationis
1399 4243 1689 4312 antiquitas
1745 4252 1900 4313 atque
1954 4243 2034 4296 in-

543 4315 761 4384 tegritas
804 4315 1214 4368 demonstratur.

2141 3129 2208 3182 X.
2260 3129 2576 3182 Eorumdem
2620 3130 2870 3182 Actorum
2923 3130 3114 3182 veritas
3167 3129 3332 3200 magis
3373 3129 3547 3184 adhuc
3586 3147 3710 3186 co»-

2214 3201 2450 3267 ﬁrmata.
2859 3232 2871 3244 .

2139 3268 2230 3324 XI.
2265 3270 2348 3322 An
2380 3269 2448 3320 ad
2475 3285 2566 3321 nos
2601 3267 2804 3336 integra
2830 3270 3154 3334 pervenerint
3185 3268 3443 3338 ejusmodi
3472 3271 3626 3325 Acta.

2142 3338 2262 3408 XII:
2290 3339 2487 3408 Quibus
2515 3352 2579 3391 ea:
2607 3337 2871 3391 codicibus
2909 3337 3191 3408 descripta.

2145 3407 2284 3461 XIII.
2330 3407 2579 3476 Magnum
2621 3422 2685 3461 ex
2729 3408 2868 3460 hisce
2912 3409 3059 3462 Actis
3084 3407 3298 3462 accedit
3339 3409 3616 3463 catholica:
3645 3410 3711 3477 ﬁ-

2212 3479 2297 3531 dei
2345 3479 2653 3546 prwsidium
2681 3486 2837 3545 atque
2871 3489 3256 3532 ornamentum.
3293 3479 3432 3532 Hinc
3462 3482 3588 3532 item
3621 3497 3708 3534 rc-

2215 3549 2701 3619 rumantiquarum
2726 3547 2978 3602 studiosis
3020 3549 3222 3619 aliquid
3250 3549 3583 3603 emolumenti
3626 3567 3710 3602 ac-

2212 3618 2481 3671 ccrsitum.

2143 3685 2282 3741 XIV.
2351 3685 2616 3740 Hactenus
2673 3686 2955 3741 observatis
3018 3686 3216 3742 additas
3273 3687 3537 3740 nanmtllat
3591 3687 3711 3739 ani-

2214 3757 2598 3811 madversiones
2657 3757 2718 3810 de
2761 3758 2878 3812 sede
2920 3757 3164 3810 Archelai
3200 3757 3507 3826 episcopali,
3542 3756 3711 3826 deque

2213 3828 2466 3879 Actorum
2498 3828 2873 3896 disputationis
2922 3828 2986 3879 ab
3028 3843 3087 3880 eo
3123 3828 3318 3882 habin
3359 3825 3478 3881 eum
3503 3825 3711 3881 Manete

2215 3897 2536 3949 intearitate.

2215 3913 2536 3965 integritate.

2145 3963 2283 4035 Χν,
2317 3966 2775 4035 Anfragmentum
2825 3964 2959 4018 illud
2991 3964 3273 4029 Actorum,
3311 3965 3450 4034 quod
3499 3981 3564 4019 ea:
3605 3964 3710 4034 Cyi-

2216 4034 2326 4086 rilli
2365 4033 2836 4104 Hierosolymitani
2865 4037 3123 4087 catechesi
3150 4051 3201 4086 νι
3231 4033 3570 4103 descriptum,
3611 4033 3708 4088 iis-

2221 4105 2338 4155 dem
2363 4105 2511 4173 Actis
2542 4104 2843 4173 subjicitur,
2866 4104 3126 4173 integrum
3156 4104 3416 4158 Archelao
3453 4106 3521 4157 sit
3548 4106 3708 4157 attri-

2218 4172 2498 4226 buendum.
2543 4172 2725 4226 Pauca
2763 4172 2988 4226 insuver’
3018 4173 3082 4226 de
3110 4183 3289 4227 nostra
3313 4175 3501 4227 horum
3546 4175 3706 4227 Acto-

2221 4258 2339 4295 rum
2363 4242 2609 4296 editione.

468 4408 578 4471 Ea:
641 4411 705 4473 γ.
743 4409 813 4472 C.
844 4409 1172 4470 Laurentii
1219 4409 1522 4488 Zacagnii
1558 4409 1930 4489 prwfatione
1982 4407 2063 4467 ad
2091 4404 2481 4466 Collectanea
2527 4417 3064 4468 monumentorum
3112 4407 3407 4476 Ecclesia
3437 4408 3698 4486 Graecae,

1904 4505 1967 4564 p.
2037 4504 2106 4546 tu
2138 4502 2297 4564 seqq.

429 4644 433 4646 -
494 4609 581 4676 ιι.
612 4609 791 4666 Editio
829 4610 1086 4664 Actorum
1130 4610 1272 4665 bina:
1305 4610 1688 4682 disputationis
1719 4612 1788 4667 ab
1818 4611 2023 4666 Arche-
2051 4617 2094 4676 (ζ
2129 4626 2250 4681 pus,
2288 4609 2340 4663 in
2367 4609 2520 4664 libris
2549 4617 2887 4678 quoscontra
2901 4608 3226 4665 Manielueos
3240 4605 3702 4680 eonscripsit,He-

471 4700 559 4756 Iao
582 4699 990 4771 Mesopotamiae-
1009 4699 1265 4769 episeopo
1291 4715 1415 4755 eum
1443 4700 1652 4757 Manete
1681 4701 1903 4757 nefariae
1926 4703 2026 4756 lue-

471 4808 657 4849 reseos
688 4801 929 4856 auctore,
980 4792 1122 4860 apud
1171 4789 1370 4846 Carras
1419 4793 1679 4862 primum,
1737 4793 1935 4849 deinde
1977 4794 2032 4847 in

471 4885 779 4941 Diodoridis
812 4885 930 4940 vi'co
962 4883 1180 4949 habitae,
1223 4892 1335 4937 tum
1380 4885 1450 4938 ob
1487 4885 1728 4939 materiae
1761 4895 2028 4954 praestan-

474 4977 626 5044 tiam,
655 4985 770 5030 tum
799 4975 870 5031 ob
902 4975 979 5030 rei
1009 4981 1171 5044 gestae
1196 4975 1596 5044 antiquitatem,
1631 4975 2030 5045 acceptissima,

473 5075 534 5122 ut
559 5067 814 5134 arbitror,
844 5066 951 5121 illis
975 5066 1101 5129 erit,
1134 5065 1228 5134 qui
1266 5081 1547 5121 sacrarum
1577 5067 1884 5122 litterarum
1916 5077 2034 5121 stu-

470 5160 561 5216 dio
587 5167 856 5215 tenentur.
888 5157 1120 5224 Quinam
1156 5157 1290 5212 Acta
1331 5157 1435 5211 ista
1469 5160 1688 5228 scriptis
1738 5161 2034 5229 consigna-

471 5251 628 5319 verit,
658 5249 800 5307 inter
826 5247 1207 5318 Epiphanium,
1245 5245 1637 5318 Hieronymum
1669 5257 1724 5304 et
1758 5247 2036 5304 Heraclia--

474 5357 605 5396 num
650 5339 1144 5396 Clialcedonensem
1205 5338 1522 5408 episcopum
1584 5353 1695 5393 non
1753 5341 2027 5395 convenit.

475 5430 705 5486 Sanctus
736 5428 878 5483 enini
908 5425 1243 5496 Epiphanius
1289 5429 1364 5498 (α)
1415 5436 1470 5482 et
1509 5439 1732 5484 sanctus
1773 5428 2035 5501 Hierony-

473 5517 702 5588 mus.(b)
730 5515 1053 5571 Archelaum
1091 5517 1285 5586 ipsum,
1326 5533 1448 5586 quae
1472 5532 1654 5573 coram
1685 5518 1907 5574 delectis
1947 5520 2038 5590 ju-

474 5610 686 5665 dieibus
730 5609 992 5667 adversus
1018 5607 1284 5664 Manetem
1319 5609 1596 5674 disseruit,
1632 5611 1836 5681 scripto
1868 5612 2034 5666 tradi-

477 5703 622 5756 disse
631 5707 844 5770 putant.
861 5695 1212 5756 Heraclianus
1228 5714 1356 5755 vero
1368 5698 1821 5758 Chalcedonensis
1833 5703 2037 5774 episco-

484 5833 488 5837 ’
550 5852 626 5918 (a)
658 5851 803 5907 Hier.
833 5865 977 5912 ιινι,
1006 5864 1158 5919 capp.
1187 5850 1276 5914 21,
1307 5852 1377 5909 25
1409 5861 1459 5908 et
1492 5853 1578 5908 52.

553 5921 729 5993 ψλοε
761 5922 857 5976 vir.
896 5920 1004 5989 ill.,_
1031 5936 1080 5975 c.
1115 5919 1198 5975 7‘2.

2134 4701 2440 4772 gemonium
2483 4700 2775 4770 quemdam
2837 4701 3052 4755 illorum
3076 4711 3356 4756 auctorem
3384 4701 3551 4756 fuisse
3574 4714 3702 4776 cen-

2135 4793 2263 4848 suit.
2307 4791 2583 4868 Siquidem
2622 4791 2936 4863 Photius(c)
2961 4793 3154 4848 horum
3187 4792 3490 4849 Ileracliani
3534 4793 3702 4847 libro-

2135 4899 2257 4938 rum
2284 4893 2538 4953 excerpta
2562 4882 2824 4948 referens,
2843 4885 3091 4940 eumdem
3117 4883 3494 4940 Heraclianum
3533 4885 3611 4939 ait
3643 4886 3699 4939 in

2134 4974 2476 5030 eonfutandis
2522 4973 2944 5031 Manichaeorum
2990 4979 3291 5040 erroribus,
3323 4991 3483 5031 usum
3527 4976 3699 5033 fuisse

2136 5067 2288 5120 Actis
2343 5066 2729 5135 disputationis
2786 5069 3038 5124 Archelai
3103 5068 3340 5138 episcopi
3403 5083 3528 5122 cum
3585 5067 3698 5122 Ma-

2135 5164 2280 5221 nete,
2311 5157 2380 5210 ab
2413 5156 2746 5227 Hegemonio
2773 5159 3112 5227 conscriptis.
3151 5158 3215 5212 Et
3243 5156 3546 5212 Ileraeliani
3577 5158 3694 5227 qui-

2135 5250 2254 5303 dem
2289 5250 2609 5304 sententiam
2646 5251 2971 5305 conﬁrmare
2998 5251 3249 5304 videntur
3278 5251 3411 5304 Acta
3440 5249 3556 5318 ipsa
3583 5250 3698 5306 dis—

2134 5340 2458 5408 putationis,
2506 5341 2596 5395 ubi
2649 5341 2766 5395 haec
2813 5341 3041 5410 legimus
3098 5341 3229 5411 (d):
3278 5339 3537 5404 Quoniam
3576 5355 3695 5394 vero

2133 5429 2334 5500 placuit
2385 5431 2639 5486 Marcello
2705 5433 3115 5501 disputationem
3169 5433 3304 5486 hanc
3341 5435 3510 5502 excipi
3540 5444 3697 5502 atque

2134 5521 2390 5587 describi,
2451 5523 2810 5578 contradicere
2855 5540 2958 5578 non
3005 5525 3192 5592 potui,
3233 5524 3458 5593 conﬁsus
3506 5526 3569 5579 de
3604 5526 3694 5598 bes

2137 5611 2392 5680 nignitate
2442 5613 2744 5683 legentium,
2797 5615 2938 5684 quod
2977 5617 3181 5668 veniam
3229 5617 3427 5671 dabunt
3471 5617 3518 5670 si
3567 5619 3696 5687 quid

2135 5700 2433 5770 imperitum
2477 5710 2568 5754 aut
2611 5702 2868 5756 rusticum
2921 5703 3129 5758 sonabit
3158 5706 3365 5769 oratio;
3418 5704 3514 5760 hoc
3555 5707 3694 5761 enim

2210 5853 2280 5918 (c)
2307 5853 2472 5918 Bibl.,
2502 5855 2618 5908 cod.
2651 5871 2848 5910 Lxxxv.

2210 5853 2254 5918 (c
2307 5853 2472 5918 Bibl.,
2502 5855 2618 5908 cod.
2651 5871 2848 5910 Lxxxv.

2207 5853 2283 5995 (ἀὲ
2317 5923 2434 5979 Act.
2470 5925 2634 5997 disp”
2668 5941 2717 5982 c.
2747 5926 2849 5998 39.,
