4058 6370
371 371 509 431 Ηῦθ

1832 366 2132 432 ΝοτιΤιΑ.

3463 378 3603 444 ιιιῦ

368 493 665 564 putationis
692 489 942 548 Archelai
971 508 1092 549 cum
1127 491 1336 548 Manete
1363 493 1666 550 luculenter
1688 492 1995 560 ostendi-1
2023 497 2191 551 cratis
2221 497 2362 558 loca,
2396 495 2449 551 in
2476 496 2677 566 quibus
2705 496 2994 572 Κασχάρα,
3020 499 3102 554 vel
3139 500 3442 572 Κασχάρων
3471 519 3597 572 per-

366 599 496 641 tur:
542 587 596 639 in
629 587 695 640 iis
724 587 867 640 enim
895 603 1016 655 cap.
1056 587 1117 640 4i
1155 588 1362 657 integra
1401 587 1634 642 refertur
1673 586 1924 642 Archelai

371 679 436 731 ad
471 676 768 730 Diodorum
809 677 1056 745 epistola,
1102 677 1153 730 in
1183 692 1288 745 qua
1329 693 1387 731 se
1420 679 1655 732 voluisse
1683 677 1923 747 quidem,

370 772 447 824 a‘it
477 769 795 834 Archelaus,
827 769 892 822 ad
929 767 1218 821 Diodorum
1251 769 1432 823 omnia
1466 769 1826 838 perscribere.
1860 775 1927 824 de

363 864 564 932 quibus
591 878 714 916 cum
745 861 953 915 Manete
980 878 1162 915 coram
1190 863 1411 917 delectis
1439 862 1714 930 iudicibus
1739 863 1927 932 dispu-

362 963 604 1020 taverat;
650 955 742 1009 sed
771 965 1050 1024 propterea
1103 955 1172 1008 iis
1203 956 1478 1009 mittendis
1511 956 1880 1024 superscdisse
1906 997 1920 1020 ,

361 1028 506 1116 quod
541 1047 794 1116 deinceps
827 1062 923 1117 per
944 1047 1114 1100 otium
1146 1048 1211 1100 de
1247 1055 1356 1101 tota
1385 1047 1748 1116 disputatione
1767 1062 1922 1100 eum-

309 1147 316 1155 °
361 1140 484 1194 dem
517 1140 800 1195 certiorem
829 1140 1053 1195 reddere
1077 1140 1369 1209 cegitabat.
1407 1140 1464 1194 ln
1496 1140 1601 1195 fine
1632 1141 1794 1194 etiam
1819 1141 1926 1209 epi-

363 1232 516 1286 stolis
544 1239 666 1304 post
690 1231 944 1285 breviter
974 1231 1290 1300 perstrictos
1334 1231 1560 1285 Manctis
1594 1246 1838 1295 errores,
1867 1245 1925 1286 se

364 1324 532 1379 multa
563 1315 777 1378 silentio
805 1323 1128 1392 praeteriisse
1161 1324 1373 1387 scribit,
1412 1323 1539 1377 dum
1568 1323 1794 1376 celerem
1821 1323 1923 1391 ipsi

360 1416 774 1484 responsionem
810 1415 1034 1470 reddere
1064 1412 1305 1480 festinat,
1355 1431 1423 1469 ne
1452 1415 1675 1468 minima
1703 1414 1921 1483 quidem

357 1505 628 1562 librorum
678 1510 744 1564 ad
788 1510 1036 1563 eumdem
1089 1510 1378 1562 missorum
1428 1508 1700 1562 mentione
1756 1504 1917 1559 facta.

357 1599 578 1654 Certum
604 1601 787 1670 itaque
810 1613 912 1667 est,
941 1604 1284 1663 Archelaum,
1309 1615 1418 1669 quo
1443 1609 1682 1668 tempore
1702 1599 1767 1652 ad
1793 1597 1924 1650 Dio-

357 1692 548 1746 dorum
584 1694 956 1764 presbyterum
1000 1695 1207 1748 litteras
1235 1691 1413 1756 dedit,
1452 1691 1632 1745 nullos
1659 1690 1921 1744 adversus

255 1823 266 1837 .
356 1783 584 1839 Manetis
621 1787 866 1840 haeresim
899 1787 1065 1841 libros
1093 1786 1443 1840 elucubrasse
1473 1796 1485 1836 :
1515 1781 1606 1837 sed
1636 1797 1736 1835 nec
1765 1797 1921 1836 secu-

356 1877 424 1930 tis
453 1875 706 1946 deinceps
737 1878 1072 1946 temporihus
1118 1877 1236 1930 libri
1287 1875 1379 1928 ulli
1415 1874 1484 1927 ab
1518 1873 1783 1927 Archelao
1820 1873 1917 1925 ad-
1949 1853 1992 1906 Β

354 1981 545 2020 versus
578 1967 826 2020 eumdem
862 1967 1048 2035 scripti
1099 1954 1267 2020 fuisse
1306 1965 1585 2027 videntur;
1641 1963 1744 2016 nisi
1790 1962 1915 2030 quis

353 2058 646 2110 contendat
673 2057 962 2126 ipsummet
989 2059 1120 2112 Acta
1148 2057 1532 2126 disputationis
1559 2069 1672 2109 sua:
1696 2055 1914 2123 scriptis

280 2147 283 2150 ’
356 2147 665 2201 mandasse.
711 2147 844 2202 Nam
880 2146 1216 2218 Epiphanius
1253 2150 1368 2217 ipse
1407 2163 1473 2201 ex
1516 2147 1622 2200 alio
1656 2146 1912 2215 quopiam

353 2239 604 2292 Archelai
637 2240 775 2293 libro
803 2240 876 2292 nil
909 2241 1121 2302 recitat,
1160 2241 1405 2310 nihilque
1443 2237 1614 2293 ferme
1652 2239 1913 2293 adversus

353 2326 774 2382 Manichaeorum
805 2345 1018 2384 errores
1043 2329 1266 2398 profert,
1291 2331 1435 2399 quod
1458 2331 1510 2382 in
1534 2331 1914 2398 disputationis

354 2436 385 2474 a
415 2422 573 2474 nobis
600 2423 757 2476 editae
788 2421 938 2476 Aetis
968 2437 1076 2475 non
1113 2424 1433 2491 reperiatur.
1471 2421 1670 2476 Eadem
1695 2437 1913 2490 quoque

353 2513 468 2566 sola
505 2513 658 2578 Acta,
694 2528 799 2567 non
828 2529 955 2566 vero
980 2513 1114 2567 alios
1145 2515 1429 2583 quospiam
1456 2513 1703 2568 Archelai
1742 2514 1911 2568 libros

347 2601 534 2657 laudat
565 2601 915 2658 Heraclianus
943 2605 1400 2659 Chalcedonensis
1436 2605 1743 2674 episcopus,
1779 2605 1909 2659 dum

349 2693 596 2747 omnium
626 2694 974 2764 antiquorum
1001 2693 1221 2748 Patrum
1251 2696 1448 2766 scripta
1486 2705 1907 2763 commemorat,

347 2785 548 2853 quibus
586 2785 638 2838 in
669 2801 768 2839 suo
791 2786 1053 2840 adversus
1084 2786 1412 2842 Manichaaos
1436 2804 1598 2856 opere
1623 2805 1774 2847 usus;
1794 2789 1911 2843 fue-

347 2887 451 2931 rat.
484 2878 847 2943 Quamobrem
899 2879 1186 2932 dicendum
1232 2890 1334 2945 est,
1381 2883 1484 2934 hac
1523 2882 1575 2935 in
1609 2897 1667 2936 re
1695 2897 1911 2951 quoque

346 2971 569 3023 humani
597 2970 724 3039 quid
751 2985 971 3039 passum
998 2969 1164 3026 fuisse
1186 2971 1566 3041 Epiphanium,
1590 2981 1644 3026 et
1675 2973 1907 3028 duorum

342 3063 595 3116 Archelai
625 3063 891 3117 librorum
926 3063 1044 3117 loco
1075 3063 1330 3118 habuisse
1354 3063 1487 3118 Acta
1517 3065 1630 3133 ipsa
1664 3064 1909 3134 disputa-

343 3156 511 3209 tionis
533 3172 560 3208 a
591 3155 748 3210 nobis
770 3156 966 3210 editae:
1001 3171 1120 3224 qua:
1147 3171 1269 3211 cum
1306 3172 1393 3210 res
1433 3157 1662 3212 diversis
1695 3165 1907 3227 tempo-

342 3248 502 3302 ribus
547 3258 726 3316 gestas
761 3247 1210 3316 complcctautur,
1237 3247 1379 3300 haud
1417 3248 1564 3302 inani
1591 3251 1907 3318 conjectura

338 3340 520 3409 colligi
558 3349 753 3408 potest,
786 3341 838 3394 in
871 3343 1006 3396 duas
1037 3341 1165 3394 olim
1210 3351 1392 3409 partes
1421 3341 1595 3394 divisa
1633 3340 1824 3405 fuisse,
1854 3343 1906 3395 in

339 3445 572 3499 quarum
598 3431 778 3500 priore
799 3432 1094 3500 disputatio
1116 3431 1365 3487 Archelai
1389 3447 1511 3486 cum
1537 3431 1745 3486 Manete
1767 3435 1908 3502 apud

338 3527 568 3589 Carras;
599 3524 651 3578 in
685 3526 919 3579 secunda
951 3540 1098 3589 vero,
1125 3536 1316 3579 cuncta
1345 3541 1463 3594 qttre
1495 3535 1603 3578 tam
1641 3524 1908 3582 Diodorus

339 3614 647 3684 presbyter,
678 3629 841 3683 quam
884 3616 1024 3668 idem
1065 3615 1365 3670 Archelaus
1395 3631 1424 3669 a
1475 3615 1708 3670 Diodoro
1737 3618 1907 3670 moui-

337 3716 448 3771 tus,
481 3717 670 3761 contra
699 3705 962 3761 Manetem
997 3709 1047 3761 in
1076 3706 1386 3763 Diodoridis
1415 3718 1597 3763 castro
1620 3709 1749 3778 egit,
1777 3724 1908 3763 con-

337 3795 666 3850 tinerentur.

409 3885 501 3940 IV.
545 3886 665 3942 Jam
694 3902 824 3942 vero
863 3887 1188 3944 Archelaum
1235 3890 1564 3962 Κασχάρων,
1611 3891 1922 3952 (ΣαεσΙιιιι-οο,

339 3995 458 4032 rum
496 3980 811 4050 episcopum
856 3979 1022 4034 fuisse
1064 3983 1225 4035 tradit.
1257 3982 1504 4037 Socrates
1537 3985 1635 4051 (a),
1669 3983 1904 4052 Epipha-

337 4072 489 4124 nium
521 4080 742 4126 secutus
777 4069 870 4140 (ὁ).
901 4069 971 4123 At
1013 4084 1203 4124 auctor
1234 4071 1335 4124 iste
1368 4071 1467 4124 sibi
1505 4085 1613 4123 non
1650 4080 1900 4135 constat,

337 4169 522 4228 utpote
552 4161 644 4229 qui
679 4161 895 4223 urbem,
927 4159 1085 4226 cujus
1113 4160 1398 4228 episcopus
1419 4169 1534 4213 erat
1566 4159 1864 4214 Archelaus
1884 4200 1898 4223 ,

335 4251 636 4325 Καρχᾶρην
672 4253 797 4306 alibi
846 4253 1089 4306 nominat
1120 4255 1189 4322 (ε)
1225 4253 1277 4306 in
1325 4252 1613 4307 Petaviaua
1641 4253 1899 4321 editione,

335 4345 466 4400 licet
502 4348 552 4399 in
590 4345 694 4399 alia
730 4345 1025 4400 Basilcensi
1056 4347 1293 4400 editione
1317 4346 1622 4424 Καλχάρων
1646 4357 1900 4416 corrupte

338 4439 617 4492 habeatur.
662 4438 999 4494 Postremam
1044 4441 1183 4494 hanc
1230 4441 1514 4495 lectionem
1562 4442 1899 4510 expressisse

2025 603 2209 658 peram
2261 588 2474 658 legitur.
2528 587 2700 643 Porro
2752 592 2938 644 urbem
2992 591 3283 659 quamdam
3329 594 3598 650 Carcham

2026 680 2246 734 nomine
2294 680 2347 733 in
2395 679 2593 734 Arabia
2646 679 2823 736 Felice
2857 682 3014 736 sitam
3052 682 3242 748 fuisse,
3294 699 3600 756 anouymus

2026 769 2312 825 Ravennas
2352 768 2690 840 Geographie
2742 758 2973 841 scriptor
3021 774 3184 828 tradit
3226 774 3317 844 (e).
3353 773 3603 834 Meminit

2026 873 2078 914 ct
2104 862 2326 915 alterius
2356 861 2579 916 Carcha:
2610 861 2933 917 Ammianus
2972 863 3319 921 Marcellinus
3365 868 3455 936 (1⁵).
3496 867 3598 922 Ve-

2025 967 2143 1004 rum
2168 963 2370 1006 neutrzc
2399 954 2588 1006 harum
2615 954 2831 1007 urbium
2860 956 3158 1009 Archelaus
3182 959 3477 1027 episcopus
3505 977 3597 1014 ex-

2025 1042 2195 1105 stitit;
2230 1058 2351 1094 nam
2385 1043 2502 1110 ejus
2545 1059 2668 1097 cum
2702 1043 2909 1099 Maucte
2953 1046 3248 1115 disputatio
3283 1049 3466 1104 habita
3499 1057 3589 1106 est

2025 1130 2078 1182 in
2108 1131 2506 1201 Mesopotamia:
2547 1135 2680 1188 urbe
2714 1136 2815 1189 sub
2848 1134 3214 1189 Romanorum
3247 1139 3452 1194 ditioue
3493 1155 3591 1210 po-

2026 1223 2152 1285 sita,
2191 1224 2347 1291 cujus
2377 1224 2748 1293 episcopatum
2771 1225 3049 1279 obtinebat
3070 1229 3388 1293 Archelaus,
3422 1239 3480 1283 ut
3505 1232 3592 1284 di-

2023 1324 2163 1367 serte
2203 1316 2401 1370 dicitur
2441 1317 2582 1385 apud
2619 1317 3002 1386 Epiphanium,
3046 1329 3099 1372 et
3139 1320 3191 1372 in
3221 1319 3372 1376 Actis
3421 1322 3596 1390 ipsius

2022 1406 2446 1474 diSputationis:
2493 1406 2701 1461 Carcha
2754 1424 2883 1462 vero
2937 1424 2967 1462 a
3016 1409 3339 1464 Marcellino
3387 1427 3596 1466 memo-

2021 1507 2160 1560 rata,
2196 1507 2345 1551 extra
2375 1498 2844 1567 Mesopotamiam,
2876 1507 3027 1555 trans
3060 1500 3286 1570 Tigrim,
3321 1503 3374 1556 in
3402 1502 3594 1558 Persa-

2021 1605 2142 1642 rum
2171 1591 2376 1645 ditione
2408 1593 2510 1646 sita
2545 1603 2680 1655 erat.
2714 1595 2903 1648 eodem
2936 1596 3226 1649 Ammiano
3270 1604 3409 1652 teste
3449 1598 3592 1655 locis

2021 1686 2276 1742 laudatis.
2307 1687 2533 1743 Carcha:
2563 1705 2783 1758 quoque
2816 1691 3029 1744 Arabiae
3061 1691 3234 1756 urbis,
3261 1693 3419 1761 cujus
3442 1695 3587 1763 apud

2020 1794 2349 1850 anonymum
2380 1780 2746 1835 Ravennatem
2771 1782 2972 1836 mentio
2992 1790 3094 1844 est,
3118 1783 3418 1838 Archelaus
3440 1786 3594 1841 nullo

2019 1880 2179 1939 pacto
2210 1871 2499 1940 episc0pus
2528 1888 2648 1926 esse
2695 1873 2904 1941 potuit;
2956 1889 3079 1926 cum
3132 1875 3344 1942 antiqui
3393 1892 3590 1932 omnes

2020 1964 2311 2032 scriptores
2337 1980 2460 2018 eum
2495 1981 2599 2018 non
2636 1965 2868 2028 Arabim,
2899 1966 2989 2019 sed
3035 1965 3435 2034 Mesopotamiae
3467 1970 3590 2038 epi-

2021 2071 2246 2125 scopum
2291 2055 2459 2110 fuisse
2496 2057 2727 2111 tradant.
2760 2057 3122 2111 Posteriorem
3168 2060 3308 2126 apud
3342 2059 3580 2129 Epipha-

2018 2150 2168 2204 nium
2195 2149 2500 2211 lectionem,
2520 2157 2714 2217 praeter
2733 2148 2959 2208 Petrum
2981 2149 3226 2204 Siculum
3256 2160 3418 2220 atque
3444 2154 3586 2206 l‘ho—

2019 2241 2172 2304 tium,
2187 2240 2417 2308 probare
2433 2239 2653 2306 insuper
2668 2239 3058 2292 videnturActa
3073 2239 3184 2309 ipsa
3201 2241 3434 2310 disputat
3447 2242 3496 2295 io
3509 2244 3588 2297 iis

2016 2329 2265 2383 Archelai
2308 2343 2430 2382 cum
2475 2327 2706 2391 Manete,
2757 2328 2810 2381 in
2866 2343 3100 2397 quorum
3150 2331 3306 2384 initio
3338 2331 3540 2385 dicitur

2020 2421 2316 2476 Tliesaurus
2352 2437 2523 2486 verus,
2565 2423 2672 2474 sive
2707 2421 3001 2489 disputatio
3031 2421 3212 2474 habita
3251 2423 3306 2476 in
3349 2423 3588 2478 Carchar

2015 2515 2223 2567 civitate
2243 2512 2652 2580 Mesopotamiw.
2684 2511 2882 2566 Verum
2915 2529 3038 2567 cum
3073 2511 3298 2568 inferius
3321 2515 3394 2584 (g)
3417 2515 3588 2570 Char-

2015 2621 2130 2660 ram
2164 2605 2419 2668 habeant,
2455 2619 2684 2674 eamque
2711 2603 3117 2674 Mesopotamiae
3151 2606 3338 2659 urbem
3365 2622 3485 2661 esse
3510 2607 3593 2662 di-

2015 2705 2168 2763 cant;
2217 2697 2341 2752 hinc
2371 2697 2549 2752 lucide
2576 2705 2809 2760 constat,
2854 2705 2964 2750 tam
2993 2697 3180 2752 eadem
3228 2697 3388 2764 Arta,
3421 2714 3585 2768 quam

2015 2788 2374 2858 Epiphanium
2407 2801 2462 2842 et
2494 2787 2652 2854 alios,
2696 2788 3072 2858 intelligendos
3107 2803 3229 2843 che
3257 2790 3323 2843 de
3353 2789 3586 2845 Charris

2014 2882 2362 2936 celeberrima
2386 2881 2787 2950 Mesopotamia:
2817 2884 2976 2949 urbe;
3015 2886 3154 2939 unde
3179 2887 3293 2939 vias
3320 2886 3455 2940 duas
3487 2901 3575 2938 re—

2015 2971 2130 3040 gias
2162 2972 2216 3026 in
2253 2971 2528 3026 Persidem
2561 2973 2822 3028 ducentes
2851 2974 3111 3043 distingui
3147 2976 3312 3029 tradit
3343 2975 3578 3032 Marcel-

2015 3065 2158 3120 linus
2223 3064 2298 3135 (Ιι)
2341 3082 2354 3119 :
2387 3081 2509 3135 quae
2555 3067 2687 3121 urbs
2715 3065 2922 3120 Charra
2951 3067 3115 3120 etiam
3153 3069 3409 3123 scribitur
3435 3070 3580 3139 apud

2015 3155 2240 3210 Paulum
2289 3155 2586 3210 Diaeonutn
2635 3157 2718 3228 (ἱ).
2767 3158 3004 3211 Carchar
3057 3168 3280 3222 autem,
3321 3161 3404 3214 vel
3451 3163 3584 3216 Car-

2011 3249 2175 3301 chara
2222 3249 2274 3302 in
2305 3249 2508 3303 eisdem
2555 3250 2729 3309 Actis,
2770 3257 2824 3303 et
2864 3250 3006 3318 apud
3042 3249 3398 3318 Epiphanium
3446 3254 3584 3306 scri-

2012 3347 2161 3408 ptum
2205 3338 2372 3394 fuisse
2401 3339 2635 3404 videtur,
2673 3340 3019 3392 librariorum
3074 3340 3305 3395 forsitan
3351 3356 3580 3410 errore,

2007 3431 2091 3484 vel
2124 3432 2267 3500 quod
2297 3432 2505 3502 vulgari
2552 3433 2928 3503 indigenarum
2963 3432 3146 3502 lingua
3173 3434 3249 3488 ita
3289 3449 3578 3504 nuncupa-v

2011 3531 2184 3576 retur.

2084 3611 2144 3666 Υ.
2182 3612 2257 3668 De
2287 3621 2528 3684 tempore
2556 3615 2719 3670 etiam
2758 3615 2957 3671 habite
2989 3617 3056 3671 ab
3092 3615 3360 3671 Archelao
3389 3616 3586 3687 dispu-r

2009 3705 2237 3759 tationis
2267 3716 2636 3760 consentanea
2664 3707 2766 3760 sibi
2790 3721 3132 3778 nequaquam
3159 3709 3321 3762 tradit
3346 3707 3587 3778 Epipbaa-

2007 3795 2169 3861 nius;
2224 3811 2348 3849 nam
2400 3797 2454 3851 in
2495 3798 2634 3851 libro
2691 3797 2766 3851 De
2811 3802 3067 3853 mensuris
3107 3810 3155 3852 et
3207 3799 3523 3868 ponderibus
3552 3837 3571 3862 ,

2006 3903 2158 3940 num.
2191 3888 2282 3947 20,
2319 3887 2583 3941 Mauctem
2615 3889 2684 3941 ob
2711 3899 3070 3958 perpetratam
3103 3889 3243 3954 regis
3279 3889 3568 3944 Persarum

2005 3977 2097 4028 lilii
2134 3993 2316 4030 necem
2347 3993 2411 4030 ex
2441 3977 2662 4031 Perside
2693 3978 3000 4048 profugum,
3039 3979 3089 4030 in
3120 3977 3568 4047 Mesopotamiam

2004 4082 2150 4118 nono
2178 4067 2446 4120 Valeriani
2479 4078 2532 4121 et.
2559 4068 2786 4122 Gallieni
2815 4069 2982 4137 iinpp.
3023 4084 3165 4122 anno
3197 4069 3430 4130 venisse,
3463 4070 3564 4138 qui

2001 4169 2085 4211 est
2112 4157 2436 4212 Christianae
2462 4174 2582 4212 arra:
2621 4175 2797 4213 anuus
2825 4159 2950 4220 262,
2985 4159 3284 4228 eodemque
3325 4170 3571 4230 tempore

2000 4267 2124 4305 cum
2155 4251 2421 4306 Archelao
2450 4250 2690 4319 ejusdem
2720 4250 2957 4321 regionis
2982 4251 3241 4320 episcopo
3264 4251 3575 4320 disputasse

2001 4339 2182 4394 refert.
2218 4343 2280 4394 At
2313 4341 2366 4394 in
2402 4341 2592 4395 haeresi
2624 4340 3056 4395 Manichaaorum
3088 4342 3188 4394 sub
3223 4342 3402 4411 ipsum
3445 4357 3576 4412 ope-

2000 4432 2077 4486 ris
2095 4432 2329 4496 initium,
2351 4441 2405 4485 et
2426 4447 2576 4484 num.
2608 4430 2701 4494 20,
2728 4432 2962 4498 primum
2987 4430 3206 4499 quidem
3231 4443 3380 4485 ortos
3405 4431 3574 4486 fuisse

339 4531 554 4585 videtur
589 4530 924 4600 Epiphanius
950 4547 1015 4585 ex
1045 4531 1193 4586 Actis
1223 4533 1352 4602 ipsis
1382 4533 1768 4600 disputationis
1793 4533 1900 4584 Ar-

2012 4522 2352 4588 Manichteos,
2398 4539 2491 4576 seu
2521 4525 2700 4589 potius
2737 4523 3020 4590 antiquam
3059 4523 3125 4575 de
3155 4523 3299 4576 bono
3331 4538 3394 4578 ac
3429 4525 3574 4579 malo

337 4625 510 4678 chelai
540 4625 775 4695 episeopi
809 4641 932 4679 cum
963 4625 1192 4689 Manete,
1229 4627 1280 4678 in
1312 4641 1542 4695 quorum
1577 4625 1735 4679 initio
1760 4625 1919 4678 dici-.

335 4727 426 4772 tur
454 4737 466 4772 :
503 4717 798 4772 Thcsaurus
825 4736 994 4782 verus,
1023 4721 1128 4772 sive
1155 4720 1444 4788 disputatio
1466 4717 1650 4770 habita
1680 4718 1734 4770 in
1762 4718 1899 4772 Curu-

336 4809 464 4863 σίναπ-
497 4811 709 4864 civitate
749 4811 1182 4879 Mesopotamia};
1221 4824 1452 4878 eamque
1499 4809 1785 4866 lectionem
1820 4825 1901 4863 se-

335 4908 580 4967 quuntur
606 4898 800 4955 Petrus
823 4900 1040 4954 Siculus
1067 4899 1142 4966 (ά)
1166 4909 1219 4954 et
1238 4898 1459 4955 Photius
1472 4897 1647 4952 P.Cl’.
1665 4897 1718 4950 in
1736 4913 1899 4966 opere

337 4994 515 5048 adhuc
559 4992 762 5046 incdito
791 4994 1051 5046 adversus
1094 4991 1419 5044 Manichmos
1451 5004 1552 5043 suo
1581 5005 1694 5042 :evo
1725 4989 1900 5057 repul-

336 5085 588 5149 lulautes,
623 5084 716 5137 lib.
757 5099 796 5147 ι,
831 5085 923 5152 qui
953 5085 1079 5136 dum
1130 5081 1413 5150 Epiphauii
1464 5079 1804 5133 narrationes
1842 5080 1893 5132 in

333 5179 604 5244 cpitomen
648 5175 916 5243 redigunt,
949 5175 1269 5227 Archelaum
1303 5187 1408 5224 non
1450 5171 1777 5240 Κασχὰρων,
1813 5169 1894 5224 vel

333 5269 659 5340 Καλχάρων,
689 5268 782 5321 sed
812 5267 1116 5337 Καρχάρων
1139 5262 1448 5333 episcopum
1482 5271 1676 5316 vocant
1702 5279 1716 5315 :
1751 5262 1892 5315 unde

333 5363 496 5416 etiam
525 5368 692 5430 patet,
731 5359 1068 5412 emendanda
1094 5374 1214 5412 esse
1241 5356 1344 5410 alia
1375 5355 1660 5425 Epiphanii
1702 5363 1756 5409 et
1789 5352 1893 5408 So-

405 5537 482 5608 (a)
517 5533 802 5590 Hist.eccl.
824 5533 916 5586 lib.
949 5549 988 5596 ι,
1020 5533 1259 5608 cap._22.

406 5601 482 5678 (ὑὶ
534 5607 676 5661 lber.
713 5621 879 5678 tam,
936 5601 1100 5672 capp.
1139 5605 1172 5657 5
1223 5613 1276 5658 et
1305 5604 1356 5671 7,
1409 5611 1462 5658 et
1505 5601 1576 5656 De
1628 5619 1789 5658 ruens.
1841 5611 1888 5655 et

333 5676 523 5750 pond.,
552 5692 672 5750 rap.
705 5676 796 5729 20.

407 5752 476 5816 (c)
508 5743 778 5810 ld.,'b:er.
812 5759 956 5816 vat,
988 5757 1106 5809 cap.
1133 5743 1222 5816 ll.

409 5813 486 5887 (ὀ)
522 5817 664 5872 Hist.
695 5815 951 5879 Maniclt.,
981 5829 1100 5883 pag.
1131 5813 1217 5867 57.

2007 4613 2115 4667 Deo
2152 4615 2397 4668 limresim
2445 4630 2475 4667 a
2503 4613 2713 4667 Mancte
2754 4628 2850 4681 per
2882 4614 3063 4666 varias
3105 4615 3254 4668 orbis
3302 4625 3574 4670 terrarum

2000 4716 2180 4777 partes
2213 4707 2358 4762 circa
2383 4722 2585 4760 annum
2621 4720 2672 4758 tv
2703 4705 2982 4760 Aureliani
3014 4707 3143 4776 imp.
3175 4723 3368 4763 rursus
3391 4709 3573 4762 divul-

2000 4811 2180 4869 gatam
2205 4800 2375 4854 fuisse
2401 4799 2619 4864 scribit;
2652 4799 2846 4852 deinde
2875 4815 3004 4853 vero
3047 4801 3148 4854 sub
3179 4799 3473 4854 Aureliano
3513 4809 3571 4856 et

1997 4891 2174 4946 Probo
2201 4891 2251 4944 id
2281 4906 2311 4944 a
2345 4889 2553 4944 Mauete
2587 4890 2786 4944 factum
2835 4889 3007 4944 fuisse
3041 4891 3245 4952 innuit,
3291 4903 3350 4944 ut
3385 4890 3569 4946 videro

1997 4992 2078 5036 est
2109 4997 2259 5035 num.
2293 4981 2380 5043 19,
2415 4982 2508 5044 20,
2547 4981 2615 5035 59
2666 4990 2721 5035 et
2754 4981 2818 5032 77
2845 4981 3086 5049 ejusdem
3116 4981 3403 5034 haereseos.
3439 4979 3559 5036 Non

1998 5072 2172 5140 potuit
2193 5079 2374 5124 autem
2401 5070 2700 5125 Archelaus
2724 5069 2992 5124 Valeriani
3017 5082 3067 5124 et
3085 5070 3310 5124 Gallieni
3336 5085 3476 5124 anno
3503 5086 3557 5126 ιι

1997 5161 2260 5215 Mauctem
2309 5163 2426 5214 viva
2463 5178 2595 5217 voce
2624 5163 2926 5228 confutare,
2963 5171 3021 5215 ut
3059 5163 3112 5214 in
3149 5161 3287 5213 libro
3319 5159 3389 5213 De
3414 5176 3558 5213 men-

1994 5255 2133 5307 suris
2159 5262 2209 5306 et
2239 5252 2555 5320 ponderibus
2583 5253 2658 5306 ait
2686 5251 3042 5321 Epiphanius,
3078 5251 3122 5304 si
3152 5258 3273 5319 post
3298 5265 3403 5303 non
3429 5266 3564 5319 pau-

1995 5360 2090 5399 cos
2123 5359 2318 5408 annos,
2349 5344 2433 5399 vel
2461 5358 2607 5398 anno
2651 5359 2703 5397 Iv
2743 5339 3041 5407 Aureliani,
3091 5340 3172 5395 vel
3217 5341 3360 5395 circa
3391 5340 3556 5396 linem

2064 5527 2133 5596 (ε)
2172 5525 2362 5596 Geogr.
2395 5525 2488 5578 lib.
2527 5537 2588 5586 ll,
2621 5537 2740 5596 cap.
2781 5521 2830 5572 7.

2061 5590 2129 5665 (fi
2163 5590 2466 5656 l..ib.'xvut,
2499 5609 2617 5662 cap.
2654 5595 2756 5665 23,
2778 5603 2830 5645 ct
2860 5591 2953 5645 lib.
2993 5608 3119 5658 xxv,
3156 5608 3274 5662 cap.
3308 5590 3400 5659 20,
3427 5591 3520 5647 2i.

2063 5668 2138 5734 (g)
2165 5667 2294 5720 Acta
2320 5667 2548 5731 disput.,
2579 5679 2706 5734 cap.
2729 5664 2782 5716 5.

2064 5733 2140 5804 (ἢ)
2171 5735 2287 5788 Lib.
2331 5750 2489 5796 mu,
2527 5749 2645 5802 cap.
2681 5733 2737 5785 4.

2064 5799 2126 5878 (ἱ)
2154 5804 2296 5860 Hist.
2326 5805 2497 5872 mito,
2527 5799 2618 5858 lib.
2655 5819 2787 5871 xm,
2821 5817 2935 5872 cap.
2968 5799 3059 5856 ‘20.
