4058 6402
397 378 527 433 NH

1277 374 1332 429 S.
1374 373 1793 429 ARCHELAUS
1823 370 2340 428 MESOPOTAMUE
2379 364 2794 432 EPISCOPUS.’

3489 374 3637 429 “i2

395 490 641 561 ejusdem
673 490 906 560 imperii,
935 499 988 545 et
1015 489 1230 544 initium
1261 486 1443 557 Probi,
1474 490 1658 545 Manes
1691 489 1966 556 antiquio-
1991 494 2040 551 Α
2066 491 2226 555 nerit,
2257 499 2316 544 ut
2347 505 2413 545 eo
2461 499 2704 560 tempore
2752 489 3048 559 incepisse.
3074 486 3480 559 quodammodo
3526 487 3638 543 dici

395 585 476 638 ris
503 582 700 637 nefarii
729 583 995 652 dogmatis
1045 583 1380 637 incrementa
1429 582 1764 652 procuravit.
1804 579 1963 636 Prio-

396 691 511 730 rem
563 673 850 745 Epiphanii
885 673 1155 728 calculum
1205 674 1262 728 in
1303 674 1444 728 libro
1488 673 1566 726 De
1610 674 1867 728 mensuris
1915 681 1965 727 et

394 767 709 838 ponderibus
739 766 983 836 sequitur
1016 765 1212 820 Petrus
1243 764 1464 820 Siculus
1495 765 1532 819 ι.
1564 782 1614 819 c.
1647 773 1702 818 et
1739 763 1967 822 Photius

395 859 453 915 in
478 859 696 914 laudato
723 858 816 912 lib.
849 872 863 910 ι
897 857 1160 912 adversus
1185 855 1518 911 Manichaeos
1552 856 1964 924 repullulantcs,

395 949 522 1004 licet
547 947 869 1002 Valerianus
905 948 1045 1016 Aug.
1078 946 1189 1015 iam
1213 946 1281 1000 ab
1310 961 1456 1000 anno
1496 961 1573 1000 vu
1604 946 1724 1013 ejus
1753 945 1966 1014 imperii

396 1059 427 1096 a
469 1039 674 1110 Sapore
707 1053 831 1108 rege
855 1037 1146 1092 Persarum
1173 1046 1363 1106 captus
1388 1035 1570 1090 fuerit.
1599 1034 1964 1089 Posteriorem

395 1147 523 1186 vero
552 1130 781 1200 probant
813 1129 945 1182 Acta
979 1128 1094 1197 ipsa
1129 1126 1513 1195 disputationis
1541 1125 1798 1182 Archelai
1839 1140 1964 1180 cum

395 1222 628 1285 Manete,
659 1237 724 1274 ex
755 1234 989 1289 quorum
1019 1233 1140 1287 cap.
1175 1217 1244 1272 '57
1273 1218 1450 1272 lucide
1479 1220 1732 1286 apparet,
1764 1217 1970 1272 Arche-

395 1313 542 1366 laum
578 1309 681 1364 sub
711 1308 940 1378 imperio
968 1306 1154 1370 Probi,
1192 1322 1303 1359 non
1333 1315 1514 1360 autem
1547 1306 1811 1371 Gallieni,
1840 1321 1964 1360 cum

395 1402 608 1458 Manete
640 1402 706 1456 de
733 1400 893 1469 cujus
922 1397 1117 1453 haeresi
1162 1397 1240 1451 nil
1268 1397 1450 1452 adhuc
1487 1400 1592 1454 sibi
1625 1410 1966 1468 compertum

394 1506 534 1562 erat,
561 1498 888 1566 disputasse.
918 1493 1155 1565 Cyr-illus
1183 1507 1403 1562 quoque
1425 1491 1965 1562 Hierosolymitanus,

393 1590 488 1661 qui
513 1587 850 1659 septuaginta
881 1594 1090 1640 tantum
1131 1585 1291 1639 annis
1334 1593 1462 1654 post
1489 1584 1754 1638 detectam
1783 1580 1968 1634 Mane-

393 1684 465 1736 tis
486 1681 733 1736 haeresim
760 1695 818 1734 se
845 1678 1084 1734 scribere
1100 1685 1338 1732 testatur
1371 1674 1469 1747 (α),
1495 1674 1762 1729 Manetem
1783 1672 1966 1727 Probo

393 1774 695 1844 imperante
723 1771 974 1826 haeresim
1011 1769 1294 1840 divulgare
1324 1768 1578 1838 cmpissev,
1609 1766 1810 1822 diserte
1832 1765 1970 1819 scri-

2070 582 2326 650 potuerit.
2371 581 2596 637 Videtur
2629 584 2771 638 enim
2803 582 3102 636 Archelaus
3138 590 3261 650 post
3290 578 3638 635 confutatum

2070 689 2250 728 coram
2280 674 2555 744 judicibus
2589 673 2878 738 Manetem,
2919 689 3034 728 rem
3074 682 3246 727 totam
3293 671 3506 726 cunctis
3540 683 3640 740 per

2068 766 2254 820 orbem
2278 766 2547 836 episcopis
2576 777 2762 821 notam
2786 766 3005 830 fecisse,
3033 773 3092 819 ut
3117 764 3323 819 labant'i
3353 763 3642 818 catholicae

2067 856 2211 922 fidei,
2241 864 2440 926 quanta
2483 866 2705 925 possent
2752 857 3040 912 sedulitate
3081 862 3506 911 succurrerent:
3544 869 3644 907 εο-

2067 964 2172 1017 que
2206 958 2361 1016 pacto
2411 949 2611 1004 factum
2647 948 2816 1004 fuisse
2847 965 2944 1018 par
2988 957 3092 1014 est,
3143 952 3204 1001 ut
3245 946 3340 1016 qui
3374 945 3642 1001 subdolus

2067 1040 2486 1097 Manichaeorum
2519 1057 2840 1113 pregressus
2875 1041 3216 1111 ignorabant,
3251 1047 3382 1093 tunc
3417 1036 3642 1091 illorum

2068 1135 2315 1191 haeresim
2363 1144 2543 1190 ortam
2592 1134 2762 1190 fuisse
2812 1132 3163 1193 crediderint,
3222 1143 3347 1186 cum
3399 1127 3642 1198 primum

2067 1228 2309 1298 ejusdem
2342 1228 2588 1283 notitiam
2626 1242 2694 1282 ex
2722 1227 2972 1282 Archelai
3003 1225 3198 1280 litteris
3229 1224 3562 1279 habuerunt.

2140 1317 2250 1372 Vll.
2292 1317 2397 1373 Sed
2451 1329 2506 1373 et
2570 1319 2763 1373 habitae
2809 1320 2875 1372 ab
2928 1317 3194 1372 Archelao
3246 1313 3641 1385 disputationis
3723 1373 3746 1384 _

2068 1416 2281 1477 tempus
2330 1424 2397 1462 ex
2445 1407 2508 1462 D.
2557 1408 2735 1462 Leone
2784 1407 2978 1476 Magno
3031 1403 3312 1476 praecisius
3361 1403 3644 1473 designari

2070 1508 2264 1568 potest,
2293 1500 2462 1568 quiin
2491 1513 2744 1554 sermone
2769 1515 2805 1552 ιι
2835 1499 2900 1553 de
2919 1496 3259 1560 Pentecoste,
3281 1494 3644 1549 Manichaum

2071 1590 2393 1653 iunctuisse.
2427 1589 2523 1654 ait,
2557 1587 2733 1643 Probo
2778 1589 2908 1658 imp.
2954 1598 3008 1640 et
3048 1585 3281 1640 Paulino
3307 1599 3473 1652 coss.,
3493 1598 3644 1637 anno

2069 1690 2189 1751 post
2216 1681 2420 1736 Christi
2453 1680 2908 1736 resurrectionem
2937 1676 3065 1744 250,
3089 1685 3147 1732 ut
3173 1674 3652 1733 accommodatius.

2071 1772 2136 1825 ad
2181 1771 2625 1842 chronologicam
2677 1770 2960 1825 veritatem
3009 1769 3064 1821 in
3113 1769 3301 1823 codice
3342 1765 3643 1822 Oxoniensi

392 1865 492 1919 bit.
524 1864 821 1919 Dicendum
852 1863 1034 1932 itaque
1069 1871 1172 1927 est,
1213 1860 1575 1931 Epiphanium
1605 1861 1661 1914 in
1704 1859 1847 1914 libro
1885 1857 1963 1912 De
1997 1848 2040 1903 Β
2071 1863 2171 1935 legi
2224 1863 2552 1930 Quesnellus
2597 1871 2844 1918 testatur.
2893 1862 2962 1916 At
3002 1861 3091 1916 hic
3137 1859 3300 1915 Probi
3341 1868 3396 1915 et
3427 1859 3643 1914 Paulini

393 1955 653 2009 mensuris
685 1965 734 2007 ει
783 1951 1102 2022 Ροηάετὶθιιι
1149 1966 1386 2015 errasse,
1431 1959 1486 2005 ct
1527 1949 1702 2004 ηιυίιο
1738 1949 1972 2004 Certiora
2072 1957 2392 2010 consulatus
2437 1964 2647 2025 partem
2703 1953 2830 2008 anni
2880 1953 3040 2023 primi
3083 1961 3138 2007 et
3176 1952 3400 2006 secundi
3429 1951 3644 2021 imperii

392 2047 462 2102 de
494 2045 916 2102 ﬂanichazorum
947 2044 1172 2100 haeresis
1196 2053 1385 2098 exortu
1426 2043 1479 2097 in
1508 2043 1664 2097 iibris
1705 2042 1968 2094 Adversus

391 2140 614 2193 hereses
654 2137 811 2192 nobis
865 2136 1180 2202 tradidisse,
1227 2135 1353 2192 licet
1395 2135 1450 2188 in
1509 2134 1712 2189 eisdem
1752 2147 1970 2202 quoque

393 2231 551 2286 libris
605 2229 802 2284 iterum
861 2229 967 2283 sibi
1020 2244 1130 2284 non
1188 2236 1439 2282 constare
1487 2225 1964 2296 deprehendatur:

394 2338 520 2376 nam
565 2337 689 2376 cum
741 2321 968 2376 dixisset
1001 2333 1147 2374 anno
1194 2335 1249 2374 ιν
1293 2318 1591 2379 Aureliani,
1614 2318 1708 2388 qui
1756 2325 1964 2387 partem

393 2416 523 2469 anui
561 2415 668 2468 275
697 2423 752 2469 et
773 2399 877 2467 274
909 2412 1306 2482 complectitur,
1357 2409 1646 2465 emersisse
1677 2407 1965 2469 Manetem,

393 2522 458 2560 ac
499 2513 763 2576 praeterea
801 2501 1148 2568 affirmasset,
1197 2501 1252 2556 id
1297 2499 1562 2555 accidisse
1599 2497 1882 2552 Aureliani
1914 2506 1968 2552 et

391 2597 556 2653 Probi
602 2595 964 2666 temporibus,
1005 2594 1112 2648 hoc
1160 2601 1243 2648 est
1290 2606 1433 2645 anno
1472 2589 1675 2645 Christi
1731 2588 1836 2642 276
1880 2603 1968 2643 se-

391 2691 630 2746 cundum
668 2688 957 2760 quosdam,
989 2687 1083 2757 qui
1117 2685 1230 2755 jam
1266 2693 1382 2739 tum
1421 2687 1490 2737 ab
1523 2683 1644 2752 ejus
1680 2681 1967 2736 nativitate

391 2796 567 2837 annos
614 2794 904 2835 numerare
938 2785 1249 2840 sueverant,
1291 2775 1417 2831 licet
1451 2789 1546 2830 eos
1579 2791 1609 2830 a
1657 2773 1858 2828 Christi
1909 2773 1963 2827 in

391 2874 562 2929 caelos
592 2872 965 2943 assumptione
991 2884 1164 2924 annos
1188 2877 1484 2938 supputare
1514 2865 1852 2937 Epiphanius
1875 2881 1966 2920 as-

392 2975 576 3029 serat;
609 2959 700 3017 vel
725 2976 870 3016 anno
898 2959 1007 3014 246
1039 2960 1340 3015 secundum
1372 2959 1534 3024 alios,
1563 2959 1656 3028 qui
1699 2973 1730 3012 a
1758 2957 1966 3013 Christi

391 3064 568 3112 morte
598 3069 772 3109 annos
807 3037 1212 3124 supputabant;
1249 3060 1434 3122 postea
1483 3051 1689 3116 subdit,
1717 3066 1749 3105 a
1782 3050 1966 3107 Mane-

392 3149 463 3202 tis
493 3146 833 3217 temporibus
857 3160 1033 3215 usque
1068 3144 1136 3198 ad
1171 3158 1376 3198 annum
1405 3157 1500 3197 xm
1533 3143 1663 3212 imp.
1698 3142 1961 3207 Valentis,
1991 3185 2034 3245 Ο

389 3249 444 3295 et
473 3256 527 3294 ix
557 3238 801 3294 Gratiani
825 3253 889 3294 ac
918 3239 1155 3308 primum
1178 3235 1544 3291 Valentiniani
1577 3234 1820 3290 Juuioris
1852 3250 1962 3305 quo

391 3333 507 3402 ipse
540 3331 838 3396 scribebat,
871 3331 977 3384 huc
1002 3338 1089 3385 est
1119 3344 1294 3399 usque
1325 3328 1393 3383 ad
1419 3333 1560 3397 :aerre
1584 3326 1828 3398 vulgaris
1858 3342 1961 3382 an-

389 3439 521 3476 num
564 3422 1070 3483 576,iutercessisse
1093 3435 1267 3474 annos
1292 3418 1414 3475 107.
1437 3417 1583 3488 quod
1613 3434 1744 3473 sane
1773 3434 1962 3473 verum

389 3528 512 3568 esse
537 3527 644 3566 non
678 3521 890 3581 potest;
923 3527 1048 3565 nam
1079 3512 1149 3565 ab
1179 3525 1323 3565 anno
1351 3511 1456 3565 276
1485 3511 1571 3565 vel
1602 3510 1710 3564 275
1740 3519 1835 3564 aut
1856 3509 1963 3563 27L

389 3595 466 3658 ad'
503 3618 706 3656 annum
747 3602 872 3666 376,
907 3618 1016 3657 non
1052 3599 1272 3656 centum
1320 3613 1372 3656 et
1414 3614 1622 3672 septem
1667 3603 1820 3666 anni,
1866 3603 1961 3657 sed

388 3701 609 3748 centum
636 3692 1034 3759 tantummodo,
1064 3693 1148 3746 vel
1182 3693 1286 3746 105
1316 3702 1411 3746 aut
1442 3692 1546 3747 104
1577 3692 1728 3758 anni,
1764 3707 1961 3747 secun-

389 3787 522 3843 dum
550 3787 733 3842 varias
761 3786 1174 3856 supputationes
1203 3785 1365 3840 modo
1388 3792 1739 3852 memoratas,
1765 3800 1960 3840 nume-

389 3888 602 3933 rantur.

457 3968 548 4025 Vl.
567 3968 738 4024 Porro
753 3983 992 4040 quonam
1009 3967 1171 4024 Probi
1188 3983 1332 4024 anno
1349 3970 1400 4024 id
1415 3969 1694 4037 acciderit,
1708 3985 1773 4024 ex
1794 3969 1962 4025 Euse-

387 4064 476 4120 bio
491 4063 671 4134 colligi
687 4063 1058 4133 potest,_quiiu
1070 4061 1328 4118 Chronico
1344 4063 1422 4117 sic
1437 4063 1503 4118 de
1535 4062 1960 4118 Manichaeorum

388 4155 560 4209 initiis
581 4154 768 4208 scribit
781 4153 853 4222 (b)
871 4173 884 4204 :
903 4152 1142 4207 Secundo
1159 4169 1297 4206 αηηο
1315 4152 1495 4219 Probi,
1505 4152 1962 4224 justalAntioclie-

387 4261 481 4300 nos
493 4239 767 4300 CCCXXV
782 4260 944 4298 annus
965 4245 1088 4311 fuit,
1097 4243 1259 4314 juxta
1277 4244 1462 4314 Tyrios
1477 4245 1606 4300 CDII
1621 4245 1699 4300 vel
1713 4244 1961 4300 (1011188-

386 4336 909 4400 cundumquosdam;
932 4335 1089 4403 juxta
1116 4334 1438 4390 Laodzceuos
1455 4336 1780 4402 CCCXXIV,
1797 4337 1961 4407 juxta

391 4429 684 4484 Edessenos
712 4429 782 4500 (c)
803 4426 1244 4484 CCCLXXXVlll
1265 4429 1361 4498 (ita
1391 4430 1534 4483 enim
1567 4430 1766 4500 corrigi
1801 4429 1960 4484 debet

387 4519 613 4576 Pontaci
625 4520 810 4582 editio,
825 4521 877 4573 iu
891 4537 996 4590 qua
1010 4537 1286 4591 perperam
1305 4519 1956 4592 legiturCCCLXXXlX);
1992 4553 2036 4606 Β

380 4611 890 4684 juxtaAscalouitas
925 4611 1272 4679 CCCLXXX,
1309 4613 1500 4666 insana
1543 4611 1958 4666 Mauiclueorum

387 4705 601 4760 narcara
615 4705 668 4757 in
685 4705 1180 4758 communehumani
1193 4706 1390 4775 generis
1406 4707 1816 4760 malumexorta.
1835 4703 1960 4759 llam

395 4803 575 4852 autem
593 4793 808 4850 Eusebii
824 4791 989 4846 verba
1003 4790 1073 4846 ita
1087 4790 1432 4862 intelligenda
1455 4801 1602 4857 sunt,
1615 4803 1675 4850 ut
1699 4809 1807 4849 non
1830 4804 1960 4848 tunc

387 4889 626 4958 primum
683 4885 1106 4940 Manichaeorum
1160 4885 1381 4940 haeresis
1433 4897 1553 4941 orta
1604 4885 1800 4954 fuerit;
1842 4887 1957 4956 jam

388 4981 533 5035 enim
562 4979 630 5034 ab
650 4978 1019 5048 apostolorum
1046 4975 1212 5032 ferme
1235 4979 1572 5047 temporibus
1594 4980 1956 5048 quorumdam

389 5081 599 5128 utentes
627 5072 716 5124 ille
745 5069 984 5125 nefarius
1008 5083 1162 5123 error
1192 5070 1486 5134 invaserat,
1513 5078 1572 5124 ut
1596 5085 1663 5124 ex
1688 5070 1958 5126 Archelao

389 5177 578 5222 nostro
605 5175 659 5223 et
686 5164 988 5235 Epiphanio
1013 5164 1215 5234 liquet;
1249 5165 1343 5219 sed
1372 5166 1516 5233 quod
1555 5174 1685 5220 tunc
1717 5167 1953 5236 primum

387 5258 599 5314 Manete
632 5259 884 5314 haeresim
909 5267 1144 5314 veterem
1180 5273 1278 5327 per
1305 5259 1487 5313 varias
1511 5256 1750 5313 Orientis
1780 5260 1957 5329 regio-

390 5369 488 5409 nes
512 5354 925 5418 disseminante,
958 5364 1012 5409 et
1048 5354 1104 5408 in
1135 5355 1466 5409 Archelaum
1494 5351 1632 5407 forte
1661 5353 1953 5421 incidente,

387 5443 484 5514 qui
505 5458 695 5498 omnes
721 5444 842 5514 ejus
875 5451 1020 5498 artes
1043 5459 1108 5498 ac
1129 5458 1346 5498 errores
1375 5442 1707 5513 disputando
1730 5443 1953 5506 detexit,

387 5531 465 5588 ita
497 5532 554 5587 in
585 5544 906 5590 cunctorum
932 5550 1028 5605 per
1063 5535 1250 5592 orbem
1291 5533 1532 5590 fidelium
1567 5534 1816 5589 notitiam
1858 5549 1953 5590 Ve-

463 5737 542 5809 (u)
571 5734 792 5809 Catech.
823 5755 897 5803 vr,
930 5756 1052 5809 pag.
1089 5741 1209 5795 MO.

463 5805 540 5876 (ὁ)
568 5805 759 5861 Chron.
796 5809 885 5862 lib.
919 5805 1080 5879 post"
1104 5827 1226 5882 pag.
1256 5813 1376 5869 177.

2069 2045 2233 2100 Probi
2268 2046 2530 2109 continet,
2549 2059 2710 2115 quem
2739 2044 2974 2098 abeunte
3003 2041 3191 2096 Tacito
3211 2042 3298 2096 die
3323 2041 3389 2094 15
3417 2041 3643 2109 Aprilis,

2068 2139 2297 2207 ejusque
2324 2136 2490 2192 fratre
2530 2135 2786 2190 Floriauo
2830 2143 2955 2204 post
3001 2133 3143 2188 duos
3185 2148 3406 2188 menses
3433 2133 3642 2198 occiso,

2068 2229 2373 2284 Romanum
2413 2229 2701 2300 imperium
2751 2227 3057 2282 obtinuisse
3103 2235 3336 2283 constat.
3367 2225 3549 2292 Quare
3594 2227 3644 2282 si

2062 2323 2218 2393 juxta
2249 2321 2546 2377 Eusebium
2575 2337 2718 2376 anno
2740 2321 2902 2375 Probi
2935 2336 2974 2374 ιι
2998 2328 3052 2375 et
3073 2320 3230 2391 juxta
3259 2319 3496 2375 Leonem
3529 2317 3646 2373 Ma-

2067 2430 2232 2484 gnum
2266 2414 2370 2469 sub
2411 2413 2698 2469 consulatu
2741 2411 2905 2467 Probi
2941 2421 2995 2467 et
3022 2411 3238 2466 Paulini
3266 2410 3533 2478 patefacta
3557 2419 3647 2464 est

2068 2505 2494 2561 Manichaeorum
2540 2506 2786 2572 haeresis,
2841 2505 3148 2560 necessario
3185 2504 3290 2559 dici
3325 2504 3504 2568 debet,
3540 2503 3648 2557 Ar-

2063 2598 2236 2653 chelai
2260 2612 2384 2652 cum
2401 2596 2610 2651 Manete
2627 2596 3070 2666 disputationem,
3082 2611 3174 2665 per
3189 2611 3352 2666 quam
3372 2596 3648 2650 universae

2064 2691 2320 2746 Ecclesiae
2369 2689 2600 2745 Manetis
2655 2704 2808 2744 error
2862 2689 3139 2754 innotuit,
3187 2688 3452 2744 accidisse
3497 2690 3645 2744 intra

2062 2783 2265 2838 Julium
2299 2791 2462 2852 atque
2495 2781 2848 2837 Decembrem
2878 2781 3007 2836 anni
3040 2781 3166 2834 277.
3213 2780 3407 2835 Verum
3438 2780 3648 2836 Arche-

2064 2876 2135 2930 lai
2167 2877 2338 2931 nostri
2365 2875 2525 2930 verba
2552 2875 2786 2945 benigne
2815 2882 2943 2929 sunt
2974 2871 3404 2943 interpretanda,
3453 2873 3548 2943 qui
3589 2875 3646 2928 in

2064 2981 2186 3036 cap.
2217 2963 2288 3020 27
2319 2964 2701 3035 disputationis
2733 2977 2847 3018 suae
2873 2969 2998 3032 post
3025 2971 3295 3016 trecentos
3328 2958 3442 3014 fere
3469 2975 3649 3015 annos

2065 3073 2098 3113 a
2123 3056 2328 3113 Christi
2375 3065 2570 3120 morte,
2616 3055 2728 3109 imo
2758 3061 2881 3124 post
2910 3059 3197 3116 trecentos,
3237 3059 3292 3106 et
3320 3065 3384 3106 eo
3408 3051 3648 3121 amplius

2066 3163 2241 3204 annos
2262 3149 2331 3203 ab
2355 3148 2543 3203 eadem
2575 3145 2777 3201 Christi
2820 3153 2996 3199 morte
3038 3141 3326 3197 advenisse
3371 3140 3645 3197 Manetem

2068 3241 2284 3297 asserit.
2313 3240 2638 3294 Archelaum
2668 3238 2814 3292 enim
2850 3237 2915 3291 ad
2945 3233 3380 3304 exaggerandam
3412 3232 3648 3290 Manetis

2069 3333 2440 3398 Stoliditatem,
2489 3332 2584 3401 qui
2634 3329 2977 3385 Paracletum
3031 3326 3296 3397 Spiritum
3345 3345 3377 3384 a
3424 3329 3649 3385 Christo

2068 3425 2423 3496 promissum,
2476 3433 2677 3478 temere
2734 3437 2792 3476 se
2835 3435 2956 3476 esse
3001 3418 3325 3487 affirmabat,
3371 3436 3648 3476 annorum

2069 3531 2358 3574 numerum
2389 3517 2444 3570 in
2477 3513 2862 3585 disputationis
2908 3521 3042 3567 aestu
3083 3513 3304 3568 auxisse
3351 3513 3647 3568 dicendum

2068 3620 2172 3676 est,
2199 3620 2260 3664 ut
2290 3608 2494 3663 clarius
2525 3605 2855 3671 ostenderet,
2909 3603 3087 3672 ipsum
3135 3603 3296 3674 longe
3338 3603 3475 3658 adeo
3519 3615 3651 3674 post

2069 3699 2274 3756 Christi
2313 3705 2544 3752 mortem
2589 3704 2835 3764 tempore
2883 3703 3271 3763 emergentem,
3301 3691 3649 3750 Paracletum

2068 3808 2190 3850 esse
2221 3808 2328 3847 non
2367 3805 2552 3862 posse,
2599 3802 2759 3859 quem
2792 3784 2954 3842 Jesus
3006 3793 3130 3856 post
3180 3799 3343 3840 suum
3385 3785 3440 3840 iu
3471 3788 3648 3844 caelos

2069 3899 2378 3947 ascensum,
2406 3882 2550 3936 illico
2571 3897 2629 3936 se
2649 3878 2915 3949 apostolis
2935 3879 3233 3934 missurum
3257 3877 3645 3949 affirmaverat;

2067 3986 2122 4031 et
2159 3990 2349 4030 revera
2395 3983 2519 4043 post
2565 3970 2956 4042 quinquaginta
2995 3970 3064 4024 ab
3093 3971 3214 4040 ejus
3242 3972 3648 4029 resurrectione

2067 4069 2183 4123 dies
2224 4067 2292 4122 ab
2322 4067 2440 4136 ipso
2468 4064 2698 4120 missum
2737 4062 2940 4127 fuisse,
2979 4061 3351 4132 apostolorum
3380 4061 3518 4118 Acta
3553 4063 3646 4118 di-

2067 4170 2212 4216 serte
2241 4168 2528 4215 testantur.

2137 4227 2276 4305 Vill.
2316 4249 2416 4305 His
2471 4249 2539 4303 de
2575 4246 2831 4302 Archelai
2859 4261 2984 4302 cum
3013 4243 3226 4300 Manete
3257 4244 3645 4315 disputationis

2066 4353 2308 4413 tempore
2340 4358 2406 4396 ac
2443 4339 2814 4404 versionibus,
2866 4337 3045 4404 deque
3089 4336 3334 4407 ejusdem
3383 4336 3642 4393 Archelai

2065 4431 2360 4502 episcopali
2405 4430 2532 4486 sede
2578 4427 2894 4500 prmlibatis,
2933 4426 3200 4498 agendum
3248 4425 3408 4482 nobis
3448 4434 3535 4482 est
3573 4429 3646 4483 de

2067 4523 2380 4580 sinceritate
2401 4533 2566 4592 atque
2590 4519 2905 4592 praestantia
2927 4519 3170 4588 ejusdem
3193 4519 3374 4589 Operis
3391 4537 3406 4586 ;
3425 4534 3490 4575 ac
3505 4535 3646 4589 pra»

2064 4627 2211 4671 terea
2238 4615 2550 4678 videndum,
2580 4629 2648 4667 au
2682 4613 2863 4683 aliqua
2901 4612 2986 4667 sui
3021 4620 3173 4682 parte
3194 4613 3506 4668 mutilatum
3532 4615 3640 4682 sit;

2061 4719 2338 4781 postremo
2379 4707 2754 4773 indicandum,
2807 4721 3058 4776 quaenam
3110 4704 3370 4761 Actorum
3401 4722 3524 4777 quae
3553 4708 3645 4763 in-

2063 4811 2211 4873 tegra
2241 4816 2386 4855 nunc
2409 4800 2573 4871 primi
2602 4800 2839 4865 edimus,
2872 4797 3176 4868 fragmenta
3213 4799 3344 4854 olim
3375 4798 3428 4853 in
3461 4799 3642 4854 lucem

2059 4892 2381 4963 prodierint,
2433 4900 2488 4946 et
2537 4907 2604 4946 ex
2655 4891 2815 4961 cujus
2869 4891 3211 4946 bibliothecae
3251 4890 3442 4946 codice
3470 4891 3644 4946 editio

2059 4993 2247 5039 nostra
2280 4983 2617 5053 proﬂuxerit.
2653 4982 2718 5036 Et
2769 4985 2946 5053 primo
2995 4983 3214 5051 quidem
3267 4981 3336 5037 de
3373 4980 3641 5038 Actorum

2059 5077 2288 5132 istorum
2325 5075 2636 5130 sinceritate
2660 5074 2902 5144 suspicio
2930 5075 3077 5128 nulla
3101 5075 3232 5128 oriri
3262 5082 3443 5144 potest
3469 5093 3481 5129 :
3508 5090 3642 5130 nam

2059 5167 2398 5239 Epiphanius
2425 5182 2568 5220 anno
2588 5165 2796 5220 Christi
2817 5164 2922 5219 576
2946 5166 3210 5220 adversus
3233 5167 3470 5221 luereses
3498 5167 3644 5220 scri-

2059 5260 2216 5324 bens,
2246 5258 2460 5327 insigne
2487 5273 2554 5312 ex
2585 5255 2955 5326 disputatione
2983 5255 3234 5311 Archelai
3271 5255 3638 5326 fragmentum

2059 5351 2288 5422 protulit
2335 5351 2388 5406 iu
2436 5350 2629 5405 haeresi
2666 5348 3114 5414 Manichaeorum,
3168 5363 3287 5418 cap.
3342 5348 3435 5412 25,
3485 5349 3638 5418 quod

2056 5447 2300 5516 ejusdem
2333 5443 2482 5498 Actis
2509 5459 2574 5498 ex
2604 5441 2796 5497 Latina
2832 5440 3082 5496 versione
3115 5456 3146 5495 a
3181 5441 3336 5495 nobis
3367 5441 3423 5493 in
3455 5439 3636 5494 lucem

2055 5540 2217 5595 editis
2254 5554 2479 5609 prorsus
2527 5536 2854 5607 respondet;
2907 5549 2971 5590 ac
3017 5542 3277 5605 praeterea
3307 5533 3353 5590 si
3380 5532 3637 5594 Archelai

2132 5742 2203 5808 (c)
2258 5739 2402 5793 Edit.
2453 5738 2488 5794 2
2536 5737 2796 5809 Scaligeri
2850 5736 3012 5793 habet
3054 5757 3065 5792 :
3110 5737 3272 5807 juxta
3338 5735 3633 5795 Edessena:

2059 5825 2359 5870 ιιιιιιιίιι.
