4058 6388
356 379 492 434 “13

1805 366 2102 430 NOTlTlA.

3461 382 3602 447 im

357 508 604 555 rationes
635 510 801 570 atque
833 508 1150 570 argumenta
1191 515 1315 554 cum
1345 498 1630 570 Epiphanii
1677 497 1927 556 confuta-
1963 505 2007 557 Α
2038 495 2260 562 insuper
2294 494 2592 550 Archelaus
2625 511 2745 566 cap.
2780 498 2847 551 54
2877 497 3139 555 Manetem
3179 502 3231 555 in
3261 517 3476 559 carcere
3506 522 3608 575 po-

351 593 595 647 tionibus
643 592 915 658 conferas,
966 593 1376 648 evidentissime
1409 591 1711 662 apparebit,
1749 591 1927 660 ipsum

352 685 428 740 ita
460 686 514 739 in
542 685 798 739 omnibus
823 694 1068 740 secutum
1097 683 1266 739 fuisse
1287 685 1637 750 Archelaum,
1663 693 1721 738 ut
1752 697 1928 753 pauca

352 776 420 830 de
450 792 551 830 suo
577 777 838 831 adversus
868 776 1097 830 Manetis
1125 791 1340 829 errores
1380 775 1641 828 attulerit.
1684 774 1931 829 Meminit

349 868 511 922 etiam
534 867 792 923 Actorum
823 868 987 936 hujus
1019 867 1408 936 disputationis
1441 864 1716 935 Socrates,
1741 867 1835 938 qui
1872 868 1925 921 in

350 957 640 1012 consulatu
693 973 781 1012 xvr
853 956 1149 1011 Theodosii
1193 955 1463 1023 Junioris,
1509 958 1612 1012 hoc
1641 966 1724 1012 est
1781 971 1928 1011 anno

347 1063 471 1104 serae
500 1049 824 1103 Christiana:
851 1047 1422 1114 459,Ecclesiasticam
1444 1049 1720 1102 historiam
1744 1049 1926 1104 absol-

347 1144 462 1207 vit;
495 1151 548 1196 et
577 1157 641 1196 ea
675 1141 856 1195 omnia
883 1156 1005 1210 quae
1039 1141 1105 1195 de
1130 1141 1554 1196 Manichaeorum
1579 1142 1771 1196 hau-esi
1799 1158 1926 1195 nar-

345 1235 508 1296 ravit,
560 1250 618 1289 se
653 1249 720 1288 ex
762 1234 966 1290 eisdem
1017 1233 1167 1288 Actis
1217 1235 1467 1290 hausisse
1507 1235 1738 1305 ingenue
1788 1233 1924 1288 fate-

344 1337 434 1380 tur
459 1327 559 1398 (a).
606 1325 807 1381 Eorum
861 1327 1104 1396 insuper,
1150 1336 1412 1395 tanquam
1465 1326 1533 1380 ab
1587 1325 1920 1396 llegemonio

347 1419 585 1487 quodam
641 1419 991 1488 scriptorum,
1044 1419 1374 1472 mentionem
1411 1418 1538 1472 facit
1569 1417 1921 1476 Heraclianus

339 1509 804 1566 Chalcedonensis
825 1510 1134 1580 episcopus,
1154 1519 1214 1564 ut
1248 1525 1412 1579 supra
1442 1509 1648 1565 dictum
1679 1520 1778 1566 est.
1814 1510 1919 1566 De-

341 1603 508 1672 nique
532 1602 786 1657 Archelai
809 1602 983 1658 nostri
1005 1617 1229 1672 operum
1261 1600 1620 1671 fragmentum
1645 1604 1916 1658 contineri

341 1694 397 1748 in
433 1692 820 1748 veteriCatena
853 1693 1168 1748 Graecorum
1204 1692 1432 1747 Patrum
1473 1694 1526 1748 in
1558 1693 1915 1764 Evangelium

338 1783 586 1852 Joannis,
603 1802 722 1856 quae
742 1786 972 1840 habetur
992 1785 1045 1839 in
1075 1785 1277 1854 scripto
1301 1784 1562 1840 Caesareae
1577 1786 1917 1842 bibliothecze

2037 588 2224 652 situm,
2266 588 2565 656 discipulos
2611 605 2742 643 suos
2797 591 3012 646 misisse
3047 594 3114 646 ad
3165 594 3302 662 loca,
3343 597 3396 649 in
3421 609 3612 668 quibus

2035 679 2457 732 Christianorum
2501 679 2623 733 libri
2675 683 3156 752 conscribebantur,
3215 689 3402 758 eisque
3453 691 3620 745 Chr-in

2035 770 2337 822 stianorum
2384 785 2442 823 se
2488 771 2709 826 nuntios
2746 789 2867 828 esse
2901 776 3287 834 simulantibus
3322 796 3610 836 sacrorum

2033 862 2283 916 codicum
2330 863 2538 931 copiam
2585 862 2782 918 factam
2827 865 3017 922 fuisse.
3059 869 3126 923 At
3156 870 3206 923 id
3235 872 3338 926 sub
3369 874 3604 930 ethnicis

2033 961 2246 1006 tantum
2302 955 2726 1023 imperatoribus
2776 955 2955 1012 facere
3013 963 3321 1032 oportebat,
3376 981 3612 1034 quorum

2030 1044 2366 1112 temporibus
2411 1043 2613 1100 Christi
2663 1046 2848 1103 fideles
2881 1065 3094 1105 summa
3150 1054 3412 1122 religione
3453 1073 3615 1114 cura-

2027 1133 2179 1201 bant,
2204 1150 2271 1189 ne
2305 1146 2669 1192 sacrosanctae
2696 1139 2830 1209 legis
2864 1140 2986 1194 libri
3021 1143 3089 1196 ad
3113 1143 3457 1201 ethnicorum
3491 1164 3614 1204 ma-

2028 1241 2130 1280 nus
2184 1228 2562 1294 pervenirent;
2621 1244 2685 1283 ac
2738 1240 3018 1300 propterea
3075 1250 3182 1288 non
3239 1237 3463 1307 ubique,
3514 1241 3612 1297 sed

2025 1316 2190 1371 certis
2224 1317 2553 1386 quibusdam
2580 1320 2637 1374 in
2670 1321 2826 1386 locis,
2864 1325 3004 1377 sacri
3043 1327 3257 1382 codices
3288 1331 3445 1384 vendi
3478 1347 3611 1387 con-

2025 1421 2334 1464 sueverant.
2384 1410 2752 1482 Corrigendus
2785 1425 2964 1468 autem
3002 1415 3358 1487 Epiphanius,
3407 1425 3505 1492 qui
3550 1426 3604 1480 in

2020 1500 2445 1558 Manichaeorum
2477 1505 2691 1573 hmresi,
2719 1521 2838 1576 cap.
2869 1507 2923 1570 5,
2962 1509 3037 1562 ait
3069 1509 3335 1566 Manetem
3363 1514 3604 1586 discipu-

2018 1595 2102 1650 los
2134 1611 2264 1650 suos
2301 1597 2369 1650 ad
2409 1597 2766 1666 inquirendos
2797 1614 2984 1653 sacros
3015 1601 3186 1657 libros
3218 1605 3456 1672 misisse,
3501 1624 3600 1662 an-

2018 1696 2237 1756 tequam
2273 1687 2326 1741 in
2360 1703 2635 1743 carcerem
2663 1690 2998 1758 truderetur;
3030 1709 3153 1748 nam
3187 1695 3241 1749 in
3274 1699 3436 1753 modo
3469 1700 3596 1754 Ian»

2019 1779 2147 1834 dato
2184 1779 2437 1834 Archelai
2469 1780 2856 1849 disputationis
2887 1782 3007 1837 loco
3030 1784 3227 1840 diserte
3259 1788 3457 1842 dicitur
3484 1791 3537 1844 id
3563 1808 3596 1847 a

343 1877 553 1942 codice,
581 1845 733 1932 testis
756 1887 842 1931 est
867 1845 1201 1932 Lambecius
1215 1875 1288 1945 (b)
1312 1895 1323 1928 :
1344 1877 1488 1945 quod
1514 1878 1700 1946 utique
1715 1893 1777 1932 ex
1813 1879 1915 1931 hu-
1949 1845 1992 1904 Β
2017 1870 2227 1926 Manete
2259 1871 2460 1928 factum
2489 1871 2679 1940 fuisse,
2709 1889 2818 1943 quo
2848 1883 3091 1945 tempore
3126 1877 3180 1931 in
3211 1896 3432 1936 carcere
3455 1882 3598 1940 deti-

333 1967 427 2041 jus
443 1968 833 2038 disputationis
849 1968 999 2024 Actis
1017 1968 1364 2036 desumptnm
1386 1968 1554 2022 fuisse
1571 1983 1677 2022 non
1702 1969 1912 2023 dubito.

409 2058 501 2113 IX.
544 2059 813 2114 Praeterea
844 2075 910 2114 ex
940 2060 1253 2113 eorumdem
1282 2059 1542 2112 Actorum
1583 2068 1731 2113 textu
1767 2062 1915 2115 varia

339 2161 664 2218 argumenta
707 2149 826 2203 erui
869 2157 1118 2218 possunt,
1161 2147 1361 2217 quibus
1394 2162 1584 2200 eorum
1617 2147 1914 2217 antiquitas

337 2250 500 2312 atque
569 2241 858 2297 sinceritas
925 2241 1350 2295 demonstratur.
1407 2238 1706 2294 Archelaus
1767 2241 1912 2295 enim

339 2350 460 2403 cap.
489 2333 556 2386 27
593 2341 648 2387 et
693 2333 762 2387 58
808 2333 992 2388 varios
1039 2331 1327 2386 haareticos
1361 2345 1708 2396 enumerans,
1740 2333 1911 2384 nemi-

335 2441 458 2478 nem
497 2423 732 2482 Sabellio
775 2424 1133 2478 recentiorem
1181 2423 1434 2492 appellat,
1481 2438 1640 2490 quem
1687 2422 1824 2477 Sixti
1866 2422 1910 2476 ll

336 2513 696 2582 temporibus,
727 2513 821 2582 qui
851 2528 994 2567 anno
1022 2512 1223 2567 Christi
1251 2512 1357 2565 257
1389 2521 1440 2566 ct
1468 2513 1573 2566 258
1607 2512 1907 2568 Romanam

334 2605 636 2661 Ecclesiam
684 2606 844 2671 rexit,
875 2621 906 2660 a
941 2605 1198 2676 Dionysio
1225 2604 1592 2659 Alexandrino
1637 2607 1908 2662 luereseos

334 2705 652 2753 accusatum
701 2695 873 2752 fuisse
914 2705 1132 2752 constat
1156 2713 1223 2751 ex
1276 2697 1510 2753 Eusebio
1532 2698 1624 2767 (ε).
1665 2697 1910 2754 Meminit

332 2804 555 2861 quoque
605 2789 905 2844 obsidionis
953 2789 1269 2857 Carrarum,
1325 2791 1412 2845 cui
1472 2800 1792 2860 prazsentem
1849 2810 1909 2849 se

332 2881 506 2938 fuisse
535 2891 765 2937 testatur
793 2897 912 2952 cap.
946 2882 1037 2947 24,
1071 2899 1193 2951 quae
1232 2883 1377 2938 nulla
1409 2884 1512 2938 alia
1541 2885 1754 2939 videtur
1787 2902 1908 2942 esse

330 2991 516 3046 posse,
544 2991 707 3045 quam
744 2975 834 3028 illa
861 2991 983 3044 quae
1012 2975 1113 3029 sub
1144 2974 1430 3030 Valeriano
1457 2977 1702 3046 Augusto
1733 2980 1904 3033 conti-

330 3069 429 3139 git,
470 3084 593 3124 cum
629 3068 838 3123 scilicet
864 3083 896 3122 a
925 3068 1107 3122 Persis
1143 3079 1447 3139 expugnata
1502 3069 1634 3138 fuit;
1681 3072 1765 3126 vel
1799 3074 1904 3126 alia

2018 1965 2273 2018 nebatur.

2086 2054 2154 2108 Χ.
2195 2054 2307 2111 Nec
2337 2071 2402 2111 ex
2438 2057 2610 2113 sacris
2656 2060 3054 2129 tantummodo,
3097 2077 3286 2117 verum
3326 2065 3488 2120 etiam
3523 2083 3594 2122 ex

2013 2147 2258 2216 profanis
2291 2150 2619 2218 quibusdam
2676 2151 2839 2206 rebus
2882 2169 3116 2222 quarum
3164 2156 3218 2209 in
3260 2157 3412 2212 hisce
3436 2161 3592 2216 Actis

2015 2240 2218 2293 mentio
2255 2241 2333 2306 lit,
2361 2243 2675 2295 corumdcm
2708 2243 2842 2300 fides
2879 2247 3165 2301 astruitur.
3199 2250 3261 2302 In
3289 2250 3357 2304 iis
3388 2253 3589 2323 quippe

2012 2331 2241 2399 legimus
2287 2332 2576 2397 Manetem,
2630 2351 2756 2389 cum
2798 2352 2829 2390 a
2867 2336 3122 2395 Marcello
3163 2342 3358 2398 litteris
3381 2346 3590 2402 accitus

2012 2423 2209 2478 Carras
2264 2425 2429 2491 venit,
2485 2426 2737 2480 baculum
2787 2444 2852 2483 ex
2898 2447 3072 2485 ebeno
3122 2433 3176 2486 in
3211 2436 3462 2492 manibus
3497 2455 3588 2508 ge—

2012 2522 2220 2578 stasse;
2273 2516 2418 2584 quod
2466 2516 2535 2570 ab
2561 2519 2869 2589 Alytarchis
2907 2521 3213 2579 factitatum
3253 2527 3384 2581 olim
3416 2528 3586 2585 fuisse

2010 2613 2240 2659 testatur
2263 2605 2311 2659 J.
2339 2605 2560 2662 Malalas
2596 2610 2687 2679 (e).
2726 2610 3086 2668 Callisthenes
3116 2631 3334 2686 quoque
3362 2621 3584 2688 spurius

2010 2699 2245 2763 scriptor
2275 2714 2303 2753 a
2335 2700 2654 2756 doctissimo
2699 2701 2977 2774 Ducangio
3011 2709 3066 2760 in
3097 2707 3367 2763 Glossario
3397 2714 3583 2769 media;

2007 2799 2055 2840 et
2093 2789 2291 2857 inﬁmae
2327 2791 2626 2846 Graecitatis
2654 2793 2924 2860 laudatus,
2968 2798 3131 2852 verbo
3169 2799 3489 2868 Ἑὸελλῖνος,
3514 2805 3584 2862 de

2006 2878 2408 2937 Psammcticho
2449 2885 2520 2938 ita
2563 2884 2753 2939 scribit
2784 2904 2798 2940 :
2831 2887 2940 2940 Kal.
2969 2891 3204 2944 ἐστολέει
3236 2894 3429 2948 ἑαυτὸν
3459 2911 3581 2948 στο-

2006 2971 2103 3044 λὴν
2152 2979 2428 3046 προφήτου
2450 3016 2464 3042 ,
2524 2977 2766 3048 κατέχων
2814 2981 2871 3032 ὲν
2905 2983 2968 3053 τῇ
3005 2983 3147 3054 χειρὶ
3185 2985 3348 3038 αὐτοῦ
3383 2988 3578 3058 ῥάϐδον

2007 3065 2307 3138 ὲϐελλίνην,
2350 3067 2442 3122 ubi
2476 3065 2718 3140 Esopus
2751 3069 2991 3139 ejusdem
3012 3064 3374 3131 'Callisthenis
3408 3077 3577 3133 inter-

329 3161 435 3216 sub
466 3160 730 3228 Gallieno,
759 3176 881 3215 cum
905 3161 974 3214 ab
1000 3158 1283 3215 Odenatho
1312 3159 1547 3217 Orientis
1577 3179 1700 3234 rege
1721 3163 1904 3220 Persis
1932 3187 1974 3244 ο
2006 3173 2149 3227 pres.
2194 3159 2286 3228 qui
2329 3159 2636 3214 verSionem
2669 3176 2827 3216 suam
2861 3161 3204 3230 Constantio.
3230 3168 3576 3226 Constantini

327 3265 514 3325 erepta
546 3255 601 3308 in
634 3256 868 3310 Romani
901 3255 1117 3325 imperii
1148 3255 1405 3309 ditionem
1452 3255 1645 3311 iterum
1687 3259 1902 3312 redacta

327 3345 452 3412 fuit,
490 3345 760 3402 Trebellio
786 3345 1028 3402 Pollione
1063 3355 1200 3400 teste
1235 3347 1288 3400 in
1321 3345 1580 3413 Gallieno,
1607 3363 1728 3419 cap.
1761 3350 1826 3403 10
1849 3359 1904 3404 et

329 3438 416 3492 12.
445 3437 645 3492 Eorum
671 3440 896 3508 insuper
918 3439 1249 3492 mentionem
1278 3437 1406 3494 facit
1429 3455 1545 3509 cap.
1573 3440 1660 3505 52,
1688 3442 1779 3510 qni
1805 3458 1902 3511 per

328 3536 619 3597 parentum
651 3527 1000 3581 traditionem
1035 3527 1315 3598 Scythiani
1359 3528 1598 3583 hreretici
1626 3531 1900 3599 apostolo-

326 3635 448 3673 rum
479 3619 816 3688 temporibus
860 3621 1091 3675 viventis
1134 3621 1379 3675 notitiam
1409 3621 1734 3687 habnerant,
1761 3623 1897 3677 sibi-

326 3726 431 3781 que
462 3711 722 3766 nonnulla
764 3710 830 3766 de
860 3712 980 3781 ejus
1022 3713 1216 3767 haeresi
1262 3723 1634 3768 narraverant.
1675 3713 1816 3780 Quin
1846 3724 1902 3770 et

324 3803 466 3858 varii
512 3803 722 3872 antiqui
765 3817 947 3858 mores
985 3803 1038 3856 in
1087 3804 1236 3858 hisce
1277 3803 1430 3858 Actis
1476 3805 1784 3870 memorati,
1833 3805 1900 3860 de

326 3895 641 3950 earumdem
669 3894 982 3949 sinceritate
1006 3909 1106 3948 nos
1127 3895 1376 3950 dubitare
1399 3910 1505 3949 non
1533 3897 1735 3950 sinunt.
1761 3895 1896 3949 Nam

324 3988 529 4058 in‘ipso
560 3987 826 4042 Actorum
862 3987 1088 4041 exordio
1119 3987 1320 4042 dicitur
1359 3987 1652 4041 nonnullos
1688 4002 1753 4042 ex
1787 3987 1895 4041 lto-

324 4097 614 4137 manarum
637 4081 912 4149 legionum
942 4078 1229 4145 militibus,
1253 4077 1488 4134 Marcelli
1513 4078 1896 4133 misericordiae

323 4175 574 4232 exemplo
606 4171 1206 4240 commotos,‘d'eposito
1238 4169 1445 4224 militia:
1473 4169 1710 4237 cingulo,
1738 4170 1896 4224 Chri-

323 4265 515 4321 stiana:
540 4261 661 4320 ﬁdei
675 4275 871 4316 nomen
896 4262 1110 4318 dedisse
1141 4279 1154 4316 :
1186 4261 1330 4331 quod
1361 4260 1756 4329 antiquissimis
1790 4263 1894 4315 Ec-

324 4359 507 4414 clesiae
541 4357 878 4426 temporibus
908 4369 940 4409 a
971 4353 1296 4409 Christianis
1319 4353 1606 4420 militibus,
1638 4368 1893 4423 ne-paga-

323 4466 522 4505 norum
565 4447 895 4506 commercio
938 4455 992 4502 et
1041 4445 1518 4516 superstitionibus
1551 4447 1892 4500 macularen-

2005 3247 2184 3318 Magni
2227 3250 2358 3316 ﬁlio,
2403 3250 2624 3316 dicavit,
2655 3253 2796 3308 male
2837 3257 3111 3308 tamarisci
3151 3259 3350 3327 virgam
3376 3263 3572 3330 vertit;

2005 3343 2148 3397 unde
2189 3356 2336 3412 patet
2369 3343 2679 3413 hnjusmodi
2717 3346 2912 3401 baculo
2943 3363 3038 3404 eos
3073 3351 3151 3404 nti
3195 3355 3571 3422 'consuevisse,

2003 3434 2099 3502 qui
2135 3434 2351 3503 publica
2399 3436 2580 3505 aliqua
2623 3437 2883 3507 dignitate
2921 3440 3338 3512 decorabantur,
3371 3448 3576 3519 quique

2002 3525 2265 3578 doctrina:
2291 3525 2505 3579 laudem
2533 3525 2875 3582 affectabam.
2913 3527 3189 3587 lncessum
3224 3551 3441 3606 quoque
3471 3541 3576 3593 im-

2005 3627 2336 3682 peratorum,
2369 3617 2498 3670 dum
2534 3617 2748 3686 publice
2772 3635 2896 3676 cum
2924 3625 3346 3692 protectoribus,
3379 3629 3573 3700 signis,

2002 3709 2355 3771 draconibus,
2399 3708 2622 3773 labaris,
2670 3709 2926 3777 ducibus,
2985 3716 3324 3786 principibus
3351 3730 3406 3774 et
3432 3737 3575 3790 prae-

2001 3799 2157 3856 fectis
2188 3802 2376 3855 urbem
2403 3801 2643 3871 aliquam
2677 3803 3108 3873 ingrederentur,
3143 3819 3331 3865 exacte
3361 3812 3572 3868 descri-

2003 3893 2084 3946 bit
2113 3908 2231 3962 cap.
2268 3893 2359 3945 57.
2390 3890 2635 3963 Denique
2660 3893 2727 3947 de
2747 3896 3032 3965 multiplici
3056 3899 3355 3968 sigillorum
3386 3913 3438 3957 et
3461 3905 3574 3958 cla-

1998 3987 2146 4038 vium
2196 4000 2298 4038 usu
2332 3985 2472 4053 apud
2504 3995 2712 4039 veteres
2745 4002 2852 4039 non
2890 4001 3062 4055 pauca
3093 3991 3254 4044 tradit
3277 4007 3396 4060 cap.
3425 3993 3492 4047 M
3516 4003 3574 4050 et

1997 4075 2066 4127 26
2089 4075 2286 4143 quibus
2309 4074 2508 4128 similia
2533 4089 2760 4142 prorsus
2788 4075 2842 4128 in
2867 4078 3208 4133 ethnicorum
3241 4083 3567 4150 scriptorum

1997 4166 2367 4220 monumentis
2421 4173 2737 4229 occurrunt,
2780 4175 2839 4220 ut
2877 4167 2932 4220 in
2969 4171 3172 4226 nostris
3211 4172 3279 4226 ad
3321 4189 3384 4228 ea
3419 4178 3567 4232 notis

1997 4255 2357 4312 ostendimus.
2383 4254 2463 4308 Ex
2491 4255 2692 4325 quibus
2723 4256 2979 4312 omnibus
3011 4259 3144 4314 satis
3173 4275 3443 4332 superque
3472 4265 3568 4318 de—

1995 4357 2354 4414 monstratur,
2387 4350 2521 4404 Acta
2545 4350 2648 4402 ista
2669 4350 2904 4419 genuina
2933 4358 2986 4404 et
3016 4351 3397 4420 antiquissima
3420 4370 3563 4419 esse,

1996 4454 2100 4493 nec
2130 4453 2322 4493 eorum
2353 4441 2512 4495 [idem
2543 4440 2651 4494 ulla
2677 4455 2739 4494 ex
2772 4450 2924 4510 parte
2957 4451 3170 4496 nutare.

321 4552 434 4609 tur,
469 4542 670 4596 factum
697 4539 885 4603 fuisse,
919 4539 1071 4593 testis
1098 4546 1182 4593 est
1205 4535 1666 4606 Tertullianus(d)
1694 4537 1895 4606 aliique
1927 4551 1970 4604 D
2069 4527 2160 4583 ΧΙ.
2204 4531 2341 4585 illud
2389 4540 2567 4586 tamen
2615 4531 2962 4586 dissimulare
3008 4549 3116 4586 non
3156 4549 3401 4603 possum,
3432 4536 3564 4591 Acta

323 4635 379 4689 in
409 4634 614 4688 nostris
665 4631 733 4685 ad
778 4645 901 4684 eum
934 4629 1112 4684 locum
1147 4628 1288 4681 notis
1316 4626 1538 4681 laudati.
1576 4626 1887 4681 Marcellum

323 4740 542 4795 quoque
577 4723 672 4788 ait,
707 4720 943 4790 hospitia
978 4720 1032 4773 in
1067 4718 1506 4774 Christianorum
1543 4719 1892 4788 peregrinan-

323 4817 462 4872 tium
491 4831 651 4871 usum
681 4829 775 4884 per
801 4814 917 4868 vias
949 4812 1127 4881 regias
1153 4811 1547 4877 construxisse,
1573 4827 1694 4880 quae
1713 4826 1742 4863 a
1766 4811 1893 4864 Car-

322 4912 402 4967 ris
424 4911 479 4965 in
509 4907 788 4964 Persidem
824 4905 1095 4960 ducebant
1121 4921 1134 4956 :
1168 4904 1314 4972 quod
1346 4903 1528 4957 itidem
1558 4901 1624 4954 ab
1653 4900 1890 4970 antiquis

322 5001 650 5060 Christianis
667 5000 759 5069 qui
780 4997 1024 5052 sedulam
1047 4995 1398 5064 hospitalitati
1422 5009 1640 5063 operam
1667 4993 1888 5053 dabant,

323 5096 440 5151 fieri
479 5092 829 5150 consuevisse
873 5096 1056 5158 aperte
1101 5089 1373 5158 colligitur
1411 5103 1477 5142 ex
1508 5087 1755 5156 Gregorii
1784 5085 1894 5139 Na-

325 5185 572 5242 zianzeni
609 5183 873 5238 invectiva
912 5183 936 5234 1
976 5179 1036 5233 in
1081 5178 1358 5236 Iulianum
1408 5179 1760 5248 Apostatam;
1796 5179 1888 5234 ubi

324 5281 708 5352 imperatorem
737 5277 881 5331 hunc
907 5275 1206 5351 diversoria
1235 5282 1290 5328 et
1319 5272 1550 5342 hospitia
1570 5287 1667 5341 per
1700 5271 1887 5326 orbem

325 5372 653 5435 Romanum,
698 5367 1131 5422 Christianorum
1173 5365 1421 5433 exctnplo
1449 5362 1700 5417 adificari
1736 5378 1891 5416 man-

325 5467 485 5520 dasse
516 5470 767 5526 testatur,
798 5469 857 5512 ut
891 5471 1225 5528 paganorum
1262 5454 1742 5526 superstitionibus
1776 5468 1890 5505 ma-

324 5560 498 5629 jorem
529 5554 743 5610 laudem
775 5549 1280 5619 venerationemque
1313 5545 1645 5600 conciliaret.
1694 5542 1892 5598 Narrat

373 5691 476 5763 ¹(τι)
519 5690 663 5744 Hist.
697 5687 820 5742 eccl.
984 5682 1292 5763 [χωρ-ΑΟ.

400 5750 472 5832 (bi
512 5763 798 5832 Comment.
836 5755 959 5832 (tibi.
997 5753 1147 5806 Vind.
1182 5753 1274 5832 lib“.
1311 5769 1390 5821 ιιι,
1421 5754 1538 5810 cod.
1574 5750 1660 5806 to.

512 5831 651 5884 Hist.
681 5829 806 5883 eccl.
843 5827 934 5880 lib.
967 5841 1060 5892 vn,
1095 5839 1210 5892 cap.
1240 5823 1292 5878 6.

1994 4624 2098 4679 ista
2154 4624 2541 4694 disputationis
2591 4623 2842 4679 Archelai
2886 4639 3012 4679 cum
3052 4623 3284 4693 Manete,
3330 4643 3453 4698 quae
3496 4646 3584 4684 εχ·

1994 4714 2256 4771 Vaticano
2301 4716 2618 4772 Casincnsis
2663 4717 2866 4772 codicis
2903 4718 3215 4788 apographo
3253 4719 3416 4789 primi
3448 4720 3564 4774 edi-

1991 4824 2136 4873 mus,
2168 4810 2378 4878 integra
2425 4824 2770 4878 nequaquam
2815 4809 3010 4874 videri,
3068 4810 3164 4864 sed
3214 4811 3462 4880 pluribus
3503 4815 3560 4867 in

1992 4902 2125 4955 locis
2164 4917 2194 4954 a
2240 4909 2415 4954 vetere
2447 4900 2669 4954 librario
2699 4901 2965 4955 mutilata.
3003 4900 3280 4971 Siquidem
3328 4903 3560 4975 Cyrillus

1992 4993 2514 5064 Hierosolymitanus
2543 4993 2617 5062 (Ῑ)
2649 4994 2898 5063 quaadam
2953 4993 3183 5048 Manetis
3241 5004 3560 5065 argumenta

1991 5101 2115 5139 cum
2165 5083 2417 5136 Archelai
2461 5084 2925 5153 responsionibus
2953 5084 3163 5148 recitat,
3200 5099 3321 5153 quae
3357 5085 3410 5138 in
3461 5101 3560 5138 ηο-

1992 5184 2105 5229 stra
2139 5174 2380 5228 editione
2411 5189 2517 5227 non
2549 5174 2894 5242 reperiuntur
2913 5189 2936 5239 ;'
2954 5189 3053 5228 nec
3087 5174 3194 5228 dici
3219 5189 3380 5242 posse
3405 5175 3556 5229 vide-

1994 5274 2102 5329 tur,
2135 5263 2397 5335 Cyrillum
2424 5264 2672 5319 Archelai
2706 5265 2974 5319 dictorum
3005 5278 3246 5327 sensum,
3281 5279 3388 5318 non
3427 5279 3556 5318 vero

1992 5358 2222 5427 ipsamct
2251 5356 2501 5411 Archelai
2529 5356 2692 5411 verba
2732 5356 3005 5421 laudasse,
3037 5371 3160 5411 cum
3188 5355 3363 5411 simile
3392 5357 3554 5426 quid-

1990 5451 2135 5518 piam
2169 5449 2223 5501 in
2252 5448 2402 5502 nullo
2425 5455 2626 5501 nostra;
2644 5447 2896 5501 editionis
2919 5447 3038 5502 loco
3061 5447 3304 5518 legatur;
3327 5462 3392 5503 ac
3417 5463 3556 5517 pra-

1993 5550 2137 5595 terea
2174 5540 2337 5594 verba
2385 5538 2476 5592 illa
2523 5553 2643 5608 quae
2689 5537 2923 5609 Cyrillus
2966 5537 3148 5605 refert,
3179 5541 3254 5596 ita
3291 5551 3553 5611 concepta

2064 5676 2137 5747 (ά)
2174 5674 2248 5747 De
2273 5691 2382 5730 cor.
2418 5675 2702 5747 mil.,_c_ap.
2731 5675 2813 5729 Η.

2062 5745 2132 5813 (ἐ)
2165 5745 2385 5812 Chron"
2411 5762 2532 5816 pag.
2565 5745 2686 5799 567.

2063 5818 2129 5888 (ί)
2165 5818 2384 5872 Catech.
2416 5814 2574 5886 mp.
2610 5833 2682 5871 ω.
2721 5814 2839 5871 147,
