4058 6376
439 391 582 451 1515

1310 390 1367 445 S.
1410 380 1828 448 ARCHELAUS
1868 378 2388 447 ΜΕΞΟΡΟΤΑΜΜΞ
2430 392 2832 451 EPISCOPUS.

3533 397 3679 452 1416

437 514 569 580 sint,
603 520 663 566 ut
690 512 758 566 ab
789 512 1020 580 ipsumet
1044 507 1311 563 Archelao
1340 508 1553 578 prolata
1588 507 1755 563 fuisse
1785 508 2006 564 videan-
2034 520 2081 576 Α
2110 516 2317 578 posset,
2361 507 2552 578 quanti
2601 505 2862 562 faciendae
2909 508 3014 562 sint
3045 508 3280 577 antiquae
3311 506 3517 563 Latinae
3550 525 3679 563 ver-

436 614 546 658 tur.
580 602 685 657 Sed
722 610 776 655 et
811 602 1134 670 conjectura:
1160 598 1435 654 nonnulla:
1471 615 1536 655 ex
1569 609 1753 654 nostra
1786 614 2006 655 eorum-

435 695 561 750 dem
589 692 845 747 Actorum
871 691 1108 746 editione
1128 689 1238 760 peti
1257 698 1506 760 possunt,
1525 690 1729 760 quibus
1755 690 1805 745 id
1829 690 2008 759 ipsum

436 783 668 840 ulterius
719 782 1097 837 continuatur.
1142 780 1278 833 Nam
1320 780 1375 834 in
1425 780 1740 835 earumdem
1776 795 1895 850 cap.
1940 779 2010 834 12

440 875 557 931 haec
584 873 850 928 habentur
880 890 892 924 :
918 871 1180 927 Archelao
1222 879 1397 924 autem
1445 880 1561 925 erat
1606 887 1736 925 cura
1775 887 1868 941 pro
1911 887 2008 940 po-

439 968 586 1038 pulo,
620 975 869 1035 tanquam
895 964 1099 1034 pastori
1126 979 1221 1033 pro
1252 962 1452 1029 ovibus,
1482 979 1603 1016 cum
1642 962 1886 1033 luporum
1914 979 2012 1032 pa-

440 1065 629 1110 rantur
663 1054 892 1108 insidite.
922 1054 1099 1124 Igitur
1127 1051 1411 1107 Marcellus
1444 1050 1737 1106 Turbonem
1780 1052 2012 1105 muneri-

441 1153 535 1204 bus
562 1148 808 1219 plurimis
833 1146 1083 1216 implevit,
1115 1157 1163 1201 et
1187 1149 1244 1199 in
1278 1145 1526 1200 Archelai
1547 1145 1761 1199 domum
1788 1144 2012 1198 residere

438 1242 704 1312 prtrcepit.
750 1239 947 1293 Eadem
996 1248 1169 1292 autem
1213 1239 1328 1309 ipsa
1356 1238 1441 1292 die
1471 1237 1768 1292 adventavit
1803 1236 2010 1301 Manes,

442 1342 497 1386 ct
540 1347 661 1401 quae
706 1340 1033 1399 sequuntur.
1065 1328 1135 1382 At
1167 1343 1296 1382 vero
1350 1328 1425 1381 nil
1470 1328 1523 1381 in
1570 1328 2012 1383 antecedentibus

444 1434 717 1489 narratur,
759 1422 905 1491 quod
946 1436 1010 1476 ea
1039 1436 1145 1490 qua
1184 1418 1371 1474 Manes
1420 1421 1636 1474 advenit
1672 1420 1760 1475 die
1807 1419 2011 1474 factum

443 1516 627 1572 interit.
659 1515 925 1571 Praeterea
953 1515 1006 1569 in
1042 1528 1161 1583 cap.
1183 1513 1254 1568 25
1296 1513 1461 1583 hujus
1488 1513 1870 1582 disputationis
1906 1512 2012 1566 Ar-

442 1609 666 1664 chelaus
690 1609 796 1662 ait:
824 1606 1012 1660 Nonne
1034 1606 1207 1660 David
1229 1622 1293 1659 ea:
1313 1620 1402 1659 ore
1424 1605 1589 1659 leonis
1625 1602 1704 1658 vei
1740 1606 1852 1671 ursi
1876 1607 2009 1658 eruit

441 1699 624 1753 ovem?
663 1696 778 1751 Hoc
807 1697 1029 1749 dicimus
1064 1703 1275 1765 propter
1311 1708 1407 1748 ore
1438 1693 1634 1756 leonis,
1661 1692 1798 1761 quod
1824 1692 1922 1756 ait,
1949 1691 2014 1745 de

441 1808 531 1845 ore
570 1789 755 1854 leonis,
800 1798 893 1841 aut
932 1788 996 1841 de
1038 1796 1213 1840 ventre
1256 1785 1369 1855 ejus
1409 1792 1578 1854 potest
1605 1783 1843 1847 educere,
1871 1783 2010 1853 quod

2109 599 2312 663 siones,
2357 608 2411 652 et
2453 608 2718 669 quantum
2771 599 3023 653 utilitatis
3063 613 3126 652 ex
3159 598 3267 652 illis
3295 598 3581 661 redundet,
3616 608 3679 653 ut

2108 692 2365 746 idemmet
2405 692 2480 745 ait
2533 692 2586 745 in
2627 680 2944 761 praefatione
2994 690 3062 744 ad
3119 688 3347 744 Palladii
3400 690 3678 760 dialogum

2106 783 2175 836 de
2215 784 2323 837 vita
2362 782 2420 838 S.
2455 781 2683 836 Joannis
2731 782 3091 852 Chrysoslomi
3124 796 3291 851 prope
3334 780 3496 834 tinem
3534 798 3548 834 :
3580 780 3679 834 sed

2108 886 2300 945 postea
2330 875 2470 929 hanc
2501 889 2688 929 curam
2736 874 2804 929 iis
2835 875 3143 938 relinquere
3171 874 3345 928 satius
3376 871 3552 937 duxit,
3584 871 3679 940 qui

2110 981 2308 1021 novam
2348 966 2638 1021 editionem
2672 979 2896 1036 Operum
2944 963 3001 1018 S.
3040 963 3324 1034 Epiphanii
3365 963 3680 1034 aggressuri

2107 1067 2314 1124 essent,
2342 1069 2437 1112 aut
2466 1058 2560 1128 qui
2594 1056 2837 1113 Socratis
2867 1056 3122 1111 llistoritc
3149 1072 3272 1111 cum
3302 1055 3447 1110 n0tis
3476 1054 3681 1109 doctis-

2110 1149 2237 1204 simi
2269 1147 2474 1204 Valesii
2507 1164 2702 1205 rursus
2731 1148 2952 1204 edenda:
2981 1164 3199 1218 operam
3226 1147 3585 1216 susciperent.
3611 1144 3681 1200 Et

2112 1241 2376 1296 hactenus
2405 1240 2623 1310 quidem
2654 1240 2728 1293 nil
2763 1239 2909 1293 aliud
2939 1254 3002 1293 ex
3039 1239 3286 1292 Archelai
3311 1235 3681 1307 disputatione

2110 1331 2384 1402 publicam
2415 1332 2586 1385 lucem
2619 1331 2847 1401 aspexit.
2893 1330 3028 1384 Cum
3062 1339 3241 1385 autem
3277 1333 3418 1384 sacri
3455 1330 3558 1384 loci
3593 1345 3682 1384 re-

2111 1426 2350 1480 verentia
2378 1424 2595 1490 ductus,
2621 1425 2884 1480 Casinum
2918 1425 3210 1487 venissem,
3242 1433 3297 1478 et
3322 1424 3390 1477 ab
3418 1422 3682 1491 antiquis-

2113 1518 2266 1574 simis
2321 1518 2657 1588 temporibus
2689 1519 2959 1572 eouditam
2998 1517 3070 1571 ibi
3106 1533 3133 1571 a
3164 1517 3496 1571 doctissimis
3524 1531 3680 1586 aeque

2112 1624 2177 1665 ac
2207 1610 2567 1666 sanctissimis
2612 1610 3013 1665 cmttobiarchis
3059 1610 3439 1678 bibliothecam
3492 1610 3679 1679 perlu-

2112 1712 2395 1768 strassem,
2424 1702 2565 1756 inter
2589 1702 2695 1755 alia
2725 1717 2833 1755 non
2867 1716 3041 1770 pauca
3068 1701 3270 1756 inedita
3295 1701 3474 1756 adhuc
3496 1709 3679 1755 vetera

2113 1802 2487 1859 monumenta,
2513 1790 2765 1846 Archelai
2792 1791 3057 1862 integram
3089 1805 3215 1845 eum
3248 1790 3461 1846 Manete
3489 1791 3681 1861 dispu-

437 1884 550 1953 iam
585 1881 678 1934 ille
720 1878 1006 1933 devoravit.
1050 1879 1121 1931 Αἱ
1155 1892 1283 1931 vero
1328 1876 1383 1931 ill
1422 1874 1864 1929 antecedentibus
1906 1886 2015 1926 llOll
2044 1869 2087 1925 Β
2116 1885 2371 1939 talionem
2400 1883 2455 1937 in
2485 1889 2869 1937 sexcentorum
2914 1887 2970 1935 et
3011 1879 3245 1951 amplius
3288 1894 3556 1934 annorum
3586 1894 3681 1934 co-

441 1974 674 2043 legimus
708 1972 823 2025 haec
851 1984 1090 2038 unquam
1128 1984 1159 2021 a
1192 1967 1403 2022 Manete
1446 1966 1591 2021 dicta
1638 1965 1827 2021 fuisse.
1867 1964 2011 2032 Quin

440 2073 496 2120 ct
526 2065 582 2118 in
627 2079 746 2132 cap.
778 2061 848 2115 '58
892 2061 1056 2115 verba
1096 2059 1227 2114 illa:
1261 2058 1394 2124 Quae
1421 2058 1630 2133 quidem
1668 2074 1760 2128 ego
1803 2074 1906 2111 non
1947 2072 2012 2112 ea:

442 2156 571 2209 meis
615 2153 781 2208 verbis
822 2152 1062 2219 adstruo,
1115 2159 1170 2206 et
1225 2166 1349 2221 qua:
1399 2160 1705 2220 sequuntur
1741 2163 1913 2217 usque
1944 2148 2011 2202 ad

443 2249 605 2301 tinem
626 2245 840 2315 capitis,
873 2244 1077 2301 nullam
1105 2257 1229 2297 cum
1256 2241 1687 2311 praecedentibus
1716 2239 2014 2295 connexio-

446 2350 571 2393 nem
608 2338 807 2391 habere
843 2336 1114 2390 videntur.
1159 2333 1403 2403 Denique
1436 2334 1490 2387 in
1527 2334 1718 2387 horum
1750 2331 2011 2387 Actorum

443 2431 623 2501 capite
661 2429 876 2493 ultimo,
917 2435 1044 2498 post
1079 2435 1355 2482 narratam
1386 2425 1616 2481 Manctis
1649 2440 1858 2490 necetn,
1898 2424 2015 2479 haec

442 2523 675 2592 legimus
709 2539 722 2576 :
755 2520 958 2586 Quibus
986 2531 1167 2590 postea
1194 2521 1387 2590 agnitis
1415 2517 1706 2572 Archelaus
1729 2515 1924 2585 adjecit
1951 2532 2014 2570 ea

442 2615 611 2685 priori
640 2613 1010 2682 disputationi,
1036 2621 1094 2666 ut
1117 2612 1356 2666 omnibus
1377 2611 1742 2673 imtotesceret,
1765 2609 1902 2662 sicut
1920 2623 2014 2679 ego

443 2705 534 2776 qui
560 2704 828 2773 inscripsi,
863 2704 919 2756 in
949 2701 1214 2770 prioribus
1266 2700 1504 2769 exposui.
1546 2697 1807 2753 Videntur
1831 2706 2014 2752 autem

446 2796 561 2849 haec
594 2794 758 2849 verba
789 2807 911 2848 esse
943 2790 1257 2861 Hegemouii
1291 2790 1456 2853 illius,
1497 2789 1614 2860 qui,
1659 2797 1720 2843 ut
1763 2789 2014 2858 superius

443 2887 705 2949 diximus,
757 2891 946 2940 eadem
998 2884 1131 2940 Acta
1177 2884 1510 2953 compilavit,
1558 2891 1613 2937 et
1659 2882 1714 2936 in
1762 2880 2012 2936 Griecum

445 2992 753 3032 sermonem
803 2976 1100 3055 transtulit.
1153 2974 1257 3031 Sed
1287 2978 1345 3029 in
1376 2985 1560 3031 nostra
1609 2974 1864 3041 editione,
1903 2989 2014 3043 quo

446 3071 569 3125 loco
609 3084 675 3124 ea
715 3069 783 3123 de
815 3083 874 3123 re
908 3083 1090 3125 sermo
1119 3068 1406 3130 habeatur,
1450 3081 1559 3121 non
1598 3065 1849 3131 invenio;
1882 3066 2011 3135 quia

445 3161 679 3216 fortasse
706 3160 761 3214 in
789 3159 1073 3215 Casineusi
1101 3160 1288 3215 codice
1319 3157 1567 3230 praefatio
1591 3158 1789 3222 delicit,
1820 3159 1873 3212 in
1902 3172 2011 3227 qua

444 3253 811 3326 Hegemonius
842 3253 1243 3324 compilationis
1278 3267 1391 3307 suae
1425 3251 1690 3306 rationem
1718 3249 2010 3304 reddebat:

444 3349 550 3402 nisi
595 3349 720 3418 quis
759 3348 921 3402 verba
954 3346 1044 3400 illa
1081 3363 1096 3400 :
1133 3345 1200 3399 In
1246 3344 1510 3415 prioribus
1560 3343 1796 3412 exposui,
1831 3341 1900 3396 de
1929 3341 2014 3397 bis

445 3439 758 3509 accipienda
808 3452 932 3492 esse
981 3444 1220 3500 censeat,
1264 3451 1387 3505 quae
1418 3436 1669 3506 proxime
1696 3436 1763 3489 de
1787 3433 2016 3488 Manetis

443 3537 622 3585 morte
651 3528 912 3582 narravit.
941 3524 1073 3581 Jure
1092 3527 1274 3595 itaque
1296 3526 1492 3582 merito
1520 3526 1785 3596 suspicari
1815 3535 2013 3596 potest,

442 3633 570 3675 eum
597 3618 691 3689 qui
733 3616 1090 3672 Casinensem
1133 3617 1377 3672 codicem
1429 3626 1554 3672 ante
1600 3618 1925 3688 quingentos
1959 3627 2015 3673 ct

443 3711 681 3780 amplius
714 3723 886 3765 annos
926 3709 1193 3774 exaravit,
1243 3724 1451 3779 magna:
1481 3709 1741 3763 Actorum
1769 3709 2013 3780 disputa-

445 3804 616 3857 tionis
651 3802 817 3873 hujus
852 3802 1161 3872 prolixitate
1197 3811 1507 3872 pertaesum,
1539 3802 1710 3855 multa
1738 3802 2011 3866 omisisse,

447 3897 727 3965 multaque
756 3896 1051 3961 breviasse,
1087 3909 1320 3964 quorum
1352 3902 1530 3948 tamen
1564 3894 1835 3964 epitomen
1870 3894 2012 3963 apud

450 3986 810 4056 Epiphaniam
852 3985 1038 4039 haberi
1069 3985 1326 4048 arbitror,
1358 3998 1520 4054 quem
1552 3998 1617 4038 ex
1650 3984 1873 4053 integris
1907 3983 2013 4036 Ar-

448 4076 621 4129 t-betai
654 4075 1039 4144 disputationis
1070 4074 1220 4129 Actis
1250 4088 1406 4128 suam
1442 4073 1865 4128 Manichaeorum
1899 4073 2011 4125 bae-

446 4184 630 4225 reseas
666 4167 1094 4224 confutationem
1130 4168 1477 4238 potissimum
1507 4168 1780 4231 hausisse,
1815 4167 2012 4222 editio-

445 4277 566 4316 nem
615 4270 859 4318 nostram
909 4275 1036 4316 cum
1086 4259 1205 4330 ejus
1247 4260 1465 4329 scriptis
1516 4258 1818 4314 conferenti
1864 4259 2012 4315 clare

443 4352 668 4424 patebit.

512 4444 633 4497 XII.
673 4442 829 4509 Quod
874 4442 941 4497 ad
989 4456 1178 4497 eorum
1216 4441 1511 4497 editionem
1556 4440 1770 4506 attinet,
1810 4442 2010 4496 vetusti

2113 1976 2235 2031 dice
2257 1975 2454 2045 reperi,
2509 1988 2673 2044 quam
2718 1973 2865 2028 bona
2912 1972 3356 2029 reverendissimi
3400 1973 3678 2042 quondam

2112 2067 2346 2131 abbatis,
2391 2081 2537 2121 nunc
2577 2079 2706 2121 vero
2749 2065 3140 2135 archiepiscopi
3182 2063 3544 2119 Rossanensis
3568 2066 3677 2117 An-

2112 2158 2253 2211 drete
2296 2154 2517 2210 Dcodati
2564 2154 2668 2210 viri
2710 2155 3092 2210 humanissimi
3142 2163 3307 2222 atque
3357 2156 3677 2210 amicissimi

2112 2247 2293 2315 venia,
2323 2262 2447 2301 eum
2481 2247 2757 2303 nonnullis
2782 2249 2903 2302 aliis
2935 2258 3177 2303 veterum
3201 2249 3419 2319 scriptis
3442 2249 3495 2302 iu
3522 2247 3678 2302 Vati-

2113 2352 2263 2393 cana:
2307 2336 2649 2392 bibliotheca:
2699 2345 3081 2393 ornamentum
3134 2338 3423 2394 transcribi
3468 2339 3679 2403 curavi,

2113 2444 2335 2501 operam
2380 2428 2732 2500 favoremque
2770 2445 2931 2485 suum
2968 2430 3364 2486 humanissime
3392 2438 3682 2501 praestante

2112 2522 2313 2579 domno
2342 2522 2648 2594 Augustino
2671 2522 2947 2578 Collicello
2975 2538 3006 2578 a
3031 2520 3279 2592 Neapoli,
3309 2530 3440 2578 tunc
3472 2532 3684 2592 tempo-

2113 2614 2192 2670 ris
2225 2614 2565 2670 bibliothecae
2605 2614 2751 2669 illius
2778 2612 3055 2685 praefecto.
3090 2612 3209 2669 Non
3239 2628 3465 2684 possum
3496 2622 3680 2668 tamen

2115 2704 2207 2760 hic
2244 2704 2463 2760 silentio
2495 2705 2771 2774 praeterire
2811 2711 3072 2773 quantum
3118 2702 3519 2775 diligentissimi
3546 2705 3684 2760 alte¢

2115 2796 2230 2852 rius
2257 2796 2656 2851 bibliothecarii
2690 2797 2901 2852 Erasnti
2929 2795 3158 2851 Gattolaa
3185 2812 3216 2851 a
3246 2795 3434 2866 Cajeta
3479 2796 3683 2871 huma-

2113 2890 2270 2945 nitati
2295 2888 2540 2954 debeam,
2565 2889 2658 2958 qui
2679 2902 2959 2958 nunquam
2992 2888 3129 2944 meis
3161 2890 3303 2945 votis
3333 2888 3525 2954 deluit,
3557 2888 3682 2958 plus

2113 2980 2395 3050 rimosque
2425 2980 2480 3034 in
2509 2993 2755 3033 meorum
2796 2979 3100 3033 studiorum
3133 2976 3434 3048 profectum
3467 2978 3682 3035 labores

2112 3072 2258 3127 ultro
2295 3070 2854 3141 subivit.'praesertim
2888 3069 2943 3124 in
2984 3071 3337 3125 emaculanda
3361 3069 3464 3125 hac
3488 3069 3682 3140 dispu-

2116 3165 2319 3219 tatione
2369 3161 2663 3225 Archelai,
2717 3161 2875 3231 cujus
2923 3161 3219 3232 apographi
3277 3160 3512 3231 plurima
3561 3161 3682 3218 loca

2115 3257 2328 3312 mendis
2373 3252 2708 3318 incubantia,
2742 3268 2867 3308 cum
2897 3252 3192 3325 archetypo
3216 3253 3404 3309 codice
3428 3255 3679 3309 contulit.

2117 3346 2221 3403 Sed
2250 3355 2312 3401 ut
2341 3347 2409 3401 ad
2424 3346 2758 3402 Archelaum
2790 3345 3027 3410 redeam,
3063 3357 3276 3416 repertu
3307 3346 3409 3401 hoc
3434 3347 3664 3403 vetustis

2114 3440 2255 3495 simo
2277 3438 2538 3493 adversus
2563 3436 2890 3492 Manichaeos
2915 3450 3098 3506 opere,
3131 3436 3198 3491 ad
3225 3434 3444 3492 nefariae
3468 3452 3687 3492 eorums

2112 3531 2235 3587 dem
2280 3530 2547 3585 haereseos
2599 3528 2883 3584 historiam
2932 3529 3383 3584 conscribendam
3433 3530 3683 3585 animum

2115 3619 2356 3686 admovi,
2388 3620 2546 3689 eique
2574 3632 2686 3674 non
2717 3618 2879 3675 modo
2908 3619 3177 3690 integram
3213 3620 3462 3676 Archelai
3490 3620 3686 3692 dispu-

2113 3711 2398 3777 tationem,
2428 3710 2522 3764 sed
2546 3717 2599 3764 et
2622 3707 2797 3764 Photii
2824 3710 3145 3779 patriarcha:
3173 3708 3280 3767 CP.
3309 3710 3479 3766 libros
3508 3725 3562 3766 tv
3585 3712 3687 3767 ads

2110 3817 2304 3858 versus
2350 3800 2676 3857 hlanichaeos
2721 3814 2824 3856 suo
2880 3808 3124 3871 tempore
3179 3801 3374 3856 iterum
3431 3811 3687 3870 exortus,

2113 3895 2329 3965 aliaque
2347 3894 2517 3948 multa
2543 3893 2723 3948 adhuc
2754 3893 2956 3949 inedita
2985 3896 3277 3965 magnique
3304 3894 3551 3950 facienda
3581 3910 3682 3951 vea

2113 3997 2289 4041 terum
2322 3994 2603 4042 auctorum
2633 3984 2837 4056 scripta
2862 3986 3179 4055 appendicis
3203 3987 3323 4041 loco
3351 3986 3686 4059 subjungero

2112 4080 2458 4136 decreveram
2503 4098 2519 4134 :
2565 4079 2660 4135 sed
2694 4080 3135 4135 doctissimorum
3172 4079 3416 4134 virorum
3451 4080 3685 4136 consilio

2112 4171 2315 4226 factum
2355 4179 2461 4235 est,
2502 4179 2563 4226 ut
2607 4171 2660 4225 in
2712 4179 3053 4227 antecessum
3087 4170 3220 4226 Acta
3262 4169 3366 4224 ista
3409 4168 3464 4223 in
3500 4171 3683 4239 primo

2111 4263 2448 4320 collectionis
2500 4271 2701 4318 nostras
2746 4271 2895 4318 tomo
2919 4264 3231 4319 ederentur.
3265 4264 3443 4322 Habes
3472 4265 3680 4336 itaque,

2110 4355 2321 4410 erudite
2356 4355 2549 4420 lector,
2587 4356 2850 4425 integram
2889 4355 3140 4410 Archelai
3180 4371 3302 4412 cum
3335 4355 3545 4412 Manete
3567 4358 3683 4411 dis-

2110 4447 2442 4516 putationem
2487 4448 2629 4503 bona
2676 4448 2781 4503 title
2812 4463 2879 4503 ex
2904 4450 3217 4519 apographo
3245 4448 3564 4505 Casinensis
3585 4464 3682 4505 co-

443 4536 583 4590 sdeo
617 4535 955 4589 monumenti
993 4544 1202 4604 partem
1238 4537 1440 4605 reperit
1475 4534 1527 4587 in
1558 4535 1882 4604 perantiquo
1910 4551 2005 4589 co-
2037 4552 2082 4606 ι)
2108 4536 2246 4594 dicis
2269 4539 2415 4609 quod
2438 4539 2493 4593 in
2519 4537 2777 4594 Vaticana
2800 4539 3127 4594 bibliotheca
3153 4548 3420 4606 servatur,
3450 4540 3680 4606 editam,

443 4626 565 4680 dice
591 4624 865 4686 Bobiensi,
910 4626 1002 4694 qui
1034 4639 1179 4678 nunc
1206 4625 1261 4677 in
1295 4624 1656 4678 Ambrosiana
1680 4624 2008 4678 bibliotheca

444 4724 714 4779 servatur,
747 4712 1026 4769 Emericus
1057 4714 1299 4785 Bigotius
1322 4714 1770 4784 diligentissimus
1799 4713 2009 4770 Italica-

443 4823 566 4863 rum
599 4796 1050 4861 bihliothecaruut
1086 4816 1479 4875 perscrutator,
1510 4822 1741 4877 eamque
1767 4807 2011 4862 clarissi-

442 4914 537 4954 mo
582 4897 800 4953 Valesio
842 4897 1288 4963 communicavit,
1344 4898 1441 4969 qui
1484 4900 1540 4953 in
1587 4900 1737 4955 calce
1783 4914 2008 4955 suarum

336 5052 341 5059 ,
440 5001 696 5048 notarum
726 4990 792 5043 ad
818 4987 1093 5044 Socratem
1117 4999 1170 5043 et
1199 4988 1561 5045 Sozomenum
1593 4990 1891 5061 fragmenta
1918 4990 2007 5043 illa

438 5084 627 5139 edidit.
667 5082 965 5136 Continent
1011 5090 1191 5137 autem
1248 5093 1360 5136 tum
1411 5091 1605 5137 cuncta
1639 5083 1731 5137 illa
1778 5097 1900 5153 quae
1941 5097 2010 5137 ex

439 5176 628 5229 eadem
676 5173 1042 5244 disputatione
1090 5175 1206 5231 suis
1253 5176 1486 5229 inseruit
1520 5175 1739 5244 scriptis
1770 5173 2009 5245 Epipha-

441 5266 587 5330 nitrs,
641 5274 758 5319 tum
810 5264 916 5319 alia
965 5266 1221 5320 nonnulla
1277 5265 1346 5319 ab
1391 5266 1581 5319 eodem
1627 5263 2010 5335 omissa,~quze

442 5366 623 5411 tamen
674 5371 743 5411 ne
793 5356 1060 5412 decimam
1112 5357 1334 5427 quidem
1380 5356 1548 5411 totius
1580 5356 1763 5425 operis
1797 5366 2007 5427 partem

440 5448 732 5516 complent.
766 5447 834 5502 Et
854 5448 992 5502 tanti
1019 5448 1236 5518 quidem
1268 5450 1410 5520 apud
1443 5447 1712 5518 Bigotium
1744 5447 1847 5503 fuit
1880 5464 2007 5519 pars

440 5537 531 5590 illa
556 5539 944 5606 disputationis
969 5539 1243 5607 Archelai,
1275 5551 1335 5595 ut
1357 5556 1476 5595 eam
1509 5556 1632 5595 cum
1667 5538 1904 5596 Palladio
1929 5556 2008 5596 ι’θα

439 5628 637 5682 cudere
661 5632 996 5698 cogitaverit,
1030 5633 1278 5701 apposito
1306 5630 1493 5688 Grzcco
1521 5631 1811 5703 Epiphanii
1832 5641 2001 5700 textu,

440 5733 502 5774 ut
549 5736 617 5774 ex
665 5723 948 5791 utriusque
993 5725 1437 5793 comparatione,
1494 5726 1729 5796 genuina
1778 5725 2000 5779 illorum

442 5806 871 5877 tragmentorum
919 5811 1147 5870 lectione
1200 5816 1470 5883 restituta,
1525 5816 1707 5885 quivis
1751 5816 2003 5886 colligere

2110 4629 2474 4700 brevibusque
2496 4632 2643 4686 notis
2665 4630 2872 4686 criticis
2900 4631 3247 4698 illustratam,
3275 4641 3438 4702 atque
3462 4631 3551 4686 ubi
3580 4648 3683 4700 per

2110 4722 2388 4793 ingenium
2418 4731 2536 4778 tuto
2563 4723 2743 4789 licuit,
2777 4725 3152 4789 emendatam;
3189 4733 3319 4779 sunt
3344 4725 3492 4779 enim
3526 4725 3581 4779 in
3609 4740 3680 4779 eo

2109 4814 2297 4869 codice
2320 4814 2530 4869 librarii
2550 4816 2853 4885 sphalmata
2878 4816 3131 4885 plurima,
3161 4831 3283 4886 quae
3308 4817 3427 4872 sine
3449 4816 3681 4872 alterius

2110 4905 2315 4960 codicis
2347 4920 2450 4976 0pc
2487 4907 2777 4962 emendare
2817 4908 3187 4978 periculosum
3229 4919 3486 4964 conatum
3528 4925 3679 4978 esse,

2109 4997 2277 5067 probe
2308 4998 2490 5053 sciunt
2519 5000 2614 5068 qui
2643 5001 2701 5054 in
2740 5001 2968 5055 vetustis
3003 5001 3220 5069 scriptis
3256 5001 3482 5057 edendis
3512 5017 3679 5057 occu-

2107 5097 2326 5158 pantur.
2362 5088 2468 5144 Sed
2512 5089 2746 5146 fortasse
2788 5092 2895 5146 hoc
2925 5106 3085 5161 opus,
3131 5090 3241 5147 Deo
3273 5094 3457 5160 dante,
3490 5108 3679 5147 corre-

2107 5181 2247 5235 ctius
2280 5181 2540 5237 reducere
2573 5182 2657 5238 fas
2698 5183 2803 5239 erit
2842 5199 2964 5238 cum
3004 5184 3127 5239 aliis
3159 5197 3398 5241 veterum
3444 5186 3679 5256 scripto-

2106 5287 2226 5326 rum
2250 5272 2509 5328 adversus
2534 5273 2856 5330 Manichaeos
2885 5275 3352 5331 lucubrationibus
3377 5278 3445 5332 ad
3466 5279 3675 5333 calcem

2107 5373 2306 5419 nostris
2358 5362 2767 5421 Manichaeorum
2818 5366 3083 5435 historiae,
3142 5370 3189 5423 si
3245 5370 3461 5439 aliquod
3523 5370 3675 5425 aliud

2104 5454 2381 5524 exemplar
2417 5456 2559 5512 inter
2588 5457 2932 5513 lustrandum
2966 5459 3416 5515 bibliothecarum
3447 5470 3671 5516 nostra-

2104 5560 2225 5600 rum
2256 5546 2464 5603 loculos
2484 5559 2757 5612 occurrat,
2780 5558 2876 5605 aut
2897 5550 2951 5603 in
2984 5551 3106 5606 aliis
3135 5549 3364 5622 Europae
3385 5552 3675 5609 bibliothe-

2103 5638 2182 5693 cis
2215 5646 2487 5708 repertum
2517 5640 2649 5695 mihi
2676 5642 3101 5704 communicare.
3127 5645 3366 5701 eruditos
3390 5646 3536 5700 viros
3557 5658 3672 5700 non

2102 5729 2302 5799 pigeat.

2172 5817 2309 5873 Xlll.
2350 5819 2615 5879 Caeterum
2661 5837 2920 5894 magnum
2964 5841 3029 5883 es
3068 5826 3317 5883 Archelai
3341 5828 3513 5885 nostri
3545 5843 3668 5883 ver-
