4058 6366
372 474 513 537 Nl‘l

1890 455 2189 519 NU'I'l'ﬂA.

3479 454 3615 508 HIS

376 601 459 655 bis
499 592 783 651 catholica:
829 587 951 644 tldei
992 583 1301 657 praesidium
1350 587 1512 647 atque
1557 579 1938 629 ornamentum
1970 576 2016 632 Α
2045 570 2138 624 sed
2174 577 2443 624 testantur
2469 570 2633 624 etiam
2661 568 3002 641 Epiphanius
3031 570 3126 642 (c),
3164 569 3418 625 Socrates
3456 570 3534 640 (ά)
3564 580 3618 625 et

374 690 602 750 accedit.
636 686 770 740 Nam
798 685 926 738 dum
951 678 1179 734 Manetis
1196 670 1444 728 haeresim
1468 665 1820 721 validissimis
1855 679 1944 718 ar-

376 782 647 855 gumentis
674 780 973 847 oppugnat,
1009 771 1237 840 ejusque
1274 763 1539 855 originem
1570 768 1732 855 atque
1766 756 1944 855 incre-

375 849 557 933 menta
590 878 955 931 consectatur,
986 880 1094 918 non
1122 859 1284 916 modo
1305 871 1424 910 eam
1458 854 1704 908 funditus
1728 849 1946 904 subver-

376 972 462 1034 tit,
494 977 548 1022 et
590 979 753 1036 quam
804 959 1001 1028 impios
1044 953 1298 1009 habuerit
1348 956 1619 1009 auctores,
1670 941 1940 1003 ostendit;

376 1061 471 1116 sed
503 1068 557 1113 et
592 1056 847 1125 pleraque
880 1048 1283 1103 Catholicorum
1316 1043 1569 1110 dogmata
1601 1036 1836 1090 illustrat
1862 1043 1946 1086 at-

375 1167 483 1222 que
513 1147 816 1203 conﬁrmat.
854 1141 1083 1212 Elegans
1110 1146 1191 1191 est
1213 1135 1352 1187 inter
1377 1132 1481 1184 alia
1512 1130 1665 1183 locus
1693 1126 1759 1180 de
1789 1125 1944 1222 insti-

377 1215 491 1297 tuta
517 1240 584 1293 ab
612 1234 892 1306 apostolis,
927 1244 1090 1301 quam
1126 1240 1300 1295 usque
1334 1237 1480 1276 nunc
1506 1232 1812 1279 servamus,
1842 1215 1943 1269 Ec-

375 1333 555 1386 clesia:
578 1325 904 1389 hierarchia,
930 1323 1077 1376 hisce
1098 1318 1280 1373 verbis
1304 1316 1356 1368 in
1380 1328 1500 1382 cap.
1526 1312 1586 1366 51
1615 1317 1936 1377 conceptus:

377 1419 478 1474 Sed
491 1428 540 1471 et
554 1419 780 1483 optimus
798 1412 1012 1464 architet
1030 1406 1234 1475 tusejus
1266 1402 1669 1475 fundamentum
1680 1406 1939 1461 nostrum,

375 1511 428 1561 id
459 1515 557 1569 est,
593 1501 863 1563 Ecclesiw,
895 1497 1097 1553 Paulus
1119 1495 1290 1565 posuit
1322 1505 1371 1548 et
1406 1492 1568 1562 legem
1591 1490 1832 1555 tradidit,
1862 1506 1943 1542 or-

373 1598 572 1653 dinatis
599 1593 877 1657 ministris,
900 1600 948 1643 et
979 1587 1317 1656 presbyteris,
1362 1594 1411 1638 et
1451 1583 1709 1653 episcopis
1750 1581 1805 1634 in
1838 1598 1941 1648 ea;

372 1686 669 1740 describens
715 1699 805 1752 per
851 1683 969 1734 loca
1022 1679 1253 1747 singula,
1309 1674 1570 1746 quomodo
1618 1681 1669 1726 et
1714 1671 1943 1743 qualiter

374 1786 606 1843 oporteat
642 1774 911 1827 ministros
939 1769 1056 1833 Dei,
1096 1767 1297 1838 quales,
1328 1777 1375 1819 et
1416 1765 1646 1834 qualiter
1674 1764 1793 1832 fieri
1818 1778 1940 1832 pre-

372 1868 631 1937 sbyteros,
660 1862 939 1933 qualesque
971 1875 1078 1912 esse
1098 1856 1315 1911 debeant
1346 1855 1433 1923 qui
1463 1852 1817 1921 episcopatum
1849 1851 1940 1904 de-

371 1930 787 2022 siderant:qua:
814 1952 990 2003 omnia
1034 1947 1157 2001 bene
1206 1945 1352 1998 nobis
1397 1952 1446 1997 et
1491 1950 1625 1995 recte
1660 1940 1940 2009 disposita.
1974 1930 2015 1985 Β

373 2062 535 2115 usque
566 2045 619 2097 in
649 2042 983 2103 hodiernum,
1009 2046 1207 2092 statum
1234 2051 1386 2090 suum
1417 2033 1740 2097 custodiunt,
1760 2041 1806 2085 et
1832 2047 1944 2100 per-

375 2144 551 2190 manet
578 2131 718 2203 apud
749 2147 842 2184 nos
892 2127 1049 2197 hujus
1097 2123 1291 2195 regula:
1338 2120 1642 2190 disciplina.
1676 2116 1943 2171 Palmaria

371 2241 590 2297 quoque
620 2232 748 2278 sunt
776 2223 830 2274 in
870 2221 1020 2275 hisce
1045 2218 1198 2273 Actis
1227 2217 1368 2279 loca,
1402 2215 1456 2268 in
1491 2211 1692 2283 quibus
1720 2208 1945 2263 humani

372 2317 585 2373 arbitrii
657 2316 894 2369 libertas.
945 2310 1208 2365 adversus
1284 2306 1612 2361 recentiores
1665 2301 1946 2356 haereticos

371 2409 657 2473 astruitur,
691 2416 750 2462 ut
792 2407 972 2461 videre
999 2415 1082 2458 est
1106 2418 1227 2471 cap.
1265 2401 1333 2455 15
1365 2407 1419 2454 et
1455 2397 1540 2454 l9.
1572 2393 1944 2450 Pulcherrima

372 2511 503 2557 sunt
525 2501 869 2569 maximeque
900 2497 1135 2552 notanda
1162 2494 1326 2549 verba
1354 2493 1445 2546 illa
1474 2506 1594 2560 cap.
1627 2488 1718 2552 5‘2,
1749 2487 1839 2541 ubi
1865 2485 1945 2541 sic

370 2595 449 2651 ait
479 2612 493 2650 τ
527 2594 668 2648 Deus
698 2593 838 2646 enim
883 2590 1062 2643 omnia
1105 2604 1221 2658 quia
1259 2587 1406 2657 fecit,
1446 2583 1582 2638 bona
1620 2580 1770 2637 ualde
1796 2579 1942 2650 fecit,

373 2684 528 2740 liberi
561 2684 770 2738 arbitrii
816 2697 1028 2737 sensum
1069 2680 1350 2749 unicuique
1381 2675 1550 2739 dedit,
1590 2691 1696 2745 qua
1740 2672 1945 2726 ratione

371 2779 532 2832 etiam
561 2778 720 2847 legem
740 2774 938 2845 )udicii
971 2773 1165 2842 posuit.
1201 2770 1424 2825 Peccarc
1454 2776 1692 2823 nostrum
1733 2774 1808 2820 est
1835 2781 1854 2819 :
1886 2773 1943 2819 ut

372 2879 547 2924 autem
588 2886 693 2923 non
736 2881 1024 2938 peccemus,
1058 2864 1154 2919 Dei
1183 2863 1381 2917 donum
1409 2872 1510 2927 est,
1540 2875 1604 2915 ea:
1633 2876 1691 2912 eo
1717 2862 1854 2928 quod
1891 2857 1945 2910 in

373 2971 554 3016 nostra
590 2962 661 3014 sit
691 2960 913 3013 arbitrio
945 2958 1287 3012 constitutum
1317 2969 1552 3024 peccare,
1590 2950 1666 3006 vel
1697 2967 1796 3004 non
1826 2966 1945 3020 pec-

372 3070 510 3118 care,
542 3067 644 3107 etc.
673 3051 741 3106 Et
763 3062 898 3105 certe
925 3053 1014 3121 qui
1039 3049 1316 3112 voluerint,
1345 3044 1406 3099 ob
1437 3053 1616 3098 ervant
1650 3042 1940 3106 mundata;

372 3148 464 3217 qui
492 3161 609 3200 rero
638 3145 1034 3213 contempserint
1064 3152 1112 3196 et
1139 3142 1195 3193 in
1217 3153 1513 3208 peruersum
1542 3134 1941 3201 declinarerint,

2042 661 2274 717 Photius
2301 661 2373 732 (e)
2410 680 2426 717 :
2465 671 2525 716 ut
2556 673 2842 733 propterea
2871 662 2995 733 jure
3034 671 3228 733 arguat
3268 662 3618 721 doctissimus

2043 752 2381 808 Assemanus
2409 753 2498 825 (f)
2532 755 2903 821 statuendum,
2936 756 2989 809 in
3036 756 3198 811 unico
3236 754 3496 811 Actorum
3544 754 3629 810 ιι»

2044 859 2110 899 co
2135 844 2210 915 (g)
2243 845 2591 900 librariorum
2626 847 2806 915 potius
2836 862 3023 902 errore
3052 845 3313 901 Charram
3352 848 3622 918 scriptum

2044 935 2235 1000 fuisse,
2271 952 2436 1006 quam
2468 938 2888 993 existimandum
2920 940 3237 994 mendosam
3268 955 3390 995 esse
3430 941 3620 995 lectio.

2046 1046 2168 1084 nem
2201 1030 2439 1084 Caschar
2487 1032 2644 1085 initio
2686 1032 3001 1086 eorumdem
3049 1031 3330 1099 Actorum,
3373 1042 3428 1087 et
3474 1036 3617 1105 apud

2045 1123 2209 1177 modo
2260 1124 2509 1179 laudatos
2565 1134 2886 1194 pra'stantes
2931 1134 3200 1193 auctores,
3229 1125 3614 1198 Epiphanium,

2047 1212 2330 1269 Socratem
2363 1222 2418 1270 et
2451 1215 2728 1270 Photium.
2759 1218 2937 1287 Atque
2965 1219 3080 1273 haec
3100 1219 3261 1288 plane
3293 1220 3506 1275 diversa
3532 1232 3618 1276 est

2043 1322 2074 1360 a
2096 1308 2321 1362 Charris
2351 1308 2465 1363 sive
2498 1307 2701 1375 Haran,
2736 1308 3030 1385 provincia:
3070 1307 3376 1366 Osrhoenes
3399 1312 3618 1367 civitate

2043 1398 2209 1451 altera
2261 1398 2407 1452 haud
2456 1399 2646 1469 procul
2673 1401 2742 1453 ab
2772 1399 3047 1470 Euphrate
3069 1402 3243 1471 posita
3274 1420 3289 1455 :
3324 1417 3423 1457 nec
3462 1404 3619 1473 longe

2042 1488 2194 1544 abest
2224 1488 2496 1561 Babylone
2519 1499 2573 1546 et
2607 1489 2875 1558 Seleucia,
2910 1507 3016 1546 non
3043 1491 3322 1548 Amidensi
3350 1500 3621 1563 nntropo-

2041 1580 2152 1635 lita:
2196 1581 2461 1651 subjecta,
2516 1582 2611 1637 sed
2663 1584 2909 1651 proxime
2960 1583 3291 1640 Seleuciensi
3317 1586 3612 1654 catholico,

2042 1682 2103 1727 ut
2130 1682 2346 1735 constat
2388 1689 2452 1729 ex
2501 1674 2804 1730 Pontiﬁcali
2833 1675 3212 1732 Chaldmorum
3262 1679 3405 1748 apud
3449 1677 3608 1732 Mori-

2042 1781 2172 1819 num
2209 1765 2285 1837 (h)
2333 1775 2388 1821 et
2417 1767 2779 1823 Assemanum
2812 1769 2911 1836 (i);
2940 1768 3030 1823 ubi
3055 1769 3297 1838 jubetur,
3336 1779 3396 1823 ut
3437 1772 3619 1825 statim

2044 1858 2108 1911 ab
2142 1858 2289 1912 obitu
2328 1859 2600 1925 catholici,
2653 1862 2902 1915 mittatur
2936 1863 3004 1914 ad
3036 1863 3334 1933 episcopum
3361 1862 3615 1929 Caschar,

2046 1952 2091 2003 si
2130 1951 2184 2004 in
2218 1952 2346 2004 vivis
2376 1961 2489 2016 est,
2541 1960 2718 2021 utpote
2761 1953 3049 2022 principem
3080 1954 3454 2024 primariumue
3483 1972 3619 2025 pra:-

2046 2042 2213 2096 sulem
2241 2041 2620 2112 patriarchalis
2649 2044 2952 2112 provincia,
2980 2045 3070 2113 qui
3095 2044 3364 2099 dexteram
3384 2048 3622 2115 patriar-

2046 2131 2158 2186 cha:
2181 2142 2338 2198 tenet,
2370 2143 2647 2203 custosque
2681 2134 2825 2188 illius
2857 2136 2994 2188 sedis
3028 2144 3106 2189 est
3124 2146 3242 2204 post
3261 2138 3376 2206 ejus
3395 2136 3615 2194 obitum.

2045 2220 2202 2288 Quod
2254 2225 2510 2277 nimirum
2562 2224 2962 2294 accipiendum,
3008 2241 3076 2280 ex
3108 2243 3218 2297 quo
3247 2229 3488 2284 Carchar
3517 2231 3620 2287 sub

2050 2314 2257 2386 Sapore
2288 2332 2414 2388 rege
2463 2318 2517 2371 in
2566 2316 2854 2373 Persarum
2888 2329 3208 2389 potestatem
3241 2322 3408 2378 venit.
3440 2321 3621 2379 Probo

2047 2410 2193 2463 enim
2218 2410 2515 2480 imperante
2538 2411 2798 2468 Romanae
2823 2404 3048 2469 ditionis
3080 2427 3218 2481 erat,
3242 2431 3352 2486 quo
3372 2424 3618 2488 tempore

2047 2500 2235 2557 Manes
2264 2516 2295 2557 e
2321 2500 2565 2559 Persidis
2600 2504 2803 2560 ﬁnibus
2834 2502 3068 2577 fugiens,
3125 2508 3179 2562 in
3215 2507 3615 2566 Cascharorum

2047 2608 2187 2665 pago
2209 2608 2368 2663 quem
2392 2594 2739 2652 Diodoridem
2771 2599 3111 2668 appellabant
3134 2599 3234 2670 (j),
3259 2616 3616 2671 congressum

2049 2685 2200 2738 illum
2222 2685 2289 2740 de
2308 2686 2570 2759 religione
2600 2688 2791 2744 habuit
2818 2705 2944 2745 cum
2980 2692 3267 2747 Archelao.
3299 2691 3427 2749 llwc
3448 2694 3618 2751 lenne

2048 2768 2404 2839 Lequienius.

2117 2858 2291 2917 Porro
2318 2863 2565 2919 eamdem
2597 2868 2917 2922 sententiam
2943 2868 3009 2925 de
3033 2868 3393 2929 Cascharensi
3413 2873 3617 2929 Arche-

2048 2950 2119 3006 lai
2149 2954 2276 3009 sede
2305 2955 2551 3025 pluribus
2585 2972 2759 3027 nuper
2804 2960 3179 3029 comprobavit
3230 2978 3281 3015 v.
3321 2965 3396 3019 cl.
3430 2964 3621 3034 Augu-

2048 3041 2225 3096 stinus
2258 3041 2528 3100 Antonius
2557 3045 2821 3119 Georgius
2844 3049 3069 3104 eremita
3104 3052 3533 3121 Augustinianus
3561 3056 3616 3108 in

2052 3134 2328 3198 prtestanti
2359 3150 2523 3204 opere
2540 3137 2683 3206 quod
2712 3138 3058 3208 Alphabetum
3089 3139 3395 3197 Tibetanum
3428 3143 3621 3200 inscri-

371 3239 486 3292 sine
505 3236 665 3289 dubio
691 3237 852 3304 legem
881 3234 1078 3302 judicii
1113 3232 1299 3301 ferent.
1327 3229 1696 3284 Romanarum
1727 3241 1945 3297 quoque
1973 3263 2015 3322 ϐ
2051 3224 2188 3293 psit;
2223 3226 2312 3280 ubi
2336 3228 2522 3294 etiam,
2552 3229 2695 3297 quod
2730 3232 2807 3284 rei
2842 3240 3005 3303 caput
3043 3242 3147 3299 est,
3179 3234 3439 3289 Actorum
3470 3235 3620 3306 ejus-

371 3328 757 3398 antiquitatum
814 3326 1043 3381 studiosi
1099 3325 1254 3393 plura
1309 3323 1365 3376 in
1421 3320 1526 3375 hoc
1580 3334 1743 3389 opere
1796 3320 1948 3372 inve-
1981 3316 2014 3322 ⁷
2049 3316 2172 3370 dem
2223 3317 2474 3373 Archelai
2522 3321 2890 3376 sinceritatem
2936 3324 3199 3379 adversus
3226 3322 3618 3380 Beausobrium

370 3424 526 3480 nient
569 3424 708 3478 scitu
751 3422 895 3477 haud
937 3421 1178 3489 indigna,
1234 3432 1465 3487 quorum
1493 3415 1749 3486 pleraque
1782 3428 1945 3481 supe-
2048 3408 2351 3463 luculenter
2405 3412 2588 3477 evicit,
2637 3429 2792 3468 suam
2844 3415 2929 3470 bis
2976 3416 3156 3471 verbis
3199 3416 3617 3486 disputationem

367 3518 488 3572 rius
513 3515 1060 3572 commemoravimus
1098 3512 1215 3577 ubi,
1242 3514 1308 3565 de
1349 3509 1591 3579 ejusdem
1636 3507 1948 3562 sinceritate
2047 3502 2382 3558 concludens
2409 3503 2480 3574 (lt)
2516 3522 2529 3557 :
2562 3501 2849 3559 Teneamus
2873 3505 3117 3563 Caschar
3147 3509 3205 3562 in
3233 3508 3620 3579 Mesopotamia

371 3609 744 3664 tractavimus.
808 3606 1049 3676 Denique
1104 3605 1233 3659 hinc
1280 3602 1443 3657 etiam
1499 3600 1712 3654 discere
1752 3614 1946 3668 possue

370 3715 495 3755 mus
526 3713 814 3769 quousque
862 3696 1096 3752 Romani
1133 3695 1346 3766 imperii
1382 3693 1583 3748 limites
1617 3690 1943 3746 Parthorum

370 3807 464 3847 seu
495 3791 785 3845 Persarum
835 3790 1097 3844 ditionem
1136 3802 1328 3844 versus
1355 3798 1485 3842 tunc
1530 3784 1789 3854 temporis
1818 3798 1945 3853 pro-

370 3885 750 3946 tenderentur;
773 3881 989 3950 aliaque
1017 3880 1275 3935 nonnulla
1299 3879 1365 3933 de
1386 3879 1522 3932 locis
1552 3877 1606 3930 in
1628 3876 1942 3930 earumdem

368 3975 660 4030 collimitia
678 3973 818 4039 sitis,
847 3973 1022 4042 deque
1052 3971 1424 4026 Romanorum
1457 3969 1687 4023 militum
1716 3982 1942 4022 numero

366 4070 461 4140 qui
494 4068 636 4137 apud
668 4066 871 4122 Carras
900 4074 1079 4119 castra
1112 4063 1404 4118 servabant
1436 4082 1449 4117 :
1479 4062 1543 4116 de
1568 4061 1653 4116 his
1686 4060 1830 4113 enim
1856 4073 1943 4112 re-

370 4162 471 4215 bus
500 4159 734 4230 sparsim
768 4159 946 4228 agitur
981 4157 1034 4210 in
1060 4155 1250 4226 primis
1277 4154 1521 4224 quinque
1548 4152 1818 4222 capitibus
1846 4150 1945 4204 hu-

362 4253 456 4323 jus
484 4252 684 4321 operis,
721 4266 786 4305 ac
828 4257 1086 4318 praeterea
1125 4247 1178 4301 in
1207 4246 1449 4316 ejusdem
1482 4257 1636 4313 capp.
1678 4241 1770 4306 52,
1800 4241 1868 4297 54
1888 4250 1943 4296 et

365 4342 456 4397 55.
489 4341 654 4396 Plura
689 4340 885 4395 eruditi
914 4342 1055 4393 inter
1077 4337 1361 4406 legendum
1387 4334 1775 4390 observabuut.
1800 4330 1941 4387 Hac-

366 4442 528 4488 tenus
557 4429 861 4501 Zacagnius
887 4446 939 4484 v.
970 4431 1042 4488 el.

435 4524 574 4581 XIV.
615 4523 693 4579 Ne
723 4538 902 4579 autem
933 4522 1148 4577 muneri
1179 4529 1366 4576 nostro
1386 4519 1577 4574 deesse
1602 4517 1827 4572 omnino
1856 4517 1937 4571 vi-

2044 3593 2301 3664 Kathajte
2327 3612 2345 3650 :
2372 3608 2422 3651 et
2466 3614 2583 3653 ecce
2620 3600 2908 3667 uinculum,
2934 3602 3063 3656 dum
3091 3602 3233 3658 data:
3269 3605 3392 3673 ﬁdei
3424 3621 3621 3660 memor

2044 3701 2155 3739 esse
2190 3686 2311 3741 uelit
2366 3687 2746 3758 Beausobrius,
2798 3707 2902 3763 quo
2954 3704 3097 3748 arcte
3141 3697 3523 3768 constringitur
3549 3698 3618 3751 ad

2045 3777 2181 3832 Acta
2204 3781 2375 3835 sancti
2397 3782 2625 3853 episcopi
2657 3784 2903 3838 Archelai
2934 3793 3183 3857 tanquam
3204 3790 3439 3857 pretiosa
3464 3789 3619 3845 Chri-

2043 3872 2231 3925 stianae
2281 3875 2618 3944 antiquitatis
2663 3887 2998 3932 nionumenta
3044 3879 3446 3948 amplectenda;
3500 3897 3617 3950 qua

2046 3971 2220 4015 tamen
2243 3964 2405 4032 paulo
2432 3975 2554 4019 ante
2585 3965 2877 4022 lacerabat.
2914 3968 3184 4024 Nimirum
3212 3971 3279 4025 ad
3303 3986 3367 4025 ea
3396 3974 3620 4042 respicit

2042 4062 2252 4149 auctor,
2270 4055 2575 4149 quae'habet
2589 4055 2958 4114 Beausobrius
2983 4060 3037 4113 in
3058 4060 3173 4116 hac
3192 4062 3354 4117 verba
3383 4062 3447 4132 (l)
3468 4080 3482 4116 :
3502 4060 3616 4117 J’ai

2043 4141 2160 4196 bien
2193 4141 2511 4215 prouvé'que
2542 4146 2597 4200 la
2634 4147 2843 4217 dispute
2870 4149 2959 4202 n’a
2991 4151 3138 4219 point
3173 4152 3255 4205 ne
3277 4167 3341 4204 en
3376 4150 3618 4221 Mesopo-

2043 4237 2226 4291 tamie.
2260 4239 2401 4293 Mais
2432 4240 2480 4293 si
2516 4257 2648 4294 nous
2689 4240 2744 4294 la
2771 4241 2986 4311 placons
3017 4243 3151 4296 datis
3180 4244 3229 4297 le
3261 4241 3613 4314 Turquestan,

2039 4326 2140 4381 elle
2175 4344 2374 4397 pourra
2410 4346 2465 4383 se
2503 4333 2757 4387 soutenir.
2783 4331 2922 4388 C’est
2955 4332 3008 4387 la
3045 4350 3144 4404 que
3169 4335 3617 4406 l’herésiarquesc

2042 4421 2219 4486 retire,
2246 4422 2389 4477 selon
2423 4423 2498 4477 les
2534 4423 2830 4479 Orientaua:
2846 4442 2867 4490 ;
2909 4426 3038 4496 qu‘il
3060 4443 3092 4495 ει
3121 4444 3153 4480 a
3182 4441 3282 4481 une
3304 4425 3505 4482 Cascar
3522 4429 3614 4498 qui

2040 4514 2169 4569 n’est
2196 4513 2344 4585 point
2368 4517 2598 4571 soumise
2629 4533 2736 4571 oua:
2767 4517 2976 4584 Perses,
3014 4530 3064 4573 et
3094 4521 3161 4573 ait
3189 4519 3228 4572 il
3253 4536 3449 4589 pourra
3469 4520 3611 4589 plai-

364 4617 617 4683 deamur,
650 4616 718 4671 iis
750 4612 1188 4685 quaalacagnius
1218 4612 1327 4666 huc
1359 4626 1531 4680 usque
1551 4609 1684 4666 satis
1712 4609 1940 4679 diligen-
1969 4607 2014 4664 Ι)
2041 4607 2135 4661 der
2162 4624 2223 4661 sa
2256 4624 2414 4662 cause
2449 4626 2511 4662 en
2549 4618 2689 4663 tante
2725 4610 2918 4665 δῦναι.
2962 4610 3097 4667 C'est
3140 4613 3191 4667 la
3228 4614 3356 4682 qu‘il
3393 4628 3427 4682 y
3463 4629 3496 4666 a
3523 4614 3613 4667 des

363 4719 448 4766 ter
477 4709 790 4775 edisseruit,
821 4707 1018 4762 addere
1060 4705 1318 4761 nonnulla
1347 4713 1714 4775 opportunum
1745 4703 1936 4758 existi-

363 4817 600 4858 mamus.
648 4799 715 4854 Et
762 4801 998 4870 primum
1046 4799 1265 4867 quidem
1326 4799 1392 4851 ad
1440 4797 1625 4851 sedem
1685 4794 1939 4852 Archelai

360 4893 725 4965 episcopalem
754 4891 901 4962 quod
931 4890 1144 4955 attinet,
1194 4889 1249 4942 in
1273 4888 1437 4941 aliam
1468 4903 1497 4941 a
1531 4886 1785 4957 Zacagnii
1813 4901 1938 4941 sen-

361 4985 531 5042 tentia
563 4999 687 5039 cum
720 4982 1016 5053 Lequienio
1050 4996 1104 5036 v.
1133 4982 1201 5036 cl.
1233 4981 1386 5035 abire
1416 4980 1545 5034 libet
1566 4980 1664 5051 (ιι).
1699 4980 1939 5035 Cascba-

361 5092 552 5132 rorum
592 5075 758 5141 enim,
806 5092 913 5131 non
958 5073 1315 5139 Charrarum,
1366 5071 1623 5127 Ecclesia:
1654 5072 1937 5142 praefuisse

362 5168 711 5233 Archelaum,
764 5182 872 5221 non
919 5168 1094 5221 solum
1144 5167 1341 5222 docent
1382 5165 1515 5220 Acta
1546 5165 1934 5234 disputationis

362 5275 528 5332 quam
578 5267 801 5316 sanctus
847 5258 937 5314 ille
981 5260 1178 5330 praesul
1205 5258 1397 5314 habuit
1420 5272 1544 5311 cum
1580 5256 1793 5313 Manete
1822 5255 1931 5327 (h);

431 5462 510 5603 ξπ)
543 5459 638 5517 0r.
670 5460 822 5526 ωιτη
853 5466 989 5514 tom.
1019 5458 1086 5525 ll,
1121 5475 1279 5533 pagg.
1314 5459 1454 5515 1002
1480 5457 1715 5515 etl165.
1781 5476 1790 5486 '

456 5533 506 5599 ὁ)
541 5535 685 5603 Act.,
719 5546 838 5601 cap.
880 5532 926 5584 l.
1079 5600 1107 5603 μ
1215 5600 1245 5603 _

432 5600 505 5674 (ο)
541 5601 682 5655 Hmr.
718 5617 864 5665 LXVI,
898 5617 1048 5682 num.
1077 5600 1112 5656 5
1138 5608 1191 5655 et
1215 5600 1265 5655 7.

432 5673 510 5753 td)
540 5670 691 5753 _H_ist.
718 5671 842 5753 eccl.
877 5671 971 5753 lt_l_).
1003 5688 1041 5753 ι3
1075 5687 1193 5753 cap.
1220 5671 1312 5725 η.

455 5674 510 5741 d)
546 5673 691 5725 Hist.
718 5673 842 5725 eccl.
877 5673 971 5725 lib.
1003 5688 1041 5735 I,
1075 5687 1132 5726 ea

455 5758 481 5794 e
539 5740 658 5797 Lib.
689 5756 705 5794 ι
741 5744 861 5797 adv.
899 5740 1132 5795 Manich.

431 5673 508 5880 3?)
539 5811 679 5865 Bibl.
713 5813 901 5864 orient.
937 5822 1067 5878 tom.
1104 5809 1124 5863 Ι

432 5808 508 5881 (Γ)
539 5811 679 5865 Bibl.
713 5813 901 5864 orient.
937 5822 1067 5878 tom.
1104 5809 1147 5875 Ι,
1180 5825 1235 5879 p.
1266 5808 1393 5869 555.

432 5884 505 5951 (g)
535 5883 679 5947 Act.,
709 5896 829 5950 cap.
865 5881 920 5935 ὃ.

635 5974 909 6037 Ρηιοι..
934 5971 1048 6033 Gn.
1085 5973 1167 6035 Χ.

2040 4699 2334 4764 Chretiens,
2378 4701 2467 4755 des
2502 4702 2733 4771 eréques,
2773 4702 2863 4772 qui
2909 4718 2971 4757 ne
3006 4713 3223 4773 peuveut
3262 4718 3515 4773 manquer
3550 4704 3614 4756 de

2036 4795 2244 4849 s‘éleuer
2266 4805 2444 4849 contra
2465 4811 2534 4849 un
2560 4795 2844 4866 hérétique,
2865 4797 2953 4866 qui
2977 4797 3177 4852 detruit
3196 4796 3271 4850 les
3294 4796 3613 4866 principaus'

2036 4886 2249 4940 articles
2287 4887 2352 4940 de
2391 4886 2447 4939 la
2493 4887 2568 4956 [oi
2617 4886 3028 4944 chretienne.....
3083 4887 3150 4941 le
3185 4888 3271 4957 n‘y
3318 4886 3463 4941 acuis
3514 4901 3611 4955 pas

2035 4982 2209 5050 pense.
2236 4978 2289 5034 Il
2324 4979 2440 5050 [aut
2479 4978 2697 5033 rétablir
2731 4990 2862 5035 cette
2887 4982 3095 5050 dispute
3122 4996 3220 5051 que
3248 4980 3352 5049 j’ai
3385 4986 3498 5032 tant
3521 4988 3611 5031 at-

2036 5076 2238 5145 taquée.
2275 5074 2327 5129 Il
2360 5076 2447 5144 n'y
2487 5094 2520 5129 a
2551 5076 2669 5145 qu'a
2697 5074 2753 5129 la
2790 5071 2908 5126 bien
2937 5072 3226 5143 placer.....
3258 5070 3507 5125 Donnous
3534 5085 3608 5123 au

2034 5164 2229 5219 lecteur
2250 5166 2596 5235 l‘édiﬁcation
2619 5165 2685 5220 de
2708 5165 2821 5219 voir
2843 5165 3033 5234 qu‘une
3052 5162 3269 5215 histoire
3288 5161 3335 5215 si
3360 5161 3611 5214 ancienne

2033 5269 2109 5313 est
2131 5257 2382 5313 eéritable
2411 5260 2556 5312 vdans
2599 5258 2649 5313 le
2697 5258 2846 5327 fonti.
2901 5254 3169 5311 Caeterum
3212 5267 3280 5308 eo
3313 5253 3433 5323 ipso
3459 5265 3607 5307 anno

2105 5452 2182 5524 (h)
2216 5451 2290 5524 _De
2313 5466 2455 5508 sacr.
2487 5452 2660 5506 ordin.

2103 5526 2119 5589 (
2141 5522 2192 5592 ἴ)
2218 5522 2350 5579 Loe.
2378 5525 2473 5582 cit.

2103 5590 2191 5663 ti)
2225 5594 2367 5663 Act»
2399 5607 2522 5663 ςαρ-
2551 5590 2641 5663 39-

2103 5607 2191 5663 (ν)
2225 5607 2367 5658 seu,
2552 5607 2641 5647 ou.

2215 5662 2440 5744 Alphab.
2498 5662 2665 5744 _i.bet.,
2695 5677 2817 5734 pag.
2841 5657 3292 5744 _edi.t.‘Ro_m.
3325 5658 3484 5744 1262.
3510 5659 3567 5716 ι.

2100 5730 2166 5802 (ι)
2206 5730 2352 5788 Hist.
2380 5734 2446 5787 de
2488 5730 2674 5786 lanas
2699 5730 2711 5732 “
2730 5730 2791 5786 οἱ
2823 5733 2894 5786 du
2925 5731 3186 5799 Hanich.,
3215 5742 3328 5787 tom
3375 5731 3416 5797 l,
3443 5744 3604 5800 pagg.

2030 5804 2156 5859 191.
2193 5802 2315 5859 ιω.

3209 5938 3289 6025 δὲ
