4058 6378
436 466 579 527 1419

1289 461 1349 518 5.
1384 456 1798 514 ARCHELAUS
1837 453 2370 512 HESOPOTAMIE
2405 454 2805 515 EPISCOPUS.

437 601 549 656 quo
587 580 768 653 prodit
786 528 1135 649 Alphabetum
1168 572 1500 638 Tibetanum,
1544 574 1627 627 vir
1660 573 1796 626 alter
1830 569 2011 627 erudi-
2040 573 2083 627 A
2115 582 2257 623 mus.
2290 566 2401 623 Nec
2427 569 2629 623 morari
2659 583 2760 623 nos
2797 567 2952 623 debet
2990 564 3330 638 parenthesis
3353 564 3688 656 longitudo:

437 675 690 730 tissimus
736 669 1048 725 eorumdem
1101 664 1362 720 Actorum
1411 664 1776 734 integritatem
1822 670 2010 717 contra

439 763 724 837 praefatum
767 758 1155 815 Beausobrium
1203 764 1425 811 strenue
1458 768 1832 825 propugnasse
1862 768 2013 808 com-

438 854 649 925 peritur
675 851 772 918 (a).

511 942 627 996 XV.
669 940 803 996 illud
850 947 1111 1010 praeterea
1153 953 1275 992 cum
1315 936 1436 989 viro
1472 934 1637 989 docto
1665 934 2013 988 animadver—

443 1045 561 1090 tere
593 1036 836 1096 interest,
871 1030 898 1103 §
929 1033 962 1085 5
996 1030 1141 1084 illius
1186 1027 1475 1098 fragmenti
1512 1026 1771 1081 Actorum
1826 1026 2015 1094 dispu-

445 1127 670 1182 tationis
707 1122 977 1185 Archelai,
1024 1121 1168 1191 quod
1200 1136 1265 1174 ex
1309 1117 1495 1189 Cyrilli
1537 1114 2015 1187 Hierosolymitani

443 1214 712 1271 catechesi
758 1229 811 1268 v1
861 1213 1207 1280 desumptum
1263 1209 1455 1263 iisdem
1512 1207 1658 1263 Actis
1705 1206 2013 1276 subjicitur,

444 1305 935 1377 Hierosolymitano
963 1303 1148 1374 potius
1181 1301 1436 1371 episcopo
1464 1315 1628 1369 quam
1654 1296 2015 1354 Cascharensi

442 1415 564 1455 esse
596 1398 828 1453 fortasse
859 1395 1228 1467 tribuendum.
1257 1393 1348 1448 Sic
1373 1392 1517 1447 enim
1544 1393 1631 1447 ille
1656 1391 1729 1461 ψ)
1760 1409 1775 1446 :
1806 1410 1825 1443 ι
1863 1389 2020 1444 Tam-

442 1490 545 1545 etsi
593 1491 730 1554 hmo,
774 1489 972 1559 inquit,
1016 1488 1084 1542 ab
1128 1488 1287 1541 initio
1329 1483 1652 1557 paragrapbi
1684 1483 1719 1537 5
1746 1497 1919 1553 usque
1951 1483 2018 1537 ad

445 1584 630 1645 finem,
656 1581 903 1636 Archelai
928 1580 1108 1635 verbis
1131 1578 1366 1650 Cyrillus
1385 1576 1567 1631 dicere
1588 1575 1864 1640 videatur;
1893 1588 2017 1628 cum

444 1675 517 1729 ibi
572 1672 826 1743 subjiciat
868 1689 882 1719 :
926 1671 1249 1742 llujusmodi
1295 1668 1519 1739 aliisque
1569 1665 1808 1737 pluribus
1860 1666 2017 1721 dictis

442 1766 771 1821 eoertebatur
801 1764 962 1818 draco
984 1779 1002 1816 :
1036 1762 1233 1816 talibus
1276 1760 1565 1814 Archelaus
1597 1759 1806 1814 Hanem
1834 1758 2020 1827 conﬂi-

443 1853 764 1910 ctationibus
803 1851 1200 1923 prosternebat;
1239 1852 1384 1907 unde
1420 1849 1724 1920 Zacagnius
1760 1849 1876 1904 haec
1901 1864 2020 1903 om-

444 1948 535 2004 nia
565 1948 634 2004 ad
669 1948 875 2003 calcem
904 1945 1291 2016 disputationis
1320 1944 1571 2000 Archelai
1607 1952 1863 2014 tanquam
1894 1956 2019 2013 par-

445 2048 555 2095 tem
584 2039 706 2109 ejus
730 2053 913 2093 veram
942 2036 1189 2107 appinxit
1217 2054 1233 2090 :
1267 2035 1626 2090 nihilominus
1665 2035 1720 2088 in
1763 2034 1868 2090 hoc
1900 2034 2020 2089 loco

445 2131 697 2187 Archelai
728 2129 892 2185 verba
924 2128 1198 2194 desinere,
1231 2135 1282 2181 et
1313 2134 1527 2190 caetera,
1580 2125 1648 2179 ab
1678 2112 1764 2179 his
1794 2123 1976 2179 verbis
2002 2140 2016 2178 :

447 2221 510 2279 Si
538 2232 735 2286 autem,
762 2230 891 2285 etc.,
917 2235 1091 2290 usque
1121 2219 1191 2275 ad
1223 2218 1407 2282 tinem,
1442 2231 1473 2271 a
1502 2215 1705 2287 Cyrillo
1731 2221 2021 2286 parenthe-

447 2317 527 2372 sis
574 2315 715 2379 vice,
768 2312 1020 2368 Archelai
1078 2310 1383 2366 rationibus
1438 2310 1650 2380 adjecta
1708 2323 2017 2364 censemus.

448 2407 652 2465 Saltem
696 2406 933 2461 dubitari
974 2420 1082 2460 non
1126 2409 1305 2473 potest
1353 2403 1485 2472 quin
1543 2402 1703 2457 verba
1743 2400 1916 2455 ταῦτα
1956 2400 2023 2453 τὰ

449 2499 723 2573 μυστήρια
752 2497 983 2552 inferius
1010 2494 1409 2567 posita,Cyrilli
1441 2495 1574 2561 sint,
1608 2508 1717 2548 non
1747 2492 2019 2559 Archelai,

446 2591 662 2644 duabus
712 2587 1019 2644 rationibus
1066 2602 1188 2657 qua:
1237 2602 1398 2642 omne
1447 2593 1710 2657 punctum
1766 2583 2019 2639 afferunt.

449 2682 512 2736 1ο
546 2681 691 2737 enim
723 2680 818 2745 ait,
850 2680 1112 2752 mysteria
1139 2695 1262 2750 qua:
1287 2694 1435 2734 nunc
1451 2676 1699 2733 audienti
1720 2692 1753 2737 a
1775 2676 2025 2732 catechu-

446 2788 735 2829 menorum
776 2780 925 2828 sorte
968 2786 1189 2843 egresso
1238 2771 1477 2841 expernit,
1508 2770 1715 2825 licitum
1750 2784 1858 2823 non
1904 2782 2024 2824 esse

450 2863 745 2936 gentilibus
778 2863 1026 2933 aperire;
1061 2871 1225 2934 atque
1259 2863 1316 2918 in
1351 2863 1439 2918 bis
1471 2861 1748 2934 mysteriis
1775 2859 2025 2915 nominat

447 2956 807 3013 sanctissimae
836 2955 1120 3011 Trinitatis
1145 2955 1473 3010 doctrinam.
1506 2955 1671 3025 Atqui
1699 2963 1760 3008 ut
1791 2954 1904 3021 bzcc
1929 2967 2025 3022 ap-

452 3048 627 3118 prime
650 3047 986 3103 conveniuut
1009 3047 1200 3118 Cyrilli
1227 3045 1590 3111 auditoribus,
1620 3060 1650 3100 e
1679 3045 2025 3100 catechume-

451 3156 645 3195 norum
673 3148 816 3195 statu
849 3140 900 3193 in
930 3139 1169 3194 ﬁdelium
1210 3153 1408 3194 nomen
1439 3154 1502 3193 ac
1528 3138 1755 3209 gradum
1786 3136 2023 3192 transla-

2114 674 2238 711 nam
2289 658 2655 730 digressiones
2693 668 2748 714 et
2793 660 3156 728 parentheses
3185 657 3461 728 longiores
3490 655 3694 728 Cyrillo

2116 764 2223 803 non
2252 750 2547 806 inusitatae.
2578 750 2701 805 Vid.
2730 751 2936 807 catech.
2974 767 3086 816 xvr,
3134 749 3161 821 ᾗ
3196 750 3286 814 14,
3320 750 3468 803 hom.
3504 748 3557 802 in
3584 747 3691 805 Pa-

2115 842 2240 907 ral.,
2274 840 2300 913 ᾗ
2327 841 2360 896 8
2383 858 2555 912 usque
2582 844 2647 896 ad
2681 843 2767 896 Η.
2792 842 3059 896 Prmterea
3088 845 3169 896 hee
3201 841 3363 895 unius
3398 838 3710 910 Scriptura!-

2115 934 2223 988 laci
2274 936 2573 990 secundum
2616 936 2863 991 diversas
2918 936 3217 991 sententias
3274 934 3689 1004 explicationes,

2114 1026 2234 1096 ejus
2262 1036 2390 1082 sunt
2415 1028 2639 1098 ingenii,
2675 1038 2735 1083 ut
2764 1029 2949 1083 videre
2977 1039 3060 1083 est
3085 1026 3290 1083 catech.
3324 1042 3456 1092 xvn,
3485 1024 3546 1097 §§
3579 1024 3613 1080 9
3638 1036 3694 1079 et

2117 1118 2205 1184 it),
2236 1119 2443 1174 catech.
2470 1136 2589 1183 xm,
2626 1119 2652 1191 §
2681 1120 2771 1184 21,
2819 1128 2923 1175 etc.
2963 1118 3188 1173 Dcmum
3227 1133 3391 1188 quam
3418 1129 3695 1188 postremo

2117 1210 2238 1265 loco
2273 1212 2438 1265 tradit
2468 1212 2631 1280 hujus
2676 1211 2780 1266 loci
2810 1209 3336 1279 interpretationem,
3369 1224 3565 1278 nempe
3611 1211 3694 1263 in-

2118 1305 2305 1356 firmos
2333 1302 2525 1357 oculos
2573 1303 2864 1357 veritatum
2910 1317 3050 1372 quas
3080 1315 3273 1371 capere
3304 1316 3410 1354 non
3439 1311 3694 1370 possunt,

2119 1392 2331 1463 fulgore
2359 1393 2608 1460 obtundi,
2636 1393 2948 1449 continetur
2978 1393 3031 1446 in
3062 1407 3125 1447 ea
3152 1392 3363 1446 ratione
3392 1407 3557 1463 quam
3578 1397 3702 1447 red-

2117 1486 2255 1541 didit
2281 1484 2598 1541 Procatech.
2638 1483 2782 1557 §l2,
2830 1500 2930 1540 cur
2976 1483 3382 1539 catechumenis
3438 1483 3698 1556 mysteria

2118 1579 2398 1645 celentur;
2450 1577 2579 1647 quia
2622 1576 2875 1632 videlicet
2908 1585 3127 1631 noceret
3168 1575 3302 1645 ipsis
3346 1589 3529 1629 rerum
3557 1590 3700 1646 quas

2119 1669 2359 1723 nondum
2390 1684 2584 1739 capere
2617 1678 2867 1738 possunt,
2921 1667 3183 1739 cognitio.
3220 1685 3241 1720 ι
3295 1664 3569 1723 Hactenus
3615 1667 3701 1723 vir

2120 1762 2210 1815 ille
2241 1762 2459 1818 doctus.
2824 1780 2829 1787 ί

2194 1854 2446 1909 Nostram
2496 1869 2660 1925 porro
2698 1853 2967 1925 ejusmodi
3002 1854 3260 1908 Actorum
3298 1850 3590 1909 editionem
3627 1853 3698 1907 ad

2123 1946 2271 2002 illam
2305 1947 2607 2019 exegimus,
2645 1961 2810 2017 quam
2857 1944 3045 2001 Roma:
3094 1944 3335 2015 vulgavit
3376 1958 3521 1999 anno
3554 1945 3698 2001 1698

2121 2052 2176 2091 v.
2205 2038 2272 2093 cl.
2313 2038 2644 2094 Laurentius
2675 2037 2980 2093 Alexander
3006 2034 3310 2106 Zacagnius
3346 2033 3400 2087 in
3430 2033 3701 2089 Collecta-

2122 2132 2230 2187 neis
2258 2140 2715 2185 monumentorum
2746 2140 2973 2184 ceterum
3005 2128 3258 2184 Ecclesia
3279 2128 3479 2185 Grazcce
3503 2145 3567 2182 ac
3588 2126 3703 2184 La-

2122 2224 2266 2277 time.
2298 2221 2425 2276 Suis
2460 2221 2597 2277 locis
2638 2222 2980 2287 restituimus
3008 2238 3132 2277 cum
3170 2223 3415 2278 addenda
3446 2222 3705 2293 prolego-

2121 2315 2318 2379 menis,
2347 2322 2461 2368 tum
2493 2314 2673 2367 varias
2715 2313 2769 2367 in
2800 2313 2994 2383 primis
3020 2314 3303 2378 lectiones,
3336 2329 3475 2384 quas
3506 2315 3573 2368 ad
3609 2329 3705 2370 ca-

2119 2406 2233 2477 pita
2267 2404 2442 2461 51-55
2472 2404 2868 2476 Disputationis
2899 2405 3155 2459 Archelai
3198 2420 3324 2460 cum
3374 2405 3605 2471 Hanete,
3633 2420 3703 2459 ex

2120 2498 2684 2568 Regio-Alexandrino
2709 2497 2897 2553 codice
2928 2497 3230 2564 descriptas
3258 2497 3327 2552 ad
3367 2512 3481 2552 sua)
3507 2497 3707 2552 editio-

2121 2592 2209 2646 nis
2241 2590 2445 2646 calcem
2473 2588 2663 2659 rejecit
2685 2589 2824 2644 idem
2851 2578 2933 2643 vir
2960 2589 3233 2654 eruditus,
3259 2588 3362 2642 hac
3381 2587 3703 2659 praefation-

2121 2683 2243 2738 cula
2274 2696 2409 2736 usus
2438 2680 2509 2752 (c)
2547 2698 2561 2734 '.
2608 2678 2741 2736 Cum
2785 2677 2902 2749 post
2949 2681 3168 2748 editam,
3213 2680 3412 2750 inquit,
3458 2680 3702 2735 Archelai

2121 2772 2535 2842 disputationem
2583 2770 2721 2823 inter
2778 2768 3363 2839 Regio-Alexandrinos
3426 2765 3704 2822 Vaticani:

2122 2864 2445 2919 bibliotheca:
2466 2862 2668 2916 codices
2696 2862 3003 2930 reperissent
3029 2861 3386 2931 apographum
3415 2859 3695 2929 cujusdam

2121 2957 2312 3011 vetusti
2338 2955 2555 3019 codicis,
2594 2954 2684 3024 qui
2714 2952 2843 3006 olim
2872 2951 2941 3006 ad
2967 2950 3343 3016 monasterium
3365 2952 3536 3005 sancti
3569 2950 3692 3008 Sal-

2123 3049 2214 3114 vii,
2234 3045 2602 3101 Ambianensis
2634 3045 2858 3116 fortasse
2883 3044 3118 3114 episcOpi
3143 3053 3191 3115 et
3221 3044 3493 3114 martyris,
3515 3045 3691 3114 perti—

2123 3141 2269 3202 nuit;
2307 3147 2355 3194 et
2377 3138 2432 3192 in
2456 3154 2516 3192 eo
2541 3138 2718 3195 codice
2740 3153 2847 3191 una
2874 3152 2995 3190 cum
3031 3136 3203 3190 sancti
3228 3124 3517 3205 Augustini
3533 3136 3696 3191 Com-

3545 450 3683 504 uso
3766 480 3778 489 -

449 3233 550 3300 tis,
587 3231 798 3286 catech.
842 3247 897 3295 v,
947 3229 976 3302 ᾗ
1011 3231 1064 3299 1,
1114 3231 1315 3302 quibus
1365 3230 1682 3302 mysterium
1739 3228 2023 3290 Trhtilalis
2049 3271 2093 3330 Ο
2126 3233 2405 3287 monitorio
2421 3232 2670 3287 adversus
2694 3214 3702 3301 Hanichueos,interejusdemepistolas
3766 3215 3770 3218 ⁴

450 3324 664 3381 catech.
715 3340 768 3379 iv
811 3324 1130 3394 planissime
1182 3336 1507 3397 aperuerat;
1558 3325 1632 3379 ita
1673 3339 1780 3379 non
1823 3338 2024 3379 conve—
2055 3320 2093 3330 '
2124 3325 2289 3387 edito,
2334 3323 2652 3377 haberentur
2679 3330 2895 3391 eserpta
2923 3322 3168 3391 qua’dam
3192 3335 3256 3373 ea:
3287 3320 3437 3374 Actis
3459 3322 3705 3391 disputa-

452 3417 611 3470 niunt
640 3414 863 3481 Maneti,
900 3415 1225 3487 qui,Cyrillo
1265 3424 1400 3473 teste
1429 3418 1636 3472 catech.
1664 3431 1741 3480 vr,
1776 3413 1805 3486 §
1836 3413 2026 3480 2l,ne-
2128 3416 2284 3470 tionis
2335 3413 2582 3468 Archelai
2627 3430 2661 3467 a
2705 3430 2822 3483 cap.
2850 3413 2913 3468 51
2954 3428 3118 3484 usque
3153 3411 3222 3465 ad
3259 3428 3377 3482 cap.
3405 3412 3495 3479 55,
3530 3426 3706 3482 opere

451 3524 561 3576 que
578 3506 1212 3573 Christianus-unquam,
1236 3523 1410 3577 neque
1431 3509 1501 3567 ab
1525 3507 1762 3563 Ecclesia
1789 3506 2027 3576 reiectus
2125 3509 2352 3578 pretium
2384 3507 2561 3562 censui
2589 3508 2765 3561 varias
2798 3520 2863 3559 ea:
2896 3505 3075 3559 eodem
3117 3505 3417 3575 apographo
3456 3505 3705 3559 lectiones

454 3598 652 3664 fuerat,
688 3598 892 3653 nedum
925 3599 1350 3654 catechumenus
1379 3608 1475 3653 aut
1501 3599 2025 3654 catechumcnerum
2127 3600 2298 3659 edere.
2332 3616 2451 3653 cum
2476 3600 2709 3668 ipsorum
2744 3613 2837 3668 ope
2864 3597 3108 3666 quaedam
3134 3596 3382 3650 Archelai
3410 3595 3528 3650 loca
3554 3597 3704 3651 resti-

454 3688 684 3758 gradum
734 3702 1141 3757 supergressus,
1189 3697 1356 3758 atque
1386 3689 1458 3743 ita
1484 3687 1741 3744 Ecclesia:
1770 3690 1914 3744 filius
1948 3688 2029 3744 fa-
2131 3701 2367 3746 tuantur.
2401 3688 2526 3745 Haec
2551 3689 2659 3744 ille.
2685 3687 2966 3759 Ejusmodi
2993 3696 3174 3742 autem
3208 3688 3389 3744 varias
3411 3689 3695 3756 lectiones,

454 3788 580 3835 ctus
608 3786 773 3845 esset,
802 3778 1148 3846 Procatech.,
1183 3779 1211 3852 §
1243 3781 1330 3835 15.
1359 3778 1495 3834 Nam
1523 3780 1945 3838 catechumenos
1970 3797 2030 3837 re
2131 3784 2277 3839 haud
2308 3798 2440 3839 sane
2469 3773 2919 3847 contemnendas,
2944 3781 3091 3837 aliud
3119 3797 3287 3853 agens
3318 3782 3576 3851 praeteriit
3596 3781 3703 3838 Fa-

456 3887 585 3930 vera
611 3873 680 3928 ab
704 3870 946 3927 Ecclesia
976 3872 1127 3942 rejici
1161 3873 1357 3943 probat
1385 3872 1627 3941 Lucifer,
1657 3875 1752 3945 qui
1798 3877 1852 3929 in
1887 3876 2028 3931 libro
2131 3878 2362 3939 bricius,
2393 3877 2478 3931 vir
2505 3884 2700 3932 caetera
2727 3875 2981 3945 diligens,
3026 3875 3081 3928 in
3116 3889 3220 3930 suo
3260 3873 3543 3945 Spicilegio
3586 3892 3713 3930 san-

448 3967 535 4022 .De
565 3982 670 4021 non
690 3966 1061 4032 convcniendo,
1087 3976 1216 4034 etc.,
1238 3966 1621 4023 Constantium
1647 3967 2026 4038 imperatorem
2128 3979 2336 4025 ctorum
2370 3967 2598 4023 Patrum
2640 3967 2823 4023 seculi
2861 3982 2944 4033 nt,
2984 3965 3221 4036 Operam
3259 3965 3705 4038 liippolyteorum

450 4070 614 4118 avocat
653 4062 915 4117 hominem
943 4064 1180 4117 excisum
1214 4081 1242 4119 c
1279 4080 1495 4135 corpore
1521 4077 1720 4130 sanctae
1756 4065 2027 4123 Ecclesiw.

522 4171 552 4206 ι
578 4153 670 4207 Ait
693 4152 771 4214 2°,
799 4168 920 4223 quae
941 4169 1089 4209 nunc
1115 4156 1375 4226 mysteria
1403 4157 1522 4212 sine
1547 4157 1844 4214 involucris
1870 4175 2032 4230 expo—

446 4243 557 4310 nit,
586 4243 741 4298 nefas
767 4259 893 4300 esse
916 4258 1103 4299 coram
1144 4245 1439 4315 gentilibus
1481 4249 1754 4319 proloqui.
1783 4250 1947 4320 Atqui
1977 4251 2032 4305 in

448 4334 763 4405 gentilium
792 4334 1067 4389 auditorio
1120 4334 1445 4404 loquebatur
1496 4337 1820 4401 Archelaus,
1873 4346 1935 4391 ut
1964 4353 2033 4393 ex

363 4473 369 4479 .
449 4426 537 4495 ᾗὶ
570 4425 859 4496 fragmenti
905 4424 1188 4497 Cyrilliani
1232 4427 1526 4498 colligitur.
1569 4429 1650 4482 Illi
1682 4429 1847 4500 igitur
1880 4430 2033 4484 aliin-

456 4518 1017 4587 getureontradicens
1037 4519 1234 4583 oratio,
1259 4533 1366 4588 qua
1393 4529 1547 4591 neget
1576 4535 1635 4576 se
1655 4508 1839 4576 coram
1862 4522 2036 4576 ethni-

2133 4062 2342 4117 adnexo
2376 4080 2389 4116 :
2418 4070 2475 4115 at
2498 4061 2620 4116 illas
2640 4062 2774 4117 scite
2798 4059 3030 4114 intexuit
3058 4059 3281 4129 reliquis
3307 4059 3529 4114 editoris
3563 4059 3711 4114 notis

2133 4152 2483 4208 doctissimus
2519 4160 2711 4205 auctor
2741 4149 3104 4219 Supplementi
3132 4149 3202 4203 ad
3227 4149 3453 4203 concilia
3497 4147 3716 4206 Veneto-

2134 4243 2417 4298 Labbeana
2446 4242 2545 4313 (d).
2583 4240 2851 4297 Prmterea
2901 4240 3264 4311 fragmentum
3313 4240 3712 4310 Disputationis

2134 4337 2385 4393 Archelai
2413 4350 2480 4391 ex
2510 4335 2695 4407 Cyrilli
2725 4333 3200 4405 Hierosolymitani
3234 4334 3505 4390 catechesi
3530 4348 3585 4388 vr
3613 4333 3713 4389 de-

2137 4437 2415 4497 sumptum
2458 4436 2621 4496 atque
2650 4426 2839 4482 iisdem
2878 4425 3030 4482 Actis
3074 4426 3178 4483 sub
3210 4426 3371 4480 finem
3411 4425 3712 4496 adjectum,

2139 4521 2470 4576 contulimus
2500 4535 2625 4575 cum
2672 4520 2972 4577 novissima
2999 4519 3236 4574 editione
3264 4517 3563 4574 Parisiensi
3599 4516 3709 4574 BB.

455 4608 732 4684 cisloqui,
756 4624 897 4680 quos
929 4620 1110 4664 tamen
1137 4610 1547 4681 disceptationis
1564 4611 1776 4682 judices
1803 4613 2031 4679 habeat;
2063 4605 2111 4662 D
2138 4610 2456 4684 Cyrilliana,
2484 4612 2905 4684 versionemque
2934 4611 3332 4677 recensuimus,
3362 4618 3416 4667 et
3444 4612 3515 4667 cl.
3545 4612 3718 4668 edito-

463 4699 801 4770 aliirmetque
850 4715 906 4756 se
948 4717 1012 4755 ea
1065 4703 1323 4773 mysteria
1374 4704 1668 4773 explicare,
1723 4704 1791 4760 de
1836 4704 2038 4774 quibus

461 4792 694 4862 quaestio
732 4792 882 4848 nulla
926 4803 1065 4849 erat.
1098 4793 1233 4849 Cum
1282 4794 1467 4865 itaque
1503 4795 1690 4863 verba,
1742 4794 1917 4851 ταῦτα
1967 4796 2036 4849 τὰ

466 4885 761 4956 μυστήρια,
789 4885 1091 4941 certissime
1124 4890 1235 4942 sint
1266 4886 1474 4960 Cyrilli,
1509 4904 1683 4958 eaque
1716 4904 1840 4943 cum
1871 4903 2036 4958 supe-

463 4977 704 5033 rioribus
746 4979 1055 5034 necessaria
1105 4981 1445 5035 connexione
1486 4981 1900 5043 devineiantur;
1944 4995 2040 5035 ne-

461 5068 707 5124 cessario
733 5069 1077 5138 parenthesis
1108 5069 1324 5124 initium
1357 5073 1411 5125 in
1448 5071 1553 5127 hoc
1586 5071 1708 5127 loco
1743 5071 2034 5126 collocavi-

533 5247 612 5319 (α)
640 5230 909 5319 Τιῖεινεεει,
952 5247 1098 5305 Stor.
1124 5250 1245 5304 crit.
1270 5250 1405 5305 delle
1427 5251 1530 5305 vite
1558 5249 1697 5319 degli
1717 5267 1873 5316 eres.,
1900 5261 1937 5304 t.
1967 5250 2030 5312 V,

462 5316 602 5387 pagi
622 5316 728 5387 215
760 5327 815 5372 et
850 5334 1002 5386 seqq.
1533 5354 1538 5359 -

464 5470 499 5498 η
501 5386 898 5530 9(‘1.2)(‘.':‘outtée,
932 5387 1067 5457 Opp.
1115 5387 1173 5443 S.
1213 5387 1398 5460 Cyrilli
1442 5387 1678 5456 Hieros.,
1730 5404 1854 5462 pag.
1910 5389 2033 5454 tos,

2140 4705 2219 4769 ris
2248 4715 2407 4760 notas
2435 4704 2791 4776 subjecimus.
2841 4704 3141 4761 Nonnullas
3190 4706 3425 4775 denique
3452 4705 3720 4760 observa-

2139 4796 2338 4862 tiones,
2365 4799 2432 4851 ad
2463 4797 2721 4852 Actorum
2746 4805 2951 4853 textum
2980 4797 3325 4866 potissimum
3353 4797 3714 4867 pertinentes,

2139 4897 2303 4958 prout
2332 4903 2393 4943 se
2435 4889 2559 4943 tulit
2601 4888 2841 4955 occasio,
2875 4888 3220 4952 addidimus;
3261 4903 3326 4944 ea
3368 4887 3589 4958 quidem
3622 4903 3718 4941 ra-

2141 4977 2289 5031 tione
2320 4993 2486 5046 quam
2530 4978 2585 5031 in
2618 4978 2742 5033 aliis
2784 4988 3028 5032 veterum
3077 4975 3301 5031 Patrum
3342 4976 3717 5030 monumentis

2143 5069 2406 5141 hactenus
2438 5068 2704 5139 evulgatis
2740 5069 2944 5140 passim
2970 5068 3233 5123 adhibere
3263 5067 3675 5124 consuevimus.

2212 5244 2283 5389 εἳ
2318 5244 2575 5326 Zacagn.,
2603 5244 2822 5301 Collect.
2850 5259 3096 5324 manuni.-
3114 5252 3239 5310 cet.,
3275 5251 3408 5297 tom.
3438 5240 3481 5307 l,
3505 5257 3559 5310 p.
3587 5241 3712 5327 ποατ

2272 5319 2291 5385 )
2322 5315 2517 5383 Mansn,
2543 5314 2811 5388 Supplem.
2849 5313 2918 5368 ad
2950 5313 3164 5379 conctl.,
3201 5324 3334 5370 tom.
3363 5314 3407 5381 Ι,
3426 5327 3583 5384 pagg.
3612 5314 3712 5368 Ha

2272 5319 2291 5385 )
2322 5313 2517 5383 Mansi,
2543 5314 2811 5388 Supplem.
2849 5313 2918 5368 ad
2950 5313 3164 5379 concil.,
3201 5324 3334 5370 tom.
3363 5314 3407 5381 Ι,
3426 5327 3583 5384 pagg.
3612 5314 3716 5368 HJ

2144 5403 2299 5477 δείλης
