4058 6374
362 483 494 541 Nil

1558 490 1888 582 VETERUM
1929 492 2372 551 TES'l‘lMONlA.

3480 503 3620 560 ιιεα

364 707 2936 737 ——-———-—~—————_————__——__——_

1272 873 1853 964 VETERUM
1930 875 2678 970 'I‘ESTIMONIA

714 1058 803 1114 DE
836 1059 895 1116 S.
934 1059 1286 1117 ARCHELAI
1322 1062 1633 1119 EPISCOPI
1666 1063 2177 1120 DISPUTAT‘IONE
2213 1066 2360 1122 CUM
2398 1067 2683 1125 MANETE
2722 1069 3260 1129 HERESIARCHA.

783 1502 798 1516 .
827 1460 1061 1532 Cyrillus
1097 1461 1637 1533 Hierosolymitanus,
1671 1425 1940 1522 Caleches.
1965 1484 2041 1535 vt,
2073 1467 2101 1540 ᾗ
2131 1467 2225 1535 27,
2256 1484 2377 1539 pag.
2413 1468 2534 1537 104,
2556 1471 2684 1527 edit.
2730 1472 2845 1530 BB.
2888 1473 3069 1531 Paris.
3097 1476 3255 1533 i720.

426 1575 619 1645 Φεύγει
654 1577 720 1630 ἐκ
763 1577 861 1649 τῆς
893 1577 1137 1651 φυλακῆς
1172 1579 1403 1651 (Μάνης)
1448 1581 1542 1634 καὶ
1582 1580 1800 1653 ἔρχεται
1845 1584 1923 1648 είς

2097 1583 2261 1656 Fugit
2294 1600 2324 1640 e
2352 1600 2572 1641 carcere
2603 1586 2834 1659 (Manes)
2863 1598 2918 1645 et
2948 1590 3000 1644 in
3027 1591 3469 1662 Mesopotamiam
3513 1613 3612 1655 ve-

353 1666 453 1739 τὴν
486 1668 939 1739 Μεσοποταμίαν
966 1667 1079 1721 ἀλλ’
1110 1668 1322 1739 ἀπαντᾷ
1359 1668 1507 1740 αύτῷ
1538 1670 1698 1723 ὅπλον
1724 1672 1934 1725 δικαιο-

356 1758 522 1831 σύνης
538 1759 613 1829 (1)
632 1760 914 1832 Ἀρχέλαος
932 1761 1248 1825 ἐπίσκοπος,
1270 1762 1362 1815 καὶ
1384 1762 1475 1815 ἐπὶ
1496 1761 1797 1832 φιλοσόφων
1824 1781 1942 1836 κρι-

352 1850 465 1905 τῶν
499 1852 740 1921 ἐλέγξας,
775 1854 1137 1925 ἀκροατήριον
1172 1853 1481 1925 Ἑλληνικὸν
1506 1855 1935 1926 συστησάμενος,

356 1943 441 1996 ἵνα
477 1942 551 2014 μὴ
586 1934 923 2016 Χριστιανῶν
962 1944 1252 2018 κρινόντων
1284 1944 1513 2009 δοκῶσιν
1540 1949 1587 2000 οξ
1616 1948 1803 2019 κριταὶ
1825 1963 1929 2023 χα-

357 2033 601 2107 ρίζεσθαι
620 2052 634 2066 ’
662 2036 823 2106 Λέγε,
859 2040 1022 2109 φησιν
1067 2037 1378 2109 Ἀρχέλαος,
1415 2055 1468 2091 κ.
1499 2055 1549 2091 τ.
1579 2037 1629 2091 λ.

2038 1676 2118 1731 nit
2148 1692 2163 1729 :
2197 1690 2388 1730 verum
2411 1677 2623 1733 obstitit
2668 1679 2718 1734 ei
2763 1690 2978 1736 scutum
3010 1683 3239 1752 justitias
3260 1726 3277 1753 ,
3309 1684 3614 1746 Archelaus

2036 1767 2346 1837 episcopus,
2383 1783 2618 1839 eumque
2647 1785 2831 1825 coram
2864 1773 3207 1845 philosophis
3226 1776 3503 1838 iudicibus
3531 1795 3615 1836 re-

2038 1858 2407 1928 prehendens,
2431 1860 2660 1916 collecto
2682 1864 2961 1931 gentilium
2988 1865 3283 1933 auditorio,
3304 1884 3371 1925 ne
3389 1871 3435 1925 si
3460 1869 3616 1925 Chri-

2039 1950 2202 2004 stiani
2234 1951 2447 2021 judices
2475 1961 2689 2016 essent,
2724 1954 3041 2012 viderentur
3081 1956 3316 2027 favisse,
3349 1962 3461 2031 Age
3491 1977 3617 2032 pro-

2039 2039 2141 2107 fer,
2177 2042 2252 2096 ait
2273 2042 2594 2111 Archelaus,
2633 2053 2763 2111 etc.,

883 2160 941 2205 ut
986 2151 1132 2220 infra
1162 2150 1231 2204 ad
1276 2150 1471 2204 calcem
1496 2150 1910 2220 disputationis;
1939 2151 2127 2221 quibus
2152 2153 2435 2217 absolutis.
2455 2155 2641 2209 statim
2669 2156 2847 2210 subdit
2878 2156 2908 2229 §
2937 2156 3006 2211 '50
3040 2177 3053 2212 :

422 2265 694 2329 Τοιούτοις
726 2267 1035 2332 καὶ-ἄλλοις
1078 2267 1319 2322 πλείοσιν
1352 2269 1680 2340 άνετρὲπετο
1718 2270 1747 2322 6
1795 2269 1927 2341 δρά-

338 2373 497 2413 xwv'
551 2357 827 2422 τοιαύταις
880 2359 1219 2430 συμπλοκαῖς
1278 2359 1648 2414 κατεπάλαισε
1704 2359 1781 2431 (2)
1835 2360 1928 2413 τὸν

351 2448 545 2520 Μάνην
567 2449 596 2501 6
635 2450 942 2521 Ἀρχέλαος.
967 2451 1161 2520 Φεύγει
1189 2450 1347 2505 πάλιν
1381 2453 1476 2505 καὶ
1516 2450 1764 2504 ἐντεῦθεν
1801 2451 1830 2503 6
1861 2451 1928 2503 ὲκ

348 2541 450 2611 τῆς
482 2541 727 2612 φυλακῆς
758 2542 944 2612 φυγών
963 2561 976 2574 ·
1010 2544 1104 2597 καὶ
1142 2545 1233 2597 τὸν
1271 2544 1672 2615 ἀνταγωνιστὴν
1704 2541 1926 2616 διαδρά-

350 2648 470 2696 σας.
489 2632 705 2725 ἔρχεται
733 2634 825 2687 ὲπὶ
850 2634 1044 2706 κώμην
1075 2636 1487 2708 εὐτελεστάτην,
1510 2636 1649 2690 κατὰ
1673 2635 1764 2690 τὸν
1782 2636 1926 2705 ὅφιν,

320 2725 439 2783 ’.τὸν
485 2722 895 2797 ἐν⁴¹παραδείσῳ
934 2727 1303 2781 καταλιπόντα
1345 2727 1434 2781 τὸν
1492 2726 1680 2797 Ἀδάμ,
1723 2727 1817 2780 καὶ
1860 2728 1926 2798 τῇ

348 2816 465 2893 Εὕα
498 2818 883 2890 προσελθόντα.
934 2819 1072 2873 Ἀλλ’
1111 2822 1139 2874 6
1177 2820 1339 2884 καλὸς
1370 2819 1575 2892 ποιμὴν
1614 2808 1925 2891 Ἂρχέλαος,

2106 2268 2202 2326 His
2226 2271 2457 2342 aliisque
2479 2272 2727 2342 pluribus
2752 2277 3096 2332 sermonibus
3116 2278 3464 2337 evertebatur
3490 2280 3612 2338 dra.

2034 2376 2123 2427 co,
2158 2362 2360 2418 talibus
2387 2364 2689 2421 Archelaus
2714 2364 3210 2424 conﬂictationibus
3235 2367 3447 2431 Manem
3477 2388 3608 2442 pro-

2035 2453 2248 2508 stravit.
2314 2452 2513 2509 lterum
2545 2464 2600 2510 et
2628 2455 2754 2511 inde
2778 2455 2948 2528 fugit,
2975 2459 3067 2529 qui
3098 2459 3166 2514 de
3197 2475 3417 2517 carcere
3445 2462 3607 2518 aufu-

2033 2553 2222 2613 gerat;
2258 2553 2312 2600 et
2336 2546 2558 2617 elapsus
2603 2548 2954 2612 adversario,
2992 2551 3143 2605 venit
3184 2551 3252 2606 ad
3278 2553 3609 2609 vilissimum

2035 2632 2323 2706 quemdam
2355 2655 2553 2709 pagum
2575 2681 2592 2708 ,
2644 2642 2711 2696 ad
2754 2642 2929 2697 instar
2959 2644 3249 2713 serpentis,
3274 2646 3393 2715 qui,
3417 2647 3610 2702 relicto

2034 2727 2208 2782 Adam
2251 2728 2308 2783 in
2352 2731 2646 2799 paradiso,
2682 2732 2751 2787 ad
2792 2732 2960 2788 Evam
2992 2735 3244 2790 accessit.
3303 2734 3407 2791 Sed
3430 2737 3610 2794 bonus

2035 2826 2225 2888 pastor
2252 2819 2556 2877 Archelaus
2580 2862 2596 2889 ,
2648 2823 2833 2878 ovium
2860 2824 3020 2880 saluti
3053 2827 3345 2894 providens
3367 2867 3383 2893 ,
3424 2828 3609 2883 audita

349 2908 458 2963 τῶν
490 2911 774 2983 προϐάτων
806 2897 1346 2983 προνοῶν,’ἀκούσας
1371 2912 1468 2984 τὴν
1496 2912 1695 2984 φυγὴν,
1723 2909 1923 2973 εὐθέως

2040 2907 2189 2981 fuga,
2219 2926 2389 2967 cursu
2417 2914 2603 2981 citato,
2634 2913 2703 2969 ad
2727 2914 2916 2986 lupum
2944 2918 3331 2986 requirendum
3363 2917 3607 2979 festinat.

347 3000 602 3073 δρομαῖος
634 3004 725 3060 ἐπὶ
755 3004 856 3073 τὴν
887 3004 980 3057 τοῦ
1014 3004 1178 3058 λύκου
1206 2996 1472 3085 ,ἐπείγετο
1515 3004 1762 3076 ζήτησιν.
1807 3001 1928 3056 Μά-

347 3110 446 3164 νης
476 3093 553 3159 δὲ,
584 3094 706 3149 ίδὼν
745 3094 1005 3167 ἐξαίφνης
1035 3097 1125 3150 τὸν
1156 3097 1444 3163 ἀντίδικον,
1482 3096 1805 3168 ἐξεπήδησε,
1829 3093 1926 3147 καὶ

350 3184 573 3255 ἔφυγεν.

2033 3000 2221 3059 Manes
2251 3014 2436 3061 autem
2483 3007 2667 3062 statim
2712 3018 2876 3077 atque
2903 3009 3278 3067 adversarium
3301 3013 3608 3084 conspexit,

2034 3093 2245 3150 exsiliit
2274 3095 2424 3185 inde,
2456 3107 2620 3170 atque
2647 3097 2878 3171 aufugit.

1517 3398 1579 3455 S.
1619 3398 1971 3472 Epiphanius,
2007 3394 2155 3452 Hier.
2183 3414 2330 3466 uvr,
2363 3398 2390 3472 ᾗ
2422 3400 2475 3455 7.

296 3567 303 3571 .
415 3493 740 3567 Συμϐἐόηκε
777 3495 886 3567 γάρ
926 3495 1211 3568 Ἀρχέλαον
1234 3496 1325 3550 τὸν
1354 3496 1453 3567 τῆς
1480 3496 1684 3561 πόλεως
1705 3495 1928 3549 ἐπίσκο-

345 3602 447 3639 πον
479 3587 659 3640 οἴκαδε
693 3586 809 3658 ἅμα
834 3586 981 3659 αὐτῷ
1015 3590 1250 3642 συνεῖναι
1281 3589 1403 3642 κατ’
1430 3588 1644 3659 ἐκείνην
1668 3587 1765 3660 τὴν
1793 3588 1928 3660 ὴμέ-

349 3693 483 3750 ραν,¹
515 3680 573 3731 ἐν
680 3678 779 3751 τὴν
820 3679 1107 3752 ἐπιστολὴν
1151 3679 1242 3734 τοῦ
1288 3680 1588 3750 Μανιχαίου
1635 3680 1773 3752 μετὰ
1815 3684 1928 3751 χεῖ·-

347 3791 448 3847 ρας
493 3775 713 3846 εἴληφεν
754 3776 783 3827 ὁ
824 3774 917 3829 τοῦ
961 3773 1096 3829 Θεοῦ
1142 3775 1347 3842 δοῦλος.
1397 3777 1457 3831 '0
1502 3776 1559 3828 δὲ
1610 3774 1919 3847 ’Δρχέλαος,

343 3866 505 3936 γνοῖις
552 3866 654 3938 τὴν
701 3867 919 3935 Δαίτίαν,
976 3867 1074 3920 καὶ
1120 3868 1220 3940 τὴν
1285 3867 1573 3938 ἐπιστολὴν
1605 3867 1919 3937 ’ἀναγνοὺς,

343 3957 542 4028 ἔϐρυχε
582 3959 731 4022 τοὺς
755 3958 989 4022 ὀδόντας,
1037 3957 1225 4031 ὥσπερ
1266 3958 1403 4013 λέων
1445 3959 1778 4031 ὠρυόμενος,
1825 3958 1924 4012 καὶ

344 4050 505 4122 ζῆλον
536 4050 670 4105 Θεοῦ
697 4049 978 4105 ἀναλαϐὼν
1014 4052 1271 4122 ἐπειρᾶτο
1302 4050 1544 4123 ὁρμῆσαι
1579 4051 1779 4122 μᾶλλον
1817 4052 1922 4115 ἕως

343 4141 531 4208 αὐτοῦ,
560 4144 655 4199 καὶ
679 4142 1043 4216 χειρώσασθαι
1063 4143 1154 4195 τὸν
1182 4141 1420 4196 τοιοῦτον
1459 4144 1536 4207 ὼς
1568 4142 1823 4197 ἐπίλυτον
1857 4146 1925 4197 ἐκ

344 4232 659 4307 βαρϐάρων,
702 4234 826 4288 ὅθεν
869 4234 964 4289 καὶ
1006 4234 1250 4306 ὡρμᾶτο,
1295 4233 1435 4306 πρὸς
1466 4235 1770 4306 ἀφανισμὸν
1815 4236 1927 4291 τῶν

246 4340 251 4345 ’
306 4330 309 4333 ’
343 4325 477 4380 υίῶν
505 4324 617 4379 τῶν
647 4322 950 4395 ἀνθρώπων
979 4324 1383 4379 ἐπαναστάντα.

2105 3493 2326 3550 Actum
2362 3495 2500 3553 forte
2529 3497 2788 3569 contigit,
2830 3506 2889 3554 ut
2914 3499 3103 3555 eodem
3137 3500 3223 3556 die
3250 3517 3359 3573 quo
3394 3501 3543 3558 illam
3574 3518 3608 3559 ιι

2031 3585 2335 3645 Manichaee
2360 3590 2642 3660 epistolam
2671 3590 2769 3647 Dei
2796 3606 2988 3649 servus
3019 3593 3262 3664 accepit,
3307 3594 3609 3653 Archelaus

2031 3679 2186 3736 urbis
2233 3681 2525 3752 episcopus
2572 3698 2683 3738 una
2722 3698 2848 3740 cum
2899 3685 2992 3739 illo
3016 3685 3165 3741 domi
3190 3696 3354 3743 esset.
3414 3685 3520 3754 Qui
3549 3703 3609 3744 ro

2031 3773 2184 3826 omni
2215 3783 2497 3843 perspecta
2527 3774 2784 3831 dentibus
2813 3774 3086 3844 fremens,
3134 3764 3404 3849 rugientis‘
3432 3779 3607 3834 leonis

2028 3860 2228 3929 instar,
2260 3877 2323 3917 ac
2347 3863 2534 3918 divino
2564 3864 2804 3936 quodam
2827 3866 3022 3922 ardore
3044 3868 3307 3937 percitus,
3345 3870 3413 3925 ad
3433 3867 3608 3925 Mani-

2029 3953 2240 4008 chazum
2284 3954 2469 4024 potius
2509 3954 2784 4025 proﬁcisci
2826 3956 3107 4026 cupiebat,
3158 3958 3547 4028 hominemque
3573 3973 3606 4013 ο

2029 4045 2298 4109 barbaris,
2325 4046 2471 4101 unde
2494 4047 2541 4102 is
2570 4054 2726 4102 ortus
2752 4056 2889 4112 erat,
2919 4048 3315 4117 advenientem,
3336 4059 3390 4105 et
3409 4050 3479 4106 ad
3501 4051 3607 4106 hu-

2032 4141 2182 4195 mani
2214 4142 2430 4211 generis
2458 4140 2755 4211 perniciem
2782 4140 3156 4212 insurgentem
3188 4157 3402 4214 capere.

2000 4417 2094 4470 id..
2123 4413 2152 4470 5
2176 4412 2229 4469 8.

1765 4416 1862 4473 Ide
1915 4460 1923 4484 ,

421 4505 484 4567 ⁸0
514 4510 571 4565 δὲ
609 4510 905 4573 ἐπίσκοπος
943 4508 1251 4580 ’Δρχὲλαος,
1290 4507 1429 4579 ἔχων
1466 4507 1526 4561 ὲν
1553 4506 1729 4579 ἑαυτῷ
1778 4435 1917 4579 ρ.ωέ

2030 4413 2160 4561 ίἿΔΞ
2176 4413 2493 4561 εΞίινιιιιιῄειιιιν,
2516 4503 2829 4575 episcopus,
2853 4514 3051 4575 praeter
3080 4505 3385 4562 doctrinam
3406 4548 3422 4575 ,
3471 4506 3598 4565 ﬁdei

338 4597 433 4654 τὸν
470 4598 625 4668 λόγον
655 4601 750 4655 καὶ
774 4600 834 4653 τὸ
852 4599 1148 4672 ζηλωτικὸν
1168 4599 1268 4671 τῆς
1301 4598 1555 4664 πίστεως,
1580 4597 1915 4665 ἐϐουλεύετο,

266 4686 270 4691 ’
344 4693 396 4746 εί
435 4687 504 4765 ἧν
533 4691 774 4759 δυνατὸν,
825 4691 884 4757 ἐξ
923 4692 1091 4763 αὐτῆς
1125 4692 1216 4745 τὸν
1258 4689 1446 4762 ἄνδρα,
1484 4689 1672 4762 ὥσπερ
1712 4690 1920 4763 πάρδα-

342 4782 448 4849 λιν,
488 4784 521 4856 ῆ
568 4783 749 4847 λύκον,
798 4784 832 4856 ἦ
880 4801 932 4836 τι
984 4782 1170 4855 ἕτερον
1210 4780 1320 4835 τῶν
1366 4780 1569 4853 θηρίων
1618 4782 1915 4852 ἀγρεύσας,

341 4875 557 4947 θανάτῳ
591 4876 942 4948 παραδοῦναι,
979 4876 1067 4929 ἵνα
1103 4873 1178 4945 μὴ
1215 4873 1461 4946 λυμανθῇ
1494 4873 1563 4927 τὰ
1604 4873 1913 4947 Θρέμματα,

227 5034 237 5043 ρ
337 4968 584 5023 τοιούτου
607 4967 773 5042 θηρὸς
794 4970 878 5038 ἐφ’
903 4966 1025 5023 ὁδοῦ
1047 4966 1147 5037 τὴν
1178 4965 1381 5020 εἴσοδον
1404 4964 1704 5021 κατανοῶν.

2024 4599 2246 4668 insuper
2268 4596 2465 4651 ardore
2493 4595 2777 4667 pmditus,
2800 4605 2991 4652 auctor
3013 4606 3132 4653 erat
3176 4598 3309 4662 ut,si
3334 4599 3446 4653 ﬁeri
3470 4603 3600 4670 pos-

2024 4702 2128 4757 set,
2176 4690 2342 4744 homo
2366 4687 2458 4743 ille
2490 4687 2645 4758 pardi
2678 4687 2854 4744 instar
2896 4704 2961 4745 ac
2990 4690 3102 4760 lupi
3135 4690 3220 4746 vel
3245 4691 3490 4762 cujusvis
3518 4694 3592 4748 δι.

2025 4781 2195 4836 terius
2224 4779 2413 4835 bestia:
2433 4779 2787 4848 interceptus,
2810 4780 2972 4834 morti
3007 4781 3330 4849 traderetur,
3357 4798 3426 4838 ne
3451 4783 3597 4852 ejus-

2024 4871 2174 4927 modi
2204 4869 2332 4925 feraa
2360 4869 2677 4925 incursione
2704 4883 2902 4938 pecora
2925 4871 3273 4940 laederentur,
3295 4889 3420 4929 cum
3449 4872 3595 4927 illius

2023 4964 2333 5036 ingressum
2359 4970 2731 5033 cognosceret.

1736 5098 2124 5172 Idem,ibid.,§
2163 5098 2251 5154 to.

419 5191 512 5258 Ὠς
531 5193 588 5248 δὲ
618 5194 789 5248 ταῦτα
829 5191 897 5265 ἦν
926 5195 1120 5262 οὕτως,
1149 5198 1243 5250 καὶ
1267 5197 1326 5250 ὲν
1356 5196 1656 5270 καταλήψει
1688 5198 1916 5269 γεγένη-

335 5301 427 5339 ται
465 5286 566 5339 ὑπδ
597 5284 691 5340 τοῦ
728 5286 1017 5357 Ἀρχελάου
1049 5289 1129 5351 εἰς
1165 5288 1265 5361 τὴν
1298 5287 1580 5358 άντιϐολὴν
1618 5287 1713 5341 τοῦ
1748 5286 1915 5360 ζητή-

2098 5193 2225 5249 Ηαιο
2249 5186 2415 5265 igiiur
2444 5209 2568 5249 cum
2595 5193 2667 5248 ita
2692 5208 2752 5249 se
2773 5192 3055 5258 haberent,
3093 5200 3146 5248 et
3171 5190 3469 5249 Archelaus
3492 5208 3592 5264 pe-

2021 5287 2171 5341 nitus
2198 5284 2384 5340 omnia
2422 5293 2739 5355 cognosset,
2779 5292 2840 5338 ut
2871 5284 2937 5338 de
2960 5284 3262 5353 quaestione
3290 5284 3380 5339 illa
3405 5284 3593 5354 dispu-

343 5394 531 5448 ματος,
559 5376 903 5449 ἑτοιμότατος
938 5378 1196 5448 ὑπάρχων
1238 5378 1327 5432 διὰ
1359 5378 1459 5450 τὴν
1494 5378 1627 5450 πρὸς
1656 5377 1789 5431 Θεὸν
1817 5395 1915 5431 πο-

2030 5385 2137 5432 Lare
2185 5386 2408 5447 posset;
2446 5390 2679 5445 cumque
2724 5373 2792 5429 ad
2835 5374 2889 5428 id
2930 5384 3075 5430 esset
3109 5374 3587 5441 instructissimus,

338 5466 645 5524 λυποικιλον
668 5468 867 5538 γνῶσιν
896 5468 988 5521 τού
1019 5469 1228 5541 ἀνδρδς,
1264 5470 1357 5523 καὶ
1384 5469 1451 5522 δι’
1478 5468 1545 5539 ῆν
1573 5468 1912 5539 προεντεθεί-

2018 5466 2217 5537 partim
2244 5465 2389 5537 quod
2417 5480 2447 5520 a
2472 5463 2758 5534 multiplici
2805 5462 3113 5519 divinarum
3144 5479 3329 5518 rerum
3359 5465 3590 5520 scientia

339 5575 487 5612 κειτο
524 5558 675 5631 παρὰ
714 5556 809 5612 τοῦ
839 5556 1124 5630 Τύρϐωνος
1163 5558 1405 5631 ἀκριϐῶς
1444 5557 1779 5630 μεμαθηκὼς
1809 5559 1909 5630 τῆς

2030 5557 2401 5628 paratissimus
2421 5563 2556 5620 erat,
2575 5554 2772 5625 partim
2794 5553 2940 5624 quod
2968 5569 3000 5610 a
3028 5552 3278 5626 Tyrbone
3296 5554 3591 5626 perdoctus

408 5716 485 5786 (1)
527 5716 759 5787 "Dan/tor
787 5715 903 5773 δικ.
960 5715 1017 5787 in
1048 5715 1208 5773 editis
1233 5717 1381 5787 ὅπλῳ
1411 5716 1517 5787 δικ.
1550 5733 1588 5787 AC
1622 5716 1789 5787 armis
1817 5717 1907 5787 ju-

338 5784 520 5842 s'titiae.
566 5805 586 5839 ι
628 5786 882 5848 Legimus
922 5786 1085 5841 ὅπλον
1130 5788 1186 5841 in
1239 5784 1373 5841 mss.
1418 5785 1586 5841 Coisl.
1622 5784 1770 5848 Roe,
1798 5784 1905 5842 Ca-

2013 5713 2227 5771 Τουττ.

2083 5785 2160 5857 (2)
2202 5781 2614 5857 quam”
2638 5799 2706 5857 ex
2723 5782 2916 5857 Coisl.,
2933 5781 3139 5857 Ottob.,
3159 5780 3306 5857 hoe,
3324 5779 3587 5852 Casaub.,

340 5857 495 5910 saub.
526 5855 688 5912 Petro
705 5851 813 5912 Sic.
839 5857 1003 5925 Grod.
1030 5859 1124 5925 qui
1146 5860 1306 5911 vertit
1339 5876 1358 5908 ι
1382 5856 1852 5924 scutumjustitiae.
1879 5877 1897 5908 ι

2030 5851 2176 5912 3rbd.
2214 5854 2358 5912 Edlti
2393 5863 2449 5910 et
2474 5853 2655 5910 caeteri
2684 5853 3035 5913 κατεπάλαιε.
3055 5851 3169 5909 -Ιο.⁶

339 5925 574 5983 Omnino
614 5942 681 5982 ex
724 5927 862 6000 stle
908 5924 1114 5995 Cyrilli.
1173 5925 1310 5984 Vide
1353 5926 1574 5982 Catech.
1620 5942 1690 5992 ιι,
1723 5943 1777 5980 ιι.
1813 5928 1900 5981 t5.
