4058 6404
495 488 636 545 “25

1331 491 1387 547 S.
1425 490 1844 548 ARCHELACS
1880 445 2394 550 HESOPQTAMIE
2433 495 2827 553 EPISCOPUS.

496 614 623 658 ante
659 602 873 670 fuerat,
919 615 973 659 et
1015 620 1204 659 omnes
1250 604 1440 658 nefarii
1497 605 1732 657 hominis
1768 605 2054 673 praestigias

2174 606 2301 678 περὶ
2350 607 2439 661 τὸν
2472 607 2639 679 ἄνδρα
2672 611 2925 681 γοητείας
2966 614 3034 665 τὰ
3081 613 3277 679 πάντα,
3324 614 3439 671 ίδοϋ
3485 616 3514 669 6
3553 618 3751 688 Μάνης
3786 686 3791 689 Δ

496 705 752 749 accurate
818 696 1128 763 didicerat;
1187 711 1313 751 ecce
1365 711 1488 751 cum
1539 711 1762 751 suorum
1809 698 2070 751 comitatu

494 783 685 841 Manes
734 786 982 841 accessit.
1040 785 1221 852 Quare
1267 784 1534 851 subinde,
1589 785 1735 838 nulla
1790 784 2069 853 interiecta

494 893 684 944 mora,
733 879 1006 947 publicam
1054 879 1400 933 collationem
1455 877 1746 931 instituunt
1784 876 1837 930 in
1871 875 2070 945 oppido

495 966 619 1035 ipso
646 967 918 1023 Caschara
943 1009 958 1032 ,
1010 979 1067 1023 ut
1095 981 1222 1022 ante
1253 969 1436 1023 omnia
1461 968 1888 1022 controversiam
1922 967 2066 1020 illam

491 1061 785 1128 agitarent.
840 1060 919 1114 Ad
949 1062 1001 1115 id
1032 1077 1163 1116 vero
1193 1060 1618 1117 concertationis
1668 1061 1901 1114 arbitros
1928 1057 2069 1113 deli-

490 1160 649 1219 gunt,
683 1149 979 1220 Marsipum
1016 1153 1305 1219 quemdam
1328 1194 1343 1219 ,
1373 1162 1427 1207 et
1459 1152 1769 1214 Claudium,
1803 1158 1853 1204 et
1882 1149 2069 1217 Αἰθίο-

488 1242 638 1298 leum
665 1281 679 1306 ,
731 1249 786 1295 et
811 1241 1133 1296 Cleobulum
1158 1285 1172 1310 ,
1217 1257 1449 1311 quorum
1478 1242 1690 1312 primus
1720 1242 1951 1295 ethnica:
1978 1257 2066 1294 sa-

486 1335 743 1405 pientiaa,
807 1335 1081 1389 secundus
1142 1336 1422 1390 medicinae
1492 1333 1810 1405 professor,
1874 1334 2066 1389 tertius

485 1427 898 1498 grammaticus,
932 1438 1241 1495 postremus
1269 1435 1383 1481 erat
1409 1426 1679 1495 sophista.
1724 1424 1889 1478 Multa
1922 1425 1975 1478 in
2000 1441 2063 1479 ea

485 1518 855 1588 disputatione
907 1519 1051 1573 ultro
1083 1521 1330 1587 citroque
1355 1519 1557 1588 jactata
1586 1525 1744 1582 sunt;
1782 1532 1903 1570 cum
1938 1517 2066 1571 hinc

485 1609 672 1666 Manes
701 1611 912 1667 fabulas
943 1629 1072 1667 suas
1096 1610 1578 1681 proponereginde
1599 1609 1918 1673 Archelaus,
1946 1609 2065 1664 vel-

484 1710 546 1755 ut
597 1703 848 1773 egregius
882 1703 1058 1768 miles,
1096 1701 1393 1756 adversarii
1433 1703 1540 1756 tela
1567 1701 1621 1755 vi
1648 1716 1745 1755 sua
1773 1717 1837 1756 ac
1864 1703 2064 1758 virtute

482 1775 802 1850 discuteret.
857 1794 1144 1849 Postremo
1172 1795 1349 1849 victus
1373 1802 1456 1849 est
1488 1793 1697 1861 Manes,
1727 1810 1791 1850 ac
1827 1794 1894 1849 de
1920 1794 2063 1864 judi-

483 1904 610 1943 cum
642 1888 910 1944 sententia
953 1887 1166 1940 veritati
1190 1887 1377 1941 cessit.

2174 699 2513 771 παρεγένετο
2557 701 2674 773 μεθ’
2715 698 2791 758 ὧν
2838 699 2949 774 εἶχε
2990 703 3108 775 μεθ’
3151 705 3345 760 ἑαυτοῦ
3390 707 3622 780 ἀνδρῶν.
3663 713 3754 777 Ἐξ

2172 791 2339 861 αὑτῆς
2366 789 2458 844 οὖν
2487 794 2581 848 καὶ
2614 793 2776 859 εὐθὺς
2816 798 3180 870 παρέρχονται
3217 801 3296 873 είς
3328 799 3624 871 συζήτησιν
3656 802 3753 874 δη-

2174 882 2335 953 μοσία
2361 885 2417 937 ἐν
2443 886 2579 956 αὑτῇ
2614 889 2680 957 τῇ
2721 887 3012 960 Κασχάρῃ,
3056 890 3317 962 πρότερον
3350 893 3429 955 είς
3451 890 3549 962 τὴν
3569 892 3753 949 αὑτῶν

2170 971 2450 1044 ἀντιϐολὴν
2491 974 2586 1027 τοῦ
2621 974 2933 1047 ζητήματος
2962 978 3319 1049 αἱρησάμενοι
3359 980 3497 1051 ὁμοῦ
3533 984 3751 1053 κριτὰς,
3850 988 3870 1009 ”

2169 1062 2459 1132 Μάρσιπόν
2507 1081 2626 1117 τινα
2668 1065 2911 1136 ὀνόματι,
2948 1067 3043 1120 καὶ
3070 1067 3383 1134 σΚλαύδιον,
3427 1072 3521 1124 καὶ
3558 1073 3754 1141 Αἰγια-

2167 1152 2284 1216 λέα,
2324 1155 2417 1207 καὶ
2461 1155 2813 1229 Κλεόϐουλον,
2848 1159 2940 1211 τὸν
2982 1158 3080 1229 μὲν
3113 1160 3220 1212 τῶν
3262 1162 3420 1225 ἐκτὸς
3451 1162 3627 1232 λόγων
3662 1183 3755 1234 cpt.-

2166 1242 2393 1314 λόσοφον
2414 1287 2428 1312 ,
2463 1246 2554 1299 τὸν
2591 1247 2647 1300 δὲ
2689 1249 3121 1321 ίατροσοφιστὴν,
3156 1251 3247 1305 τὸν
3277 1252 3332 1305 δὲ
3372 1254 3530 1322 φύσει
3564 1271 3753 1326 γραμ-

2169 1337 2418 1405 ματικὸν,
2458 1338 2551 1391 καὶ
2584 1339 2675 1393 τὸν
2715 1338 2873 1394 ἄλλον
2918 1342 3198 1413 σοφιστήν.
3248 1344 3357 1395 Καὶ
3397 1343 3606 1398 πολλῶν
3650 1349 3751 1417 ῥη-

2169 1428 2353 1499 μάτων
2386 1431 2692 1502 εἰρημένων
2730 1431 2788 1499 ea
2840 1433 3117 1506 ἑκατέρων
3162 1431 3271 1489 τῶν
3317 1435 3519 1507 μερῶν,
3557 1437 3652 1491 τοῦ
3688 1455 3750 1492 τε

2164 1521 2322 1593 Μάνη
2351 1522 2419 1576 τὰ
2457 1524 2556 1594 τῆς
2596 1522 2875 1594 μυθώδους
2905 1525 3252 1590 διδασκαλίας
3284 1527 3747 1599 προϐαλλομένου,

2163 1610 2255 1662 καὶ
2302 1608 2394 1664 τοῦ
2452 1611 2776 1683 Ἀρχελάου,
2824 1612 3012 1687 ὥσπερ
3054 1615 3430 1686 ἀριστεύοντος
3486 1618 3747 1683 ὁπλίτου,

2162 1703 2255 1756 καὶ
2287 1705 2353 1776 τῇ
2385 1702 2489 1776 ἰδίᾳ
2514 1704 2677 1758 αὑτοῦ
2712 1705 2936 1777 δυνάμει
2967 1692 3357 1778 καθαιροῦντος
3379 1710 3446 1763 τὰ
3473 1708 3598 1784 βέλη
3636 1712 3749 1767 τῶν
3816 1728 3819 1729 ⁷

2160 1796 2480 1863 διεναντίας,
2524 1799 2586 1853 τὸ
2625 1799 2799 1872 πέρας
2839 1800 2900 1854 τὸ
2943 1796 3106 1874 ἦττον
3154 1802 3597 1871 ἀπενεγκαμένου
3648 1802 3747 1858 τοῦ

2159 1891 2340 1962 Μάνη,
2370 1890 2466 1944 καὶ
2497 1893 2795 1964 κρινάντων
2826 1892 2936 1946 τῶν
2969 1892 3194 1964 κριτῶν,
3224 1893 3284 1946 τὸ
3319 1893 3570 1965 βραϐεῖον
3602 1892 3747 1951 εἶναι

2089 1977 2134 2030 Β
2162 1982 2227 2051 τῇ
2258 1979 2504 2053 ἀληθείᾳ.

1873 2065 2044 2136 Idem,
2074 2070 2229 2138 ibid.,
2278 2072 2304 2144 ς
2333 2072 2420 2126 tt.

553 2165 682 2220 Inde
726 2164 892 2235 igitur
938 2163 1224 2220 discedens
1251 2160 1437 2217 Manes
1480 2160 1828 2217 Diodoridem
1860 2160 2055 2234 (pagus

480 2259 527 2316 is
560 2268 644 2313 est
667 2259 720 2312 in
746 2256 1059 2326 Carcharis)
1088 2271 1209 2313 sese
1243 2255 1477 2310 contulit
1505 2272 1520 2309 :
1560 2254 1654 2309 ubi
1682 2254 1942 2326 Tryphon
1975 2255 2051 2324 (5)

478 2352 704 2423 quidam
737 2359 856 2403 erat
878 2348 961 2402 vir
987 2348 1248 2417 Optimus,
1280 2361 1346 2400 ac
1370 2354 1483 2400 tum
1513 2345 1619 2400 loci
1651 2346 1797 2401 illius
1825 2345 2051 2418 presby-

479 2454 578 2498 ter.
642 2442 721 2497 Ad
770 2442 915 2496 hunc
958 2440 1144 2495 Manes
1185 2439 1500 2504 divertens,
1552 2453 1773 2493 rursum
1823 2438 2054 2493 miscere

476 2537 661 2593 omnia
686 2577 701 2600 ,
746 2550 813 2590 ac
841 2550 901 2589 se
933 2543 1250 2603 arroganter
1279 2530 1473 2587 efferre
1496 2571 1511 2595 ,
1544 2540 1741 2586 nactus
1775 2531 2051 2586 hominem

476 2626 679 2697 alioqui
749 2626 994 2689 bonum,
1047 2632 1102 2677 et
1150 2623 1434 2678 excellenti
1484 2622 1685 2692 pietate
1741 2608 2050 2691 praeditum,

476 2719 569 2774 sed
612 2718 878 2773 orationis
927 2716 1181 2786 praesidio
1226 2714 1566 2769 destitutum.
1617 2711 1818 2768 Verum
1863 2729 1931 2767 ne
1972 2712 2053 2768 sic

474 2809 727 2881 quidem,
777 2809 854 2863 uti
880 2815 1228 2879 speraverat,
1265 2806 1490 2862 illudere
1513 2806 1720 2861 Christi
1764 2822 1921 2860 servo
1948 2821 2050 2876 po-

476 2903 602 2958 ῑιιὶιο

2245 2165 2525 2220 Ἐντεῦθεν
2570 2167 2599 2219 ὁ
2628 2166 2821 2236 Μάνης
2852 2165 3184 2239 ἀποδράσας,
3206 2175 3310 2222 etc.
3353 2156 3744 2241 Ἀναχωρήσας
3796 2222 3804 2231 ,

2160 2257 2217 2310 δὲ
2275 2257 2495 2329 ἔρχεται
2547 2257 2629 2320 είς
2691 2255 2887 2329 κώμην
2938 2257 3038 2329 τῆς
3079 2258 3388 2330 Καρχάρων
3447 2260 3742 2333 Διοδωρίδα

2158 2347 2517 2420 καλουμένην,
2569 2351 2628 2402 έν
2757 2349 2990 2420 Τρύφων
3029 2367 3113 2414 τις
3159 2352 3561 2415 ἐπιεικέστατος
3617 2354 3742 2408 κατ’

2157 2442 2334 2495 ἐκεῖνο
2380 2438 2571 2512 καιροῦ
2617 2440 2879 2512 ἐτύγχανε
2926 2441 3035 2496 τῶν
3086 2443 3275 2498 αὐτόθι
3331 2442 3738 2516 πρεσϐύτερος·

2158 2532 2290 2604 παρ’
2326 2524 2371 2600 ᾧ
2410 2534 2438 2585 6
2471 2533 2663 2603 Μάνης
2695 2533 3003 2602 γενόμενος,
3042 2535 3201 2587 πάλιν
3246 2535 3416 2588 ἐκύκα
3446 2537 3711 2606 καυχώμε

2155 2641 2264 2688 νος,
2292 2624 2611 2679 καταλαϐὼν
2638 2626 2727 2680 τὸν
2766 2626 2933 2697 ἄνδρα
2971 2627 3172 2696 ἀγαθὸν
3209 2628 3308 2698 μὲν
3338 2628 3407 2682 τὰ
3442 2628 3597 2690 ἄλλα,
3639 2634 3739 2683 καὶ
3850 2626 3871 2635 “’

2157 2712 2464 2784 θαυμαστὸν
2490 2716 2556 2785 τῇ
2592 2713 2890 2785 θεοσεϐείᾳ,
2920 2718 3168 2787 πενιχρὸν
3194 2716 3252 2770 δὲ
3278 2717 3355 2788 τῷ
3372 2716 3532 2787 λόγῳ.
3578 2719 3741 2774 Ἀλλά

2157 2804 2253 2858 κα)⁸
2293 2806 2351 2858 ὲν
2391 2804 2623 2870 τούτοις,
2662 2805 2739 2869 ὡς
2782 2806 3098 2877 ὑπείληφεν,
3132 2808 3232 2862 οὐκ
3277 2808 3494 2879 ἴσχυσεν
3537 2810 3741 2863 ἐπιτω-

2156 2896 2341 2963 θάζειν
2371 2897 2448 2974 τῷ
2478 2898 2575 2953 τοῦ
2607 2898 2843 2968 Χριστοῦ
2867 2899 3060 2971 δούλῳ.

1847 3014 1849 3018 ’
1918 3013 2093 3069 Paula
2131 3025 2296 3086 post:

549 3106 651 3164 Sed
697 3123 820 3164 cum
872 3106 1058 3161 Manes
1106 3106 1303 3161 iterum
1348 3119 1470 3159 cum
1510 3105 1801 3177 Tryphone
1826 3107 2047 3178 prcsby-
2078 3113 2121 3170 (ι

474 3208 592 3256 tero
623 3198 882 3271 congredi
917 3198 1096 3264 vellet,
1132 3198 1226 3267 qui
1259 3197 1360 3252 sibi
1393 3197 1446 3250 in
1474 3198 1746 3267 plerisque
1769 3199 2047 3252 contradi-

474 3301 649 3357 xerat,
699 3291 787 3345 ille
809 3306 922 3345 rem
950 3304 1166 3343 omnem
1213 3302 1309 3357 per
1339 3286 1545 3341 litteras
1565 3285 1843 3366 .Archelao
1874 3287 2045 3358 signi—

474 3387 622 3442 licet.

2239 3106 2518 3160 Ἐντεῦθεν
2572 3105 2731 3161 πάλιν
2782 3105 3134 3178 βουληθέντος
3194 3106 3543 3173 διαλέξασθαι
3599 3110 3740 3181 πρὸς

2152 3198 2419 3271 Τρύφωνα
2439 3199 2527 3254 τὸν
2561 3198 2942 3271 πρεσϐύτερον,
2962 3198 3055 3252 καί⁹
3085 3191 3248 3252 αὑτοῦ
3275 3201 3334 3253 ὲν
3367 3199 3579 3263 πολλοῖς
3611 3203 3740 3253 ἀντ-
3849 3242 3861 3254 .

2152 3289 2419 3353 ειπόντος,
2447 3289 2757 3360 γράψαντος
2779 3306 2836 3342 τε
2873 3289 2950 3360 τῷ
2991 3288 3276 3362 ’Δρχελάῳ,
3288 3298 3393 3347 etc.

1863 3467 1929 3521 Ει
1978 3478 2095 3538 post
2117 3487 2287 3541 pauca
2312 3487 2329 3527 :

541 3566 864 3630 Archelaus,
912 3565 995 3620 his
1022 3563 1259 3633 acceptis
1289 3563 1507 3628 litteris,
1536 3564 1674 3618 duos
1708 3562 1775 3617 ad
1815 3578 1941 3617 eum
1980 3562 2046 3615 li—

473 3661 604 3716 bros
638 3658 825 3720 mittit,
854 3673 993 3727 quos
1016 3657 1070 3710 in
1101 3650 1354 3725 promptu
1383 3654 1654 3726 facileque
1683 3655 2047 3725 comprehen-

472 3754 668 3813 deret.
722 3759 912 3806 contra
964 3748 1178 3804 Mancm
1232 3749 1596 3826 conscriptos.
1674 3747 1939 3803 Caeterum
1991 3759 2051 3802 ut

472 3848 765 3902 adventum
810 3858 973 3899 suum
1027 3842 1433 3912 praestolaretur
1464 3839 1765 3895 admonuit.
1825 3836 2047 3893 Interim

471 3936 659 3992 Manes
684 3935 924 3990 medium
956 3934 1010 3988 in
1036 3948 1233 4003 pagum
1262 3946 1477 3987 summo
1502 3930 1743 3986 diluculo
1768 3929 2045 4000 prodiens,
2080 4002 2081 4005 η

471 4026 819 4099 Tryphonem
863 4024 930 4080 ad
955 4024 1346 4093 disputandum
1372 4030 1651 4093 provocat.
1702 4020 1955 4088 Quicum
1986 4034 2046 4076 se

471 4121 734 4184 stitisset,
783 4127 837 4172 et
866 4116 933 4171 ad
964 4116 1148 4171 omnia
1192 4130 1316 4185 quae
1341 4114 1634 4184 qumsierat
1657 4154 1673 4179 ,
1726 4111 2044 4183 singillatim

356 4214 365 4215 “
470 4225 568 4282 pro
596 4224 660 4265 ea
683 4223 849 4280 quam
881 4223 908 4262 a
941 4206 1051 4261 Deo
1097 4216 1378 4275 acceperat
1428 4203 1692 4275 sapientia
1725 4202 2045 4273 respondis-

469 4312 573 4369 set,
599 4313 760 4374 atque
780 4305 1133 4374 impostorem
1160 4301 1336 4356 lenius
1366 4302 1616 4371 agitaret,
1646 4301 1788 4372 apud
1817 4316 1876 4355 se
1905 4317 2044 4357 non-

471 4396 607 4451 nihil
634 4395 922 4462 htesitans;
955 4406 1173 4463 repente
1204 4393 1505 4449 Archelaus
1529 4410 1627 4449 nec
1660 4393 1884 4464 Opinato
1910 4410 2043 4450 con-

468 4500 689 4560 spcctus
711 4497 815 4553 est,
846 4489 940 4558 qui
971 4498 1228 4557 tanquam
1277 4487 1578 4542 acerrimus
1627 4486 2041 4557 paterfamilias,

471 4595 808 4655 suorumque
852 4580 1291 4635 studiosissimus
1314 4620 1328 4643 ,
1364 4579 1619 4634 audacter
1646 4579 1700 4633 in
1732 4580 2042 4649 praedonem

2232 3563 2290 3617 '0
2328 3562 2386 3616 δὲ
2429 3560 2744 3642 ἀπέστειλεν
2784 3559 2932 3632 αὐτῷ
2973 3561 3067 3616 δύο
3111 3562 3305 3634 λόγους
3350 3565 3409 3619 ὲν
3453 3568 3737 3642 προχείρῳ

2151 3654 2550 3711 καταλαϐέσθαι
2596 3653 2674 3725 τῷ
2724 3654 2906 3724 Μάνῃ,
2956 3654 3279 3719 ἐκδέξασθαι
3318 3657 3375 3711 δὲ
3418 3659 3513 3730 τὴν
3567 3660 3735 3715 αὑτοῦ

2152 3746 2454 3819 παρουσίαν
2478 3744 2625 3815 αὑτῷ
2660 3744 2951 3815 ἐσήμανεν.
2994 3744 3053 3797 Ὀ
3089 3745 3280 3816 Μάνης
3307 3747 3363 3800 δὲ
3394 3748 3452 3800 ὲν
3484 3750 3550 3820 τῇ
3589 3748 3736 3822 μέσῃ

2155 3836 2319 3911 κώμῃ
2347 3835 2616 3909 προῆλθεν
2646 3832 3040 3906 ὀρθριαίτερον,
3070 3836 3542 3909 προσκαλούμενος
3574 3839 3633 3906 ὲν
3655 3839 3734 3911 τῷ

2153 3929 2537 4001 συνάρξασθαι,
2576 3926 2962 4000 προκαλεῖσθαι
2994 3928 3082 3980 τὸν
3116 3928 3384 4000 Τρύφωνα
3426 3932 3506 3994 εἰς
3539 3913 3735 4000 λόγους

2149 4024 2323 4093 ἥκειν.
2363 4023 2469 4076 Καὶ
2511 4021 2604 4075 τοῦ
2645 4019 2935 4092 Τρύφωνος
2971 4020 3366 4092 ίνδαλλομένου,
3402 4024 3734 4095 ἀποκριθέν-

2149 4132 2239 4180 τος
2268 4115 2325 4168 δὲ
2358 4114 2522 4168 αὑτοῦ
2559 4116 2695 4187 πρὸς
2722 4116 2851 4181 ἔπος
2884 4109 2958 4169 ὧν
2998 4113 3167 4187 ᾔτησε
3193 4116 3336 4170 κατά
3367 4116 3463 4189 τὴν
3493 4119 3558 4171 ὲκ
3589 4117 3730 4173 Θεοῦ

2148 4206 2392 4261 δοθεῖσαν
2425 4208 2570 4280 αὑτῷ
2603 4208 2839 4281 σύνεσιν,
2874 4210 2969 4275 καὶ
3003 4209 3403 4282 στροϐήσαντος
3443 4210 3534 4264 τὸν
3579 4211 3749 4265 ἀπα-’

2146 4298 2341 4364 τεῶνα,
2388 4299 2571 4371 ἡρέμα
2600 4299 2737 4391 πῶς,
2774 4301 2832 4354 ὲν
2860 4295 2906 4371 ᾧ
2939 4286 3115 4372 ἐαυτῷ
3158 4299 3489 4371 ἐνεδοίαζενῃ
3523 4301 3731 4355 ἀνακύ-

2150 4408 2275 4445 πτει
2314 4394 2341 4445 6
2396 4393 2681 4465 Ἀρχέλαος
2714 4393 2902 4467 ὥσπερ
2937 4393 3154 4467 ίσχυρὸς
3190 4394 3576 4466 οίκοδεσπότης
3615 4395 3730 4450 τῶν

2153 4481 2297 4535 ίδίων
2336 4474 2781 4554 ἐπιμελούμενος,
2817 4485 2912 4538 καὶ¹
2951 4485 3090 4555 μετά
3129 4484 3438 4557 παρρησίας
3480 4483 3728 4539 ἐπελθὼν

2150 4573 2226 4645 τῷ
2267 4573 2427 4645 συλᾷν
2454 4575 2815 4648 ἐπιχειροῦντι
2850 4577 3203 4649 ὲνεϐριμεῖτο.
3236 4576 3412 4641 Εὐθὺς
3450 4577 3505 4631 δὲ
3538 4578 3616 4642 ώς
3646 4574 3730 4631 εἶ-

472 4674 713 4730 fremens
741 4674 991 4727 incurrit.
1023 4671 1192 4737 Quem
1229 4681 1288 4725 ut
1309 4670 1497 4728 Manes
1532 4673 1764 4743 aspexit,
1789 4673 2042 4727 simulata

2157 4663 2235 4717 Ξεν
2256 4666 2284 4717 6
2310 4664 2501 4735 Μάνης
2530 4665 2620 4741 τὸν
2657 4666 2962 4738 Ἀρχέλαον,
2990 4667 3422 4740 ὑποκοριστικῶς
3445 4668 3565 4721 καθ’
3592 4669 3729 4723 ὑπό-

475 4765 766 4830 blanditia,
806 4763 935 4819 Sine
956 4778 1065 4829 me,
1120 4764 1316 4833 inquit,
1351 4779 1475 4817 cum
1505 4762 1797 4835 Tryphone
1821 4773 2046 4819 conten-

472 4853 635 4918 dere;
685 4862 743 4906 tu
776 4852 921 4906 enim
966 4866 1051 4904 me
1073 4889 1089 4915 ,
1140 4867 1264 4905 cum
1300 4853 1378 4929 si;
1411 4852 1700 4922 episcopus
1723 4893 1741 4918 ,
1785 4854 2045 4924 dignitate

472 4960 718 5015 Superas.
753 4942 1053 4997 Archelaus
1080 4958 1229 5007 vero,
1260 4958 1325 4995 ex
1355 4958 1423 4996 eo
1453 4945 1597 5013 quod
1618 4944 1730 5012 jam
1765 4945 1912 4999 illius
1941 4945 2043 5000 don

472 5050 597 5105 gma
619 5032 960 5088 confutatnm
1006 5041 1144 5097 erat,
1193 5033 1365 5086 multo
1412 5049 1574 5102 quam
1606 5034 1786 5089 verbis
1813 5034 2043 5104 exprimi

468 5138 693 5201 posset,
727 5126 1018 5182 simulandi
1050 5125 1385 5181 callidiorem
1430 5142 1551 5182 esse
1592 5127 1820 5194 docuit,
1872 5143 2045 5195 osque

474 5220 548 5274 illi
598 5235 826 5290 prorsus
872 5219 1122 5273 occlusit.
1178 5216 1315 5272 Tum
1360 5234 1481 5289 quae
1530 5221 1720 5274 abillo
1767 5222 2044 5290 proposita

473 5312 689 5367 fuerant
728 5311 1072 5375 dissolvens,
1129 5326 1331 5366 novum
1378 5312 1425 5365 ei
1470 5313 1731 5381 pudorem
1794 5313 2043 5378 incussit,

471 5415 598 5454 cum
629 5415 695 5453 ne
724 5398 935 5454 hiscere
963 5400 1182 5469 quidem
1217 5401 1453 5470 amplius
1484 5402 1726 5456 auderet.
1777 5400 1891 5456 Sub
1930 5403 2043 5458 hare

474 5491 747 5560 populus,
808 5489 1127 5547 ardentibus
1185 5508 1405 5547 rursum
1461 5492 1696 5559 animis,
1752 5494 2042 5548 scelestum

477 5581 629 5634 illum
673 5584 981 5649 opprimere
1028 5592 1257 5637 conatus
1287 5594 1387 5639 est.
1444 5583 1687 5651 Quorum
1735 5584 1826 5639 ille
1849 5600 2043 5641 manus

474 5672 739 5740 effugiens
766 5672 836 5726 ad
865 5674 1146 5728 castellum
1173 5674 1463 5730 Arabionis
1488 5691 1739 5731 reversus
1762 5687 1863 5733 est.

549 5802 627 5873 (ὅ)
665 5800 768 5856 llic
794 5806 1114 5872 notandum,
1144 5805 1504 5880 Epiphaniam
1539 5823 1820 5877 perperam
1863 5829 1880 5861 ι
1913 5808 2045 5880 Try-

477 5872 714 5951 phonem
753 5890 772 5922 ι
803 5886 995 5951 vocare
1026 5872 1398 5951 presbyterum
1429 5872 1603 5951 illurn,
1638 5872 1747 5946 'qui
1768 5897 1896 5951 runt
1925 5872 2008 5933 Mai
2033 5912 2040 5919 -

482 5952 605 5995 ncte
637 5942 962 6008 disputavit;
1002 5959 1126 5998 nam
1158 5942 1215 5997 in
1247 5948 1397 6001 Actis
1428 5942 1809 6018 disputationis
1838 5951 2043 6003 Arche-

2148 4772 2326 4826 κρισιν
2378 4756 2519 4827 ἔφη·
2580 4758 2685 4811 Ἔα
2732 4775 2796 4829 με
2843 4758 3285 4831 πρὸς-Τρύφωνα
3335 4758 3722 4828 διαλέγεσθαι·

2147 4848 2460 4920 ὑπερϐαίνει
2494 4850 2603 4922 γάρ
2638 4867 2705 4921 με
2741 4851 2801 4903 τὸ
2850 4852 2940 4906 σὸν
2983 4850 3197 4922 ἀξίωμα
3237 4851 3325 4905 διὰ
3368 4851 3457 4905 τὸν
3500 4852 3726 4906 ἐπεσκο-

2146 4957 2265 4992 πον.
2308 4940 2365 4992 '0
2393 4940 2471 5007 δὲ,
2499 4941 2594 4995 καὶ
2622 4941 2760 5013 μετά
2786 4941 3039 5014 ἐλέγχους
3061 4943 3154 4996 τοῦ
3182 4942 3340 5011 λόγου
3369 4941 3591 5013 μείζονα
3621 4943 3724 4996 αὖ.

2106 5038 2107 5041 “
2145 5029 2235 5082 τὸν
2274 5031 2571 5102 ὑποκριτὴν
2612 5032 2920 5097 ἀποδείξας,
2970 5032 3355 5101 ἀπεφίμωσεψ
3397 5031 3504 5085 τῶν
3538 5031 3594 5085 δὲ
3628 5032 3725 5084 ὑπ’

2145 5121 2354 5173 ἐκείνου
2389 5122 2754 5193 προτεθέντων
2790 5123 2962 5192 λόγων
2988 5122 3087 5186 τὰς
3116 5123 3388 5187 ὲπιλύσεις
3418 5122 3725 5195 ποιησάμε-

2144 5230 2253 5276 νος,
2281 5210 2434 5277 αὖθις
2462 5217 2540 5279 εἰς
2568 5216 2828 5287 αἰσχύνην
2852 5215 3013 5270 αὑτὸν
3046 5217 3367 5286 κατέστησε,
3406 5217 3605 5288 μηκέτι
3630 5216 3728 5271 δυ-

2144 5304 2373 5374 νάμενον
2394 5306 2621 5378 διαίρειν
2649 5308 2845 5378 στόμα.
2875 5308 2938 5360 Οἱ
2967 5306 3023 5361 δὲ
3046 5306 3163 5360 λαοὶ⁸
3187 5307 3346 5377 ζῆλον
3383 5308 3544 5362 πάλιν
3571 5308 3727 5362 ἀνεδ-

2143 5401 2391 5473 ληιρότες,
2442 5402 2737 5475 ἐπειρῶντο
2782 5403 2871 5457 τὸν
2926 5402 3202 5474 ἀλιτήριον
3263 5403 3721 5475 διαχειρίσασθαι.

2156 5494 2212 5546 ’0
2240 5493 2316 5557 δὲ,
2347 5493 2588 5566 ἀποδρὰς
2618 5494 2744 5558 τοὺς
2774 5493 2999 5565 δήμους,
3027 5495 3121 5547 καὶ
3155 5494 3236 5558 εἰς
3261 5495 3352 5550 τὸν
3386 5496 3726 5569 προειρημέ-

2141 5602 2231 5639 νον
2263 5583 2552 5637 κάστελλον
2593 5584 2917 5656 Ἀραϐίωνος
2936 5584 3098 5640 πάλιν
3121 5586 3366 5655 ἀφῖκται.

2144 5813 2213 5866 lai
2252 5832 2270 5864 ι
2309 5809 2578 5868 Diodorus
2614 5831 2633 5865 ι
2669 5810 2873 5868 diserte
2898 5815 3217 5883 appellatur.
3266 5812 3545 5871 Eumdem
3560 5830 3724 5872 erro-

2144 5898 2260 5938 rem
2289 5884 2491 5939 erravit
2513 5883 2743 5941 Photius
2767 5884 2909 5939 infra
2938 5900 3090 5939 nunt.
3121 5886 3174 5938 7.
3208 5885 3440 5940 Ζλωωι.

3613 494 3754 560 NE“
3840 556 3841 561 η
