4058 6386
210 876 235 914 θ

292 406 427 485 ita:

1473 394 1807 451 VETERUI
1848 395 2292 457 TESTDIONIA.

3408 395 3428 448 l
3439 396 3541 451 4‘36

424 556 428 561 .
628 580 631 583 Α
1653 515 1823 580 Idem,
1855 517 2009 583 ibid,
2041 516 2176 583 εει.

424 556 428 561 .
1653 516 1823 580 Idem,
1855 517 1878 569 ii

366 611 508 682 Ἰιδη
539 610 596 665 δὲ
622 580 857 685 ίάνδράσι
891 612 1147 684 μεγάλοις
1193 610 1521 683 θαυμαστῶς
1547 612 1667 666 κατ’
1702 611 1865 666 αὑτοῦ

1994 559 2009 583 ,
2088 517 2176 572 ﬁl.

2040 516 2157 667 iam
2188 628 2219 667 a
2245 613 2456 683 magnis
2486 614 2619 668 viris
2649 610 2997 667 admirabiles
3021 610 3088 666 ad
3117 610 3263 666 illius
3293 606 3543 664 refutan-

293 704 642 779 ἀντιρρήσεις
667 703 760 758 τοῦ
800 703 1021 775 ἐλέγχου
1056 704 1415 776 πεποίηνται·
1457 704 1730 776 Ἀρχελάω
1767 704 1863 775 μὲν

1985 703 2073 758 los
2098 719 2313 759 errores
2346 705 2753 760 lucubrationes
2796 712 2924 759 sunt
2948 703 3104 758 editas
3125 743 3141 767 ,
3169 702 3315 758 velut
3344 702 3412 756 ab
3441 700 3545 754 Ar-

290 795 369 868 τῷ
408 796 709 869 ἐπισκόπῳ,
739 796 814 861 ὡς
846 796 1183 870 προείρηται.

1971 796 2163 851 chelao
2190 795 2469 866 episcOpo,
2512 806 2568 851 ut
2599 806 2759 851 antea
2781 796 2986 852 dictum
3018 803 3120 850 est.

1772 888 2040 960 15:525.

366 984 523 1037 Κατά
556 983 700 1048 λέξιν
727 984 783 1038 δὲ
810 984 1046 1054 καθεξῆς
1096 985 1350 1051 ὑποτάξω
1403 984 1785 1056 ἀρμοττόντως
1808 981 1869 1035 τὸ

294 1072 459 1126 αὑτοῦ
483 1072 736 1143 φρόνημα
761 1073 868 1126 ἀπὸ
904 1073 1193 1143 Ἀρχελάου
1216 1074 1353 1144 πρὸς
1372 1074 1531 1126 αὑτὸν
1551 1089 1871 1144 πεπραγμα-

293 1162 570 1233 τευμένων
603 1165 660 1217 ὲν
716 1166 782 1235 τῇ
819 1163 955 1236 πρὸς
1009 1164 1167 1217 αὑτὸν
1214 1165 1521 1235 ἀντιλογίᾳ,
1583 1165 1658 1229 ὠς
1705 1164 1869 1228 αὐτὸς

296 1253 616 1323 ἀπεκάλυψε
672 1254 921 1327 Τύρϐων,
956 1250 1035 1320 εἷς
1086 1254 1195 1308 τῶν
1238 1255 1403 1309 αὑτοῦ
1437 1255 1712 1327 μαθητῶν,
1743 1255 1870 1327 περ)⁵

295 1336 358 1398 οὗ
393 1345 504 1399 ἀνω
554 1346 924 1418 ἐπεμνήσθην.
1002 1348 1496 1420 Ἐπερωτησάντων
1550 1348 1729 1401 τοίνυν
1762 1348 1870 1401 τῶν

298 1436 426 1509 περὶ
466 1439 754 1509 Ἀρχέλαον
799 1439 889 1493 τὸν
918 1440 1218 1493 ἐπίσκοπον
1243 1442 1337 1495 καὶ
1387 1441 1704 1512 Μάρκελλον
1729 1440 1872 1513 Τύρ-

299 1526 445 1581 ϐωνα
476 1530 603 1602 περὶ
628 1531 726 1602 τῆς
750 1530 845 1585 τοῦ
868 1531 1026 1603 Μάνη
1055 1530 1419 1599 διδασκαλίας,
1441 1532 1469 1585 ὁ
1496 1532 1720 1604 Τύρϐων
1746 1532 1874 1586 ἀπε-

2045 980 2148 1037 Sed
2182 998 2327 1038 nunc
2354 983 2499 1038 illius
2524 983 2720 1053 dogma
2757 983 2822 1036 ad
2860 981 3081 1037 verbum
3110 1023 3124 1049 ,
3154 983 3233 1037 uti
3257 992 3546 1037 consenta-

1976 1090 2139 1129 neum
2169 1081 2253 1129 est
2277 1114 2291 1137 ,
2321 1075 2588 1128 ascriltam
2616 1113 2631 1136 ,
2682 1090 2745 1128 ex
2771 1074 3021 1129 Archelai
3052 1089 3213 1143 opere
3238 1114 3253 1137 ,
3283 1075 3425 1141 quod
3452 1074 3549 1130 ad-

1976 1178 2167 1219 versus
2212 1164 2461 1217 eumdem
2504 1164 2653 1218 illum
2679 1164 2868 1229 edidit,
2902 1180 2965 1219 ex
3000 1165 3069 1220 iis
3092 1180 3212 1234 qua:
3238 1180 3267 1218 a
3297 1163 3549 1236 Tyrbone

1977 1254 2249 1324 discipulo
2295 1254 2441 1310 illius
2469 1264 2782 1325 acceperat,
2811 1257 2878 1311 de
2906 1272 3016 1327 quo
3058 1257 3385 1311 mentionem
3423 1265 3548 1310 ante

1980 1344 2233 1400 fecimus.
2268 1344 2402 1400 Nam
2438 1363 2559 1400 cum
2592 1348 2890 1403 Archelaus
2920 1348 3225 1418 episcopus,
3247 1357 3299 1401 et
3325 1346 3549 1404 Marcel-

1981 1438 2066 1493 lus
2097 1439 2163 1492 de
2187 1437 2357 1493 Manis
2387 1439 2734 1508 dogmatibus
2765 1438 3066 1509 Tyrhonem
3102 1441 3548 1511 interrogassent,

1979 1533 2095 1587 haec
2133 1533 2221 1587 ille
2249 1533 2365 1602 ipsa
2390 1530 2691 1600 respondit,
2724 1545 2846 1598 qua:
2872 1547 2972 1587 nos
2999 1547 3061 1585 ex
3090 1546 3155 1585 eo
3185 1531 3321 1585 libro
3348 1529 3551 1583 descri-

300 1619 523 1690 κρίνατο
550 1619 742 1691 λέγων,
775 1622 931 1677 ἆτινα
960 1624 1026 1677 ὲκ
1046 1621 1139 1677 τοῦ
1173 1622 1377 1695 βιϐλίου
1408 1622 1745 1695 παρεθέμην,
1781 1622 1875 1677 καὶ

1985 1623 2219 1696 psimus,
2254 1633 2489 1692 suntque
2512 1622 2800 1692 ejusmodi.

298 1710 415 1765 εστι
446 1712 591 1766 τάδε.

373 1804 688 1876 Sequuntur
706 1817 960 1878 excerpta
1001 1823 1065 1863 ex
1096 1808 1246 1863 Ac'is
1292 1806 1682 1876 disputationis
1711 1806 1962 1861 Archelai
1992 1821 2115 1861 cum
2135 1804 2367 1869 Maneto,
2393 1822 2513 1873 qua:
2540 1803 2604 1858 G.
2639 1802 2700 1857 L.
2736 1803 3007 1859 habentur
3033 1803 3086 1857 in
3112 1802 3344 1857 editione
3368 1808 3552 1857 nostra

299 1907 420 1964 cap.
447 1893 560 1949 Vll.
587 1925 658 1936 —
683 1895 829 1950 Idem
861 1895 1197 1967 Epiphanius
1226 1896 1283 1950 in
1313 1894 1452 1950 libro
1484 1894 1560 1948 De
1593 1895 1855 1950 mensuris
1881 1903 1928 1949 et
1964 1894 2302 1963 ponderibus,
2337 1894 2481 1968 §20,
2523 1896 2721 1950 iterum
2761 1894 3013 1949 meminit
3048 1891 3296 1949 Archelai
3328 1893 3553 1965 ejusque

299 1986 685 2059 disputationis
710 2003 834 2044 cum
862 1987 1094 2045 Manete.

1231 2176 1290 2233 S.
1330 2177 1702 2249 Hieronymus,
1740 2178 1831 2231 lib.
1866 2179 1930 2233 de
1963 2177 2076 2232 Vir.
2102 2178 2328 2241 illustr.,
2374 2194 2490 2247 cap.
2526 2176 2614 2231 72.

371 2269 693 2337 Aacnsuus
724 2269 1014 2341 episcopus
1036 2268 1662 2342 Mesopotamitelihrum
1688 2272 1875 2341 dispu-
1909 2283 1950 2338 Β
1980 2272 2276 2328 translatus
2329 2271 2382 2326 in
2431 2270 2680 2326 Graecum
2734 2270 2965 2325 habetur
3008 2285 3035 2323 a
3084 2269 3288 2324 multis.
3345 2268 3554 2326 Claruit

304 2362 529 2418 tationis
554 2377 668 2418 suae
693 2377 858 2432 quam
902 2362 1088 2418 habuit
1131 2364 1391 2430 adversus
1416 2362 1769 2418 Manichzeum
1793 2379 1883 2418 ει·
1988 2364 2093 2419 sub
2122 2364 2446 2435 imperatore
2479 2361 2680 2431 Probo,
2714 2362 2806 2433 qui
2833 2361 3124 2416 Aureliano
3148 2371 3202 2418 et
3228 2361 3418 2417 Tacito
3440 2376 3560 2419 suc-

301 2462 520 2509 cuntem
551 2452 618 2508 de
642 2450 895 2517 Perside,
930 2450 1069 2525 Syro
1098 2468 1349 2509 sermone
1392 2454 1732 2526 composuit;
1784 2455 1879 2525 qui
1987 2467 2235 2514 cesserat.

1882 2570 1972 2627 IV.

395 2648 749 2745 Ileraclianus
772 2688 1207 2746 Chalcedonensis
1233 2690 1526 2760 episcopus,
1550 2693 1603 2746 in
1636 2692 1785 2749 libris
1817 2694 2063 2748 adversus
2092 2693 2433 2749 Hanichwos.
2463 2692 2616 2763 Apud
2649 2692 2896 2748 Pharium
2925 2691 3179 2746 Biblioth.
3215 2690 3331 2744 cod.
3359 2704 3480 2745 xcv.

385 2809 702 2882 Ἀνατρέπει
755 2809 812 2864 δὲ
850 2810 912 2863 τδ
976 2811 1125 2881 παρά
1175 2810 1493 2881 Μανιχαίοις
1549 2811 1881 2883 καλούμενον

303 2900 658 2970 Εὑαγγέλιον,
687 2902 781 2954 καὶ
806 2900 905 2973 τὴν
933 2902 1244 2970 Γιγάντειον
1265 2902 1463 2973 βίϐλον,
1494 2904 1588 2956 καὶ
1617 2904 1742 2977 τους
1774 2903 1882 2975 Θη-

2057 2813 2258 2869 Evcrtit
2291 2829 2417 2869 vero
2449 2814 2499 2868 id
2526 2854 2542 2882 ,
2591 2813 2737 2883 quod
2766 2801 3051 2866 Manichaei
3084 2808 3357 2877 appellant
3381 2804 3560 2861 Evan—

1987 2907 2207 2978 gelium,
2236 2915 2289 2961 ct
2314 2904 2637 2976 Giganteum
2660 2904 2881 2964 librum,
2912 2911 3071 2971 atque
3103 2899 3432 2954 Thesauros.
3452 2895 3563 2952 Re-

306 2992 558 3063 σαυρούς.
592 2993 892 3061 Καταλέγει
915 2994 1011 3047 καὶ
1031 2995 1143 3047 ὅσοι
1168 2992 1275 3065 πρὸ
1294 2993 1458 3053 αὐτοῦ
1492 2994 1633 3047 κατά
1660 2994 1759 3064 τῆς
1785 2993 1878 3047 τοῦ

1988 3004 2173 3051 censet
2222 2994 2446 3065 insuper
2490 3009 2618 3058 eos,
2671 2992 2764 3062 qui
2814 3001 2938 3046 ante
2969 3006 3027 3047 se
3056 2991 3110 3044 in
3141 2989 3561 3043 Manichaeorum

305 3084 608 3154 Μανιχαίου
664 3082 1007 3155 συνέγραψαν
1060 3083 1381 3155 ἀθεότητος,
1448 3084 1763 3156 Ἥγεμόνιόν
1819 3100 1878 3137 τε

1990 3088 2321 3158 impietatem
2351 3089 2624 3142 calamum
2651 3086 3024 3146 strinxerunt,
3058 3080 3449 3153 liegemonium
3482 3081 3564 3133 ni-

307 3174 404 3229 τὸν
434 3176 533 3241 τὰς
577 3176 870 3248 Ἀρχελάου
910 3177 1045 3248 πρὸς
1072 3176 1232 3232 αὑτὸν
1279 3162 1585 3248 ἀντιλογίας
1643 3180 1878 3252 ἀναγρά-

1990 3178 2213 3245 mirum,
2242 3178 2334 3250 qui
2362 3162 3061 3248 disputationem-Archelai
3088 3174 3351 3229 adversus
3383 3171 3559 3242 ipsum

303 3265 501 3336 ψαντα.

1989 3268 2256 3325 Manetem
2293 3268 2632 3340 perscripsit,
2666 3281 2771 3323 etc.

1379 3469 1645 3533 Socrates,
1687 3470 2037 3529 Hist.eccles.
2097 3472 2168 3526 lib
2193 3489 2231 3541 I,
2256 3490 2373 3543 cap.
2421 3472 2511 3527 22.

377 3556 559 3612 Ταῦτα
584 3559 641 3613 δὲ
664 3560 825 3630 ἡμεῖς
856 3558 917 3613 οὗ
974 3557 1278 3623 πλάσαντες
1330 3559 1583 3631 λέγομεν
1620 3560 1754 3615 ἀλλά
1786 3561 1876 3615 διὰ

2054 3561 2232 3632 Atque
2269 3564 2382 3616 haec
2418 3577 2518 3617 nos
2549 3561 2973 3630 haudquaquam
2998 3557 3291 3614 commenti
3322 3571 3515 3614 sumus
3546 3574 3566 3628 ;

304 3650 466 3719 λόγου
525 3650 816 3723 Ἀρχελάου
860 3650 956 3704 τοῦ
1012 3651 1312 3705 ἐπισκόπου
1366 3652 1693 3723 Κασχάρων,
1753 3654 1878 3724 μιᾶς

1985 3655 2079 3709 sed
2108 3669 2173 3707 ex
2209 3654 2578 3722 disputatione
2607 3653 2843 3722 quadam
2884 3648 3132 3706 Archelai
3165 3648 3565 3705 Cascbarorum

306 3740 417 3795 τῶν
448 3744 505 3794 ὲν
532 3741 928 3814 Μεσοποταμίᾳ
955 3740 1184 3806 πόλεων,
1228 3742 1541 3812 ἐντυχόντες
1574 3744 1878 3815 συνηγάγο-

1989 3744 2144 3800 urbis
2172 3745 2226 3799 in
2260 3744 2654 3815 Mesopotamia
2704 3744 2980 3814 episcopi,
3011 3758 3041 3798 a
3076 3741 3234 3798 nobis
3262 3741 3399 3797 lecta
3420 3782 3434 3806 ,
3465 3758 3565 3797 ex-

309 3850 437 3906 μεψ
473 3834 631 3896 αὐτὸς
655 3834 764 3905 γὰρ
826 3834 1114 3906 Ἀρχέλαος
1158 3834 1504 3907 διαλεχθῆναι
1548 3836 1695 3908 αὑτῷ
1748 3856 1878 3909 φησι

1985 3837 2309 3906 cerpsimus.
2329 3836 2427 3892 Hic
2453 3838 2597 3892 enim
2613 3836 2909 3891 Archelaus
2924 3836 3019 3899 ait,
3040 3849 3097 3889 se
3120 3849 3242 3888 cum
3269 3833 3568 3888 Manichaeo

305 3927 402 3981 καὶ
429 3925 499 3979 τὰ
526 3926 995 3997 προγεγραμμένα
1027 3926 1219 3989 είςτδν
1251 3928 1368 3997 βίον
1395 3927 1686 3983 ἐκτίθεται.

1985 3930 2103 3999 ipso
2130 3929 2442 3999 disputasse
2468 3969 2483 3995 ,
2514 3938 2569 3983 et
2593 3943 2656 3982 ea
2681 3942 2803 3996 quae
2845 3927 3096 3995 superius
3148 3940 3178 3980 a
3214 3925 3371 3980 nobis
3398 3925 3565 3979 relata

1988 4027 2138 4087 sunt,
2173 4020 2240 4075 de
2271 4019 2420 4074 illius
2449 4019 2557 4074 vita
2589 4028 3002 4074 commemorat.

1883 4135 1972 4191 Vl.

386 4220 602 4281 Penus
639 4222 869 4280 Stcuws
899 4223 953 4278 in
983 4223 1229 4280 Historia
1262 4224 1675 4280 Manicheorum
1695 4268 1711 4294 ,
1764 4242 1888 4299 pag.
1998 4228 2139 4283 suris
2170 4238 2221 4283 et
2248 4227 2586 4300 ponderibus,
2619 4236 2672 4282 et
2700 4242 2765 4282 es
2796 4224 3037 4282 Socratis
3065 4222 3306 4278 Historia
3325 4221 3567 4278 ecclesia-

308 4314 399 4378 25,
427 4315 496 4370 55
519 4325 572 4369 et
593 4313 684 4380 57,
709 4329 773 4371 ea
795 4324 993 4371 cuncta
1019 4316 1086 4371 ad
1115 4317 1340 4372 verbum
1364 4314 1550 4384 refert,
1582 4333 1703 4389 quae
1727 4332 1890 4389 supra
1996 4321 2152 4385 stica,
2182 4320 2247 4375 de
2274 4318 2543 4373 Archelao
2564 4317 2793 4389 ejusque
2816 4331 2940 4373 cum
2963 4314 3173 4370 Maneto
3202 4313 3566 4385 disputatione

308 4421 375 4462 ex
398 4405 601 4479 Cyrillo
628 4404 1119 4480 Hierosolymitano
1144 4450 1160 4476 ,
1211 4405 1269 4464 S.
1301 4407 1608 4479 Epiphanio
1645 4409 1722 4465 De
1743 4426 1887 4463 men-
1998 4410 2161 4465 modo
2193 4409 2499 4464 retulimus.

1890 4503 2000 4559 VII.

452 4595 698 4665 Photius,
740 4598 834 4655 lib.
862 4615 903 4668 ι,
941 4598 1190 4656 adversus
1217 4600 1557 4656 Manichazos.
1593 4598 1788 4655 Exstat
1826 4601 2000 4656 editus
2036 4602 2092 4654 in
2129 4599 2382 4655 Biblioth.
2421 4597 2647 4655 Coislin.
2678 4615 2725 4651 υ.
2770 4594 2838 4649 cl.
2885 4594 3180 4666 Montlauc.
3214 4611 3267 4666 p.
3299 4590 3425 4648 556.

377 4685 560 4755 Φυγάς
612 4687 661 4759 (ὁ
705 4686 918 4759 Μάνης)
967 4687 1372 4764 καταλαμϐάνει
1430 4687 1872 4759 Μεσοποταμίαν,

2058 4689 2101 4743 Ε
2133 4703 2356 4745 carcere
2400 4686 2615 4757 fugiens
2648 4682 2875 4757 (Manes)
2917 4686 2970 4740 in
3000 4685 3445 4756 Mesopotamiam
3484 4699 3570 4739 ve-

306 4774 403 4831 καὶ
429 4774 671 4847 σπείρειν
699 4775 862 4831 πάλιν
890 4777 1195 4849 ἀπάρχεται
1226 4778 1293 4832 τά
1315 4778 1415 4849 τῆς
1440 4776 1774 4841 ἀποστασίας
1799 4776 1878 4842 ζι-

1986 4780 2098 4849 nit,
2144 4781 2330 4851 ibique
2376 4780 2649 4834 haereseos
2698 4794 2811 4833 suae
2845 4778 3052 4833 zizania
3082 4779 3276 4833 iterum
3312 4791 3569 4847 spargere

309 4867 488 4933 ζάνια.
536 4868 593 4920 '0
638 4867 695 4921 δὲ
726 4867 833 4922 τῶν
886 4868 1193 4941 Καρχάρων
1236 4869 1550 4934 ἐπίσκοπος,
1594 4868 1878 4941 Ἀρχέλαος

1987 4873 2173 4943 erepit.
2206 4872 2276 4927 At
2297 4873 2701 4928 Carcharorum
2727 4872 3018 4943 episcopus
3042 4872 3127 4927 cui
3151 4885 3347 4925 nomen
3372 4867 3570 4922 Arche-

310 4956 459 5029 αὐτῷ
510 4957 699 5028 ὄνομα,
733 4958 869 5031 ἀνὴρ
928 4961 1091 5031 ίέρὸς,
1118 4960 1209 5014 καὶ
1261 4962 1389 5032 περὶ
1432 4959 1621 5029 λόγους
1672 4959 1798 5025 τούς
1819 4977 1878 5014 τε

1991 4966 2135 5032 laus,
2184 4966 2270 5019 vir
2296 4980 2472 5029 sacer,
2527 4975 2582 5021 et
2605 4964 2776 5018 multa
2810 4965 2863 5019 in
2897 4964 3243 5021 sermonibus
3272 4963 3337 5017 de
3366 4959 3569 5015 divinis

311 5046 489 5111 θείους
522 5047 760 5112 καὶτοὺς
793 5050 1165 5124 ἀνθρωπίνους
1215 5053 1535 5125 περιδέξιος,
1578 5054 1878 5127 Ἐλληνικὸι

1994 5057 2359 5127 humanisque
2432 5057 2597 5112 rebus
2649 5056 2969 5112 dexteritate
3021 5056 3316 5122 praeditus,
3375 5060 3570 5107 coacto

311 5139 704 5213 ἀθροισάμενος
735 5140 1114 5219 ἀκροατήριον,
1146 5145 1231 5199 ἴνα
1262 5146 1335 5218 μὴ
1366 5145 1513 5217 δόξῃ,
1546 5146 1878 5218 Χριστιανῶν

1992 5148 2334 5203 ethnicorum
2367 5147 2643 5202 auditorio
2665 5188 2680 5212 ,
2714 5163 2781 5202 ne
2812 5148 2858 5202 si
2888 5146 3181 5201 Christiani
3206 5144 3565 5213 judicassent,

312 5231 626 5301 κρινόντων,
659 5231 937 5306 φιλοτιμίᾳ
961 5234 1255 5308 λαμϐάνειν
1287 5236 1357 5291 τὰ
1378 5238 1668 5310 νικητήρια
1701 5240 1735 5310 ή
1758 5238 1878 5309 ἀλήσ

1992 5242 2212 5297 veritati
2261 5241 2547 5296 victoriam
2587 5240 2833 5311 judicum
2874 5239 3056 5293 favore
3097 5239 3329 5292 cessisse
3352 5235 3568 5289 videre-

313 5321 454 5387 θεια,
481 5321 616 5395 πρὸς
639 5323 731 5377 τὸν
766 5324 864 5395 τῆς
902 5326 1096 5396 μανίας
1149 5327 1453 5401 ἐπώνυμον,
1484 5328 1575 5383 τὸν
1600 5329 1699 5400 τῆς
1731 5330 1886 5385 εὐσε-

312 5413 468 5479 ϐείας
497 5415 831 5486 ἀνακινήσας
862 5415 1039 5486 λόγον,
1092 5419 1234 5474 οὕτω
1284 5420 1585 5493 κατῄσχυνε
1640 5420 1734 5474 καὶ
1779 5421 1886 5474 διέ-

311 5506 471 5575 λεγξε
500 5508 591 5561 τὸν
619 5507 1044 5580 τρισαλιτήριον,
1078 5510 1154 5575 ὡς
1188 5513 1387 5567 αὐτίκα
1416 5530 1477 5567 τε
1511 5515 1702 5582 φυγεῖν
1741 5515 1886 5566 ἐκεῖ·

314 5599 428 5664 θεν,
460 5600 555 5653 καὶ
586 5600 719 5673 μηδὲ
744 5601 882 5672 φυὴν
903 5600 1086 5656 λαϐεῖν
1118 5603 1185 5657 τά
1212 5605 1310 5675 τῆς
1352 5605 1689 5668 ἀποστασίας
1718 5603 1883 5658 αὐτοῦ

314 5694 626 5765 σπέρματα.
697 5693 835 5746 Ἀλλ’
885 5694 1089 5749 ἐκεῖθεν
1156 5697 1425 5768 ἀποδρὰς,
1481 5698 1885 5768 καταλαμϐάνει

314 5781 510 5858 κώμην
539 5783 660 5839 τινὰ
685 5784 790 5839 τῶν
817 5784 1237 5856 εὐτελεστάτων,
1267 5789 1428 5845 κάκεῖ
1453 5789 1615 5844 πάλιν
1651 5787 1886 5845 ὑποθάλ-

1992 5339 2102 5398 tur,
2154 5345 2330 5401 usque
2380 5331 2515 5385 adeo
2545 5330 2931 5399 impiissimum
2961 5328 3108 5382 illum
3146 5324 3418 5395 redarguit
3445 5332 3570 5378 tan-

1991 5438 2156 5494 toque
2186 5423 2394 5493 pudore
2419 5421 2663 5487 sntfudit,
2716 5430 2777 5476 ut
2823 5420 3005 5475 statim
3037 5418 3217 5489 fugam
3250 5415 3563 5486 arripuerit,

1992 5524 2047 5570 et
2078 5517 2198 5585 ejus
2226 5516 2495 5570 haereseos
2546 5514 2753 5569 semina
2779 5553 2795 5577 ,
2850 5520 3139 5579 antequam
3186 5514 3564 5568 nascerentur,

1995 5618 2255 5673 Oppressa
2281 5602 2503 5658 fuerint.
2561 5601 2734 5657 Porro
2764 5600 2888 5654 inde
2917 5600 3129 5669 fugiens
3155 5595 3361 5661 Manes,
3389 5595 3455 5650 ad
3483 5597 3569 5648 vi-

1992 5696 2260 5751 lissimum
2288 5695 2559 5765 quoddam
2590 5694 2845 5765 Oppidum
2871 5691 3135 5763 pervenit,
3166 5691 3347 5761 ibique
3374 5702 3571 5742 rursus

1993 5785 2178 5843 fovere
2226 5794 2392 5857 atque
2439 5785 2694 5856 evulgare
2730 5797 2888 5840 suam
2918 5781 3252 5853 impietatem
3281 5778 3569 5835 machina‘
