  <div class='ocr_page' id='page_1' title='image "/cluster/home/n/w/nwhite01/storage/ocr_20150623/10/coo.31924054872894/725.png"; bbox 0 0 4058 6402; ppageno 0'>
   <div class='ocr_carea' id='block_1_1' title="bbox 484 386 621 442">
    <p class='ocr_par' dir='ltr' id='par_1_1' title="bbox 484 386 621 442">
     <span class='ocr_line' id='line_1_1' title="bbox 484 386 621 442; baseline -0.007 -1"><span class='ocrx_word' id='word_1_1' title='bbox 484 386 621 442; x_wconf 67' lang='grc'><strong>1627</strong></span> 
     </span>
    </p>
   </div>
   <div class='ocr_carea' id='block_1_2' title="bbox 1345 369 2829 447">
    <p class='ocr_par' dir='ltr' id='par_1_2' title="bbox 1345 369 2829 447">
     <span class='ocr_line' id='line_1_2' title="bbox 1345 369 2829 447; baseline -0.003 -17"><span class='ocrx_word' id='word_1_2' title='bbox 1345 374 1402 430; x_wconf 87' lang='lat' dir='ltr'><strong>S.</strong></span> <span class='ocrx_word' id='word_1_3' title='bbox 1440 374 1853 433; x_wconf 83' lang='lat' dir='ltr'><strong>ARCHELAUS</strong></span> <span class='ocrx_word' id='word_1_4' title='bbox 1895 371 2406 429; x_wconf 67' lang='lat' dir='ltr'><strong>MESOPOTAMIAE</strong></span> <span class='ocrx_word' id='word_1_5' title='bbox 2444 369 2829 447; x_wconf 77' lang='lat' dir='ltr'><strong>EPlSCOPUS.</strong></span> 
     </span>
    </p>
   </div>
   <div class='ocr_carea' id='block_1_3' title="bbox 3577 364 3720 421">
    <p class='ocr_par' dir='ltr' id='par_1_3' title="bbox 3577 364 3720 421">
     <span class='ocr_line' id='line_1_3' title="bbox 3577 364 3720 421; baseline 0 0"><span class='ocrx_word' id='word_1_6' title='bbox 3577 364 3720 421; x_wconf 72' lang='lat'><strong>“28</strong></span> 
     </span>
    </p>
   </div>
   <div class='ocr_carea' id='block_1_4' title="bbox 481 440 2053 546">
    <p class='ocr_par' dir='ltr' id='par_1_4' title="bbox 481 475 2047 546">
     <span class='ocr_line' id='line_1_4' title="bbox 481 475 2047 546; baseline -0.005 -11"><span class='ocrx_word' id='word_1_7' title='bbox 481 479 673 546; x_wconf 87' lang='lat' dir='ltr'><strong>batur;</strong></span> <span class='ocrx_word' id='word_1_8' title='bbox 710 477 805 534; x_wconf 83' lang='lat' dir='ltr'><strong>sed</strong></span> <span class='ocrx_word' id='word_1_9' title='bbox 835 477 1132 533; x_wconf 84' lang='lat' dir='ltr'><strong>acerrimus</strong></span> <span class='ocrx_word' id='word_1_10' title='bbox 1150 475 1367 546; x_wconf 86' lang='lat' dir='ltr'><strong>pietatis</strong></span> <span class='ocrx_word' id='word_1_11' title='bbox 1393 482 1762 544; x_wconf 72' lang='lat' dir='ltr'><strong>propugnator</strong></span> <span class='ocrx_word' id='word_1_12' title='bbox 1783 482 1839 528; x_wconf 91' lang='lat' dir='ltr'><strong>et</strong></span> <span class='ocrx_word' id='word_1_13' title='bbox 1861 488 1922 528; x_wconf 85' lang='lat' dir='ltr'><strong>re</strong></span> <span class='ocrx_word' id='word_1_14' title='bbox 1951 484 2047 528; x_wconf 81' lang='lat' dir='ltr'><strong>ve-</strong></span> 
     </span>
    </p>
   </div>
   <div class='ocr_carea' id='block_1_5' title="bbox 2158 440 3815 546">
    <p class='ocr_par' dir='ltr' id='par_1_5' title="bbox 2158 440 3815 545">
     <span class='ocr_line' id='line_1_5' title="bbox 2158 440 3815 545; baseline -0.011 -18"><span class='ocrx_word' id='word_1_15' title='bbox 2158 490 2274 526; x_wconf 91' lang='grc' dir='ltr'>πειν</span> <span class='ocrx_word' id='word_1_16' title='bbox 2324 440 2781 545; x_wconf 56' lang='grc' dir='ltr'>ὲμηχανᾶτόίκαι</span> <span class='ocrx_word' id='word_1_17' title='bbox 2813 464 3224 539; x_wconf 80' lang='grc' dir='ltr'>παραδεικνύειν</span> <span class='ocrx_word' id='word_1_18' title='bbox 3255 462 3317 517; x_wconf 77' lang='grc' dir='ltr'>τὸ</span> <span class='ocrx_word' id='word_1_19' title='bbox 3342 460 3541 521; x_wconf 69' lang='grc' dir='ltr'>οἰκεῖον</span> <span class='ocrx_word' id='word_1_20' title='bbox 3586 440 3721 511; x_wconf 58' lang='grc' dir='ltr'><strong>δυά-</strong></span> <span class='ocrx_word' id='word_1_21' title='bbox 3809 484 3815 489; x_wconf 89' lang='grc'><strong>-</strong></span> 
     </span>
    </p>
   </div>
   <div class='ocr_carea' id='block_1_6' title="bbox 484 562 2053 639">
    <p class='ocr_par' dir='ltr' id='par_1_6' title="bbox 484 562 2053 639">
     <span class='ocr_line' id='line_1_6' title="bbox 484 562 2053 639; baseline -0.004 -15"><span class='ocrx_word' id='word_1_22' title='bbox 484 585 547 624; x_wconf 84' lang='lat' dir='ltr'><strong>ra</strong></span> <span class='ocrx_word' id='word_1_23' title='bbox 574 579 760 639; x_wconf 91' lang='lat' dir='ltr'><strong>pastor</strong></span> <span class='ocrx_word' id='word_1_24' title='bbox 802 568 1103 624; x_wconf 81' lang='lat' dir='ltr'><strong>Archelaus</strong></span> <span class='ocrx_word' id='word_1_25' title='bbox 1141 567 1235 638; x_wconf 94' lang='lat' dir='ltr'><strong>qui</strong></span> <span class='ocrx_word' id='word_1_26' title='bbox 1263 566 1503 622; x_wconf 83' lang='lat' dir='ltr'><strong>sedulam</strong></span> <span class='ocrx_word' id='word_1_27' title='bbox 1530 566 1710 619; x_wconf 91' lang='lat' dir='ltr'><strong>ovium</strong></span> <span class='ocrx_word' id='word_1_28' title='bbox 1741 562 1930 619; x_wconf 83' lang='lat' dir='ltr'><strong>curam</strong></span> <span class='ocrx_word' id='word_1_29' title='bbox 1961 579 2053 635; x_wconf 82' lang='lat' dir='ltr'><strong>ge-</strong></span> 
     </span>
    </p>
   </div>
   <div class='ocr_carea' id='block_1_7' title="bbox 483 658 2047 731">
    <p class='ocr_par' dir='ltr' id='par_1_7' title="bbox 483 658 2047 731">
     <span class='ocr_line' id='line_1_7' title="bbox 483 658 2047 731; baseline -0.005 -13"><span class='ocrx_word' id='word_1_30' title='bbox 483 665 676 729; x_wconf 88' lang='lat' dir='ltr'><strong>rebat,</strong></span> <span class='ocrx_word' id='word_1_31' title='bbox 724 663 972 718; x_wconf 87' lang='lat' dir='ltr'><strong>eumdem</strong></span> <span class='ocrx_word' id='word_1_32' title='bbox 1009 663 1138 731; x_wconf 89' lang='lat' dir='ltr'><strong>lupo</strong></span> <span class='ocrx_word' id='word_1_33' title='bbox 1172 661 1451 716; x_wconf 68' lang='lat' dir='ltr'><strong>suaviorem</strong></span> <span class='ocrx_word' id='word_1_34' title='bbox 1492 661 1546 714; x_wconf 90' lang='lat' dir='ltr'><strong>in</strong></span> <span class='ocrx_word' id='word_1_35' title='bbox 1587 658 1788 713; x_wconf 86' lang='lat' dir='ltr'><strong>Christi</strong></span> <span class='ocrx_word' id='word_1_36' title='bbox 1812 673 2047 728; x_wconf 81' lang='lat' dir='ltr'><strong>gregem,</strong></span> 
     </span>
    </p>
   </div>
   <div class='ocr_carea' id='block_1_8' title="bbox 2152 548 3723 637">
    <p class='ocr_par' dir='ltr' id='par_1_8' title="bbox 2152 548 3723 637">
     <span class='ocr_line' id='line_1_8' title="bbox 2152 548 3723 637; baseline -0.012 -18"><span class='ocrx_word' id='word_1_37' title='bbox 2152 566 2385 637; x_wconf 83' lang='grc' dir='ltr'>σέϐημα·</span> <span class='ocrx_word' id='word_1_38' title='bbox 2422 565 2536 619; x_wconf 75' lang='grc' dir='ltr'>ἀλλ’</span> <span class='ocrx_word' id='word_1_39' title='bbox 2567 565 2595 618; x_wconf 83' lang='grc' dir='ltr'>ὁ</span> <span class='ocrx_word' id='word_1_40' title='bbox 2619 562 2819 635; x_wconf 82' lang='grc' dir='ltr'>θερμὸς</span> <span class='ocrx_word' id='word_1_41' title='bbox 2843 560 2941 631; x_wconf 80' lang='grc' dir='ltr'>τῆς</span> <span class='ocrx_word' id='word_1_42' title='bbox 2976 556 3254 620; x_wconf 78' lang='grc' dir='ltr'>εὐσεϐείας</span> <span class='ocrx_word' id='word_1_43' title='bbox 3282 553 3597 625; x_wconf 69' lang='grc' dir='ltr'>ὑπερμαχος</span> <span class='ocrx_word' id='word_1_44' title='bbox 3623 548 3723 602; x_wconf 77' lang='grc' dir='ltr'><strong>καὶ</strong></span> 
     </span>
    </p>
   </div>
   <div class='ocr_carea' id='block_1_9' title="bbox 2146 639 3722 737">
    <p class='ocr_par' dir='ltr' id='par_1_9' title="bbox 2146 639 3722 737">
     <span class='ocr_line' id='line_1_9' title="bbox 2146 639 3722 737; baseline -0.013 -25"><span class='ocrx_word' id='word_1_45' title='bbox 2146 658 2222 722; x_wconf 85' lang='grc' dir='ltr'>ὡς</span> <span class='ocrx_word' id='word_1_46' title='bbox 2250 652 2465 737; x_wconf 74' lang='grc' dir='ltr'>άληθῶς</span> <span class='ocrx_word' id='word_1_47' title='bbox 2518 653 2719 725; x_wconf 84' lang='grc' dir='ltr'>ποιμὴν</span> <span class='ocrx_word' id='word_1_48' title='bbox 2760 651 3064 723; x_wconf 83' lang='grc' dir='ltr'>Ἀρχέλαος,</span> <span class='ocrx_word' id='word_1_49' title='bbox 3092 650 3153 702; x_wconf 82' lang='grc' dir='ltr'><strong>οὐ</strong></span> <span class='ocrx_word' id='word_1_50' title='bbox 3179 648 3276 718; x_wconf 71' lang='grc' dir='ltr'><strong>τὴν</strong></span> <span class='ocrx_word' id='word_1_51' title='bbox 3311 642 3577 737; x_wconf 75' lang='grc' dir='ltr'>τυχοῦσαν</span> <span class='ocrx_word' id='word_1_52' title='bbox 3603 639 3722 737; x_wconf 69' lang='grc' dir='ltr'>τῶν</span> 
     </span>
    </p>
   </div>
   <div class='ocr_carea' id='block_1_10' title="bbox 485 728 2053 825">
    <p class='ocr_par' dir='ltr' id='par_1_10' title="bbox 485 751 2047 825">
     <span class='ocr_line' id='line_1_10' title="bbox 485 751 2047 825; baseline -0.004 -15"><span class='ocrx_word' id='word_1_53' title='bbox 485 765 546 810; x_wconf 83' lang='grc' dir='ltr'><strong>ιιι</strong></span> <span class='ocrx_word' id='word_1_54' title='bbox 565 770 688 810; x_wconf 91' lang='lat' dir='ltr'><strong>eum</strong></span> <span class='ocrx_word' id='word_1_55' title='bbox 724 754 1078 825; x_wconf 81' lang='lat' dir='ltr'><strong>disperderet,</strong></span> <span class='ocrx_word' id='word_1_56' title='bbox 1099 752 1394 807; x_wconf 83' lang='lat' dir='ltr'><strong>irruentem</strong></span> <span class='ocrx_word' id='word_1_57' title='bbox 1425 751 1675 823; x_wconf 84' lang='lat' dir='ltr'><strong>persequi</strong></span> <span class='ocrx_word' id='word_1_58' title='bbox 1705 765 2047 820; x_wconf 85' lang='lat' dir='ltr'><strong>nequaquam</strong></span> 
     </span>
    </p>
   </div>
   <div class='ocr_carea' id='block_1_11' title="bbox 2158 728 3721 825">
    <p class='ocr_par' dir='ltr' id='par_1_11' title="bbox 2158 728 3721 820">
     <span class='ocr_line' id='line_1_11' title="bbox 2158 728 3721 820; baseline -0.012 -19"><span class='ocrx_word' id='word_1_59' title='bbox 2158 733 2434 820; x_wconf 78' lang='grc' dir='ltr'>προϐάτων</span> <span class='ocrx_word' id='word_1_60' title='bbox 2493 745 2815 819; x_wconf 74' lang='grc' dir='ltr'>ποιούμενος</span> <span class='ocrx_word' id='word_1_61' title='bbox 2863 743 3116 815; x_wconf 87' lang='grc' dir='ltr'>πρόνοιαν</span> <span class='ocrx_word' id='word_1_62' title='bbox 3135 780 3152 807; x_wconf 92' lang='grc'><strong>,</strong></span> <span class='ocrx_word' id='word_1_63' title='bbox 3203 740 3303 793; x_wconf 82' lang='grc' dir='ltr'><strong>οὐκ</strong></span> <span class='ocrx_word' id='word_1_64' title='bbox 3353 728 3721 808; x_wconf 76' lang='grc' dir='ltr'>ὲνερρᾳθύμει</span> 
     </span>
    </p>
   </div>
   <div class='ocr_carea' id='block_1_12' title="bbox 484 843 739 900">
    <p class='ocr_par' dir='ltr' id='par_1_12' title="bbox 484 843 739 900">
     <span class='ocr_line' id='line_1_12' title="bbox 484 843 739 900; baseline -0.004 -2"><span class='ocrx_word' id='word_1_65' title='bbox 484 843 739 900; x_wconf 83' lang='lat' dir='ltr'><strong>cessavit.</strong></span> 
     </span>
    </p>
   </div>
   <div class='ocr_carea' id='block_1_13' title="bbox 2143 826 3723 911">
    <p class='ocr_par' dir='ltr' id='par_1_13' title="bbox 2143 826 3723 911">
     <span class='ocr_line' id='line_1_13' title="bbox 2143 826 3723 911; baseline -0.011 -18"><span class='ocrx_word' id='word_1_66' title='bbox 2143 839 2363 895; x_wconf 84' lang='grc' dir='ltr'><strong>διώκειν</strong></span> <span class='ocrx_word' id='word_1_67' title='bbox 2409 840 2498 894; x_wconf 75' lang='grc' dir='ltr'><strong>τὸν</strong></span> <span class='ocrx_word' id='word_1_68' title='bbox 2530 839 2851 911; x_wconf 83' lang='grc' dir='ltr'>πικρότερον</span> <span class='ocrx_word' id='word_1_69' title='bbox 2879 836 3045 890; x_wconf 85' lang='grc' dir='ltr'>λύκου</span> <span class='ocrx_word' id='word_1_70' title='bbox 3098 833 3161 887; x_wconf 79' lang='grc' dir='ltr'>τὸ</span> <span class='ocrx_word' id='word_1_71' title='bbox 3192 830 3442 902; x_wconf 84' lang='grc' dir='ltr'><strong>ποίμνιον</strong></span> <span class='ocrx_word' id='word_1_72' title='bbox 3484 826 3723 879; x_wconf 80' lang='grc' dir='ltr'>διασπα-</span> 
     </span>
    </p>
   </div>
   <div class='ocr_carea' id='block_1_14' title="bbox 2144 916 2842 1002">
    <p class='ocr_par' dir='ltr' id='par_1_14' title="bbox 2144 916 2842 1002">
     <span class='ocr_line' id='line_1_14' title="bbox 2144 916 2842 1002; baseline -0.006 -18"><span class='ocrx_word' id='word_1_73' title='bbox 2144 931 2364 1002; x_wconf 86' lang='grc' dir='ltr'>ράσσειν</span> <span class='ocrx_word' id='word_1_74' title='bbox 2398 916 2842 1000; x_wconf 72' lang='grc' dir='ltr'>ἐπανιστάμενον.</span> 
     </span>
    </p>
   </div>
   <div class='ocr_carea' id='block_1_15' title="bbox 1774 1021 2344 1094">
    <p class='ocr_par' dir='ltr' id='par_1_15' title="bbox 1774 1021 2344 1094">
     <span class='ocr_line' id='line_1_15' title="bbox 1774 1021 2344 1094; baseline 0.007 -18"><span class='ocrx_word' id='word_1_75' title='bbox 1774 1021 1844 1077; x_wconf 85' lang='lat' dir='ltr'><strong>Et</strong></span> <span class='ocrx_word' id='word_1_76' title='bbox 1863 1024 2025 1094; x_wconf 82' lang='lat' dir='ltr'><strong>infra,</strong></span> <span class='ocrx_word' id='word_1_77' title='bbox 2049 1040 2171 1094; x_wconf 85' lang='lat' dir='ltr'><strong>pag.</strong></span> <span class='ocrx_word' id='word_1_78' title='bbox 2199 1025 2304 1079; x_wconf 78' lang='lat'><strong>358</strong></span> <span class='ocrx_word' id='word_1_79' title='bbox 2329 1043 2344 1080; x_wconf 91' lang='lat'><strong>:</strong></span> 
     </span>
    </p>
   </div>
   <div class='ocr_carea' id='block_1_16' title="bbox 552 1116 2052 1188">
    <p class='ocr_par' dir='ltr' id='par_1_16' title="bbox 552 1116 2052 1188">
     <span class='ocr_line' id='line_1_16' title="bbox 552 1116 2052 1188; baseline -0.004 -14"><span class='ocrx_word' id='word_1_80' title='bbox 552 1116 654 1174; x_wconf 81' lang='lat' dir='ltr'><strong>Hic</strong></span> <span class='ocrx_word' id='word_1_81' title='bbox 706 1117 893 1188; x_wconf 83' lang='lat' dir='ltr'><strong>itaque</strong></span> <span class='ocrx_word' id='word_1_82' title='bbox 937 1117 1123 1174; x_wconf 80' lang='lat' dir='ltr'><strong>Manes</strong></span> <span class='ocrx_word' id='word_1_83' title='bbox 1172 1126 1285 1173; x_wconf 85' lang='lat' dir='ltr'><strong>tam‘</strong></span> <span class='ocrx_word' id='word_1_84' title='bbox 1319 1117 1500 1187; x_wconf 70' lang='lat' dir='ltr'><strong>impize</strong></span> <span class='ocrx_word' id='word_1_85' title='bbox 1543 1116 1811 1173; x_wconf 64' lang='lat' dir='ltr'><strong>haereseos</strong></span> <span class='ocrx_word' id='word_1_86' title='bbox 1862 1126 2052 1169; x_wconf 88' lang='lat' dir='ltr'><strong>auctor</strong></span> 
     </span>
    </p>
   </div>
   <div class='ocr_carea' id='block_1_17' title="bbox 484 1206 2051 1278">
    <p class='ocr_par' dir='ltr' id='par_1_17' title="bbox 484 1206 2051 1278">
     <span class='ocr_line' id='line_1_17' title="bbox 484 1206 2051 1278; baseline -0.004 -13"><span class='ocrx_word' id='word_1_87' title='bbox 484 1225 631 1265; x_wconf 92' lang='lat' dir='ltr'><strong>nono</strong></span> <span class='ocrx_word' id='word_1_88' title='bbox 658 1224 803 1264; x_wconf 92' lang='lat' dir='ltr'><strong>anno</strong></span> <span class='ocrx_word' id='word_1_89' title='bbox 833 1207 1106 1264; x_wconf 84' lang='lat' dir='ltr'><strong>Valeriani</strong></span> <span class='ocrx_word' id='word_1_90' title='bbox 1137 1218 1191 1263; x_wconf 94' lang='lat' dir='ltr'><strong>et</strong></span> <span class='ocrx_word' id='word_1_91' title='bbox 1217 1208 1466 1275; x_wconf 86' lang='lat' dir='ltr'><strong>Gallieni,</strong></span> <span class='ocrx_word' id='word_1_92' title='bbox 1501 1207 1591 1278; x_wconf 87' lang='lat' dir='ltr'><strong>qui</strong></span> <span class='ocrx_word' id='word_1_93' title='bbox 1625 1206 1926 1261; x_wconf 79' lang='lat' dir='ltr'><strong>Romanum</strong></span> <span class='ocrx_word' id='word_1_94' title='bbox 1954 1206 2051 1260; x_wconf 86' lang='lat' dir='ltr'><strong>ob-</strong></span> 
     </span>
    </p>
   </div>
   <div class='ocr_carea' id='block_1_18' title="bbox 479 1294 2052 1366">
    <p class='ocr_par' dir='ltr' id='par_1_18' title="bbox 479 1294 2052 1366">
     <span class='ocr_line' id='line_1_18' title="bbox 479 1294 2052 1366; baseline 0 -17"><span class='ocrx_word' id='word_1_95' title='bbox 479 1297 729 1351; x_wconf 88' lang='lat' dir='ltr'><strong>tinebant</strong></span> <span class='ocrx_word' id='word_1_96' title='bbox 752 1297 1067 1366; x_wconf 89' lang='lat' dir='ltr'><strong>imperium,</strong></span> <span class='ocrx_word' id='word_1_97' title='bbox 1100 1312 1165 1352; x_wconf 82' lang='lat' dir='ltr'><strong>ex</strong></span> <span class='ocrx_word' id='word_1_98' title='bbox 1188 1296 1480 1353; x_wconf 85' lang='lat' dir='ltr'><strong>Persarum</strong></span> <span class='ocrx_word' id='word_1_99' title='bbox 1503 1296 1814 1351; x_wconf 84' lang='lat' dir='ltr'><strong>carceribus</strong></span> <span class='ocrx_word' id='word_1_100' title='bbox 1840 1294 2052 1365; x_wconf 83' lang='lat' dir='ltr'><strong>fugiens</strong></span> 
     </span>
    </p>
   </div>
   <div class='ocr_carea' id='block_1_19' title="bbox 480 1387 2052 1459">
    <p class='ocr_par' dir='ltr' id='par_1_19' title="bbox 480 1387 2052 1459">
     <span class='ocr_line' id='line_1_19' title="bbox 480 1387 2052 1459; baseline 0 -18"><span class='ocrx_word' id='word_1_101' title='bbox 480 1387 582 1456; x_wconf 90' lang='lat' dir='ltr'><strong>(nil</strong></span> <span class='ocrx_word' id='word_1_102' title='bbox 610 1387 755 1442; x_wconf 93' lang='lat' dir='ltr'><strong>enim</strong></span> <span class='ocrx_word' id='word_1_103' title='bbox 785 1396 969 1453; x_wconf 88' lang='lat' dir='ltr'><strong>vetat,</strong></span> <span class='ocrx_word' id='word_1_104' title='bbox 1021 1389 1317 1458; x_wconf 84' lang='lat' dir='ltr'><strong>quominus</strong></span> <span class='ocrx_word' id='word_1_105' title='bbox 1366 1403 1429 1444; x_wconf 86' lang='lat' dir='ltr'><strong>ea</strong></span> <span class='ocrx_word' id='word_1_106' title='bbox 1458 1402 1851 1459; x_wconf 86' lang='lat' dir='ltr'><strong>persequamur</strong></span> <span class='ocrx_word' id='word_1_107' title='bbox 1876 1428 1891 1453; x_wconf 97' lang='lat'><strong>,</strong></span> <span class='ocrx_word' id='word_1_108' title='bbox 1931 1402 2052 1455; x_wconf 66' lang='lat' dir='ltr'><strong>qum</strong></span> 
     </span>
    </p>
   </div>
   <div class='ocr_carea' id='block_1_20' title="bbox 480 1477 2056 1550">
    <p class='ocr_par' dir='ltr' id='par_1_20' title="bbox 480 1477 2056 1550">
     <span class='ocr_line' id='line_1_20' title="bbox 480 1477 2056 1550; baseline 0.001 -17"><span class='ocrx_word' id='word_1_109' title='bbox 480 1494 649 1548; x_wconf 81' lang='lat' dir='ltr'><strong>supra</strong></span> <span class='ocrx_word' id='word_1_110' title='bbox 680 1479 928 1535; x_wconf 84' lang='lat' dir='ltr'><strong>historiae</strong></span> <span class='ocrx_word' id='word_1_111' title='bbox 954 1481 1217 1536; x_wconf 90' lang='lat' dir='ltr'><strong>decursus</strong></span> <span class='ocrx_word' id='word_1_112' title='bbox 1246 1479 1609 1550; x_wconf 70' lang='lat' dir='ltr'><strong>praetermisit)</strong></span> <span class='ocrx_word' id='word_1_113' title='bbox 1641 1495 1762 1534; x_wconf 92' lang='lat' dir='ltr'><strong>cum</strong></span> <span class='ocrx_word' id='word_1_114' title='bbox 1797 1479 1851 1532; x_wconf 93' lang='lat' dir='ltr'><strong>in</strong></span> <span class='ocrx_word' id='word_1_115' title='bbox 1879 1477 2056 1534; x_wconf 78' lang='lat' dir='ltr'><strong>Meso-</strong></span> 
     </span>
    </p>
   </div>
   <div class='ocr_carea' id='block_1_21' title="bbox 478 1567 2050 1641">
    <p class='ocr_par' dir='ltr' id='par_1_21' title="bbox 478 1567 2050 1641">
     <span class='ocr_line' id='line_1_21' title="bbox 478 1567 2050 1641; baseline -0.001 -18"><span class='ocrx_word' id='word_1_116' title='bbox 478 1570 776 1640; x_wconf 81' lang='lat' dir='ltr'><strong>potamiam</strong></span> <span class='ocrx_word' id='word_1_117' title='bbox 810 1570 1087 1636; x_wconf 90' lang='lat' dir='ltr'><strong>venisset,</strong></span> <span class='ocrx_word' id='word_1_118' title='bbox 1121 1587 1151 1627; x_wconf 78' lang='grc' dir='ltr'>ιι</span> <span class='ocrx_word' id='word_1_119' title='bbox 1180 1570 1366 1625; x_wconf 89' lang='lat' dir='ltr'><strong>divino</strong></span> <span class='ocrx_word' id='word_1_120' title='bbox 1393 1570 1660 1625; x_wconf 84' lang='lat' dir='ltr'><strong>Archelao</strong></span> <span class='ocrx_word' id='word_1_121' title='bbox 1707 1567 1846 1641; x_wconf 88' lang='lat' dir='ltr'><strong>(erat</strong></span> <span class='ocrx_word' id='word_1_122' title='bbox 1870 1578 2050 1623; x_wconf 91' lang='lat' dir='ltr'><strong>autem</strong></span> 
     </span>
    </p>
   </div>
   <div class='ocr_carea' id='block_1_22' title="bbox 480 1660 2052 1732">
    <p class='ocr_par' dir='ltr' id='par_1_22' title="bbox 480 1660 2052 1732">
     <span class='ocr_line' id='line_1_22' title="bbox 480 1660 2052 1732; baseline -0.002 -15"><span class='ocrx_word' id='word_1_123' title='bbox 480 1677 638 1717; x_wconf 88' lang='lat' dir='ltr'><strong>sacer</strong></span> <span class='ocrx_word' id='word_1_124' title='bbox 663 1662 766 1717; x_wconf 90' lang='lat' dir='ltr'><strong>iste</strong></span> <span class='ocrx_word' id='word_1_125' title='bbox 800 1662 883 1717; x_wconf 86' lang='lat' dir='ltr'><strong>vir</strong></span> <span class='ocrx_word' id='word_1_126' title='bbox 908 1660 1311 1718; x_wconf 88' lang='lat' dir='ltr'><strong>Carcbarorum</strong></span> <span class='ocrx_word' id='word_1_127' title='bbox 1353 1662 1601 1732; x_wconf 76' lang='lat' dir='ltr'><strong>ejusdem</strong></span> <span class='ocrx_word' id='word_1_128' title='bbox 1633 1661 1870 1731; x_wconf 83' lang='lat' dir='ltr'><strong>regionis</strong></span> <span class='ocrx_word' id='word_1_129' title='bbox 1901 1661 2052 1716; x_wconf 89' lang='lat' dir='ltr'><strong>urbis</strong></span> 
     </span>
    </p>
   </div>
   <div class='ocr_carea' id='block_1_23' title="bbox 2237 1105 3726 1188">
    <p class='ocr_par' dir='ltr' id='par_1_23' title="bbox 2237 1105 3726 1188">
     <span class='ocr_line' id='line_1_23' title="bbox 2237 1105 3726 1188; baseline -0.009 -18"><span class='ocrx_word' id='word_1_130' title='bbox 2237 1117 2296 1170; x_wconf 84' lang='grc' dir='ltr'>Ὀ</span> <span class='ocrx_word' id='word_1_131' title='bbox 2330 1117 2429 1188; x_wconf 84' lang='grc' dir='ltr'>μὲν</span> <span class='ocrx_word' id='word_1_132' title='bbox 2454 1111 2547 1169; x_wconf 80' lang='grc' dir='ltr'>οὖν</span> <span class='ocrx_word' id='word_1_133' title='bbox 2572 1115 2764 1186; x_wconf 84' lang='grc' dir='ltr'>Μάνης</span> <span class='ocrx_word' id='word_1_134' title='bbox 2799 1107 2972 1179; x_wconf 76' lang='grc' dir='ltr'>οὗτος,</span> <span class='ocrx_word' id='word_1_135' title='bbox 3021 1114 3050 1166; x_wconf 85' lang='grc' dir='ltr'><strong>ό</strong></span> <span class='ocrx_word' id='word_1_136' title='bbox 3076 1111 3174 1182; x_wconf 76' lang='grc' dir='ltr'>τῆς</span> <span class='ocrx_word' id='word_1_137' title='bbox 3227 1106 3559 1178; x_wconf 74' lang='grc' dir='ltr'><strong>τηλικαύτης</strong></span> <span class='ocrx_word' id='word_1_138' title='bbox 3581 1105 3726 1159; x_wconf 64' lang='lat' dir='ltr'><strong>arto-</strong></span> 
     </span>
    </p>
   </div>
   <div class='ocr_carea' id='block_1_24' title="bbox 2159 1196 3730 1279">
    <p class='ocr_par' dir='ltr' id='par_1_24' title="bbox 2159 1196 3730 1279">
     <span class='ocr_line' id='line_1_24' title="bbox 2159 1196 3730 1279; baseline -0.008 -19"><span class='ocrx_word' id='word_1_139' title='bbox 2159 1207 2383 1270; x_wconf 87' lang='grc' dir='ltr'>στασίας</span> <span class='ocrx_word' id='word_1_140' title='bbox 2409 1206 2653 1279; x_wconf 75' lang='grc' dir='ltr'>ἔξαρχος,</span> <span class='ocrx_word' id='word_1_141' title='bbox 2714 1205 2824 1271; x_wconf 80' lang='grc' dir='ltr'>ἔτει</span> <span class='ocrx_word' id='word_1_142' title='bbox 2850 1205 2949 1276; x_wconf 74' lang='grc' dir='ltr'>τῆς</span> <span class='ocrx_word' id='word_1_143' title='bbox 2985 1201 3259 1273; x_wconf 86' lang='grc' dir='ltr'>βασιλείας</span> <span class='ocrx_word' id='word_1_144' title='bbox 3296 1199 3499 1269; x_wconf 76' lang='grc' dir='ltr'>ὲννάτῳ</span> <span class='ocrx_word' id='word_1_145' title='bbox 3521 1196 3730 1249; x_wconf 79' lang='grc' dir='ltr'>Οὐαλε-</span> 
     </span>
    </p>
   </div>
   <div class='ocr_carea' id='block_1_25' title="bbox 2160 1286 3730 1369">
    <p class='ocr_par' dir='ltr' id='par_1_25' title="bbox 2160 1286 3730 1369">
     <span class='ocr_line' id='line_1_25' title="bbox 2160 1286 3730 1369; baseline -0.007 -19"><span class='ocrx_word' id='word_1_146' title='bbox 2160 1296 2343 1368; x_wconf 86' lang='grc' dir='ltr'>ριανοῦ</span> <span class='ocrx_word' id='word_1_147' title='bbox 2373 1299 2467 1351; x_wconf 69' lang='grc' dir='ltr'><strong>καῖ¹</strong></span> <span class='ocrx_word' id='word_1_148' title='bbox 2494 1292 2811 1369; x_wconf 83' lang='grc' dir='ltr'>Γαλλιηνοῦ,</span> <span class='ocrx_word' id='word_1_149' title='bbox 2836 1295 2886 1349; x_wconf 86' lang='grc' dir='ltr'><strong>οῖ</strong></span> <span class='ocrx_word' id='word_1_150' title='bbox 2922 1293 3139 1364; x_wconf 83' lang='grc' dir='ltr'><strong>Ῥώμης</strong></span> <span class='ocrx_word' id='word_1_151' title='bbox 3186 1288 3328 1363; x_wconf 79' lang='grc' dir='ltr'>εἶχον</span> <span class='ocrx_word' id='word_1_152' title='bbox 3361 1289 3422 1343; x_wconf 77' lang='grc' dir='ltr'>τὸ</span> <span class='ocrx_word' id='word_1_153' title='bbox 3458 1286 3730 1359; x_wconf 84' lang='grc' dir='ltr'>βασίλειον</span> 
     </span>
    </p>
   </div>
   <div class='ocr_carea' id='block_1_26' title="bbox 2156 1378 3728 1460">
    <p class='ocr_par' dir='ltr' id='par_1_26' title="bbox 2156 1378 3728 1460">
     <span class='ocr_line' id='line_1_26' title="bbox 2156 1378 3728 1460; baseline -0.009 -17"><span class='ocrx_word' id='word_1_154' title='bbox 2156 1389 2377 1460; x_wconf 86' lang='grc' dir='ltr'>κράτος,</span> <span class='ocrx_word' id='word_1_155' title='bbox 2410 1387 2510 1459; x_wconf 76' lang='grc' dir='ltr'><strong>τὴν</strong></span> <span class='ocrx_word' id='word_1_156' title='bbox 2540 1390 2608 1441; x_wconf 70' lang='grc' dir='ltr'><strong>ὲν</strong></span> <span class='ocrx_word' id='word_1_157' title='bbox 2662 1387 2901 1457; x_wconf 76' lang='grc' dir='ltr'><strong>Πέρσαις</strong></span> <span class='ocrx_word' id='word_1_158' title='bbox 2948 1383 3191 1455; x_wconf 64' lang='grc' dir='ltr'>φιῡιακὴν</span> <span class='ocrx_word' id='word_1_159' title='bbox 3223 1379 3501 1453; x_wconf 78' lang='grc' dir='ltr'>διαφυγὼν</span> <span class='ocrx_word' id='word_1_160' title='bbox 3550 1378 3728 1449; x_wconf 71' lang='grc' dir='ltr'>(οὐδὲν</span> 
     </span>
    </p>
   </div>
   <div class='ocr_carea' id='block_1_27' title="bbox 2156 1469 3730 1550">
    <p class='ocr_par' dir='ltr' id='par_1_27' title="bbox 2156 1469 3730 1550">
     <span class='ocr_line' id='line_1_27' title="bbox 2156 1469 3730 1550; baseline -0.007 -18"><span class='ocrx_word' id='word_1_161' title='bbox 2156 1479 2266 1550; x_wconf 80' lang='grc' dir='ltr'><strong>γάρ</strong></span> <span class='ocrx_word' id='word_1_162' title='bbox 2293 1478 2490 1534; x_wconf 85' lang='grc' dir='ltr'><strong>κωλύει</strong></span> <span class='ocrx_word' id='word_1_163' title='bbox 2519 1478 2747 1533; x_wconf 81' lang='grc' dir='ltr'><strong>διελθεῖν</strong></span> <span class='ocrx_word' id='word_1_164' title='bbox 2770 1476 2807 1531; x_wconf 79' lang='grc' dir='ltr'><strong>ά</strong></span> <span class='ocrx_word' id='word_1_165' title='bbox 2829 1477 2929 1547; x_wconf 81' lang='grc' dir='ltr'>τῆς</span> <span class='ocrx_word' id='word_1_166' title='bbox 2961 1476 3200 1549; x_wconf 85' lang='grc' dir='ltr'><strong>ἱστορίας</strong></span> <span class='ocrx_word' id='word_1_167' title='bbox 3225 1477 3253 1528; x_wconf 86' lang='grc' dir='ltr'>ὁ</span> <span class='ocrx_word' id='word_1_168' title='bbox 3289 1473 3486 1545; x_wconf 84' lang='grc' dir='ltr'>δρόμος</span> <span class='ocrx_word' id='word_1_169' title='bbox 3511 1469 3730 1539; x_wconf 72' lang='grc' dir='ltr'>παρῆλ-</span> 
     </span>
    </p>
   </div>
   <div class='ocr_carea' id='block_1_28' title="bbox 2157 1561 3732 1642">
    <p class='ocr_par' dir='ltr' id='par_1_28' title="bbox 2157 1561 3732 1642">
     <span class='ocr_line' id='line_1_28' title="bbox 2157 1561 3732 1642; baseline -0.008 -17"><span class='ocrx_word' id='word_1_170' title='bbox 2157 1570 2249 1625; x_wconf 86' lang='grc' dir='ltr'>θεν</span> <span class='ocrx_word' id='word_1_171' title='bbox 2273 1569 2520 1641; x_wconf 81' lang='grc' dir='ltr'>ἇνωθεν),</span> <span class='ocrx_word' id='word_1_172' title='bbox 2553 1569 2646 1625; x_wconf 73' lang='grc' dir='ltr'><strong>καὶ</strong></span> <span class='ocrx_word' id='word_1_173' title='bbox 2674 1569 2813 1642; x_wconf 83' lang='grc' dir='ltr'><strong>μετά</strong></span> <span class='ocrx_word' id='word_1_174' title='bbox 2882 1565 3307 1637; x_wconf 81' lang='grc' dir='ltr'>Μεσοποταμίαν</span> <span class='ocrx_word' id='word_1_175' title='bbox 3331 1561 3587 1634; x_wconf 81' lang='grc' dir='ltr'>γεγονὼς,</span> <span class='ocrx_word' id='word_1_176' title='bbox 3623 1561 3732 1614; x_wconf 78' lang='grc' dir='ltr'>ὑπὸ</span> 
     </span>
    </p>
   </div>
   <div class='ocr_carea' id='block_1_29' title="bbox 2154 1653 3733 1733">
    <p class='ocr_par' dir='ltr' id='par_1_29' title="bbox 2154 1653 3733 1733">
     <span class='ocr_line' id='line_1_29' title="bbox 2154 1653 3733 1733; baseline -0.006 -19"><span class='ocrx_word' id='word_1_177' title='bbox 2154 1660 2212 1714; x_wconf 79' lang='grc' dir='ltr'>δὲ</span> <span class='ocrx_word' id='word_1_178' title='bbox 2243 1661 2335 1714; x_wconf 73' lang='grc' dir='ltr'>τοῦ</span> <span class='ocrx_word' id='word_1_179' title='bbox 2362 1661 2647 1715; x_wconf 85' lang='grc' dir='ltr'>θεσπεσίου</span> <span class='ocrx_word' id='word_1_180' title='bbox 2689 1659 2980 1733; x_wconf 82' lang='grc' dir='ltr'>Ἀρχελάου</span> <span class='ocrx_word' id='word_1_181' title='bbox 3023 1658 3351 1731; x_wconf 82' lang='grc' dir='ltr'>(Καρχάρων</span> <span class='ocrx_word' id='word_1_182' title='bbox 3398 1655 3454 1708; x_wconf 82' lang='grc' dir='ltr'>δὲ</span> <span class='ocrx_word' id='word_1_183' title='bbox 3504 1655 3602 1723; x_wconf 73' lang='grc' dir='ltr'>τῆς</span> <span class='ocrx_word' id='word_1_184' title='bbox 3631 1653 3733 1706; x_wconf 78' lang='grc' dir='ltr'>αὐ-</span> 
     </span>
    </p>
   </div>
   <div class='ocr_carea' id='block_1_30' title="bbox 478 1743 2053 1825">
    <p class='ocr_par' dir='ltr' id='par_1_30' title="bbox 478 1751 2053 1825">
     <span class='ocr_line' id='line_1_30' title="bbox 478 1751 2053 1825; baseline -0.001 -18"><span class='ocrx_word' id='word_1_185' title='bbox 478 1751 809 1825; x_wconf 90' lang='lat' dir='ltr'><strong>episcopus)</strong></span> <span class='ocrx_word' id='word_1_186' title='bbox 864 1752 984 1822; x_wconf 83' lang='lat' dir='ltr'><strong>eius</strong></span> <span class='ocrx_word' id='word_1_187' title='bbox 1039 1752 1292 1822; x_wconf 89' lang='lat' dir='ltr'><strong>impietas</strong></span> <span class='ocrx_word' id='word_1_188' title='bbox 1347 1751 1560 1824; x_wconf 78' lang='lat' dir='ltr'><strong>egregie</strong></span> <span class='ocrx_word' id='word_1_189' title='bbox 1610 1751 2053 1821; x_wconf 89' lang='lat' dir='ltr'><strong>abundanterque</strong></span> 
     </span>
    </p>
   </div>
   <div class='ocr_carea' id='block_1_31' title="bbox 2158 1743 3732 1825">
    <p class='ocr_par' dir='ltr' id='par_1_31' title="bbox 2158 1743 3732 1825">
     <span class='ocr_line' id='line_1_31' title="bbox 2158 1743 3732 1825; baseline -0.012 -8"><span class='ocrx_word' id='word_1_190' title='bbox 2158 1753 2255 1823; x_wconf 77' lang='grc' dir='ltr'><strong>τῆς</strong></span> <span class='ocrx_word' id='word_1_191' title='bbox 2279 1751 2461 1825; x_wconf 79' lang='grc' dir='ltr'>χώρας</span> <span class='ocrx_word' id='word_1_192' title='bbox 2490 1748 2642 1817; x_wconf 74' lang='grc' dir='ltr'>οὗτος</span> <span class='ocrx_word' id='word_1_193' title='bbox 2665 1754 2693 1807; x_wconf 87' lang='grc' dir='ltr'>ὁ</span> <span class='ocrx_word' id='word_1_194' title='bbox 2727 1753 2873 1825; x_wconf 80' lang='grc' dir='ltr'>ἱερὸς</span> <span class='ocrx_word' id='word_1_195' title='bbox 2918 1751 3059 1824; x_wconf 77' lang='grc' dir='ltr'>ἀνὴρ</span> <span class='ocrx_word' id='word_1_196' title='bbox 3094 1751 3284 1821; x_wconf 77' lang='grc' dir='ltr'>ἔφορος</span> <span class='ocrx_word' id='word_1_197' title='bbox 3331 1743 3450 1820; x_wconf 77' lang='grc' dir='ltr'><strong>ἦν),</strong></span> <span class='ocrx_word' id='word_1_198' title='bbox 3497 1746 3732 1809; x_wconf 74' lang='grc' dir='ltr'>πολλοὺς</span> 
     </span>
    </p>
   </div>
   <div class='ocr_carea' id='block_1_32' title="bbox 478 1842 2050 1913">
    <p class='ocr_par' dir='ltr' id='par_1_32' title="bbox 478 1842 2050 1913">
     <span class='ocr_line' id='line_1_32' title="bbox 478 1842 2050 1913; baseline -0.001 -16"><span class='ocrx_word' id='word_1_199' title='bbox 478 1843 760 1898; x_wconf 77' lang='lat' dir='ltr'><strong>confutata</strong></span> <span class='ocrx_word' id='word_1_200' title='bbox 784 1851 886 1899; x_wconf 90' lang='lat' dir='ltr'><strong>est.</strong></span> <span class='ocrx_word' id='word_1_201' title='bbox 922 1842 1097 1913; x_wconf 83' lang='lat' dir='ltr'><strong>Atque</strong></span> <span class='ocrx_word' id='word_1_202' title='bbox 1124 1842 1270 1909; x_wconf 87' lang='lat' dir='ltr'><strong>inde,</strong></span> <span class='ocrx_word' id='word_1_203' title='bbox 1306 1843 1582 1912; x_wconf 89' lang='lat' dir='ltr'><strong>insperato</strong></span> <span class='ocrx_word' id='word_1_204' title='bbox 1608 1842 1849 1898; x_wconf 80' lang='lat' dir='ltr'><strong>suffusus</strong></span> <span class='ocrx_word' id='word_1_205' title='bbox 1876 1843 2050 1913; x_wconf 91' lang='lat' dir='ltr'><strong>pudo-</strong></span> 
     </span>
    </p>
   </div>
   <div class='ocr_carea' id='block_1_33' title="bbox 481 1932 2053 2006">
    <p class='ocr_par' dir='ltr' id='par_1_33' title="bbox 481 1932 2053 2006">
     <span class='ocr_line' id='line_1_33' title="bbox 481 1932 2053 2006; baseline -0.001 -17"><span class='ocrx_word' id='word_1_206' title='bbox 481 1951 562 2001; x_wconf 89' lang='lat' dir='ltr'><strong>re,</strong></span> <span class='ocrx_word' id='word_1_207' title='bbox 597 1933 830 2006; x_wconf 77' lang='lat' dir='ltr'><strong>fugiens,</strong></span> <span class='ocrx_word' id='word_1_208' title='bbox 860 1934 928 1989; x_wconf 90' lang='lat' dir='ltr'><strong>ad</strong></span> <span class='ocrx_word' id='word_1_209' title='bbox 962 1934 1236 1989; x_wconf 90' lang='lat' dir='ltr'><strong>Dioridem</strong></span> <span class='ocrx_word' id='word_1_210' title='bbox 1267 1932 1668 1989; x_wconf 85' lang='lat' dir='ltr'><strong>Carcbarorum</strong></span> <span class='ocrx_word' id='word_1_211' title='bbox 1699 1934 1937 2004; x_wconf 77' lang='lat' dir='ltr'><strong>regionis</strong></span> <span class='ocrx_word' id='word_1_212' title='bbox 1962 1948 2053 2002; x_wconf 90' lang='lat' dir='ltr'><strong>op-</strong></span> 
     </span>
    </p>
   </div>
   <div class='ocr_carea' id='block_1_34' title="bbox 481 2023 2048 2096">
    <p class='ocr_par' dir='ltr' id='par_1_34' title="bbox 481 2023 2048 2096">
     <span class='ocr_line' id='line_1_34' title="bbox 481 2023 2048 2096; baseline -0.001 -17"><span class='ocrx_word' id='word_1_213' title='bbox 481 2027 669 2096; x_wconf 83' lang='lat' dir='ltr'><strong>pidum</strong></span> <span class='ocrx_word' id='word_1_214' title='bbox 696 2025 837 2080; x_wconf 90' lang='lat' dir='ltr'><strong>clam</strong></span> <span class='ocrx_word' id='word_1_215' title='bbox 860 2025 1129 2092; x_wconf 82' lang='lat' dir='ltr'><strong>accessit,</strong></span> <span class='ocrx_word' id='word_1_216' title='bbox 1184 2024 1275 2079; x_wconf 91' lang='lat' dir='ltr'><strong>ubi</strong></span> <span class='ocrx_word' id='word_1_217' title='bbox 1302 2025 1355 2078; x_wconf 91' lang='lat' dir='ltr'><strong>in</strong></span> <span class='ocrx_word' id='word_1_218' title='bbox 1384 2023 1730 2096; x_wconf 69' lang='lat' dir='ltr'><strong>Tryphonem</strong></span> <span class='ocrx_word' id='word_1_219' title='bbox 1759 2024 2048 2095; x_wconf 89' lang='lat' dir='ltr'><strong>quemdam</strong></span> 
     </span>
    </p>
   </div>
   <div class='ocr_carea' id='block_1_35' title="bbox 481 2103 2052 2187">
    <p class='ocr_par' dir='ltr' id='par_1_35' title="bbox 481 2103 2052 2187">
     <span class='ocr_line' id='line_1_35' title="bbox 481 2103 2052 2187; baseline -0.002 -15"><span class='ocrx_word' id='word_1_220' title='bbox 481 2131 702 2172; x_wconf 89' lang='lat' dir='ltr'><strong>sacrum</strong></span> <span class='ocrx_word' id='word_1_221' title='bbox 733 2117 1131 2187; x_wconf 88' lang='lat' dir='ltr'><strong>probatumque</strong></span> <span class='ocrx_word' id='word_1_222' title='bbox 1155 2116 1332 2170; x_wconf 90' lang='lat' dir='ltr'><strong>virum</strong></span> <span class='ocrx_word' id='word_1_223' title='bbox 1364 2103 1497 2170; x_wconf 78' lang='lat' dir='ltr'><strong>etin</strong></span> <span class='ocrx_word' id='word_1_224' title='bbox 1533 2115 1851 2187; x_wconf 84' lang='lat' dir='ltr'><strong>presbyterii</strong></span> <span class='ocrx_word' id='word_1_225' title='bbox 1881 2115 2052 2186; x_wconf 85' lang='lat' dir='ltr'><strong>gradu</strong></span> 
     </span>
    </p>
   </div>
   <div class='ocr_carea' id='block_1_36' title="bbox 479 2206 2056 2278">
    <p class='ocr_par' dir='ltr' id='par_1_36' title="bbox 479 2206 2056 2278">
     <span class='ocr_line' id='line_1_36' title="bbox 479 2206 2056 2278; baseline 0 -16"><span class='ocrx_word' id='word_1_226' title='bbox 479 2208 723 2278; x_wconf 88' lang='lat' dir='ltr'><strong>positum</strong></span> <span class='ocrx_word' id='word_1_227' title='bbox 757 2207 1025 2271; x_wconf 88' lang='lat' dir='ltr'><strong>incidens,</strong></span> <span class='ocrx_word' id='word_1_228' title='bbox 1052 2222 1159 2260; x_wconf 92' lang='lat' dir='ltr'><strong>non</strong></span> <span class='ocrx_word' id='word_1_229' title='bbox 1191 2207 1457 2261; x_wconf 86' lang='lat' dir='ltr'><strong>minorem</strong></span> <span class='ocrx_word' id='word_1_230' title='bbox 1483 2206 1835 2275; x_wconf 79' lang='lat' dir='ltr'><strong>ignominiam</strong></span> <span class='ocrx_word' id='word_1_231' title='bbox 1868 2216 2056 2277; x_wconf 89' lang='lat' dir='ltr'><strong>pertu-</strong></span> 
     </span>
    </p>
   </div>
   <div class='ocr_carea' id='block_1_37' title="bbox 480 2299 2056 2370">
    <p class='ocr_par' dir='ltr' id='par_1_37' title="bbox 480 2299 2056 2370">
     <span class='ocr_line' id='line_1_37' title="bbox 480 2299 2056 2370; baseline 0.002 -16"><span class='ocrx_word' id='word_1_232' title='bbox 480 2300 556 2355; x_wconf 85' lang='lat' dir='ltr'><strong>lit.</strong></span> <span class='ocrx_word' id='word_1_233' title='bbox 602 2300 743 2367; x_wconf 87' lang='lat' dir='ltr'><strong>Quin</strong></span> <span class='ocrx_word' id='word_1_234' title='bbox 774 2309 830 2356; x_wconf 92' lang='lat' dir='ltr'><strong>et</strong></span> <span class='ocrx_word' id='word_1_235' title='bbox 858 2300 973 2370; x_wconf 85' lang='lat' dir='ltr'><strong>ipse</strong></span> <span class='ocrx_word' id='word_1_236' title='bbox 996 2299 1297 2356; x_wconf 85' lang='lat' dir='ltr'><strong>Archelaus</strong></span> <span class='ocrx_word' id='word_1_237' title='bbox 1318 2299 1588 2356; x_wconf 82' lang='lat' dir='ltr'><strong>Manetem</strong></span> <span class='ocrx_word' id='word_1_238' title='bbox 1622 2300 1751 2356; x_wconf 91' lang='lat' dir='ltr'><strong>illuc</strong></span> <span class='ocrx_word' id='word_1_239' title='bbox 1769 2302 2056 2357; x_wconf 83' lang='lat' dir='ltr'><strong>advenisse</strong></span> 
     </span>
    </p>
   </div>
   <div class='ocr_carea' id='block_1_38' title="bbox 479 2389 2057 2463">
    <p class='ocr_par' dir='ltr' id='par_1_38' title="bbox 479 2389 2057 2463">
     <span class='ocr_line' id='line_1_38' title="bbox 479 2389 2057 2463; baseline 0.001 -18"><span class='ocrx_word' id='word_1_240' title='bbox 479 2407 815 2462; x_wconf 88' lang='lat' dir='ltr'><strong>cognoscens</strong></span> <span class='ocrx_word' id='word_1_241' title='bbox 848 2389 985 2463; x_wconf 88' lang='lat' dir='ltr'><strong>(erat</strong></span> <span class='ocrx_word' id='word_1_242' title='bbox 1010 2391 1153 2446; x_wconf 91' lang='lat' dir='ltr'><strong>enim</strong></span> <span class='ocrx_word' id='word_1_243' title='bbox 1191 2390 1276 2444; x_wconf 82' lang='lat' dir='ltr'><strong>vir</strong></span> <span class='ocrx_word' id='word_1_244' title='bbox 1314 2405 1438 2446; x_wconf 89' lang='lat' dir='ltr'><strong>acer</strong></span> <span class='ocrx_word' id='word_1_245' title='bbox 1462 2399 1517 2446; x_wconf 93' lang='lat' dir='ltr'><strong>et</strong></span> <span class='ocrx_word' id='word_1_246' title='bbox 1544 2390 1760 2461; x_wconf 88' lang='lat' dir='ltr'><strong>pietatis</strong></span> <span class='ocrx_word' id='word_1_247' title='bbox 1787 2391 1902 2447; x_wconf 88' lang='lat' dir='ltr'><strong>zelo</strong></span> <span class='ocrx_word' id='word_1_248' title='bbox 1929 2408 2057 2447; x_wconf 85' lang='lat' dir='ltr'><strong>suc-</strong></span> 
     </span>
    </p>
   </div>
   <div class='ocr_carea' id='block_1_39' title="bbox 478 2481 2055 2554">
    <p class='ocr_par' dir='ltr' id='par_1_39' title="bbox 478 2481 2055 2554">
     <span class='ocr_line' id='line_1_39' title="bbox 478 2481 2055 2554; baseline 0 -16"><span class='ocrx_word' id='word_1_249' title='bbox 478 2483 721 2553; x_wconf 86' lang='lat' dir='ltr'><strong>census),</strong></span> <span class='ocrx_word' id='word_1_250' title='bbox 753 2482 821 2537; x_wconf 92' lang='lat' dir='ltr'><strong>ad</strong></span> <span class='ocrx_word' id='word_1_251' title='bbox 852 2482 994 2538; x_wconf 93' lang='lat' dir='ltr'><strong>idem</strong></span> <span class='ocrx_word' id='word_1_252' title='bbox 1038 2483 1296 2554; x_wconf 84' lang='lat' dir='ltr'><strong>oppidum</strong></span> <span class='ocrx_word' id='word_1_253' title='bbox 1327 2481 1595 2548; x_wconf 89' lang='lat' dir='ltr'><strong>accessit;</strong></span> <span class='ocrx_word' id='word_1_254' title='bbox 1626 2492 1680 2537; x_wconf 92' lang='lat' dir='ltr'><strong>et</strong></span> <span class='ocrx_word' id='word_1_255' title='bbox 1711 2483 2055 2553; x_wconf 87' lang='lat' dir='ltr'><strong>deeeptorem</strong></span> 
     </span>
    </p>
   </div>
   <div class='ocr_carea' id='block_1_40' title="bbox 478 2573 2053 2644">
    <p class='ocr_par' dir='ltr' id='par_1_40' title="bbox 478 2573 2053 2644">
     <span class='ocr_line' id='line_1_40' title="bbox 478 2573 2053 2644; baseline 0.001 -16"><span class='ocrx_word' id='word_1_256' title='bbox 478 2574 633 2629; x_wconf 91' lang='lat' dir='ltr'><strong>illum</strong></span> <span class='ocrx_word' id='word_1_257' title='bbox 665 2574 731 2629; x_wconf 90' lang='lat' dir='ltr'><strong>ad</strong></span> <span class='ocrx_word' id='word_1_258' title='bbox 761 2573 978 2630; x_wconf 88' lang='lat' dir='ltr'><strong>consilii</strong></span> <span class='ocrx_word' id='word_1_259' title='bbox 1006 2573 1245 2644; x_wconf 87' lang='lat' dir='ltr'><strong>inopiam</strong></span> <span class='ocrx_word' id='word_1_260' title='bbox 1271 2573 1549 2629; x_wconf 89' lang='lat' dir='ltr'><strong>redactum</strong></span> <span class='ocrx_word' id='word_1_261' title='bbox 1573 2612 1590 2639; x_wconf 86' lang='lat'><strong>,</strong></span> <span class='ocrx_word' id='word_1_262' title='bbox 1634 2583 1688 2629; x_wconf 89' lang='lat' dir='ltr'><strong>et</strong></span> <span class='ocrx_word' id='word_1_263' title='bbox 1731 2573 2053 2631; x_wconf 69' lang='lat' dir='ltr'><strong>cottt&#39;usione</strong></span> 
     </span>
    </p>
   </div>
   <div class='ocr_carea' id='block_1_41' title="bbox 478 2665 2052 2737">
    <p class='ocr_par' dir='ltr' id='par_1_41' title="bbox 478 2665 2052 2737">
     <span class='ocr_line' id='line_1_41' title="bbox 478 2665 2052 2737; baseline 0.002 -17"><span class='ocrx_word' id='word_1_264' title='bbox 478 2681 644 2736; x_wconf 89' lang='lat' dir='ltr'><strong>quam</strong></span> <span class='ocrx_word' id='word_1_265' title='bbox 674 2665 912 2721; x_wconf 84' lang='lat' dir='ltr'><strong>maxime</strong></span> <span class='ocrx_word' id='word_1_266' title='bbox 939 2665 1162 2733; x_wconf 85' lang='lat' dir='ltr'><strong>vitabat,</strong></span> <span class='ocrx_word' id='word_1_267' title='bbox 1191 2665 1496 2737; x_wconf 79' lang='lat' dir='ltr'><strong>perfusum,</strong></span> <span class='ocrx_word' id='word_1_268' title='bbox 1528 2667 1724 2721; x_wconf 90' lang='lat' dir='ltr'><strong>iterum</strong></span> <span class='ocrx_word' id='word_1_269' title='bbox 1771 2666 1840 2723; x_wconf 91' lang='lat' dir='ltr'><strong>iis</strong></span> <span class='ocrx_word' id='word_1_270' title='bbox 1880 2669 2052 2723; x_wconf 51' lang='lat' dir='ltr'><strong>ratio.</strong></span> 
     </span>
    </p>
   </div>
   <div class='ocr_carea' id='block_1_42' title="bbox 476 2757 2057 2831">
    <p class='ocr_par' dir='ltr' id='par_1_42' title="bbox 476 2757 2057 2831">
     <span class='ocr_line' id='line_1_42' title="bbox 476 2757 2057 2831; baseline -0.001 -17"><span class='ocrx_word' id='word_1_271' title='bbox 476 2759 643 2814; x_wconf 89' lang='lat' dir='ltr'><strong>nibus</strong></span> <span class='ocrx_word' id='word_1_272' title='bbox 674 2757 873 2828; x_wconf 88' lang='lat' dir='ltr'><strong>quibus</strong></span> <span class='ocrx_word' id='word_1_273' title='bbox 899 2773 1063 2814; x_wconf 80' lang='lat' dir='ltr'><strong>exosa</strong></span> <span class='ocrx_word' id='word_1_274' title='bbox 1102 2759 1223 2829; x_wconf 82' lang='lat' dir='ltr'><strong>ejus</strong></span> <span class='ocrx_word' id='word_1_275' title='bbox 1249 2759 1503 2831; x_wconf 83' lang='lat' dir='ltr'><strong>dogmata</strong></span> <span class='ocrx_word' id='word_1_276' title='bbox 1534 2758 1815 2825; x_wconf 87' lang='lat' dir='ltr'><strong>subvertit,</strong></span> <span class='ocrx_word' id='word_1_277' title='bbox 1840 2768 1895 2814; x_wconf 93' lang='lat' dir='ltr'><strong>et</strong></span> <span class='ocrx_word' id='word_1_278' title='bbox 1918 2774 2057 2813; x_wconf 84' lang='lat' dir='ltr'><strong>cun-</strong></span> 
     </span>
    </p>
   </div>
   <div class='ocr_carea' id='block_1_43' title="bbox 478 2846 2052 2918">
    <p class='ocr_par' dir='ltr' id='par_1_43' title="bbox 478 2846 2052 2918">
     <span class='ocr_line' id='line_1_43' title="bbox 478 2846 2052 2918; baseline -0.002 -14"><span class='ocrx_word' id='word_1_279' title='bbox 478 2850 584 2904; x_wconf 89' lang='lat' dir='ltr'><strong>ctis</strong></span> <span class='ocrx_word' id='word_1_280' title='bbox 626 2847 923 2903; x_wconf 81' lang='lat' dir='ltr'><strong>deridenda</strong></span> <span class='ocrx_word' id='word_1_281' title='bbox 967 2856 1130 2918; x_wconf 89' lang='lat' dir='ltr'><strong>atque</strong></span> <span class='ocrx_word' id='word_1_282' title='bbox 1155 2847 1471 2904; x_wconf 86' lang='lat' dir='ltr'><strong>detestanda</strong></span> <span class='ocrx_word' id='word_1_283' title='bbox 1501 2846 1816 2917; x_wconf 89' lang='lat' dir='ltr'><strong>proposuit,</strong></span> <span class='ocrx_word' id='word_1_284' title='bbox 1867 2848 2052 2918; x_wconf 79' lang='lat' dir='ltr'><strong>fugam</strong></span> 
     </span>
    </p>
   </div>
   <div class='ocr_carea' id='block_1_44' title="bbox 477 2939 938 3011">
    <p class='ocr_par' dir='ltr' id='par_1_44' title="bbox 477 2939 938 3011">
     <span class='ocr_line' id='line_1_44' title="bbox 477 2939 938 3011; baseline -0.007 -15"><span class='ocrx_word' id='word_1_285' title='bbox 477 2939 719 3011; x_wconf 73' lang='lat' dir='ltr'><strong>arripere</strong></span> <span class='ocrx_word' id='word_1_286' title='bbox 742 2939 938 3009; x_wconf 85' lang='lat' dir='ltr'><strong>coegit.</strong></span> 
     </span>
    </p>
   </div>
   <div class='ocr_carea' id='block_1_45' title="bbox 2161 1836 3731 1917">
    <p class='ocr_par' dir='ltr' id='par_1_45' title="bbox 2161 1836 3731 1917">
     <span class='ocr_line' id='line_1_45' title="bbox 2161 1836 3731 1917; baseline -0.003 -20"><span class='ocrx_word' id='word_1_287' title='bbox 2161 1845 2258 1915; x_wconf 81' lang='grc' dir='ltr'><strong>μὲν</strong></span> <span class='ocrx_word' id='word_1_288' title='bbox 2281 1845 2374 1898; x_wconf 74' lang='grc' dir='ltr'><strong>καὶ</strong></span> <span class='ocrx_word' id='word_1_289' title='bbox 2401 1845 2666 1917; x_wconf 80' lang='grc' dir='ltr'>μεγάλους</span> <span class='ocrx_word' id='word_1_290' title='bbox 2700 1844 2958 1915; x_wconf 76' lang='grc' dir='ltr'>ἐλέγχους</span> <span class='ocrx_word' id='word_1_291' title='bbox 2980 1842 3079 1914; x_wconf 83' lang='grc' dir='ltr'><strong>τῆς</strong></span> <span class='ocrx_word' id='word_1_292' title='bbox 3103 1840 3417 1902; x_wconf 81' lang='grc' dir='ltr'>δυσσεϐείας</span> <span class='ocrx_word' id='word_1_293' title='bbox 3446 1836 3731 1910; x_wconf 84' lang='grc' dir='ltr'>ἀπητὴθη.</span> 
     </span>
    </p>
   </div>
   <div class='ocr_carea' id='block_1_46' title="bbox 2170 1930 3734 2007">
    <p class='ocr_par' dir='ltr' id='par_1_46' title="bbox 2170 1930 3734 2007">
     <span class='ocr_line' id='line_1_46' title="bbox 2170 1930 3734 2007; baseline -0.005 -18"><span class='ocrx_word' id='word_1_294' title='bbox 2170 1936 2407 1989; x_wconf 85' lang='grc' dir='ltr'>Ἐκεῖθεν</span> <span class='ocrx_word' id='word_1_295' title='bbox 2429 1936 2485 1989; x_wconf 82' lang='grc' dir='ltr'><strong>δὲ</strong></span> <span class='ocrx_word' id='word_1_296' title='bbox 2506 1936 2593 1989; x_wconf 86' lang='grc' dir='ltr'><strong>διὰ</strong></span> <span class='ocrx_word' id='word_1_297' title='bbox 2629 1935 2726 2007; x_wconf 87' lang='grc' dir='ltr'>τὴν</span> <span class='ocrx_word' id='word_1_298' title='bbox 2755 1935 3020 2006; x_wconf 85' lang='grc' dir='ltr'><strong>ἀδόκητον</strong></span> <span class='ocrx_word' id='word_1_299' title='bbox 3064 1932 3326 2003; x_wconf 79' lang='grc' dir='ltr'>αἰσχύνην</span> <span class='ocrx_word' id='word_1_300' title='bbox 3358 1930 3620 2002; x_wconf 84' lang='grc' dir='ltr'>ἀποδρὰς,</span> <span class='ocrx_word' id='word_1_301' title='bbox 3650 1930 3734 1993; x_wconf 88' lang='grc' dir='ltr'>εἰς</span> 
     </span>
    </p>
   </div>
   <div class='ocr_carea' id='block_1_47' title="bbox 2157 2020 3735 2099">
    <p class='ocr_par' dir='ltr' id='par_1_47' title="bbox 2157 2020 3735 2099">
     <span class='ocr_line' id='line_1_47' title="bbox 2157 2020 3735 2099; baseline -0.004 -19"><span class='ocrx_word' id='word_1_302' title='bbox 2157 2027 2388 2099; x_wconf 89' lang='grc' dir='ltr'>Διωρίδα</span> <span class='ocrx_word' id='word_1_303' title='bbox 2431 2026 2741 2099; x_wconf 88' lang='grc' dir='ltr'>Καρχάρων</span> <span class='ocrx_word' id='word_1_304' title='bbox 2789 2024 2980 2097; x_wconf 80' lang='grc' dir='ltr'><strong>κώμην</strong></span> <span class='ocrx_word' id='word_1_305' title='bbox 3033 2024 3387 2097; x_wconf 81' lang='grc' dir='ltr'>παραδύεται.</span> <span class='ocrx_word' id='word_1_306' title='bbox 3442 2023 3530 2076; x_wconf 86' lang='grc' dir='ltr'>Ἐν</span> <span class='ocrx_word' id='word_1_307' title='bbox 3556 2020 3735 2094; x_wconf 80' lang='grc' dir='ltr'>ταύτῃ</span> 
     </span>
    </p>
   </div>
   <div class='ocr_carea' id='block_1_48' title="bbox 2155 2112 3772 2190">
    <p class='ocr_par' dir='ltr' id='par_1_48' title="bbox 2155 2112 3772 2190">
     <span class='ocr_line' id='line_1_48' title="bbox 2155 2112 3772 2190; baseline -0.003 -19"><span class='ocrx_word' id='word_1_308' title='bbox 2155 2119 2212 2172; x_wconf 85' lang='grc' dir='ltr'>δὲ</span> <span class='ocrx_word' id='word_1_309' title='bbox 2244 2117 2497 2190; x_wconf 77' lang='grc' dir='ltr'>Τρύφωνι</span> <span class='ocrx_word' id='word_1_310' title='bbox 2527 2135 2634 2173; x_wconf 89' lang='grc' dir='ltr'>τινι</span> <span class='ocrx_word' id='word_1_311' title='bbox 2662 2118 2954 2190; x_wconf 86' lang='grc' dir='ltr'>σπουδαίῳ,</span> <span class='ocrx_word' id='word_1_312' title='bbox 3020 2118 3151 2189; x_wconf 85' lang='grc' dir='ltr'>ίερῷ</span> <span class='ocrx_word' id='word_1_313' title='bbox 3206 2116 3303 2189; x_wconf 79' lang='grc' dir='ltr'>μὲν</span> <span class='ocrx_word' id='word_1_314' title='bbox 3329 2115 3501 2188; x_wconf 76' lang='grc' dir='ltr'>ἀνδρὶ,</span> <span class='ocrx_word' id='word_1_315' title='bbox 3537 2113 3630 2168; x_wconf 78' lang='grc' dir='ltr'>τὸν</span> <span class='ocrx_word' id='word_1_316' title='bbox 3672 2112 3735 2167; x_wconf 81' lang='grc' dir='ltr'>δὲ</span> <span class='ocrx_word' id='word_1_317' title='bbox 3769 2143 3772 2146; x_wconf 83' lang='lat'><strong><em>~</em></strong></span> 
     </span>
    </p>
   </div>
   <div class='ocr_carea' id='block_1_49' title="bbox 2157 2205 3735 2283">
    <p class='ocr_par' dir='ltr' id='par_1_49' title="bbox 2157 2205 3735 2283">
     <span class='ocr_line' id='line_1_49' title="bbox 2157 2205 3735 2283; baseline -0.003 -19"><span class='ocrx_word' id='word_1_318' title='bbox 2157 2210 2251 2265; x_wconf 83' lang='grc' dir='ltr'>τοῦ</span> <span class='ocrx_word' id='word_1_319' title='bbox 2285 2209 2657 2283; x_wconf 81' lang='grc' dir='ltr'>πρεσϐυτέρου</span> <span class='ocrx_word' id='word_1_320' title='bbox 2686 2209 2922 2265; x_wconf 82' lang='grc' dir='ltr'>διέποντι</span> <span class='ocrx_word' id='word_1_321' title='bbox 2953 2208 3179 2282; x_wconf 80' lang='grc' dir='ltr'>βαθμὸν,</span> <span class='ocrx_word' id='word_1_322' title='bbox 3222 2210 3480 2280; x_wconf 79' lang='grc' dir='ltr'>ἐντυχὼν,</span> <span class='ocrx_word' id='word_1_323' title='bbox 3538 2205 3609 2260; x_wconf 83' lang='grc' dir='ltr'>τὰ</span> <span class='ocrx_word' id='word_1_324' title='bbox 3640 2207 3735 2260; x_wconf 77' lang='grc' dir='ltr'><strong>ἴσα</strong></span> 
     </span>
    </p>
   </div>
   <div class='ocr_carea' id='block_1_50' title="bbox 2158 2290 3735 2373">
    <p class='ocr_par' dir='ltr' id='par_1_50' title="bbox 2158 2290 3735 2373">
     <span class='ocr_line' id='line_1_50' title="bbox 2158 2290 3735 2373; baseline -0.004 -18"><span class='ocrx_word' id='word_1_325' title='bbox 2158 2300 2387 2373; x_wconf 77' lang='grc' dir='ltr'>ὑπέστη.</span> <span class='ocrx_word' id='word_1_326' title='bbox 2415 2301 2564 2373; x_wconf 85' lang='grc' dir='ltr'><strong>Πλὴν</strong></span> <span class='ocrx_word' id='word_1_327' title='bbox 2590 2290 2741 2355; x_wconf 18' lang='grc' dir='ltr'>ἀλλὰ-</span> <span class='ocrx_word' id='word_1_328' title='bbox 2780 2302 2875 2355; x_wconf 76' lang='grc' dir='ltr'><strong>καὶ</strong></span> <span class='ocrx_word' id='word_1_329' title='bbox 2930 2301 3093 2365; x_wconf 79' lang='grc' dir='ltr'>αὐτός</span> <span class='ocrx_word' id='word_1_330' title='bbox 3124 2318 3185 2354; x_wconf 92' lang='grc' dir='ltr'><strong>τε</strong></span> <span class='ocrx_word' id='word_1_331' title='bbox 3226 2302 3254 2353; x_wconf 87' lang='grc' dir='ltr'>ὁ</span> <span class='ocrx_word' id='word_1_332' title='bbox 3308 2298 3597 2371; x_wconf 81' lang='grc' dir='ltr'>Ἀρχέλαος</span> <span class='ocrx_word' id='word_1_333' title='bbox 3630 2298 3735 2369; x_wconf 78' lang='grc' dir='ltr'>τὴν</span> 
     </span>
    </p>
   </div>
   <div class='ocr_carea' id='block_1_51' title="bbox 2157 2386 3766 2465">
    <p class='ocr_par' dir='ltr' id='par_1_51' title="bbox 2157 2386 3766 2465">
     <span class='ocr_line' id='line_1_51' title="bbox 2157 2386 3766 2465; baseline -0.002 -19"><span class='ocrx_word' id='word_1_334' title='bbox 2157 2393 2335 2446; x_wconf 76' lang='grc' dir='ltr'>ἐκεῖσε</span> <span class='ocrx_word' id='word_1_335' title='bbox 2360 2392 2710 2464; x_wconf 83' lang='grc' dir='ltr'>παρείσδυσιν</span> <span class='ocrx_word' id='word_1_336' title='bbox 2737 2392 2830 2447; x_wconf 77' lang='grc' dir='ltr'>τοῦ</span> <span class='ocrx_word' id='word_1_337' title='bbox 2854 2393 3062 2448; x_wconf 83' lang='grc' dir='ltr'>πλάνου</span> <span class='ocrx_word' id='word_1_338' title='bbox 3111 2390 3298 2465; x_wconf 86' lang='grc' dir='ltr'>μαθὼν</span> <span class='ocrx_word' id='word_1_339' title='bbox 3332 2390 3477 2461; x_wconf 77' lang='grc' dir='ltr'>(ὀξὺς</span> <span class='ocrx_word' id='word_1_340' title='bbox 3524 2389 3635 2462; x_wconf 84' lang='grc' dir='ltr'>γὰρ</span> <span class='ocrx_word' id='word_1_341' title='bbox 3662 2386 3738 2463; x_wconf 79' lang='grc' dir='ltr'><strong>ἦν</strong></span> <span class='ocrx_word' id='word_1_342' title='bbox 3762 2404 3766 2409; x_wconf 76' lang='lat'><strong>‘</strong></span> 
     </span>
    </p>
   </div>
   <div class='ocr_carea' id='block_1_52' title="bbox 2157 2479 3735 2557">
    <p class='ocr_par' dir='ltr' id='par_1_52' title="bbox 2157 2479 3735 2557">
     <span class='ocr_line' id='line_1_52' title="bbox 2157 2479 3735 2557; baseline -0.003 -19"><span class='ocrx_word' id='word_1_343' title='bbox 2157 2486 2251 2538; x_wconf 72' lang='grc' dir='ltr'>καὶ</span> <span class='ocrx_word' id='word_1_344' title='bbox 2280 2485 2480 2557; x_wconf 79' lang='grc' dir='ltr'>θερμὸς</span> <span class='ocrx_word' id='word_1_345' title='bbox 2508 2485 2599 2539; x_wconf 86' lang='grc' dir='ltr'><strong>τὸν</strong></span> <span class='ocrx_word' id='word_1_346' title='bbox 2635 2485 2833 2557; x_wconf 83' lang='grc' dir='ltr'>εὐσεϐῆ</span> <span class='ocrx_word' id='word_1_347' title='bbox 2865 2481 3070 2556; x_wconf 79' lang='grc' dir='ltr'>ζῆλον),</span> <span class='ocrx_word' id='word_1_348' title='bbox 3101 2481 3505 2554; x_wconf 85' lang='grc' dir='ltr'>καταλαμϐάνει</span> <span class='ocrx_word' id='word_1_349' title='bbox 3529 2479 3591 2534; x_wconf 79' lang='grc' dir='ltr'>τὺ</span> <span class='ocrx_word' id='word_1_350' title='bbox 3624 2496 3735 2551; x_wconf 83' lang='grc' dir='ltr'>χω-</span> 
     </span>
    </p>
   </div>
   <div class='ocr_carea' id='block_1_53' title="bbox 2158 2575 3736 2650">
    <p class='ocr_par' dir='ltr' id='par_1_53' title="bbox 2158 2575 3736 2650">
     <span class='ocr_line' id='line_1_53' title="bbox 2158 2575 3736 2650; baseline -0.003 -20"><span class='ocrx_word' id='word_1_351' title='bbox 2158 2576 2293 2649; x_wconf 84' lang='grc' dir='ltr'>ρίον·</span> <span class='ocrx_word' id='word_1_352' title='bbox 2329 2578 2425 2631; x_wconf 74' lang='grc' dir='ltr'>καὶ</span> <span class='ocrx_word' id='word_1_353' title='bbox 2448 2576 2648 2650; x_wconf 85' lang='grc' dir='ltr'>πολλῆς</span> <span class='ocrx_word' id='word_1_354' title='bbox 2699 2577 2985 2649; x_wconf 78' lang='grc' dir='ltr'>ἐμπλήσας</span> <span class='ocrx_word' id='word_1_355' title='bbox 3030 2575 3120 2629; x_wconf 75' lang='grc' dir='ltr'>τὸν</span> <span class='ocrx_word' id='word_1_356' title='bbox 3171 2575 3370 2630; x_wconf 81' lang='grc' dir='ltr'>πλάνον</span> <span class='ocrx_word' id='word_1_357' title='bbox 3399 2578 3736 2646; x_wconf 76' lang='grc' dir='ltr'>ἀμηχανίας,</span> 
     </span>
    </p>
   </div>
   <div class='ocr_carea' id='block_1_54' title="bbox 2158 2658 3738 2742">
    <p class='ocr_par' dir='ltr' id='par_1_54' title="bbox 2158 2658 3738 2742">
     <span class='ocr_line' id='line_1_54' title="bbox 2158 2658 3738 2742; baseline -0.003 -20"><span class='ocrx_word' id='word_1_358' title='bbox 2158 2669 2252 2722; x_wconf 76' lang='grc' dir='ltr'><strong>καὶ</strong></span> <span class='ocrx_word' id='word_1_359' title='bbox 2278 2668 2345 2740; x_wconf 86' lang='grc' dir='ltr'><strong>ἢν</strong></span> <span class='ocrx_word' id='word_1_360' title='bbox 2372 2668 2599 2739; x_wconf 78' lang='grc' dir='ltr'>ἔφευγεν</span> <span class='ocrx_word' id='word_1_361' title='bbox 2622 2670 2905 2742; x_wconf 73' lang='grc' dir='ltr'>αἰσχύνης,</span> <span class='ocrx_word' id='word_1_362' title='bbox 2936 2662 3018 2727; x_wconf 78' lang='grc' dir='ltr'>οἷς</span> <span class='ocrx_word' id='word_1_363' title='bbox 3038 2667 3203 2722; x_wconf 79' lang='grc' dir='ltr'>αὐτοῦ</span> <span class='ocrx_word' id='word_1_364' title='bbox 3231 2666 3300 2721; x_wconf 78' lang='grc' dir='ltr'><strong>τά</strong></span> <span class='ocrx_word' id='word_1_365' title='bbox 3352 2658 3568 2737; x_wconf 71' lang='grc' dir='ltr'>μυσαρά</span> <span class='ocrx_word' id='word_1_366' title='bbox 3623 2663 3738 2718; x_wconf 81' lang='grc' dir='ltr'>τῶν</span> 
     </span>
    </p>
   </div>
   <div class='ocr_carea' id='block_1_55' title="bbox 2155 2748 3736 2851">
    <p class='ocr_par' dir='ltr' id='par_1_55' title="bbox 2155 2748 3736 2851">
     <span class='ocr_line' id='line_1_55' title="bbox 2155 2748 3736 2851; baseline -0.001 -40"><span class='ocrx_word' id='word_1_367' title='bbox 2155 2757 2441 2830; x_wconf 85' lang='grc' dir='ltr'>δογμάτων</span> <span class='ocrx_word' id='word_1_368' title='bbox 2469 2760 2731 2833; x_wconf 87' lang='grc' dir='ltr'>ἀνέτρεπέ</span> <span class='ocrx_word' id='word_1_369' title='bbox 2760 2748 2862 2851; x_wconf 56' lang='grc' dir='ltr'>τεί</span> <span class='ocrx_word' id='word_1_370' title='bbox 2880 2761 2974 2813; x_wconf 76' lang='grc' dir='ltr'><strong>καὶ</strong></span> <span class='ocrx_word' id='word_1_371' title='bbox 3002 2756 3355 2822; x_wconf 79' lang='grc' dir='ltr'>ἀνεσκεύαζε,</span> <span class='ocrx_word' id='word_1_372' title='bbox 3387 2757 3481 2811; x_wconf 77' lang='grc' dir='ltr'>καὶ</span> <span class='ocrx_word' id='word_1_373' title='bbox 3505 2756 3736 2828; x_wconf 77' lang='grc' dir='ltr'>προύτί-</span> 
     </span>
    </p>
   </div>
   <div class='ocr_carea' id='block_1_56' title="bbox 2159 2844 3740 2922">
    <p class='ocr_par' dir='ltr' id='par_1_56' title="bbox 2159 2844 3740 2922">
     <span class='ocr_line' id='line_1_56' title="bbox 2159 2844 3740 2922; baseline -0.001 -21"><span class='ocrx_word' id='word_1_374' title='bbox 2159 2847 2243 2901; x_wconf 91' lang='grc' dir='ltr'><strong>θει</strong></span> <span class='ocrx_word' id='word_1_375' title='bbox 2301 2852 2434 2904; x_wconf 82' lang='grc' dir='ltr'>πᾶσι</span> <span class='ocrx_word' id='word_1_376' title='bbox 2467 2851 2680 2920; x_wconf 86' lang='grc' dir='ltr'>γέλωτά</span> <span class='ocrx_word' id='word_1_377' title='bbox 2714 2870 2773 2906; x_wconf 90' lang='grc' dir='ltr'><strong>τε</strong></span> <span class='ocrx_word' id='word_1_378' title='bbox 2820 2844 2920 2906; x_wconf 75' lang='grc' dir='ltr'><strong>καὶ</strong></span> <span class='ocrx_word' id='word_1_379' title='bbox 2973 2849 3273 2922; x_wconf 82' lang='grc' dir='ltr'>βδέλυγμα,</span> <span class='ocrx_word' id='word_1_380' title='bbox 3322 2844 3740 2922; x_wconf 73' lang='grc' dir='ltr'>παρασκευάζει</span> 
     </span>
    </p>
   </div>
   <div class='ocr_carea' id='block_1_57' title="bbox 2159 2941 2867 3013">
    <p class='ocr_par' dir='ltr' id='par_1_57' title="bbox 2159 2941 2867 3013">
     <span class='ocr_line' id='line_1_57' title="bbox 2159 2941 2867 3013; baseline 0.004 -19"><span class='ocrx_word' id='word_1_381' title='bbox 2159 2941 2321 2995; x_wconf 85' lang='grc' dir='ltr'>πάλιν</span> <span class='ocrx_word' id='word_1_382' title='bbox 2335 2943 2565 3013; x_wconf 78' lang='grc' dir='ltr'>’φυγάδα</span> <span class='ocrx_word' id='word_1_383' title='bbox 2596 2944 2867 3013; x_wconf 85' lang='grc' dir='ltr'>γενέσθαι.</span> 
     </span>
    </p>
   </div>
   <div class='ocr_carea' id='block_1_58' title="bbox 2030 3027 2158 3084">
    <p class='ocr_par' dir='ltr' id='par_1_58' title="bbox 2030 3027 2158 3084">
     <span class='ocr_line' id='line_1_58' title="bbox 2030 3027 2158 3084; baseline 0.016 -2"><span class='ocrx_word' id='word_1_384' title='bbox 2030 3027 2158 3084; x_wconf 81' lang='lat' dir='ltr'><strong>Vill.</strong></span> 
     </span>
    </p>
   </div>
   <div class='ocr_carea' id='block_1_59' title="bbox 1450 3123 2781 3200">
    <p class='ocr_par' dir='ltr' id='par_1_59' title="bbox 1450 3123 2781 3200">
     <span class='ocr_line' id='line_1_59' title="bbox 1450 3123 2781 3200; baseline 0.007 -24"><span class='ocrx_word' id='word_1_385' title='bbox 1450 3123 1653 3177; x_wconf 78' lang='lat' dir='ltr'><strong>Auctor</strong></span> <span class='ocrx_word' id='word_1_386' title='bbox 1690 3139 1981 3193; x_wconf 71' lang='lat' dir='ltr'><strong>anongmus</strong></span> <span class='ocrx_word' id='word_1_387' title='bbox 2019 3123 2206 3179; x_wconf 83' lang='lat' dir='ltr'><strong>Libelli</strong></span> <span class='ocrx_word' id='word_1_388' title='bbox 2235 3123 2508 3193; x_wconf 78' lang='lat' dir='ltr'><strong>Synadici,</strong></span> <span class='ocrx_word' id='word_1_389' title='bbox 2537 3146 2653 3200; x_wconf 84' lang='lat' dir='ltr'><strong>cap.</strong></span> <span class='ocrx_word' id='word_1_390' title='bbox 2692 3130 2781 3185; x_wconf 75' lang='lat'><strong>27.</strong></span> 
     </span>
    </p>
   </div>
   <div class='ocr_carea' id='block_1_60' title="bbox 553 3212 2053 3292">
    <p class='ocr_par' dir='ltr' id='par_1_60' title="bbox 553 3212 2053 3287">
     <span class='ocr_line' id='line_1_60' title="bbox 553 3212 2053 3287; baseline -0.001 -18"><span class='ocrx_word' id='word_1_391' title='bbox 553 3212 808 3287; x_wconf 74' lang='lat' dir='ltr'><strong>Synodus</strong></span> <span class='ocrx_word' id='word_1_392' title='bbox 839 3214 1021 3270; x_wconf 87' lang='lat' dir='ltr'><strong>divina</strong></span> <span class='ocrx_word' id='word_1_393' title='bbox 1068 3222 1122 3268; x_wconf 92' lang='lat' dir='ltr'><strong>et</strong></span> <span class='ocrx_word' id='word_1_394' title='bbox 1163 3227 1320 3269; x_wconf 87' lang='lat' dir='ltr'><strong>sacra</strong></span> <span class='ocrx_word' id='word_1_395' title='bbox 1349 3212 1698 3283; x_wconf 89' lang='lat' dir='ltr'><strong>particularis</strong></span> <span class='ocrx_word' id='word_1_396' title='bbox 1744 3213 1970 3269; x_wconf 90' lang='lat' dir='ltr'><strong>collecta</strong></span> <span class='ocrx_word' id='word_1_397' title='bbox 1999 3213 2053 3267; x_wconf 89' lang='lat' dir='ltr'><strong>in</strong></span> 
     </span>
    </p>
   </div>
   <div class='ocr_carea' id='block_1_61' title="bbox 2158 3212 3740 3292">
    <p class='ocr_par' dir='ltr' id='par_1_61' title="bbox 2233 3214 3740 3292">
     <span class='ocr_line' id='line_1_61' title="bbox 2233 3214 3740 3292; baseline 0.002 -26"><span class='ocrx_word' id='word_1_398' title='bbox 2233 3214 2460 3280; x_wconf 76' lang='grc' dir='ltr'>Σύνοδος</span> <span class='ocrx_word' id='word_1_399' title='bbox 2489 3217 2609 3271; x_wconf 83' lang='grc' dir='ltr'>θεία</span> <span class='ocrx_word' id='word_1_400' title='bbox 2664 3220 2756 3274; x_wconf 81' lang='grc' dir='ltr'>καὶ</span> <span class='ocrx_word' id='word_1_401' title='bbox 2796 3218 2918 3292; x_wconf 84' lang='grc' dir='ltr'>ἱερά</span> <span class='ocrx_word' id='word_1_402' title='bbox 2967 3218 3166 3292; x_wconf 81' lang='grc' dir='ltr'>μερικὴ</span> <span class='ocrx_word' id='word_1_403' title='bbox 3195 3216 3643 3290; x_wconf 84' lang='grc' dir='ltr'>συναθροισθεῖσα</span> <span class='ocrx_word' id='word_1_404' title='bbox 3675 3219 3740 3271; x_wconf 77' lang='grc' dir='ltr'><strong>ἐν</strong></span> 
     </span>
    </p>
   </div>
   <div class='ocr_carea' id='block_1_62' title="bbox 477 3301 2054 3378">
    <p class='ocr_par' dir='ltr' id='par_1_62' title="bbox 477 3301 2054 3378">
     <span class='ocr_line' id='line_1_62' title="bbox 477 3301 2054 3378; baseline -0.001 -17"><span class='ocrx_word' id='word_1_405' title='bbox 477 3305 869 3378; x_wconf 82' lang='lat' dir='ltr'><strong>Mesopotamia</strong></span> <span class='ocrx_word' id='word_1_406' title='bbox 899 3306 969 3361; x_wconf 90' lang='lat' dir='ltr'><strong>ab</strong></span> <span class='ocrx_word' id='word_1_407' title='bbox 990 3305 1256 3362; x_wconf 81' lang='lat' dir='ltr'><strong>Archelao</strong></span> <span class='ocrx_word' id='word_1_408' title='bbox 1286 3305 1686 3361; x_wconf 89' lang='lat' dir='ltr'><strong>Carcharorum</strong></span> <span class='ocrx_word' id='word_1_409' title='bbox 1713 3301 1970 3375; x_wconf 82' lang='lat' dir='ltr'><strong>episcopo</strong></span> <span class='ocrx_word' id='word_1_410' title='bbox 1998 3313 2054 3360; x_wconf 81' lang='lat' dir='ltr'><strong>et</strong></span> 
     </span>
    </p>
   </div>
   <div class='ocr_carea' id='block_1_63' title="bbox 479 3394 2054 3463">
    <p class='ocr_par' dir='ltr' id='par_1_63' title="bbox 479 3394 2054 3463">
     <span class='ocr_line' id='line_1_63' title="bbox 479 3394 2054 3463; baseline 0 -12"><span class='ocrx_word' id='word_1_411' title='bbox 479 3396 718 3453; x_wconf 88' lang='lat' dir='ltr'><strong>Diodoro</strong></span> <span class='ocrx_word' id='word_1_412' title='bbox 771 3397 1094 3463; x_wconf 86' lang='lat' dir='ltr'><strong>sacerdote,</strong></span> <span class='ocrx_word' id='word_1_413' title='bbox 1138 3404 1332 3451; x_wconf 88' lang='lat' dir='ltr'><strong>contra</strong></span> <span class='ocrx_word' id='word_1_414' title='bbox 1378 3394 1590 3450; x_wconf 86' lang='lat' dir='ltr'><strong>Manem</strong></span> <span class='ocrx_word' id='word_1_415' title='bbox 1635 3394 1955 3451; x_wconf 78' lang='lat' dir='ltr'><strong>infernalcm</strong></span> <span class='ocrx_word' id='word_1_416' title='bbox 1999 3403 2054 3451; x_wconf 86' lang='lat' dir='ltr'><strong>et</strong></span> 
     </span>
    </p>
   </div>
   <div class='ocr_carea' id='block_1_64' title="bbox 479 3485 2054 3559">
    <p class='ocr_par' dir='ltr' id='par_1_64' title="bbox 479 3485 2054 3559">
     <span class='ocr_line' id='line_1_64' title="bbox 479 3485 2054 3559; baseline -0.001 -16"><span class='ocrx_word' id='word_1_417' title='bbox 479 3488 860 3544; x_wconf 88' lang='lat' dir='ltr'><strong>Diodoriadem</strong></span> <span class='ocrx_word' id='word_1_418' title='bbox 890 3489 1287 3559; x_wconf 83' lang='lat' dir='ltr'><strong>presbyterum,</strong></span> <span class='ocrx_word' id='word_1_419' title='bbox 1315 3503 1436 3558; x_wconf 70' lang='lat' dir='ltr'><strong>quae</strong></span> <span class='ocrx_word' id='word_1_420' title='bbox 1458 3485 1645 3543; x_wconf 90' lang='lat' dir='ltr'><strong>multis</strong></span> <span class='ocrx_word' id='word_1_421' title='bbox 1667 3487 1844 3543; x_wconf 88' lang='lat' dir='ltr'><strong>modis</strong></span> <span class='ocrx_word' id='word_1_422' title='bbox 1869 3485 2054 3543; x_wconf 82' lang='lat' dir='ltr'><strong>confu-</strong></span> 
     </span>
    </p>
   </div>
   <div class='ocr_carea' id='block_1_65' title="bbox 482 3576 1136 3634">
    <p class='ocr_par' dir='ltr' id='par_1_65' title="bbox 482 3576 1136 3634">
     <span class='ocr_line' id='line_1_65' title="bbox 482 3576 1136 3634; baseline 0.002 -2"><span class='ocrx_word' id='word_1_423' title='bbox 482 3587 627 3634; x_wconf 89' lang='lat' dir='ltr'><strong>tatos</strong></span> <span class='ocrx_word' id='word_1_424' title='bbox 651 3580 818 3633; x_wconf 88' lang='lat' dir='ltr'><strong>hosce</strong></span> <span class='ocrx_word' id='word_1_425' title='bbox 842 3576 1136 3633; x_wconf 87' lang='lat' dir='ltr'><strong>abdicavit.</strong></span> 
     </span>
    </p>
   </div>
   <div class='ocr_carea' id='block_1_66' title="bbox 2035 3671 2128 3729">
    <p class='ocr_par' dir='ltr' id='par_1_66' title="bbox 2035 3671 2128 3729">
     <span class='ocr_line' id='line_1_66' title="bbox 2035 3671 2128 3729; baseline 0.032 -4"><span class='ocrx_word' id='word_1_426' title='bbox 2035 3671 2128 3729; x_wconf 83' lang='lat' dir='ltr'><strong>IX.</strong></span> 
     </span>
    </p>
   </div>
   <div class='ocr_carea' id='block_1_67' title="bbox 2156 3306 3741 3382">
    <p class='ocr_par' dir='ltr' id='par_1_67' title="bbox 2156 3306 3741 3382">
     <span class='ocr_line' id='line_1_67' title="bbox 2156 3306 3741 3382; baseline 0.001 -23"><span class='ocrx_word' id='word_1_427' title='bbox 2156 3308 2221 3377; x_wconf 84' lang='grc' dir='ltr'>τῇ</span> <span class='ocrx_word' id='word_1_428' title='bbox 2256 3307 2653 3382; x_wconf 78' lang='grc' dir='ltr'>Μεσοποταμίᾳ</span> <span class='ocrx_word' id='word_1_429' title='bbox 2690 3311 2796 3365; x_wconf 78' lang='grc' dir='ltr'>ὑπὸ</span> <span class='ocrx_word' id='word_1_430' title='bbox 2837 3310 3131 3382; x_wconf 84' lang='grc' dir='ltr'>Ἀρχελάου</span> <span class='ocrx_word' id='word_1_431' title='bbox 3177 3308 3478 3363; x_wconf 75' lang='grc' dir='ltr'>ἐπισκόπου</span> <span class='ocrx_word' id='word_1_432' title='bbox 3506 3306 3741 3379; x_wconf 75' lang='grc' dir='ltr'>Καρχά-</span> 
     </span>
    </p>
   </div>
   <div class='ocr_carea' id='block_1_68' title="bbox 2159 3398 3739 3476">
    <p class='ocr_par' dir='ltr' id='par_1_68' title="bbox 2159 3398 3739 3476">
     <span class='ocr_line' id='line_1_68' title="bbox 2159 3398 3739 3476; baseline 0.001 -25"><span class='ocrx_word' id='word_1_433' title='bbox 2159 3414 2268 3470; x_wconf 88' lang='grc' dir='ltr'><strong>ρων</strong></span> <span class='ocrx_word' id='word_1_434' title='bbox 2293 3400 2387 3453; x_wconf 76' lang='grc' dir='ltr'>καὶ</span> <span class='ocrx_word' id='word_1_435' title='bbox 2411 3402 2674 3476; x_wconf 88' lang='grc' dir='ltr'>Διοδώρου</span> <span class='ocrx_word' id='word_1_436' title='bbox 2705 3404 2894 3476; x_wconf 74' lang='grc' dir='ltr'>ἱερέως</span> <span class='ocrx_word' id='word_1_437' title='bbox 2926 3402 3066 3457; x_wconf 86' lang='grc' dir='ltr'><strong>κατά</strong></span> <span class='ocrx_word' id='word_1_438' title='bbox 3093 3402 3368 3465; x_wconf 87' lang='grc' dir='ltr'>Μάνεντος</span> <span class='ocrx_word' id='word_1_439' title='bbox 3395 3398 3491 3454; x_wconf 79' lang='grc' dir='ltr'>τοῦ</span> <span class='ocrx_word' id='word_1_440' title='bbox 3528 3398 3739 3471; x_wconf 73' lang='grc' dir='ltr'>ἐρεϐώ-</span> 
     </span>
    </p>
   </div>
   <div class='ocr_carea' id='block_1_69' title="bbox 2155 3490 3739 3569">
    <p class='ocr_par' dir='ltr' id='par_1_69' title="bbox 2155 3490 3739 3569">
     <span class='ocr_line' id='line_1_69' title="bbox 2155 3490 3739 3569; baseline -0.001 -22"><span class='ocrx_word' id='word_1_441' title='bbox 2155 3490 2279 3555; x_wconf 86' lang='grc' dir='ltr'>δους</span> <span class='ocrx_word' id='word_1_442' title='bbox 2307 3494 2400 3547; x_wconf 85' lang='grc' dir='ltr'>καὶ</span> <span class='ocrx_word' id='word_1_443' title='bbox 2428 3495 2780 3568; x_wconf 88' lang='grc' dir='ltr'>Διοδωριάδου</span> <span class='ocrx_word' id='word_1_444' title='bbox 2816 3496 3209 3569; x_wconf 88' lang='grc' dir='ltr'>πρεσϐυτέρου,</span> <span class='ocrx_word' id='word_1_445' title='bbox 3232 3493 3356 3565; x_wconf 73' lang='grc' dir='ltr'>ἥτις</span> <span class='ocrx_word' id='word_1_446' title='bbox 3381 3492 3739 3564; x_wconf 85' lang='grc' dir='ltr'>πολυτρόπως</span> 
     </span>
    </p>
   </div>
   <div class='ocr_carea' id='block_1_70' title="bbox 2159 3582 3035 3662">
    <p class='ocr_par' dir='ltr' id='par_1_70' title="bbox 2159 3582 3035 3662">
     <span class='ocr_line' id='line_1_70' title="bbox 2159 3582 3035 3662; baseline 0.011 -28"><span class='ocrx_word' id='word_1_447' title='bbox 2159 3582 2382 3650; x_wconf 74' lang='grc' dir='ltr'>τούτους</span> <span class='ocrx_word' id='word_1_448' title='bbox 2414 3586 2679 3657; x_wconf 80' lang='grc' dir='ltr'>ἐλέγξασα</span> <span class='ocrx_word' id='word_1_449' title='bbox 2704 3589 3035 3662; x_wconf 86' lang='grc' dir='ltr'>ἀπεκήρυξε.</span> 
     </span>
    </p>
   </div>
   <div class='ocr_carea' id='block_1_71' title="bbox 832 3760 3347 3846">
    <p class='ocr_par' dir='ltr' id='par_1_71' title="bbox 832 3760 3347 3846">
     <span class='ocr_line' id='line_1_71' title="bbox 832 3760 3347 3846; baseline 0.004 -28"><span class='ocrx_word' id='word_1_450' title='bbox 832 3763 1033 3818; x_wconf 77' lang='lat' dir='ltr'><strong>Auctor</strong></span> <span class='ocrx_word' id='word_1_451' title='bbox 1075 3778 1365 3833; x_wconf 72' lang='lat' dir='ltr'><strong>anonymus</strong></span> <span class='ocrx_word' id='word_1_452' title='bbox 1414 3761 1669 3818; x_wconf 72' lang='lat' dir='ltr'><strong>Historia:</strong></span> <span class='ocrx_word' id='word_1_453' title='bbox 1712 3762 1967 3820; x_wconf 64' lang='lat' dir='ltr'><strong>Interesse:</strong></span> <span class='ocrx_word' id='word_1_454' title='bbox 2001 3760 2437 3843; x_wconf 73' lang='lat' dir='ltr'><strong>Manichazorum,</strong></span> <span class='ocrx_word' id='word_1_455' title='bbox 2470 3789 2498 3827; x_wconf 84' lang='lat' dir='ltr'><strong>e</strong></span> <span class='ocrx_word' id='word_1_456' title='bbox 2520 3790 2620 3829; x_wconf 80' lang='lat' dir='ltr'><strong>ms.</strong></span> <span class='ocrx_word' id='word_1_457' title='bbox 2652 3775 2826 3830; x_wconf 85' lang='lat' dir='ltr'><strong>codice</strong></span> <span class='ocrx_word' id='word_1_458' title='bbox 2848 3776 2988 3846; x_wconf 82' lang='lat' dir='ltr'><strong>regio</strong></span> <span class='ocrx_word' id='word_1_459' title='bbox 3013 3774 3347 3830; x_wconf 80' lang='lat' dir='ltr'><strong>Taurinensi.</strong></span> 
     </span>
    </p>
   </div>
   <div class='ocr_carea' id='block_1_72' title="bbox 554 3881 2058 3957">
    <p class='ocr_par' dir='ltr' id='par_1_72' title="bbox 554 3881 2058 3957">
     <span class='ocr_line' id='line_1_72' title="bbox 554 3881 2058 3957; baseline -0.003 -15"><span class='ocrx_word' id='word_1_460' title='bbox 554 3882 870 3957; x_wconf 73' lang='lat' dir='ltr'><strong>Scytliianus</strong></span> <span class='ocrx_word' id='word_1_461' title='bbox 900 3883 976 3951; x_wconf 67' lang='grc'><strong>(4)</strong></span> <span class='ocrx_word' id='word_1_462' title='bbox 1017 3882 1239 3953; x_wconf 90' lang='lat' dir='ltr'><strong>quidam</strong></span> <span class='ocrx_word' id='word_1_463' title='bbox 1282 3883 1385 3943; x_wconf 75' lang='lat' dir='ltr'><strong>[uit</strong></span> <span class='ocrx_word' id='word_1_464' title='bbox 1421 3898 1489 3939; x_wconf 84' lang='lat' dir='ltr'><strong>ex</strong></span> <span class='ocrx_word' id='word_1_465' title='bbox 1530 3899 1726 3956; x_wconf 87' lang='lat' dir='ltr'><strong>genere</strong></span> <span class='ocrx_word' id='word_1_466' title='bbox 1756 3881 2058 3939; x_wconf 89' lang='lat' dir='ltr'><strong>Saraceno-</strong></span> 
     </span>
    </p>
   </div>
   <div class='ocr_carea' id='block_1_73' title="bbox 482 3973 2056 4047">
    <p class='ocr_par' dir='ltr' id='par_1_73' title="bbox 482 3973 2056 4047">
     <span class='ocr_line' id='line_1_73' title="bbox 482 3973 2056 4047; baseline -0.001 -16"><span class='ocrx_word' id='word_1_467' title='bbox 482 3992 625 4042; x_wconf 90' lang='lat' dir='ltr'><strong>rum,</strong></span> <span class='ocrx_word' id='word_1_468' title='bbox 652 3992 683 4031; x_wconf 91' lang='lat' dir='ltr'><strong>a</strong></span> <span class='ocrx_word' id='word_1_469' title='bbox 708 3991 817 4046; x_wconf 92' lang='lat' dir='ltr'><strong>quo</strong></span> <span class='ocrx_word' id='word_1_470' title='bbox 843 3975 1068 4030; x_wconf 68' lang='lat' dir='ltr'><strong>haeresis</strong></span> <span class='ocrx_word' id='word_1_471' title='bbox 1088 3973 1508 4031; x_wconf 67' lang='lat' dir='ltr'><strong>Manichaeorum</strong></span> <span class='ocrx_word' id='word_1_472' title='bbox 1558 3985 1675 4031; x_wconf 90' lang='lat' dir='ltr'><strong>orta</strong></span> <span class='ocrx_word' id='word_1_473' title='bbox 1700 3984 1781 4032; x_wconf 92' lang='lat' dir='ltr'><strong>est</strong></span> <span class='ocrx_word' id='word_1_474' title='bbox 1801 3993 1819 4043; x_wconf 87' lang='lat'><strong>;</strong></span> <span class='ocrx_word' id='word_1_475' title='bbox 1841 3975 1935 4047; x_wconf 89' lang='lat' dir='ltr'><strong>qui</strong></span> <span class='ocrx_word' id='word_1_476' title='bbox 1960 3976 2056 4030; x_wconf 88' lang='lat' dir='ltr'><strong>ad—</strong></span> 
     </span>
    </p>
   </div>
   <div class='ocr_carea' id='block_1_74' title="bbox 487 4065 2056 4135">
    <p class='ocr_par' dir='ltr' id='par_1_74' title="bbox 487 4065 2056 4135">
     <span class='ocr_line' id='line_1_74' title="bbox 487 4065 2056 4135; baseline -0.003 -12"><span class='ocrx_word' id='word_1_477' title='bbox 487 4082 680 4123; x_wconf 54' lang='lat' dir='ltr'><strong>versus</strong></span> <span class='ocrx_word' id='word_1_478' title='bbox 708 4080 891 4121; x_wconf 86' lang='lat' dir='ltr'><strong>veram</strong></span> <span class='ocrx_word' id='word_1_479' title='bbox 919 4072 1235 4134; x_wconf 88' lang='lat' dir='ltr'><strong>rectamque</strong></span> <span class='ocrx_word' id='word_1_480' title='bbox 1268 4065 1426 4120; x_wconf 81' lang='lat' dir='ltr'><strong>ﬁdem</strong></span> <span class='ocrx_word' id='word_1_481' title='bbox 1460 4075 1696 4135; x_wconf 88' lang='lat' dir='ltr'><strong>quatuor</strong></span> <span class='ocrx_word' id='word_1_482' title='bbox 1725 4065 1894 4122; x_wconf 89' lang='lat' dir='ltr'><strong>libros</strong></span> <span class='ocrx_word' id='word_1_483' title='bbox 1921 4080 2056 4120; x_wconf 87' lang='lat' dir='ltr'><strong>con-</strong></span> 
     </span>
    </p>
   </div>
   <div class='ocr_carea' id='block_1_75' title="bbox 483 4155 2055 4228">
    <p class='ocr_par' dir='ltr' id='par_1_75' title="bbox 483 4155 2055 4228">
     <span class='ocr_line' id='line_1_75' title="bbox 483 4155 2055 4228; baseline -0.003 -14"><span class='ocrx_word' id='word_1_484' title='bbox 483 4158 725 4228; x_wconf 85' lang='lat' dir='ltr'><strong>scripsit,</strong></span> <span class='ocrx_word' id='word_1_485' title='bbox 759 4171 994 4227; x_wconf 85' lang='lat' dir='ltr'><strong>quorum</strong></span> <span class='ocrx_word' id='word_1_486' title='bbox 1026 4171 1195 4209; x_wconf 90' lang='lat' dir='ltr'><strong>unum</strong></span> <span class='ocrx_word' id='word_1_487' title='bbox 1231 4156 1443 4211; x_wconf 83' lang='lat' dir='ltr'><strong>vocavit</strong></span> <span class='ocrx_word' id='word_1_488' title='bbox 1467 4155 1812 4227; x_wconf 80' lang='lat' dir='ltr'><strong>Mysterium,</strong></span> <span class='ocrx_word' id='word_1_489' title='bbox 1859 4171 2055 4212; x_wconf 91' lang='lat' dir='ltr'><strong>secun-</strong></span> 
     </span>
    </p>
   </div>
   <div class='ocr_carea' id='block_1_76' title="bbox 482 4245 2056 4317">
    <p class='ocr_par' dir='ltr' id='par_1_76' title="bbox 482 4245 2056 4317">
     <span class='ocr_line' id='line_1_76' title="bbox 482 4245 2056 4317; baseline -0.004 -10"><span class='ocrx_word' id='word_1_490' title='bbox 482 4252 612 4307; x_wconf 87' lang='lat' dir='ltr'><strong>dum</strong></span> <span class='ocrx_word' id='word_1_491' title='bbox 662 4247 1067 4317; x_wconf 83' lang='lat' dir='ltr'><strong>Capitutorum,</strong></span> <span class='ocrx_word' id='word_1_492' title='bbox 1117 4245 1335 4300; x_wconf 91' lang='lat' dir='ltr'><strong>tertium</strong></span> <span class='ocrx_word' id='word_1_493' title='bbox 1368 4245 1755 4317; x_wconf 84' lang='lat' dir='ltr'><strong>Evangelium,</strong></span> <span class='ocrx_word' id='word_1_494' title='bbox 1801 4258 2056 4317; x_wconf 89' lang='lat' dir='ltr'><strong>quartum</strong></span> 
     </span>
    </p>
   </div>
   <div class='ocr_carea' id='block_1_77' title="bbox 2161 3893 3739 3967">
    <p class='ocr_par' dir='ltr' id='par_1_77' title="bbox 2161 3893 3739 3967">
     <span class='ocr_line' id='line_1_77' title="bbox 2161 3893 3739 3967; baseline 0.002 -20"><span class='ocrx_word' id='word_1_495' title='bbox 2161 3900 2412 3959; x_wconf 81' lang='lat' dir='ltr'><strong>ceperat,</strong></span> <span class='ocrx_word' id='word_1_496' title='bbox 2440 3908 2539 3962; x_wconf 89' lang='lat' dir='ltr'><strong>pro</strong></span> <span class='ocrx_word' id='word_1_497' title='bbox 2564 3904 2736 3950; x_wconf 91' lang='lat' dir='ltr'><strong>morte</strong></span> <span class='ocrx_word' id='word_1_498' title='bbox 2763 3896 2884 3966; x_wconf 88' lang='lat' dir='ltr'><strong>ejus</strong></span> <span class='ocrx_word' id='word_1_499' title='bbox 2926 3896 3171 3967; x_wconf 81' lang='lat' dir='ltr'><strong>pecuniae</strong></span> <span class='ocrx_word' id='word_1_500' title='bbox 3212 3893 3510 3964; x_wconf 85' lang='lat' dir='ltr'><strong>cupiditate</strong></span> <span class='ocrx_word' id='word_1_501' title='bbox 3547 3893 3739 3964; x_wconf 82' lang='lat' dir='ltr'><strong>gavisa</strong></span> 
     </span>
    </p>
   </div>
   <div class='ocr_carea' id='block_1_78' title="bbox 2161 3984 3738 4059">
    <p class='ocr_par' dir='ltr' id='par_1_78' title="bbox 2161 3984 3738 4059">
     <span class='ocr_line' id='line_1_78' title="bbox 2161 3984 3738 4059; baseline -0.001 -22"><span class='ocrx_word' id='word_1_502' title='bbox 2161 4000 2387 4055; x_wconf 89' lang='lat' dir='ltr'><strong>puerum</strong></span> <span class='ocrx_word' id='word_1_503' title='bbox 2423 3989 2525 4044; x_wconf 85' lang='lat' dir='ltr'><strong>sibi</strong></span> <span class='ocrx_word' id='word_1_504' title='bbox 2568 4004 2670 4059; x_wconf 89' lang='lat' dir='ltr'><strong>pro</strong></span> <span class='ocrx_word' id='word_1_505' title='bbox 2696 3988 2991 4044; x_wconf 90' lang='lat' dir='ltr'><strong>senectutis</strong></span> <span class='ocrx_word' id='word_1_506' title='bbox 3035 3987 3232 4043; x_wconf 90' lang='lat' dir='ltr'><strong>solatio</strong></span> <span class='ocrx_word' id='word_1_507' title='bbox 3258 3984 3598 4056; x_wconf 83' lang='lat' dir='ltr'><strong>comparavit</strong></span> <span class='ocrx_word' id='word_1_508' title='bbox 3632 3985 3738 4053; x_wconf 83' lang='lat'><strong>(7),</strong></span> 
     </span>
    </p>
   </div>
   <div class='ocr_carea' id='block_1_79' title="bbox 2159 4075 3740 4149">
    <p class='ocr_par' dir='ltr' id='par_1_79' title="bbox 2159 4075 3740 4149">
     <span class='ocr_line' id='line_1_79' title="bbox 2159 4075 3740 4149; baseline 0.001 -20"><span class='ocrx_word' id='word_1_509' title='bbox 2159 4077 2380 4133; x_wconf 87' lang='lat' dir='ltr'><strong>nomine</strong></span> <span class='ocrx_word' id='word_1_510' title='bbox 2409 4077 2733 4142; x_wconf 86' lang='lat' dir='ltr'><strong>Curbicium,</strong></span> <span class='ocrx_word' id='word_1_511' title='bbox 2755 4094 2916 4149; x_wconf 87' lang='lat' dir='ltr'><strong>quem</strong></span> <span class='ocrx_word' id='word_1_512' title='bbox 2940 4078 3204 4133; x_wconf 88' lang='lat' dir='ltr'><strong>etlitteris</strong></span> <span class='ocrx_word' id='word_1_513' title='bbox 3236 4092 3341 4131; x_wconf 93' lang='lat' dir='ltr'><strong>non</strong></span> <span class='ocrx_word' id='word_1_514' title='bbox 3370 4075 3740 4131; x_wconf 86' lang='lat' dir='ltr'><strong>mediocribus</strong></span> 
     </span>
    </p>
   </div>
   <div class='ocr_carea' id='block_1_80' title="bbox 2163 4167 3738 4241">
    <p class='ocr_par' dir='ltr' id='par_1_80' title="bbox 2163 4167 3738 4241">
     <span class='ocr_line' id='line_1_80' title="bbox 2163 4167 3738 4241; baseline -0.001 -18"><span class='ocrx_word' id='word_1_515' title='bbox 2163 4170 2395 4224; x_wconf 89' lang='lat' dir='ltr'><strong>erudivit</strong></span> <span class='ocrx_word' id='word_1_516' title='bbox 2424 4188 2438 4225; x_wconf 89' lang='lat'>:</span> <span class='ocrx_word' id='word_1_517' title='bbox 2475 4179 2599 4241; x_wconf 92' lang='lat' dir='ltr'><strong>post</strong></span> <span class='ocrx_word' id='word_1_518' title='bbox 2623 4170 2780 4241; x_wconf 88' lang='lat' dir='ltr'><strong>cujus</strong></span> <span class='ocrx_word' id='word_1_519' title='bbox 2803 4179 3031 4224; x_wconf 76' lang='lat' dir='ltr'><strong>mortem</strong></span> <span class='ocrx_word' id='word_1_520' title='bbox 3055 4167 3365 4226; x_wconf 82' lang='lat' dir='ltr'><strong>nonsolum</strong></span> <span class='ocrx_word' id='word_1_521' title='bbox 3392 4167 3562 4221; x_wconf 91' lang='lat' dir='ltr'><strong>libros</strong></span> <span class='ocrx_word' id='word_1_522' title='bbox 3592 4181 3738 4237; x_wconf 88' lang='lat' dir='ltr'><strong>quos</strong></span> 
     </span>
    </p>
   </div>
   <div class='ocr_carea' id='block_1_81' title="bbox 2168 4258 3740 4333">
    <p class='ocr_par' dir='ltr' id='par_1_81' title="bbox 2168 4258 3740 4333">
     <span class='ocr_line' id='line_1_81' title="bbox 2168 4258 3740 4333; baseline -0.002 -18"><span class='ocrx_word' id='word_1_523' title='bbox 2168 4260 2476 4317; x_wconf 81' lang='lat' dir='ltr'><strong>Terebintus</strong></span> <span class='ocrx_word' id='word_1_524' title='bbox 2509 4263 2826 4333; x_wconf 87' lang='lat' dir='ltr'><strong>reliquerat,</strong></span> <span class='ocrx_word' id='word_1_525' title='bbox 2857 4261 2947 4316; x_wconf 82' lang='lat' dir='ltr'><strong>sed</strong></span> <span class='ocrx_word' id='word_1_526' title='bbox 2978 4270 3031 4316; x_wconf 92' lang='lat' dir='ltr'><strong>et</strong></span> <span class='ocrx_word' id='word_1_527' title='bbox 3055 4259 3341 4331; x_wconf 90' lang='lat' dir='ltr'><strong>pecuniam</strong></span> <span class='ocrx_word' id='word_1_528' title='bbox 3373 4258 3608 4313; x_wconf 80' lang='lat' dir='ltr'><strong>Curbicii</strong></span> <span class='ocrx_word' id='word_1_529' title='bbox 3640 4273 3740 4312; x_wconf 88' lang='lat' dir='ltr'><strong>su-</strong></span> 
     </span>
    </p>
   </div>
   <div class='ocr_carea' id='block_1_82' title="bbox 480 4338 3739 4424">
    <p class='ocr_par' dir='ltr' id='par_1_82' title="bbox 480 4338 3739 4424">
     <span class='ocr_line' id='line_1_82' title="bbox 480 4338 3739 4424; baseline 0.002 -27"><span class='ocrx_word' id='word_1_530' title='bbox 480 4359 613 4397; x_wconf 82' lang='lat' dir='ltr'><strong>vero</strong></span> <span class='ocrx_word' id='word_1_531' title='bbox 634 4340 957 4396; x_wconf 80' lang='lat' dir='ltr'><strong>Thesaurum</strong></span> <span class='ocrx_word' id='word_1_532' title='bbox 982 4338 1304 4408; x_wconf 87' lang='lat' dir='ltr'><strong>appellavit:</strong></span> <span class='ocrx_word' id='word_1_533' title='bbox 1324 4347 1377 4393; x_wconf 93' lang='lat' dir='ltr'><strong>et</strong></span> <span class='ocrx_word' id='word_1_534' title='bbox 1399 4338 1589 4393; x_wconf 87' lang='lat' dir='ltr'><strong>habuit</strong></span> <span class='ocrx_word' id='word_1_535' title='bbox 1610 4338 1937 4424; x_wconf 83' lang='lat' dir='ltr'><strong>discipulum</strong></span> <span class='ocrx_word' id='word_1_536' title='bbox 1965 4353 2062 4392; x_wconf 86' lang='lat' dir='ltr'><strong>no-</strong></span> <span class='ocrx_word' id='word_1_537' title='bbox 2162 4368 2318 4408; x_wconf 73' lang='lat' dir='ltr'><strong>mens</strong></span> <span class='ocrx_word' id='word_1_538' title='bbox 2344 4396 2359 4420; x_wconf 54' lang='lat'><strong>’</strong></span> <span class='ocrx_word' id='word_1_539' title='bbox 2408 4352 2627 4408; x_wconf 68' lang='lat' dir='ltr'><strong>Trembi</strong></span> <span class='ocrx_word' id='word_1_540' title='bbox 2660 4352 2738 4424; x_wconf 84' lang='lat'><strong>(8)</strong></span> <span class='ocrx_word' id='word_1_541' title='bbox 2787 4351 3087 4421; x_wconf 76' lang='lat' dir='ltr'><strong>discipulos</strong></span> <span class='ocrx_word' id='word_1_542' title='bbox 3136 4349 3428 4420; x_wconf 85' lang='lat' dir='ltr'><strong>a‘cquisivit</strong></span> <span class='ocrx_word' id='word_1_543' title='bbox 3453 4388 3468 4413; x_wconf 92' lang='lat'><strong>,</strong></span> <span class='ocrx_word' id='word_1_544' title='bbox 3495 4364 3739 4419; x_wconf 86' lang='lat' dir='ltr'><strong>quorum</strong></span> 
     </span>
    </p>
   </div>
   <div class='ocr_carea' id='block_1_83' title="bbox 483 4422 2055 4496">
    <p class='ocr_par' dir='ltr' id='par_1_83' title="bbox 483 4422 2055 4496">
     <span class='ocr_line' id='line_1_83' title="bbox 483 4422 2055 4496; baseline -0.007 -9"><span class='ocrx_word' id='word_1_545' title='bbox 483 4433 630 4487; x_wconf 88' lang='lat' dir='ltr'><strong>mine</strong></span> <span class='ocrx_word' id='word_1_546' title='bbox 657 4428 1009 4492; x_wconf 83' lang='lat' dir='ltr'><strong>Terebintum,</strong></span> <span class='ocrx_word' id='word_1_547' title='bbox 1033 4425 1126 4496; x_wconf 91' lang='lat' dir='ltr'><strong>qui</strong></span> <span class='ocrx_word' id='word_1_548' title='bbox 1151 4425 1470 4495; x_wconf 88' lang='lat' dir='ltr'><strong>discipulus,</strong></span> <span class='ocrx_word' id='word_1_549' title='bbox 1499 4434 1715 4480; x_wconf 88' lang='lat' dir='ltr'><strong>mortuo</strong></span> <span class='ocrx_word' id='word_1_550' title='bbox 1746 4422 2055 4494; x_wconf 77' lang='lat' dir='ltr'><strong>Scythiano,</strong></span> 
     </span>
    </p>
   </div>
   <div class='ocr_carea' id='block_1_84' title="bbox 484 4518 2058 4591">
    <p class='ocr_par' dir='ltr' id='par_1_84' title="bbox 484 4518 2058 4591">
     <span class='ocr_line' id='line_1_84' title="bbox 484 4518 2058 4591; baseline -0.006 -11"><span class='ocrx_word' id='word_1_551' title='bbox 484 4538 708 4580; x_wconf 84' lang='lat' dir='ltr'><strong>sumens</strong></span> <span class='ocrx_word' id='word_1_552' title='bbox 732 4522 805 4591; x_wconf 79' lang='lat'><strong>(5)</strong></span> <span class='ocrx_word' id='word_1_553' title='bbox 837 4530 1169 4577; x_wconf 88' lang='lat' dir='ltr'><strong>memoratos</strong></span> <span class='ocrx_word' id='word_1_554' title='bbox 1218 4528 1455 4588; x_wconf 90' lang='lat' dir='ltr'><strong>quatuor</strong></span> <span class='ocrx_word' id='word_1_555' title='bbox 1482 4518 1652 4574; x_wconf 91' lang='lat' dir='ltr'><strong>libros</strong></span> <span class='ocrx_word' id='word_1_556' title='bbox 1676 4558 1690 4581; x_wconf 85' lang='lat'><strong>.</strong></span> <span class='ocrx_word' id='word_1_557' title='bbox 1735 4532 1835 4572; x_wconf 90' lang='lat' dir='ltr'><strong>nec</strong></span> <span class='ocrx_word' id='word_1_558' title='bbox 1861 4531 1969 4571; x_wconf 91' lang='lat' dir='ltr'><strong>non</strong></span> <span class='ocrx_word' id='word_1_559' title='bbox 2003 4523 2058 4571; x_wconf 90' lang='lat' dir='ltr'><strong>et</strong></span> 
     </span>
    </p>
   </div>
   <div class='ocr_carea' id='block_1_85' title="bbox 483 4606 2055 4687">
    <p class='ocr_par' dir='ltr' id='par_1_85' title="bbox 483 4606 2055 4687">
     <span class='ocr_line' id='line_1_85' title="bbox 483 4606 2055 4687; baseline -0.007 -16"><span class='ocrx_word' id='word_1_560' title='bbox 483 4615 775 4687; x_wconf 83' lang='lat' dir='ltr'><strong>pecuniam</strong></span> <span class='ocrx_word' id='word_1_561' title='bbox 803 4626 912 4666; x_wconf 91' lang='lat' dir='ltr'><strong>non</strong></span> <span class='ocrx_word' id='word_1_562' title='bbox 941 4628 1187 4682; x_wconf 84' lang='lat' dir='ltr'><strong>parvam,</strong></span> <span class='ocrx_word' id='word_1_563' title='bbox 1211 4611 1469 4680; x_wconf 81' lang='lat' dir='ltr'><strong>quoniam</strong></span> <span class='ocrx_word' id='word_1_564' title='bbox 1503 4609 1605 4664; x_wconf 86' lang='lat' dir='ltr'><strong>fuit</strong></span> <span class='ocrx_word' id='word_1_565' title='bbox 1634 4608 1710 4679; x_wconf 88' lang='lat'><strong>(6)</strong></span> <span class='ocrx_word' id='word_1_566' title='bbox 1736 4606 2055 4679; x_wconf 78' lang='lat' dir='ltr'><strong>Scythianus</strong></span> 
     </span>
    </p>
   </div>
   <div class='ocr_carea' id='block_1_86' title="bbox 2165 4436 3740 4510">
    <p class='ocr_par' dir='ltr' id='par_1_86' title="bbox 2165 4436 3740 4510">
     <span class='ocr_line' id='line_1_86' title="bbox 2165 4436 3740 4510; baseline -0.003 -11"><span class='ocrx_word' id='word_1_567' title='bbox 2165 4461 2306 4500; x_wconf 90' lang='lat' dir='ltr'><strong>unus</strong></span> <span class='ocrx_word' id='word_1_568' title='bbox 2344 4443 2592 4510; x_wconf 80' lang='lat' dir='ltr'><strong>Thomas,</strong></span> <span class='ocrx_word' id='word_1_569' title='bbox 2626 4444 2766 4499; x_wconf 90' lang='lat' dir='ltr'><strong>alius</strong></span> <span class='ocrx_word' id='word_1_570' title='bbox 2800 4442 2972 4507; x_wconf 84' lang='lat' dir='ltr'><strong>Abda,</strong></span> <span class='ocrx_word' id='word_1_571' title='bbox 3001 4441 3192 4496; x_wconf 82' lang='lat' dir='ltr'><strong>tertius</strong></span> <span class='ocrx_word' id='word_1_572' title='bbox 3224 4450 3307 4495; x_wconf 90' lang='lat' dir='ltr'><strong>est</strong></span> <span class='ocrx_word' id='word_1_573' title='bbox 3339 4437 3588 4493; x_wconf 79' lang='lat' dir='ltr'><strong>Hermas.</strong></span> <span class='ocrx_word' id='word_1_574' title='bbox 3620 4436 3740 4494; x_wconf 84' lang='lat' dir='ltr'><strong>Hos</strong></span> 
     </span>
    </p>
   </div>
   <div class='ocr_carea' id='block_1_87' title="bbox 2162 4531 3739 4607">
    <p class='ocr_par' dir='ltr' id='par_1_87' title="bbox 2162 4531 3739 4607">
     <span class='ocr_line' id='line_1_87' title="bbox 2162 4531 3739 4607; baseline -0.004 -16"><span class='ocrx_word' id='word_1_575' title='bbox 2162 4537 2228 4591; x_wconf 89' lang='lat' dir='ltr'><strong>ad</strong></span> <span class='ocrx_word' id='word_1_576' title='bbox 2261 4538 2662 4607; x_wconf 83' lang='lat' dir='ltr'><strong>praedicandum</strong></span> <span class='ocrx_word' id='word_1_577' title='bbox 2695 4537 2863 4592; x_wconf 90' lang='lat' dir='ltr'><strong>libros</strong></span> <span class='ocrx_word' id='word_1_578' title='bbox 2883 4550 3020 4605; x_wconf 92' lang='lat' dir='ltr'><strong>quos</strong></span> <span class='ocrx_word' id='word_1_579' title='bbox 3046 4532 3363 4603; x_wconf 82' lang='lat' dir='ltr'><strong>Scythianus</strong></span> <span class='ocrx_word' id='word_1_580' title='bbox 3386 4531 3739 4601; x_wconf 87' lang='lat' dir='ltr'><strong>conscripse-</strong></span> 
     </span>
    </p>
   </div>
   <div class='ocr_carea' id='block_1_88' title="bbox 2162 4623 3741 4697">
    <p class='ocr_par' dir='ltr' id='par_1_88' title="bbox 2162 4623 3741 4697">
     <span class='ocr_line' id='line_1_88' title="bbox 2162 4623 3741 4697; baseline -0.003 -14"><span class='ocrx_word' id='word_1_581' title='bbox 2162 4637 2269 4695; x_wconf 87' lang='lat' dir='ltr'><strong>rat,</strong></span> <span class='ocrx_word' id='word_1_582' title='bbox 2296 4629 2568 4690; x_wconf 88' lang='lat' dir='ltr'><strong>mittebat,</strong></span> <span class='ocrx_word' id='word_1_583' title='bbox 2601 4627 2802 4697; x_wconf 88' lang='lat' dir='ltr'><strong>quibus</strong></span> <span class='ocrx_word' id='word_1_584' title='bbox 2833 4626 2909 4695; x_wconf 92' lang='lat'><strong>(9)</strong></span> <span class='ocrx_word' id='word_1_585' title='bbox 2940 4625 3187 4695; x_wconf 72' lang='lat' dir='ltr'><strong>plurima:</strong></span> <span class='ocrx_word' id='word_1_586' title='bbox 3215 4623 3509 4694; x_wconf 73' lang='lat' dir='ltr'><strong>provinciae</strong></span> <span class='ocrx_word' id='word_1_587' title='bbox 3545 4623 3600 4676; x_wconf 91' lang='lat' dir='ltr'><strong>in</strong></span> <span class='ocrx_word' id='word_1_588' title='bbox 3630 4639 3741 4678; x_wconf 85' lang='lat' dir='ltr'><strong>me-</strong></span> 
     </span>
    </p>
   </div>
   <div class='ocr_carea' id='block_1_89' title="bbox 483 4698 3736 4786">
    <p class='ocr_par' dir='ltr' id='par_1_89' title="bbox 483 4698 3736 4786">
     <span class='ocr_line' id='line_1_89' title="bbox 483 4698 3736 4786; baseline -0.003 -6"><span class='ocrx_word' id='word_1_589' title='bbox 483 4707 640 4761; x_wconf 58' lang='lat' dir='ltr'><strong>“i‘mc</strong></span> <span class='ocrx_word' id='word_1_590' title='bbox 668 4703 974 4759; x_wconf 67' lang='grc' dir='ltr'><strong>ἀίιίεείῖηυδ</strong></span> <span class='ocrx_word' id='word_1_591' title='bbox 999 4711 1114 4757; x_wconf 56' lang='lat' dir='ltr'><strong>erat</strong></span> <span class='ocrx_word' id='word_1_592' title='bbox 1137 4720 1151 4769; x_wconf 70' lang='grc' dir='ltr'><strong>ἶ</strong></span> <span class='ocrx_word' id='word_1_593' title='bbox 1178 4718 1309 4772; x_wconf 64' lang='lat' dir='ltr'><strong>ergo</strong></span> <span class='ocrx_word' id='word_1_594' title='bbox 1332 4743 1347 4768; x_wconf 74' lang='grc' dir='ltr'><strong>ν</strong></span> <span class='ocrx_word' id='word_1_595' title='bbox 1378 4711 1438 4757; x_wconf 50' lang='lat' dir='ltr'><strong>ut</strong></span> <span class='ocrx_word' id='word_1_596' title='bbox 1461 4701 1888 4756; x_wconf 64' lang='lat' dir='ltr'><strong>memorabimus</strong></span> <span class='ocrx_word' id='word_1_597' title='bbox 1911 4741 1927 4767; x_wconf 68' lang='grc' dir='ltr'><strong><em>ν</em></strong></span> <span class='ocrx_word' id='word_1_598' title='bbox 1962 4698 2058 4753; x_wconf 69' lang='lat' dir='ltr'><strong>Te‘</strong></span> <span class='ocrx_word' id='word_1_599' title='bbox 2088 4725 2134 4783; x_wconf 89' lang='lat' dir='ltr'><strong>D</strong></span> <span class='ocrx_word' id='word_1_600' title='bbox 2162 4730 2371 4775; x_wconf 87' lang='lat' dir='ltr'><strong>morata</strong></span> <span class='ocrx_word' id='word_1_601' title='bbox 2397 4730 2541 4775; x_wconf 87' lang='lat' dir='ltr'><strong>secta</strong></span> <span class='ocrx_word' id='word_1_602' title='bbox 2568 4720 2789 4774; x_wconf 72' lang='lat' dir='ltr'><strong>irretita:</strong></span> <span class='ocrx_word' id='word_1_603' title='bbox 2811 4726 2958 4774; x_wconf 90' lang='lat' dir='ltr'><strong>sunt.</strong></span> <span class='ocrx_word' id='word_1_604' title='bbox 2995 4716 3197 4772; x_wconf 86' lang='lat' dir='ltr'><strong>Tamen</strong></span> <span class='ocrx_word' id='word_1_605' title='bbox 3231 4725 3284 4771; x_wconf 92' lang='lat' dir='ltr'><strong>et</strong></span> <span class='ocrx_word' id='word_1_606' title='bbox 3315 4716 3429 4786; x_wconf 91' lang='lat' dir='ltr'><strong>ipse</strong></span> <span class='ocrx_word' id='word_1_607' title='bbox 3454 4715 3736 4770; x_wconf 79' lang='lat' dir='ltr'><strong>Curbicius</strong></span> 
     </span>
    </p>
   </div>
   <div class='ocr_carea' id='block_1_90' title="bbox 484 4794 2055 4863">
    <p class='ocr_par' dir='ltr' id='par_1_90' title="bbox 484 4794 2055 4863">
     <span class='ocr_line' id='line_1_90' title="bbox 484 4794 2055 4863; baseline -0.004 -11"><span class='ocrx_word' id='word_1_608' title='bbox 484 4799 721 4853; x_wconf 82' lang='lat' dir='ltr'><strong>rebintus</strong></span> <span class='ocrx_word' id='word_1_609' title='bbox 749 4797 963 4856; x_wconf 86' lang='lat' dir='ltr'><strong>devenit</strong></span> <span class='ocrx_word' id='word_1_610' title='bbox 1004 4796 1057 4849; x_wconf 89' lang='lat' dir='ltr'><strong>in</strong></span> <span class='ocrx_word' id='word_1_611' title='bbox 1086 4794 1328 4859; x_wconf 86' lang='lat' dir='ltr'><strong>Persida,</strong></span> <span class='ocrx_word' id='word_1_612' title='bbox 1377 4802 1432 4848; x_wconf 86' lang='lat' dir='ltr'><strong>et</strong></span> <span class='ocrx_word' id='word_1_613' title='bbox 1461 4809 1492 4848; x_wconf 89' lang='lat' dir='ltr'><strong>a</strong></span> <span class='ocrx_word' id='word_1_614' title='bbox 1516 4794 1750 4863; x_wconf 87' lang='lat' dir='ltr'><strong>quadam</strong></span> <span class='ocrx_word' id='word_1_615' title='bbox 1775 4794 1937 4847; x_wconf 89' lang='lat' dir='ltr'><strong>vidua</strong></span> <span class='ocrx_word' id='word_1_616' title='bbox 1964 4806 2055 4847; x_wconf 81' lang='lat' dir='ltr'><strong>so-</strong></span> 
     </span>
    </p>
   </div>
   <div class='ocr_carea' id='block_1_91' title="bbox 483 4885 2055 4959">
    <p class='ocr_par' dir='ltr' id='par_1_91' title="bbox 483 4885 2055 4959">
     <span class='ocr_line' id='line_1_91' title="bbox 483 4885 2055 4959; baseline -0.006 -11"><span class='ocrx_word' id='word_1_617' title='bbox 483 4894 662 4948; x_wconf 83' lang='lat' dir='ltr'><strong>litaria</strong></span> <span class='ocrx_word' id='word_1_618' title='bbox 702 4898 986 4959; x_wconf 84' lang='lat' dir='ltr'><strong>susceptus</strong></span> <span class='ocrx_word' id='word_1_619' title='bbox 1029 4898 1142 4954; x_wconf 82' lang='lat' dir='ltr'><strong>est,</strong></span> <span class='ocrx_word' id='word_1_620' title='bbox 1189 4904 1309 4958; x_wconf 72' lang='lat' dir='ltr'><strong>qua:</strong></span> <span class='ocrx_word' id='word_1_621' title='bbox 1346 4888 1463 4943; x_wconf 91' lang='lat' dir='ltr'><strong>sola</strong></span> <span class='ocrx_word' id='word_1_622' title='bbox 1516 4896 1723 4942; x_wconf 87' lang='lat' dir='ltr'><strong>secreta</strong></span> <span class='ocrx_word' id='word_1_623' title='bbox 1756 4886 1876 4955; x_wconf 89' lang='lat' dir='ltr'><strong>ejus</strong></span> <span class='ocrx_word' id='word_1_624' title='bbox 1914 4885 2055 4941; x_wconf 89' lang='lat' dir='ltr'><strong>scire</strong></span> 
     </span>
    </p>
   </div>
   <div class='ocr_carea' id='block_1_92' title="bbox 482 4974 2054 5057">
    <p class='ocr_par' dir='ltr' id='par_1_92' title="bbox 482 4974 2054 5057">
     <span class='ocr_line' id='line_1_92' title="bbox 482 4974 2054 5057; baseline -0.008 -17"><span class='ocrx_word' id='word_1_625' title='bbox 482 4986 676 5057; x_wconf 75' lang='lat' dir='ltr'><strong>potuit.</strong></span> <span class='ocrx_word' id='word_1_626' title='bbox 737 4981 836 5037; x_wconf 84' lang='lat' dir='ltr'><strong>llic</strong></span> <span class='ocrx_word' id='word_1_627' title='bbox 875 4981 1107 5035; x_wconf 88' lang='lat' dir='ltr'><strong>elatione</strong></span> <span class='ocrx_word' id='word_1_628' title='bbox 1147 4979 1389 5034; x_wconf 90' lang='lat' dir='ltr'><strong>tumidus</strong></span> <span class='ocrx_word' id='word_1_629' title='bbox 1432 4977 1645 5032; x_wconf 88' lang='lat' dir='ltr'><strong>dicebat</strong></span> <span class='ocrx_word' id='word_1_630' title='bbox 1672 4992 1730 5032; x_wconf 90' lang='lat' dir='ltr'><strong>se</strong></span> <span class='ocrx_word' id='word_1_631' title='bbox 1750 4977 1815 5030; x_wconf 90' lang='lat' dir='ltr'><strong>de</strong></span> <span class='ocrx_word' id='word_1_632' title='bbox 1843 4974 2054 5046; x_wconf 81' lang='lat' dir='ltr'><strong>virgine</strong></span> 
     </span>
    </p>
   </div>
   <div class='ocr_carea' id='block_1_93' title="bbox 482 5065 2051 5142">
    <p class='ocr_par' dir='ltr' id='par_1_93' title="bbox 482 5065 2051 5142">
     <span class='ocr_line' id='line_1_93' title="bbox 482 5065 2051 5142; baseline -0.009 -11"><span class='ocrx_word' id='word_1_633' title='bbox 482 5086 708 5142; x_wconf 86' lang='lat' dir='ltr'><strong>uatum,</strong></span> <span class='ocrx_word' id='word_1_634' title='bbox 753 5083 807 5129; x_wconf 91' lang='lat' dir='ltr'><strong>et</strong></span> <span class='ocrx_word' id='word_1_635' title='bbox 850 5072 918 5127; x_wconf 89' lang='lat' dir='ltr'><strong>ab</strong></span> <span class='ocrx_word' id='word_1_636' title='bbox 962 5071 1154 5142; x_wconf 88' lang='lat' dir='ltr'><strong>angelo</strong></span> <span class='ocrx_word' id='word_1_637' title='bbox 1182 5071 1236 5124; x_wconf 90' lang='lat' dir='ltr'><strong>in</strong></span> <span class='ocrx_word' id='word_1_638' title='bbox 1269 5069 1548 5123; x_wconf 88' lang='lat' dir='ltr'><strong>montibus</strong></span> <span class='ocrx_word' id='word_1_639' title='bbox 1590 5068 1922 5127; x_wconf 84' lang='lat' dir='ltr'><strong>enutritum;</strong></span> <span class='ocrx_word' id='word_1_640' title='bbox 1958 5065 2051 5135; x_wconf 91' lang='lat' dir='ltr'><strong>qui</strong></span> 
     </span>
    </p>
   </div>
   <div class='ocr_carea' id='block_1_94' title="bbox 482 5155 2054 5233">
    <p class='ocr_par' dir='ltr' id='par_1_94' title="bbox 482 5155 2054 5233">
     <span class='ocr_line' id='line_1_94' title="bbox 482 5155 2054 5233; baseline -0.01 -11"><span class='ocrx_word' id='word_1_641' title='bbox 482 5170 646 5222; x_wconf 84' lang='lat' dir='ltr'><strong>etiam</strong></span> <span class='ocrx_word' id='word_1_642' title='bbox 669 5209 684 5233; x_wconf 90' lang='lat'><strong>,</strong></span> <span class='ocrx_word' id='word_1_643' title='bbox 719 5173 926 5229; x_wconf 87' lang='lat' dir='ltr'><strong>mutato</strong></span> <span class='ocrx_word' id='word_1_644' title='bbox 955 5163 1058 5217; x_wconf 91' lang='lat' dir='ltr'><strong>sibi</strong></span> <span class='ocrx_word' id='word_1_645' title='bbox 1091 5159 1348 5224; x_wconf 89' lang='lat' dir='ltr'><strong>nomine,</strong></span> <span class='ocrx_word' id='word_1_646' title='bbox 1399 5158 1644 5214; x_wconf 84' lang='lat' dir='ltr'><strong>Buddam</strong></span> <span class='ocrx_word' id='word_1_647' title='bbox 1679 5174 1737 5212; x_wconf 91' lang='lat' dir='ltr'><strong>se</strong></span> <span class='ocrx_word' id='word_1_648' title='bbox 1768 5172 1865 5226; x_wconf 91' lang='lat' dir='ltr'><strong>pro</strong></span> <span class='ocrx_word' id='word_1_649' title='bbox 1901 5155 2054 5210; x_wconf 85' lang='lat' dir='ltr'><strong>Tere-</strong></span> 
     </span>
    </p>
   </div>
   <div class='ocr_carea' id='block_1_95' title="bbox 481 5245 2052 5326">
    <p class='ocr_par' dir='ltr' id='par_1_95' title="bbox 481 5245 2052 5326">
     <span class='ocr_line' id='line_1_95' title="bbox 481 5245 2052 5326; baseline -0.008 -14"><span class='ocrx_word' id='word_1_650' title='bbox 481 5258 629 5312; x_wconf 74' lang='lat' dir='ltr'><strong>binto</strong></span> <span class='ocrx_word' id='word_1_651' title='bbox 661 5255 967 5326; x_wconf 83' lang='lat' dir='ltr'><strong>appellavit.</strong></span> <span class='ocrx_word' id='word_1_652' title='bbox 1031 5252 1134 5308; x_wconf 89' lang='lat' dir='ltr'><strong>Sed</strong></span> <span class='ocrx_word' id='word_1_653' title='bbox 1182 5267 1307 5307; x_wconf 91' lang='lat' dir='ltr'><strong>cum</strong></span> <span class='ocrx_word' id='word_1_654' title='bbox 1356 5251 1590 5319; x_wconf 79' lang='lat' dir='ltr'><strong>quadam</strong></span> <span class='ocrx_word' id='word_1_655' title='bbox 1636 5248 1725 5302; x_wconf 92' lang='lat' dir='ltr'><strong>die</strong></span> <span class='ocrx_word' id='word_1_656' title='bbox 1767 5247 1820 5300; x_wconf 92' lang='lat' dir='ltr'><strong>in</strong></span> <span class='ocrx_word' id='word_1_657' title='bbox 1853 5245 2052 5300; x_wconf 88' lang='lat' dir='ltr'><strong>solario</strong></span> 
     </span>
    </p>
   </div>
   <div class='ocr_carea' id='block_1_96' title="bbox 481 5338 2051 5413">
    <p class='ocr_par' dir='ltr' id='par_1_96' title="bbox 481 5338 2051 5413">
     <span class='ocr_line' id='line_1_96' title="bbox 481 5338 2051 5413; baseline -0.01 -6"><span class='ocrx_word' id='word_1_658' title='bbox 481 5349 842 5413; x_wconf 86' lang='lat' dir='ltr'><strong>ascenderet,</strong></span> <span class='ocrx_word' id='word_1_659' title='bbox 892 5349 963 5401; x_wconf 89' lang='lat' dir='ltr'><strong>ab</strong></span> <span class='ocrx_word' id='word_1_660' title='bbox 1005 5345 1289 5401; x_wconf 88' lang='lat' dir='ltr'><strong>immundo</strong></span> <span class='ocrx_word' id='word_1_661' title='bbox 1345 5342 1537 5410; x_wconf 86' lang='lat' dir='ltr'><strong>spiritu</strong></span> <span class='ocrx_word' id='word_1_662' title='bbox 1566 5339 1761 5395; x_wconf 85' lang='lat' dir='ltr'><strong>exinde</strong></span> <span class='ocrx_word' id='word_1_663' title='bbox 1786 5338 2051 5408; x_wconf 88' lang='lat' dir='ltr'><strong>dejectus,</strong></span> 
     </span>
    </p>
   </div>
   <div class='ocr_carea' id='block_1_97' title="bbox 480 5428 2054 5512">
    <p class='ocr_par' dir='ltr' id='par_1_97' title="bbox 480 5428 2054 5512">
     <span class='ocr_line' id='line_1_97' title="bbox 480 5428 2054 5512; baseline -0.006 -15"><span class='ocrx_word' id='word_1_664' title='bbox 480 5448 701 5512; x_wconf 84' lang='lat' dir='ltr'><strong>repente</strong></span> <span class='ocrx_word' id='word_1_665' title='bbox 725 5440 976 5511; x_wconf 89' lang='lat' dir='ltr'><strong>spiritum</strong></span> <span class='ocrx_word' id='word_1_666' title='bbox 1002 5437 1250 5493; x_wconf 88' lang='lat' dir='ltr'><strong>reddidit.</strong></span> <span class='ocrx_word' id='word_1_667' title='bbox 1267 5435 1405 5492; x_wconf 89' lang='lat' dir='ltr'><strong>Tum</strong></span> <span class='ocrx_word' id='word_1_668' title='bbox 1433 5435 1614 5501; x_wconf 89' lang='lat' dir='ltr'><strong>vidua,</strong></span> <span class='ocrx_word' id='word_1_669' title='bbox 1633 5428 1753 5503; x_wconf 71' lang='lat' dir='ltr'><strong>qua:</strong></span> <span class='ocrx_word' id='word_1_670' title='bbox 1776 5447 1900 5487; x_wconf 70' lang='lat' dir='ltr'><strong>eunt</strong></span> <span class='ocrx_word' id='word_1_671' title='bbox 1927 5448 2054 5487; x_wconf 88' lang='lat' dir='ltr'><strong>sus-</strong></span> 
     </span>
    </p>
   </div>
   <div class='ocr_carea' id='block_1_98' title="bbox 551 5573 1216 5644">
    <p class='ocr_par' dir='ltr' id='par_1_98' title="bbox 551 5573 1216 5644">
     <span class='ocr_line' id='line_1_98' title="bbox 551 5573 1216 5644; baseline -0.011 -13"><span class='ocrx_word' id='word_1_672' title='bbox 551 5575 632 5644; x_wconf 67' lang='grc'><strong>(4)</strong></span> <span class='ocrx_word' id='word_1_673' title='bbox 672 5573 774 5644; x_wconf 78' lang='lat' dir='ltr'><strong>Ms.</strong></span> <span class='ocrx_word' id='word_1_674' title='bbox 812 5592 832 5627; x_wconf 77' lang='grc' dir='ltr'><strong>ι</strong></span> <span class='ocrx_word' id='word_1_675' title='bbox 867 5573 1165 5628; x_wconf 82' lang='lat' dir='ltr'><strong>Scitianus.</strong></span> <span class='ocrx_word' id='word_1_676' title='bbox 1197 5590 1216 5624; x_wconf 73' lang='grc' dir='ltr'><strong>ι</strong></span> 
     </span>
    </p>
   </div>
   <div class='ocr_carea' id='block_1_99' title="bbox 552 5643 1791 5856">
    <p class='ocr_par' dir='ltr' id='par_1_99' title="bbox 552 5643 1791 5856">
     <span class='ocr_line' id='line_1_99' title="bbox 552 5643 1791 5856; baseline -0.002 -90"><span class='ocrx_word' id='word_1_677' title='bbox 670 5643 872 5767; x_wconf 41' lang='lat'><strong>1.10531“</strong></span> <span class='ocrx_word' id='word_1_678' title='bbox 876 5645 1034 5767; x_wconf 52' lang='grc' dir='ltr'>ῗάὶὶῗῐί</span> <span class='ocrx_word' id='word_1_679' title='bbox 1058 5662 1353 5793; x_wconf 57' lang='lat' dir='ltr'><strong>,delendum</strong></span> <span class='ocrx_word' id='word_1_680' title='bbox 1386 5725 1507 5767; x_wconf 87' lang='lat' dir='ltr'><strong>esse</strong></span> <span class='ocrx_word' id='word_1_681' title='bbox 1535 5708 1791 5765; x_wconf 85' lang='lat' dir='ltr'><strong>arbitror.</strong></span> 
     </span>
     <span class='ocr_line' id='line_1_100' title="bbox 585 5779 1276 5855; baseline -0.003 -20"><span class='ocrx_word' id='word_1_682' title='bbox 585 5782 639 5855; x_wconf 86' lang='lat'><strong>7)</strong></span> <span class='ocrx_word' id='word_1_683' title='bbox 675 5779 775 5836; x_wconf 74' lang='lat' dir='ltr'><strong>lis.</strong></span> <span class='ocrx_word' id='word_1_684' title='bbox 814 5799 833 5834; x_wconf 78' lang='grc' dir='ltr'><strong>ι</strong></span> <span class='ocrx_word' id='word_1_685' title='bbox 864 5783 1219 5850; x_wconf 82' lang='lat' dir='ltr'><strong>comparalut.</strong></span> <span class='ocrx_word' id='word_1_686' title='bbox 1259 5800 1276 5832; x_wconf 76' lang='grc' dir='ltr'><strong>ι</strong></span> 
     </span>
    </p>
   </div>
   <div class='ocr_carea' id='block_1_100' title="bbox 585 5779 1276 5855">
    <p class='ocr_par' dir='ltr' id='par_1_100' title="bbox 585 5779 1276 5855">
     <span class='ocr_line' id='line_1_101' title="bbox 585 5779 1276 5855; baseline -0.003 -20"><span class='ocrx_word' id='word_1_687' title='bbox 585 5782 639 5855; x_wconf 84' lang='grc'>7)</span> <span class='ocrx_word' id='word_1_688' title='bbox 675 5779 775 5836; x_wconf 74' lang='lat' dir='ltr'><strong>lis.</strong></span> <span class='ocrx_word' id='word_1_689' title='bbox 814 5799 833 5834; x_wconf 78' lang='grc' dir='ltr'><strong>ι</strong></span> <span class='ocrx_word' id='word_1_690' title='bbox 864 5781 1219 5850; x_wconf 85' lang='lat' dir='ltr'><strong>comparabit.</strong></span> <span class='ocrx_word' id='word_1_691' title='bbox 1259 5800 1276 5832; x_wconf 76' lang='grc' dir='ltr'><strong>ι</strong></span> 
     </span>
    </p>
   </div>
   <div class='ocr_carea' id='block_1_101' title="bbox 2160 4806 3737 4882">
    <p class='ocr_par' dir='ltr' id='par_1_101' title="bbox 2160 4806 3737 4882">
     <span class='ocr_line' id='line_1_102' title="bbox 2160 4806 3737 4882; baseline -0.004 -15"><span class='ocrx_word' id='word_1_692' title='bbox 2160 4820 2282 4882; x_wconf 86' lang='lat' dir='ltr'><strong>post</strong></span> <span class='ocrx_word' id='word_1_693' title='bbox 2323 4819 2551 4866; x_wconf 90' lang='lat' dir='ltr'><strong>mortem</strong></span> <span class='ocrx_word' id='word_1_694' title='bbox 2583 4811 2780 4874; x_wconf 67' lang='lat' dir='ltr'><strong>viduas,</strong></span> <span class='ocrx_word' id='word_1_695' title='bbox 2826 4811 3113 4864; x_wconf 88' lang='lat' dir='ltr'><strong>immutato</strong></span> <span class='ocrx_word' id='word_1_696' title='bbox 3156 4808 3262 4879; x_wconf 63' lang='lat' dir='ltr'><strong>sibi</strong></span> <span class='ocrx_word' id='word_1_697' title='bbox 3292 4807 3511 4872; x_wconf 79' lang='lat' dir='ltr'><strong>nomine</strong></span> <span class='ocrx_word' id='word_1_698' title='bbox 3538 4806 3737 4860; x_wconf 79' lang='lat' dir='ltr'><strong>Manen</strong></span> 
     </span>
    </p>
   </div>
   <div class='ocr_carea' id='block_1_102' title="bbox 2160 4899 3736 4974">
    <p class='ocr_par' dir='ltr' id='par_1_102' title="bbox 2160 4899 3736 4974">
     <span class='ocr_line' id='line_1_103' title="bbox 2160 4899 3736 4974; baseline -0.004 -15"><span class='ocrx_word' id='word_1_699' title='bbox 2160 4920 2217 4959; x_wconf 86' lang='lat' dir='ltr'><strong>se</strong></span> <span class='ocrx_word' id='word_1_700' title='bbox 2247 4918 2346 4974; x_wconf 91' lang='lat' dir='ltr'><strong>pro</strong></span> <span class='ocrx_word' id='word_1_701' title='bbox 2391 4903 2636 4958; x_wconf 83' lang='lat' dir='ltr'><strong>Curbicio</strong></span> <span class='ocrx_word' id='word_1_702' title='bbox 2674 4902 2783 4973; x_wconf 81' lang='grc'>(10)</span> <span class='ocrx_word' id='word_1_703' title='bbox 2820 4900 3184 4971; x_wconf 88' lang='lat' dir='ltr'><strong>nuncupavit,</strong></span> <span class='ocrx_word' id='word_1_704' title='bbox 3238 4899 3331 4969; x_wconf 92' lang='lat' dir='ltr'><strong>qui</strong></span> <span class='ocrx_word' id='word_1_705' title='bbox 3376 4899 3674 4968; x_wconf 83' lang='lat' dir='ltr'><strong>aliquando</strong></span> <span class='ocrx_word' id='word_1_706' title='bbox 3703 4913 3736 4953; x_wconf 88' lang='lat' dir='ltr'><strong>a</strong></span> 
     </span>
    </p>
   </div>
   <div class='ocr_carea' id='block_1_103' title="bbox 2159 4989 3739 5065">
    <p class='ocr_par' dir='ltr' id='par_1_103' title="bbox 2159 4989 3739 5065">
     <span class='ocr_line' id='line_1_104' title="bbox 2159 4989 3739 5065; baseline -0.003 -18"><span class='ocrx_word' id='word_1_707' title='bbox 2159 5010 2285 5065; x_wconf 85' lang='lat' dir='ltr'><strong>rege</strong></span> <span class='ocrx_word' id='word_1_708' title='bbox 2309 4992 2599 5049; x_wconf 87' lang='lat' dir='ltr'><strong>Persarum</strong></span> <span class='ocrx_word' id='word_1_709' title='bbox 2625 4993 3071 5062; x_wconf 87' lang='lat' dir='ltr'><strong>comprehensus,</strong></span> <span class='ocrx_word' id='word_1_710' title='bbox 3093 4990 3186 5044; x_wconf 89' lang='lat' dir='ltr'><strong>tali</strong></span> <span class='ocrx_word' id='word_1_711' title='bbox 3214 4990 3481 5045; x_wconf 88' lang='lat' dir='ltr'><strong>sententia</strong></span> <span class='ocrx_word' id='word_1_712' title='bbox 3505 4989 3739 5043; x_wconf 86' lang='lat' dir='ltr'><strong>damna-</strong></span> 
     </span>
    </p>
   </div>
   <div class='ocr_carea' id='block_1_104' title="bbox 2161 5078 3733 5149">
    <p class='ocr_par' dir='ltr' id='par_1_104' title="bbox 2161 5078 3733 5149">
     <span class='ocr_line' id='line_1_105' title="bbox 2161 5078 3733 5149; baseline -0.004 -10"><span class='ocrx_word' id='word_1_713' title='bbox 2161 5097 2247 5139; x_wconf 87' lang='lat' dir='ltr'><strong>tus</strong></span> <span class='ocrx_word' id='word_1_714' title='bbox 2280 5093 2382 5148; x_wconf 87' lang='lat' dir='ltr'><strong>est,</strong></span> <span class='ocrx_word' id='word_1_715' title='bbox 2420 5093 2478 5138; x_wconf 93' lang='lat' dir='ltr'><strong>ut</strong></span> <span class='ocrx_word' id='word_1_716' title='bbox 2505 5084 2779 5138; x_wconf 82' lang='lat' dir='ltr'><strong>hircorum</strong></span> <span class='ocrx_word' id='word_1_717' title='bbox 2811 5097 2963 5136; x_wconf 89' lang='lat' dir='ltr'><strong>more</strong></span> <span class='ocrx_word' id='word_1_718' title='bbox 2994 5081 3492 5148; x_wconf 8' lang='lat' dir='ltr'><strong>discoriatus,guter</strong></span> <span class='ocrx_word' id='word_1_719' title='bbox 3519 5079 3639 5149; x_wconf 83' lang='lat' dir='ltr'><strong>ejus</strong></span> <span class='ocrx_word' id='word_1_720' title='bbox 3665 5078 3733 5133; x_wconf 85' lang='lat' dir='ltr'><strong>ad</strong></span> 
     </span>
    </p>
   </div>
   <div class='ocr_carea' id='block_1_105' title="bbox 2161 5167 3734 5245">
    <p class='ocr_par' dir='ltr' id='par_1_105' title="bbox 2161 5167 3734 5245">
     <span class='ocr_line' id='line_1_106' title="bbox 2161 5167 3734 5245; baseline -0.004 -16"><span class='ocrx_word' id='word_1_721' title='bbox 2161 5183 2371 5245; x_wconf 86' lang='lat' dir='ltr'><strong>portam</strong></span> <span class='ocrx_word' id='word_1_722' title='bbox 2404 5175 2684 5245; x_wconf 81' lang='lat' dir='ltr'><strong>penderet,</strong></span> <span class='ocrx_word' id='word_1_723' title='bbox 2736 5187 2930 5228; x_wconf 86' lang='lat' dir='ltr'><strong>carnes</strong></span> <span class='ocrx_word' id='word_1_724' title='bbox 2962 5184 3090 5224; x_wconf 86' lang='lat' dir='ltr'><strong>vero</strong></span> <span class='ocrx_word' id='word_1_725' title='bbox 3113 5170 3234 5240; x_wconf 88' lang='lat' dir='ltr'><strong>ejus</strong></span> <span class='ocrx_word' id='word_1_726' title='bbox 3263 5169 3578 5224; x_wconf 87' lang='lat' dir='ltr'><strong>volucribus</strong></span> <span class='ocrx_word' id='word_1_727' title='bbox 3607 5167 3734 5223; x_wconf 74' lang='lat' dir='ltr'><strong>emli</strong></span> 
     </span>
    </p>
   </div>
   <div class='ocr_carea' id='block_1_106' title="bbox 2162 5254 3737 5337">
    <p class='ocr_par' dir='ltr' id='par_1_106' title="bbox 2162 5254 3737 5337">
     <span class='ocr_line' id='line_1_107' title="bbox 2162 5254 3737 5337; baseline -0.003 -17"><span class='ocrx_word' id='word_1_728' title='bbox 2162 5268 2227 5322; x_wconf 89' lang='lat' dir='ltr'><strong>ad</strong></span> <span class='ocrx_word' id='word_1_729' title='bbox 2272 5283 2453 5323; x_wconf 89' lang='lat' dir='ltr'><strong>escam</strong></span> <span class='ocrx_word' id='word_1_730' title='bbox 2499 5254 2840 5337; x_wconf 78' lang='lat' dir='ltr'><strong>proﬁcerent.</strong></span> <span class='ocrx_word' id='word_1_731' title='bbox 2908 5262 3036 5317; x_wconf 75' lang='lat' dir='ltr'><strong>Haec</strong></span> <span class='ocrx_word' id='word_1_732' title='bbox 3068 5263 3140 5316; x_wconf 89' lang='lat' dir='ltr'><strong>ita</strong></span> <span class='ocrx_word' id='word_1_733' title='bbox 3182 5276 3302 5318; x_wconf 91' lang='lat' dir='ltr'><strong>esse</strong></span> <span class='ocrx_word' id='word_1_734' title='bbox 3333 5260 3529 5316; x_wconf 83' lang='lat' dir='ltr'><strong>melius</strong></span> <span class='ocrx_word' id='word_1_735' title='bbox 3555 5273 3737 5316; x_wconf 78' lang='lat' dir='ltr'><strong>.uosso</strong></span> 
     </span>
    </p>
   </div>
   <div class='ocr_carea' id='block_1_107' title="bbox 2160 5355 3025 5429">
    <p class='ocr_par' dir='ltr' id='par_1_107' title="bbox 2160 5355 3025 5429">
     <span class='ocr_line' id='line_1_108' title="bbox 2160 5355 3025 5429; baseline -0.009 -16"><span class='ocrx_word' id='word_1_736' title='bbox 2160 5359 2438 5429; x_wconf 88' lang='lat' dir='ltr'><strong>cupientes</strong></span> <span class='ocrx_word' id='word_1_737' title='bbox 2473 5356 2794 5412; x_wconf 84' lang='lat' dir='ltr'><strong>Archelaum</strong></span> <span class='ocrx_word' id='word_1_738' title='bbox 2828 5355 3025 5425; x_wconf 80' lang='lat' dir='ltr'><strong>legant.</strong></span> 
     </span>
    </p>
   </div>
   <div class='ocr_carea' id='block_1_108' title="bbox 2225 5560 3145 5630">
    <p class='ocr_par' dir='ltr' id='par_1_108' title="bbox 2225 5560 3145 5630">
     <span class='ocr_line' id='line_1_109' title="bbox 2225 5560 3145 5630; baseline -0.008 -13"><span class='ocrx_word' id='word_1_739' title='bbox 2225 5563 2300 5623; x_wconf 84' lang='grc'><strong>(8)</strong></span> <span class='ocrx_word' id='word_1_740' title='bbox 2342 5561 2564 5616; x_wconf 82' lang='lat' dir='ltr'><strong>Videtur</strong></span> <span class='ocrx_word' id='word_1_741' title='bbox 2585 5560 2870 5630; x_wconf 75' lang='lat' dir='ltr'><strong>legendum</strong></span> <span class='ocrx_word' id='word_1_742' title='bbox 2907 5576 2925 5610; x_wconf 80' lang='grc' dir='ltr'><strong>ι</strong></span> <span class='ocrx_word' id='word_1_743' title='bbox 2958 5567 3086 5625; x_wconf 72' lang='lat' dir='ltr'><strong>tres.</strong></span> <span class='ocrx_word' id='word_1_744' title='bbox 3122 5576 3145 5610; x_wconf 72' lang='grc' dir='ltr'><strong>ι</strong></span> 
     </span>
    </p>
   </div>
   <div class='ocr_carea' id='block_1_109' title="bbox 2226 5629 2933 5701">
    <p class='ocr_par' dir='ltr' id='par_1_109' title="bbox 2226 5629 2933 5701">
     <span class='ocr_line' id='line_1_110' title="bbox 2226 5629 2933 5701; baseline -0.007 -16"><span class='ocrx_word' id='word_1_745' title='bbox 2226 5635 2302 5699; x_wconf 81' lang='lat'><strong>(9)</strong></span> <span class='ocrx_word' id='word_1_746' title='bbox 2342 5632 2439 5685; x_wconf 77' lang='lat' dir='ltr'><strong>Ms.</strong></span> <span class='ocrx_word' id='word_1_747' title='bbox 2480 5651 2497 5682; x_wconf 85' lang='grc' dir='ltr'><strong>ι</strong></span> <span class='ocrx_word' id='word_1_748' title='bbox 2532 5646 2625 5701; x_wconf 79' lang='lat' dir='ltr'><strong>per</strong></span> <span class='ocrx_word' id='word_1_749' title='bbox 2646 5629 2874 5701; x_wconf 87' lang='lat' dir='ltr'><strong>quibus.</strong></span> <span class='ocrx_word' id='word_1_750' title='bbox 2915 5648 2933 5680; x_wconf 77' lang='grc' dir='ltr'><strong>ι</strong></span> 
     </span>
    </p>
   </div>
   <div class='ocr_carea' id='block_1_110' title="bbox 2227 5700 2965 5776">
    <p class='ocr_par' dir='ltr' id='par_1_110' title="bbox 2227 5700 2965 5776">
     <span class='ocr_line' id='line_1_111' title="bbox 2227 5700 2965 5776; baseline -0.007 -19"><span class='ocrx_word' id='word_1_751' title='bbox 2227 5703 2338 5776; x_wconf 78' lang='lat' dir='ltr'><strong>(t0)</strong></span> <span class='ocrx_word' id='word_1_752' title='bbox 2375 5703 2475 5757; x_wconf 79' lang='lat' dir='ltr'><strong>Ms.</strong></span> <span class='ocrx_word' id='word_1_753' title='bbox 2519 5700 2541 5753; x_wconf 57' lang='grc'><strong>«⁷</strong></span> <span class='ocrx_word' id='word_1_754' title='bbox 2572 5700 2908 5756; x_wconf 88' lang='lat' dir='ltr'><strong>Curbicium.</strong></span> <span class='ocrx_word' id='word_1_755' title='bbox 2946 5719 2965 5752; x_wconf 78' lang='grc' dir='ltr'>ι</span> 
     </span>
    </p>
   </div>
  </div>
