4058 6416
461 373 594 433 1551

1457 375 1636 433 ACTA
1671 373 2197 432 DISPUTATIONIS
2235 373 2295 431 Β.
2334 372 2672 432 ARCHELAI

3558 371 3698 428 M52

459 493 649 549 aderat
671 535 686 559 ,
726 503 784 549 ut
827 493 922 549 Dei
958 492 1168 563 judicio
1192 507 1382 564 poenas
1405 507 1505 563 pro
1531 491 1741 548 meritis
1767 491 2025 562 pendere-
2046 492 2098 550 Δ
2124 490 2370 563 praecipit
2433 507 2531 562 per
2573 490 2819 547 convivia
2875 490 3127 546 reclinari
3155 533 3171 557 ,
3233 470 3696 561 septingentisque

461 600 616 653 mus;
663 584 888 642 forsitan
935 587 1082 641 enim
1126 593 1420 656 peccantes
1471 585 1861 655 ignorabamus
1885 624 1901 650 ,
1937 591 2032 638 aut
2131 582 2387 637 omnibus
2409 581 2707 636 exstructis
2724 578 2949 647 mensis,
2976 597 3097 636 cum
3130 581 3331 651 ingenti
3359 581 3542 636 laetitia
3565 579 3699 635 reﬁ-v

457 680 621 736 etiam
655 691 1010 752 agnoscentes
1057 696 1166 736 non
1194 681 1600 737 desinebamus.
1655 678 1713 734 ln
1738 680 1827 734 illa
1864 679 2029 750 igitur

460 773 596 828 hora
626 774 806 829 subito
846 774 1075 827 militum
1123 788 1224 828 nos
1259 772 1548 828 multitudo
1578 770 1918 834 circumdat,
1968 780 2026 826 ut

455 864 666 919 aestimo
687 907 703 932 ,
738 875 987 935 putantes
1016 879 1115 919 nos
1145 880 1243 933 pro
1268 865 1479 919 insidiis
1525 863 1836 920 consedisse
1860 905 1874 929 ,
1931 872 2026 917 aut

454 954 679 1009 omnino
724 971 882 1010 usum
930 957 1013 1010 vel
1054 956 1293 1010 studium
1338 955 1539 1010 habere
1594 955 1934 1025 praeliorum;
1966 964 2023 1009 et

457 1044 604 1098 nulla
661 1058 961 1101 conventus
1012 1047 1184 1100 nostri
1233 1061 1399 1101 causa
1450 1045 1666 1115 penitus
1717 1049 2019 1115 explorata,

453 1134 653 1190 bellum
684 1137 843 1191 nobis
868 1138 1210 1203 denuntiant,
1246 1152 1353 1191 non
1381 1152 1651 1201 sermone,
1679 1137 1771 1192 sed
1797 1139 1975 1208 gladio
2002 1156 2016 1199 ;

452 1236 507 1280 et
534 1228 782 1284 homines
810 1229 901 1298 qui
929 1228 1179 1298 injuriam
1208 1227 1385 1283 facere
1414 1228 1667 1297 cuiquam
1698 1244 1806 1282 non
1835 1229 2022 1283 didici-

449 1331 596 1381 mus,
647 1318 768 1372 sine
799 1318 909 1372 ulla
939 1319 1310 1373 misericordia
1344 1319 1703 1374 missibilibus
1736 1320 1849 1390 (l7)
1899 1319 2012 1372 vul-

450 1417 668 1474 nerant,
698 1409 873 1465 bastis
894 1409 1235 1477 confodiunt,
1269 1411 1624 1466 mucronibus
1646 1411 1915 1482 iugulant.
1953 1413 2017 1466 Et

384 1563 389 1566 _
450 1499 834 1555 interfecerunt
877 1500 1098 1570 quidem
1145 1516 1209 1555 ex
1257 1500 1415 1555 nobis
1460 1502 1526 1555 ad
1558 1502 1701 1556 mille
1747 1513 2014 1558 trecentos

445 1592 615 1658 viros,
644 1591 1066 1647 vulneraverunt
1109 1601 1288 1645 autem
1320 1593 1662 1662 quingentos.
1720 1592 1854 1647 Cum
1883 1609 2012 1649 vero

443 1678 559 1735 dies
590 1678 863 1747 inclaruit,
892 1681 986 1750 qui
1017 1678 1398 1750 superfuerant
1425 1697 1489 1736 ex
1517 1683 1707 1746 nobis,
1743 1683 1850 1738 huc
1882 1699 2010 1753 per-

2126 673 2304 730 ciebat
2344 674 2665 741 universos;
2718 673 2791 728 ita
2823 673 2997 744 utqui
3045 688 3332 742 superesse
3384 680 3692 742 potuerant,

2125 766 2454 823 oblivionem
2505 774 2761 836 caperent
2802 766 3074 833 laborum,
3127 781 3190 821 ac
3221 768 3390 821 totius
3419 768 3547 821 mali
3578 767 3694 822 elli-

2100 856 2378 915 ‘ccrentur
2404 861 2770 915 immemores.
2820 859 2954 913 Cum
2982 869 3160 914 autem
3186 859 3409 928 quintus
3444 860 3693 915 decimus

2122 952 2514 1020 transigeretur
2558 951 2708 1016 dies,
2741 950 2993 1031 Marcello
3039 961 3231 1005 cuncta
3266 951 3469 1005 aﬂ‘atim
3527 951 3689 1004 mini-

2121 1052 2326 1098 strante
2369 1043 2620 1113 captivis,
2666 1044 2868 1113 placuit
2897 1043 2976 1098 eis
3009 1044 3262 1098 omnibus
3297 1043 3593 1107 remeandi
3620 1043 3687 1097 ad

2116 1136 2334 1203 propria
2364 1135 2528 1188 tribui
2568 1133 2876 1189 facultatem
2899 1174 2913 1198 ,
2973 1143 3169 1205 praeter
3196 1150 3290 1189 eos
3321 1150 3459 1202 quos
3500 1134 3692 1188 vulne-

2115 1241 2237 1279 rum
2274 1241 2401 1281 cura
2435 1226 2720 1291 retinebat,
2746 1226 2943 1296 quibus
2963 1236 3276 1297 competens
3305 1227 3545 1280 adhibita
3573 1242 3690 1279 me-

2114 1318 2256 1384 dela,
2290 1319 2356 1372 ad
2387 1334 2486 1374 sua
2516 1326 2741 1373 caeteros
2779 1319 2926 1372 abire
2958 1320 3231 1388 przecepit.
3260 1317 3362 1372 Sed
3397 1319 3480 1372 his
3501 1320 3686 1371 omni-

2114 1408 2218 1462 bus
2252 1407 2462 1478 majora
2496 1407 2701 1462 addidit
2746 1406 3031 1463 Marcellus
3056 1409 3272 1477 pietatis
3295 1408 3475 1463 ofticia
3510 1428 3524 1463 :
3557 1425 3683 1464 cum

2113 1500 2347 1570 plurima
2396 1514 2631 1569 namque
2672 1514 2896 1554 suorum
2929 1515 3092 1553 manu
3127 1494 3448 1569 progressus
3496 1509 3581 1554 est
3614 1500 3683 1554 ad

2111 1592 2417 1662 scpelienda
2437 1607 2664 1661 corpora
2681 1592 2735 1646 in
2756 1592 2947 1649 itinere
2971 1601 3397 1662 peremptorum,
3420 1600 3472 1646 et
3494 1592 3681 1646 omnia

2110 1697 2448 1752 quzrcunque
2481 1681 2727 1736 invenire
2753 1681 2951 1752 potuit,
2997 1692 3054 1736 ut
3075 1682 3297 1750 dignum
3328 1690 3465 1745 erat,
3504 1681 3679 1735 tradi-

441 1769 995 1842 duxeruntcaptivos,
1022 1788 1121 1828 nec
1148 1774 1226 1828 sic
1253 1775 1471 1845 quidem
1499 1776 1701 1845 aliquid
1728 1777 1885 1832 nobis
1908 1777 2009 1830 mi-
2108 1774 2187 1830 dit
2215 1774 2507 1844 sepulturae
2543 1792 2556 1829 :
2594 1789 2704 1844 quo
2734 1789 2959 1829 munere
3008 1774 3263 1843 impleto,
3315 1775 3381 1828 ad
3410 1773 3703 1845 Cbarram_

441 1863 757 1918 serie-ordia:
805 1864 1164 1920 concedentes
1206 1884 1221 1920 :

437 1969 634 2039 equos,
658 1957 933 2013 hastilium
961 1959 1278 2015 verberibus
1312 1961 1640 2023 stimulatos,
1668 1972 1721 2015 et
1740 1976 2004 2032 equorum

438 2043 714 2103 frontibus
751 2047 1035 2117 impulsos.
1093 2047 1160 2103 Et
1203 2050 1512 2119 perduravit
1541 2052 1795 2121 quidem,
1844 2053 1890 2107 si
1916 2054 2003 2107 cui

436 2137 583 2217 vires
625 2136 847 2194 fuerunt
876 2140 1168 2207 tolerandi;
1225 2141 1444 2212 plurimi
1473 2158 1600 2197 vero
1626 2154 1749 2197 ante
1777 2160 1874 2197 ora
1901 2144 2002 2198 do—
2049 2198 2067 2217 ,

437 2231 711 2299 minorum
727 2232 1024 2287 crudelium
1040 2232 1402 2299 concidentes,
1416 2234 1628 2289 animas
1641 2234 1999 2302 exbalabant;

436 2325 733 2390 pendentes
765 2323 1025 2378 uberibus
1049 2325 1306 2394 parvulos
1339 2340 1469 2381 suos
1498 2335 1716 2391 matres,
1742 2326 2003 2397 defatiga-

434 2411 506 2468 tis
535 2428 600 2468 ac
624 2414 865 2471 dimissis
897 2431 1062 2470 onere
1090 2417 1361 2481 brachiis,
1397 2417 1551 2472 humi
1582 2420 1831 2474 decidere
1856 2421 2002 2475 sine-

431 2503 585 2569 bant,
637 2505 851 2575 agitatae
897 2506 1300 2575 insequentium
1324 2509 1522 2575 minis;
1558 2510 1738 2565 omnis
1764 2526 1891 2566 vero
1914 2527 2001 2567 se-

428 2595 557 2650 nilis
590 2605 721 2651 aatas
748 2598 889 2652 victa
927 2598 1205 2654 laboribus
1233 2614 1298 2673 ac
1327 2600 1562 2655 resoluta
1605 2616 1700 2670 per
1734 2602 1995 2670 inediam,

380 2750 383 2751 ν
426 2689 719 2744 corruebat
749 2690 803 2744 in
831 2698 1052 2746 terram.
1115 2689 1344 2762 Superbi
1370 2708 1501 2748 vero
1528 2693 1725 2748 milites
1760 2695 1863 2748 hoc
1887 2703 1995 2749 tam

425 2788 656 2857 cruento
682 2783 1068 2837 collabentium
1096 2783 1428 2853 spectaculo,
1458 2792 1719 2853 tanquam
1756 2785 1997 2856 volupta-

432 2883 484 2929 te
522 2873 702 2944 aliqua
747 2874 1108 2944 fruebantur,
1142 2892 1266 2933 cum
1310 2877 1445 2931 alios
1484 2875 1799 2937 deficientes
1825 2878 1993 2933 sterni

427 2961 545 3016 solo
572 2974 888 3032 cernerent;
923 2965 974 3035 in
1001 2966 1124 3020 aliis
1151 2965 1273 3022 sitis
1305 2967 1595 3024 ardoribus
1623 2965 1881 3039 fatigatis,
1910 2967 1994 3022 in-

424 3059 708 3108 tuerentur
749 3054 927 3108 etiam.
958 3056 1109 3111 vocis
1150 3065 1386 3111 meatum
1412 3097 1428 3123 ,
1475 3068 1755 3115 arescente
1794 3058 1994 3135 linguae

424 3145 633 3216 glutino
654 3185 670 3211 ,
702 3147 1024 3216 praepediri;
1056 3148 1194 3205 alios
1220 3165 1352 3204 vero
1381 3149 1659 3218 viderent,
1709 3151 1990 3208 conversis
2017 3186 2062 3248 ο

421 3246 545 3304 post
572 3245 718 3309 terga
740 3239 931 3313 oculis,
973 3240 1367 3310 exspirantium
1391 3243 1738 3312 parvulorum
1762 3258 1985 3298 suorum

421 3327 839 3400 ingemiscentes
863 3332 1074 3399 exitiis;
1105 3348 1229 3387 cum
1262 3334 1338 3388 illi
1358 3333 1759 3391 infelicissimas
1787 3347 1990 3391 matres

419 3420 692 3491 vagitibus
750 3421 1108 3479 inclamarent
1131 3465 1146 3490 ,
1187 3424 1300 3479 illaa‘
1330 3439 1459 3479 vero
1488 3426 1801 3494 praedonum
1837 3443 1988 3483 acer-

420 3509 685 3566 bitatibus
730 3513 980 3583 agitatae,
1034 3513 1233 3582 quibus
1281 3515 1413 3571 solis
1444 3516 1613 3571 libere
1647 3517 1723 3570 uti
1768 3517 1985 3583 licebat,

420 3602 713 3671 gemitibus
751 3607 1171 3674 responderent;
1215 3622 1447 3678 quarum
1490 3609 1537 3664 si
1588 3625 1710 3679 quae
1746 3611 1986 3667 tenerius

420 3692 656 3764 propriis
710 3694 1053 3764 indulgerent
1096 3699 1438 3766 visceribus,
1487 3699 1740 3756 interitus
1784 3710 1984 3756 sortem

418 3794 612 3854 sponte
639 3785 742 3840 sibi
760 3800 944 3857 parem
963 3804 1085 3842 cum
1105 3789 1231 3845 (iliis
1259 3801 1753 3861 praesumpserunt;
1791 3793 1835 3848 si
1866 3809 1987 3863 quae

414 3877 777 3934 verobabere
819 3880 1022 3951 aliquid
1066 3882 1367 3938 tolerantiae
1409 3892 1720 3954 potuerunt,
1761 3887 1987 3956 captiva:

416 3968 524 4026 huc
556 3986 730 4040 usque
778 3974 1052 4042 perductae
1095 3985 1242 4031 sunt.
1310 3974 1516 4033 Triduo
1549 3977 1733 4048 itaque
1766 3990 1982 4046 exacto,

414 4075 540 4117 cum
573 4078 643 4117 ne
675 4066 924 4123 noctibus
954 4067 1172 4137 quidem
1200 4069 1436 4139 aliquam
1468 4072 1713 4141 requiem
1742 4071 1983 4141 cepisse-

412 4166 558 4220 mus,
592 4154 660 4209 ad
694 4154 872 4210 locum
908 4156 1054 4212 hunc
1081 4156 1464 4228 perducimur,
1493 4159 1547 4215 in
1573 4177 1682 4230 quo
1716 4170 1840 4233 post
1869 4161 1984 4218 haec

316 4260 320 4263 ·
407 4242 521 4315 jam
557 4246 684 4316 quid
716 4257 925 4318 gestum
958 4249 1046 4315 sit,
1085 4251 1280 4308 melius
1313 4252 1429 4322 ipse
1458 4255 1623 4310 nosti.

432 4393 437 4398 _
484 4335 572 4390 ΙΙΙ.
613 4337 712 4393 His
734 4340 934 4405 auditis
959 4341 1042 4395 vir
1073 4342 1352 4413 piissimus
1377 4345 1663 4402 Marcellus
1683 4351 1978 4419 plurimum

410 4427 464 4482 in
501 4429 767 4500 lacrymas
801 4431 1057 4501 profusus
1091 4444 1213 4502 est,
1260 4437 1519 4496 misertus
1572 4448 1754 4498 tantos
1778 4449 1833 4497 et
1868 4451 1976 4497 tam

1265 1867 1495 1936 agebant
1542 1868 1686 1922 enim
1736 1883 1837 1923 nos
1883 1878 2008 1922 ante
2040 1848 2080 1904 Β
2111 1866 2221 1935 (l8)
2249 1866 2428 1931 rediit,
2452 1874 2616 1935 atque
2641 1865 2837 1920 exinde
2866 1876 3177 1936 recuperata
3205 1865 3461 1929 sanitate,
3495 1866 3683 1922 vulne-
3760 1868 3765 1873 ⁴

2108 1966 2256 2013 ratos
2312 1959 2380 2013 ad
2422 1958 2652 2028 patriam
2709 1972 2952 2012 remeare
3010 1956 3312 2026 permittit,
3362 1956 3680 2028 largissimo

2107 2049 2174 2104 ad
2203 2049 2305 2104 iter
2336 2050 2535 2104 viatico
2564 2058 2890 2119 praeparato.
2949 2048 3018 2101 At
3044 2064 3175 2102 vero
3202 2048 3329 2102 facti
3355 2048 3520 2117 hujus
3555 2051 3679 2119 opi-

2107 2145 2197 2197 nio
2226 2143 2295 2198 ad
2327 2143 2534 2212 reliqua
2570 2142 2803 2197 Marcelli
2847 2143 2984 2197 bene
3023 2151 3172 2211 gesta
3210 2142 3538 2197 immensum
3572 2160 3677 2199 cu-

2104 2237 2311 2290 mulum
2364 2235 2628 2301 contulit;
2685 2250 2781 2304 per
2830 2236 3139 2289 universam
3193 2236 3337 2289 enim
3393 2236 3673 2305 regionem

2103 2327 2249 2380 illam
2286 2326 2476 2395 ingens
2501 2324 2643 2380 fama
2675 2326 2931 2381 discurrit
2959 2326 3025 2379 de
3054 2325 3251 2395 pietate
3276 2323 3554 2389 Marcelli,
3596 2327 3674 2380 ita

2103 2425 2160 2468 ut
2184 2414 2406 2483 plurimi
2428 2429 2495 2468 ex
2524 2413 2750 2469 diversis
2779 2414 3002 2469 urbibus
3034 2413 3250 2468 videndi
3282 2422 3445 2483 atque
3476 2430 3683 2485 cogno-

2102 2507 2285 2561 scendi
2318 2505 2420 2560 viri
2453 2506 2749 2574 cupiditate
2780 2505 3091 2576 ﬂagrarent,
3114 2516 3169 2560 et
3205 2507 3439 2561 maxime
3465 2506 3518 2559 bi
3542 2507 3666 2575 qui-

2100 2599 2203 2654 bus
2237 2597 2377 2652 ferre
2426 2597 2710 2667 penuriam
2745 2612 2878 2651 usus
2913 2606 3038 2653 ante
3071 2614 3179 2652 non
3215 2596 3414 2664 fuerat,
3466 2599 3674 2668 quibus

2099 2690 2355 2745 onmibus
2384 2691 2469 2743 vir
2495 2691 2744 2760 egregius
2794 2690 3264 2759 indulgentissime
3298 2691 3669 2759 ministrabat,

2100 2780 2335 2851 Marcelli
2364 2781 2564 2836 veteris
2587 2781 2830 2836 imitatus
2857 2780 3139 2851 exempla,
3173 2781 3244 2834 ita
3274 2788 3333 2834 ut
3355 2796 3549 2836 omnes
3581 2781 3673 2836 di-

2096 2884 2273 2930 cerent
2304 2875 2408 2929 hoc
2436 2874 2555 2929 viro
2588 2874 2796 2928 nullum
2822 2873 3021 2943 pietate
3045 2873 3505 2944 praestantiorem.
3557 2872 3669 2932 Sed

2094 2978 2149 3023 et
2178 2968 2355 3023 viduae
2401 2966 2665 3022 universze
2718 2967 2773 3021 in
2829 2964 3062 3021 Domino
3113 2966 3395 3022 credentes
3433 2968 3499 3022 ad
3538 2983 3668 3024 eum

2094 3059 2529 3127 concurrebant;
2558 3074 2682 3113 cum
2714 3058 2970 3113 imbecilli
3001 3073 3219 3128 quoque
3247 3075 3311 3114 ex
3342 3074 3408 3114 eo
3434 3060 3538 3115 sibi
3565 3077 3669 3116 au-

2094 3154 2284 3208 xilium
2355 3151 2720 3208 certissimum
2795 3152 3236 3223 praesumebant,
3289 3168 3389 3208 nec
3444 3170 3554 3209 non
3610 3162 3669 3210 et

2093 3243 2322 3315 orphani
2365 3257 2557 3297 omnes
2603 3241 2673 3297 ab
2714 3242 2835 3311 ipso
2884 3241 3301 3309 nutriebantur,
3356 3244 3667 3314 domusque

2088 3336 2209 3407 ejus
2240 3334 2649 3405 peregrinorum
2684 3343 2739 3388 et
2763 3349 3069 3404 pauperum
3110 3336 3408 3406 hospitium
3439 3336 3663 3392 dicebat-

2090 3434 2206 3491 tur;
2236 3439 2398 3492 super
2426 3423 2609 3477 omnia
2644 3437 2774 3477 vero
2800 3425 2934 3489 haec,
2968 3423 3094 3480 fidei
3136 3439 3325 3479 curam
3351 3426 3567 3503 egregie
3596 3441 3665 3482 ac

2088 3515 2440 3585 singulariter
2489 3514 2778 3581 retinebat,
2829 3515 3108 3573 aedificans
3149 3531 3246 3573 cor
3295 3533 3457 3573 suum
3494 3534 3666 3589 super

2087 3605 2419 3661 immobilem
2446 3615 2676 3677 petram.

2161 3698 2247 3753 IV.
2292 3698 2405 3770 (l9)
2448 3699 2615 3771 igitur
2639 3714 2762 3754 cum
2795 3700 3027 3756 diversis
3074 3700 3128 3756 in
3160 3701 3294 3756 locis
3322 3700 3468 3757 fama
3494 3702 3563 3759 de
3594 3718 3664 3759 eo

2086 3791 2386 3860 saepissime
2418 3799 2788 3861 spat-geretur,
2830 3792 2994 3847 etiam
3028 3792 3260 3864 Stranga
3295 3792 3461 3848 ﬂuvio
3489 3810 3661 3865 supe-

2087 3890 2227 3946 rato,
2261 3879 2553 3936 Persarum
2587 3882 2641 3936 in
2671 3882 2944 3950 regionem
2985 3898 3109 3937 eum
3136 3883 3662 3953 pertulitadmiran-

2084 3972 2213 4027 dum
2236 4012 2253 4038 ,
2299 3974 2354 4028 in
2385 3989 2490 4044 qua
2519 3974 2903 4033 demorabatur
2931 3974 3115 4031 Manes
3147 3977 3400 4043 quidam;
3445 3978 3538 4047 qui
3585 3979 3659 4034 ad

2085 4079 2144 4120 se
2177 4065 2551 4135 hujuscemodi
2585 4065 2686 4120 viri
2721 4066 2976 4136 opinione
3023 4069 3248 4139 perlata,
3288 4068 3522 4140 plurima
3560 4086 3656 4125 se-

2083 4172 2207 4211 cum
2242 4159 2355 4227 ipse
2391 4157 2673 4223 volvebat,
2726 4159 3181 4227 quemadmodum
3226 4175 3350 4215 eum
3393 4160 3658 4217 doctrina'

2083 4261 2196 4301 suae
2243 4254 2428 4316 posset
2473 4247 2682 4316 laqueis
2734 4247 2983 4314 irretire,
3040 4265 3266 4318 sperans
3320 4258 3655 4307 assertorem

2083 4338 2354 4408 dogmatis
2395 4340 2482 4394 sui
2528 4339 2645 4396 ﬁeri
2687 4355 2848 4412 posse
2886 4340 3219 4399 Marcellum.
3282 4341 3659 4401 Przesumebat

2082 4433 2227 4483 enim
2262 4430 2571 4486 universam
2605 4447 2666 4488 se
2691 4448 2959 4503 occupare
2998 4450 3162 4505 posse
3188 4437 3523 4505 provinciam
3546 4477 3562 4502 ,
3608 4439 3659 4493 si

410 4518 593 4573 varios
626 4535 823 4590 casus;
880 4523 974 4578 sed
1022 4525 1154 4579 nihil
1204 4536 1472 4593 moratus,
1505 4529 1658 4584 cibos
1690 4542 1977 4602 praeparat,

2097 4523 2238 4592 prius
2263 4524 2424 4579 talem
2448 4525 2626 4578 virum
2653 4526 2871 4581 sibimet
2891 4526 3122 4582 subdere
3143 4529 3441 4597 potuisset;
3463 4529 3517 4582 in
3545 4544 3660 4599 quo

408 4607 649 4680 fatigatis
679 4627 776 4681 per
802 4614 1151 4684 semetipsum
1190 4619 1489 4675 ministeria
1519 4621 1805 4692 exhibens,
1854 4625 1977 4679 imi-

406 4708 556 4756 tatus
600 4712 807 4771 patrem
859 4716 1105 4762 nostrum
1139 4708 1412 4766 Abraham
1438 4714 1808 4783 patriarcham
1835 4717 1851 4748 ¹
1881 4718 1975 4786 qui

405 4792 680 4861 quondam
712 4796 917 4867 angelis
951 4814 981 4853 a
1015 4814 1074 4854 se
1103 4801 1339 4871 hospitio
1368 4808 1671 4876 susceptis,
1703 4822 1813 4862 non
1848 4824 1975 4864 ver-

404 4885 619 4941 naculis
649 4886 933 4957 imperavit
962 4890 1192 4959 vitulum
1224 4894 1434 4951 deferre
1457 4896 1523 4951 de
1553 4899 1808 4969 gregibus
1833 4918 1847 4967 ;
1879 4901 1974 4956 sed

403 4974 521 5045 ipse
557 4981 741 5034 senior
768 4980 1082 5051 impositum
1119 4985 1364 5042 humeris
1394 4989 1637 5058 pertulit,
1667 5006 1731 5046 ac
1768 5008 1863 5061 per
1888 5008 1975 5048 se-

404 5078 515 5122 met
539 5083 871 5140 praaparatos
913 5075 1067 5130 cibos
1095 5077 1331 5146 propriis
1358 5081 1610 5134 manibus
1643 5084 1850 5153 angelis
1879 5101 1976 5155 ap-

401 5163 606 5231 posuit.
672 5164 847 5219 Simili
876 5175 932 5220 et
959 5165 1246 5224 Marcellus
1279 5167 1501 5226 functus
1531 5172 1707 5228 ofﬁcio
1730 5215 1744 5240 ,
1802 5174 1974 5231 denos

476 5298 493 5328 ¹
525 5296 661 5352 Gen.
695 5314 852 5353 xvm.

474 5405 586 5482 tl?)
626 5407 865 5482 flat-hara
891 5428 991 5466 vox
1024 5430 1123 5482 pro
1163 5433 1181 5466 ‹
1226 5416 1550 5472 missilibus.
1585 5436 1604 5469 ι

473 5473 585 5546 (18)
627 5478 819 5557 Mabita
852 5492 935 5536 est
962 5473 1143 5557 itaque
1192 5486 1303 5540 haec
1344 5487 1642 5556 disputatio
1669 5490 1810 5557 apud
1840 5488 1974 5544 Car-

404 5544 534 5631 rhas
564 5544 970 5631 celeberrimam
1003 5544 1405 5631 Mesopotamia:
1435 5544 1845 5631 'urhem,_eujus
1864 5563 1973 5631 epi-

403 5629 605 5695 scopus
624 5628 752 5695 erat
774 5620 1097 5695 Archelaus,
1135 5620 1210 5679 uti
1242 5642 1405 5695 supra
1431 5620 1833 5684 adnotavimus.

439 5683 588 5762 _(l9)
624 5683 762 5766 Hinc
790 5690 981 5766 incipit
1008 5683 1131 5766 pars
1168 5683 1329 5766 hujus
1360 5699 1541 5766 operis
1568 5698 1715 5751 edita
1750 5715 1780 5753 a
1800 5683 1973 5754 Vale-

406 5756 489 5805 siu
514 5769 579 5808 ex
604 5756 790 5811 codice
816 5756 1092 5828 Bobieiisi,
1123 5765 1215 5833 qui
1239 5756 1470 5821 'nunc'in
1502 5768 1860 5826 Ambrosiam
1890 5772 1973 5826 bi-

2083 4614 2284 4684 duplici
2335 4614 2666 4683 cegttatione
2719 4616 2936 4669 animus
2989 4617 3292 4684 aestuabat,
3341 4626 3657 4673 utrumnam

2084 4704 2201 4775 ipse
2235 4705 2302 4759 ad
2339 4720 2464 4760 eum
2496 4714 2773 4775 pergeret,
2804 4721 2872 4759 an
2903 4706 3098 4761 litteris
3118 4722 3245 4762 eum
3275 4710 3450 4778 primo
3482 4719 3663 4765 tenta-

2081 4808 2166 4850 ret
2197 4796 2431 4863 adoriri;
2467 4797 2752 4851 verebatur
2780 4797 2947 4862 enim,
2982 4815 3051 4852 ne
3082 4798 3225 4854 forte
3280 4800 3581 4869 improviso
3604 4814 3665 4859 et

2081 4890 2265 4945 subito
2296 4890 2545 4961 ingressu
2583 4890 2783 4944 malum
2814 4892 2916 4947 sibi
2950 4891 3170 4961 aliquod
3199 4904 3550 4963 nasceretur;
3589 4897 3661 4951 ad

2084 4980 2338 5033 ultimum
2366 4980 2760 5036 versutioribus
2782 4981 3027 5035 consiliis
3046 4996 3265 5049 parens,
3292 4983 3533 5039 scribere
3561 4979 3663 5039 del-

2080 5072 2250 5125 crevit
2283 5085 2297 5124 :
2335 5072 2679 5140 accitumque
2710 5087 2878 5125 unum
2906 5087 2973 5126 ex
3004 5072 3307 5142 discipulis,
3342 5072 3658 5131 Turbonem

2080 5162 2198 5233 (20)
2228 5164 2570 5234 nomiuc,qui
2607 5179 2701 5232 per
2727 5164 2935 5218 Addam
2965 5163 3142 5218 fuerat
3177 5168 3497 5234 instructus,
3539 5177 3659 5223 tra-

2082 5416 2352 5471 bliotheca
2381 5424 2646 5470 servatur.

2159 5487 2270 5554 (9.0)
2307 5486 2487 5540 Codex
2518 5485 2798 5543 Bobiensis
2827 5487 2986 5557 legit,
3024 5506 3043 5542 α
3077 5488 3225 5546 Adda
3258 5487 3592 5545 Turbonem.
3627 5508 3652 5544 ι

2087 5556 2416 5629 Fuitaulem
2444 5557 2594 5629 Adda
2624 5574 2765 5629 unus
2787 5560 3153 5629 exidiscipulis
3182 5562 3317 5619 suis,
3348 5560 3435 5613 cui
3461 5560 3658 5615 Orien-

2088 5638 2193 5680 tem
2225 5626 2788 5751 li‘airssiiluﬁciendum
2818 5626 3403 5697 Manes'demandavit,
3428 5640 3487 5685 ut
3506 5632 3656 5689 intra

2089 5712 2208 5751 CilD.
2379 5712 2444 5750 lC!
2475 5714 2557 5751 ω’.

2089 5712 2208 5767 Cap.
2247 5706 2305 5749 11
2339 5706 2557 5751 (ιιειιυν.
