4058 6384
360 331 502 385 “'53

1447 332 1595 390 cum
1618 308 1914 390 'MA'NETE
1945 334 2483 393 HERESIARCHA.

3467 334 3609 388 ΗΜ

358 424 472 480 dita
504 420 746 492 Epistola
772 464 789 490 ,
841 423 991 480 abire
1019 422 1216 495 jubet,
1268 438 1332 479 ac
1369 425 1607 495 perferre
1636 426 1929 495 Marcello;
1961 432 2008 489 Α
2036 438 2149 484 tum
2177 430 2290 500 (25)
2326 430 2432 485 sibi
2467 442 2664 483 nomen
2692 440 2803 481 non
2832 425 3063 482 libenter
3093 426 3361 496 amplexi,
3397 426 3611 483 Turbo.

359 515 565 586 quique
592 512 705 585 (21)
735 523 1014 585 acceptam
1059 531 1177 570 eam
1215 515 1364 579 huic,
1398 516 1485 571 cui
1518 532 1549 571 a
1574 516 1730 572 Mane
1760 516 1931 572 fuerat

359 616 687 677 praeceptum
710 648 726 673 ,
763 608 1017 677 pertulit,
1048 607 1197 661 omni
1234 607 1428 662 itinere
1458 608 1650 663 diebus
1694 609 1935 678 quinque

360 707 652 753 transacto.
719 698 896 754 Veloci
944 700 1143 753 etenim
1200 715 1333 753 usus
1365 710 1449 754 est
1488 716 1692 767 cursu,
1741 701 1792 753 iu
1825 714 1935 768 quo

358 788 657 859 plurimum
706 790 1052 859 supradictus
1102 788 1285 843 Turbo
1338 789 1539 844 laboris
1590 800 1643 844 et
1676 790 1936 843 molestia:

361 884 613 951 pertulit;
649 882 694 937 si
717 882 934 951 quando
962 882 1105 936 enim
1140 882 1304 934 veluti
1336 882 1689 951 peregrinaus
1716 880 1826 951 (22)
1866 882 1931 934 ad

366 972 663 1038 hospitium
691 972 1061 1041 pervenisset,
1095 988 1215 1040 (ιιιιιι
1242 973 1457 1041 quidem
1492 971 1796 1027 diversoria
1821 971 1932 1041 (25)

360 1063 822 1133 hospitalisslmus
850 1064 1133 1119 Marcellus
1166 1064 1518 1129 instruxerat,
1537 1080 1660 1117 cum
1690 1079 1720 1117 a
1749 1077 1934 1116 serva-

361 1157 575 1213 toribus
624 1156 984 1226 hospitiorum
1013 1152 1460 1223 interrogaretur,
1506 1158 1668 1220 unde,
1704 1164 1756 1209 et
1786 1156 1930 1223 quis,

359 1250 446 1303 vel
473 1266 501 1303 a
531 1265 640 1318 quo
673 1250 875 1304 missus
922 1257 1104 1313 esset,
1162 1250 1340 1302 aiebat
1372 1267 1386 1303 :
1417 1250 1548 1304 Sum
1574 1249 1791 1317 quidem
1821 1247 1933 1317 (2i)

245 1372 263 1390 .
362 1339 871 1409 Mesopotantensis,
908 1342 975 1394 de
1000 1340 1220 1395 Persida
1268 1352 1446 1395 autem
1495 1342 1673 1402 venio,
1709 1356 1738 1394 a
1766 1339 1935 1395 Mani-

288 1445 329 1493 _'
360 1432 512 1486 clueo
543 1435 802 1503 magistro
834 1432 1274 1487 Christianorum
1308 1433 1533 1488 missus.
1576 1434 1645 1487 At
1674 1433 1751 1487 illi
1781 1433 1937 1502 igno-

946 1548 1330 1601 ΜΛΝΙΧΛΙΟΣ

373 1634 733 1703 Ἀπόστολος
805 1638 1001 1703 Ἰησοῦ
1052 1637 1332 1705 Ᾱζοιστοῦ,
1389 1637 1487 1691 καὶ
1542 1641 1595 1693 οἱ
1642 1637 1765 1691 σὺν
1805 1640 1932 1706 ἐμοὶ

429 1706 651 1774 πάντες
701 1708 873 1775 ἅγιοι,
910 1707 1006 1760 καὶ
1053 1708 1351 1775 παρθένοι,
1384 1708 1712 1776 Μαρκέλλῳ
1750 1710 1937 1775 τέκνῳ

2036 537 2160 575 nem
2190 522 2356 576 etiam
2390 520 2523 589 ipsis
2550 517 2802 586 hospitiis
2831 517 3208 581 detrudebant,
3231 533 3297 572 ne
3318 534 3473 587 aqua:
3493 521 3613 589 qui-

2036 614 2158 668 dem
2188 614 2363 684 ipsius
2406 612 2473 667 ad
2505 612 2798 666 bibendum
2847 609 3105 665 facultate
3137 627 3432 677 concessa;
3490 630 3611 682 quae

2036 720 2159 760 eum
2194 705 2406 774 singula
2438 704 2681 772 quotidie
2703 712 2865 771 atque
2892 703 3086 757 horum
3113 706 3375 773 nequiora
3403 704 3612 773 perfer-

2036 808 2119 853 ret
2148 799 2219 851 ab
2247 797 2351 861 his,
2384 798 2477 866 qui
2514 813 2611 866 per
2650 797 2863 865 singula
2890 796 3008 850 loca
3045 798 3420 851 mansionibus
3445 806 3611 867 atque

2038 889 2287 957 hospitiis
2336 896 2643 957 praeerant,
2693 888 2797 941 nisi
2847 888 2912 941 ad
2964 890 3215 943 ultimum
3272 890 3526 944 Marce-llo
3553 906 3611 945 se

2037 989 2254 1049 portare
2282 981 2491 1035 litteras
2523 978 2840 1041 indicasset,
2860 980 3179 1049 peregrinus
3206 979 3389 1034 Turbo
3419 982 3610 1036 mortis

2035 1073 2347 1143 pertulisset
2375 1072 2560 1125 exitia.

2108 1164 2174 1219 V.
2215 1165 2480 1233 Acceptas
2518 1164 2681 1233 igitur
2706 1162 2992 1216 Marcellus
3016 1162 3225 1217 litteras
3258 1164 3521 1225 resolvit,
3545 1179 3610 1217 ac

2036 1256 2185 1326 legit,
2219 1266 2480 1325 praesente
2505 1256 2771 1309 Archelao
2799 1255 3033 1310 civitatis
3062 1256 3337 1326 episcopo,
3367 1272 3602 1327 quarum

2035 1350 2342 1419 exemplum
2376 1349 2479 1403 hoc
2509 1358 2611 1401 est.

2527 1547 2639 1617 (26)
2666 1546 3094 1602 MANICIUEUS

2038 1635 2321 1704 Apostolus
2357 1633 2484 1690 Iesu
2530 1636 2750 1692 Christi.
2792 1647 2841 1690 et
2892 1640 2980 1706 qui
3020 1654 3223 1692 mecum
3264 1650 3383 1693 sunt
3430 1657 3606 1695 omnes

2109 1707 2360 1781 sanctiet
2389 1708 2611 1781 uirgines
2634 1745 2652 1768 ,
2695 1707 2945 1781 Marcello
2978 1709 3090 1781 filia
3125 1710 3437 1781 charissima
3479 1728 3608 1781 gra-

427 1777 1581 1855 dm1ntqi,_zdptc,$.leoq,_elp7jt:n_d:zd
1626 1780 1774 1855 egw")
1818 1784 1935 1855 ηας

2111 1778 2206 1841 tia,
2231 1777 2608 1855 misericordia,
2640 1793 2745 1847 pax
2774 1795 2805 1829 ιι
2836 1777 2949 1855 -Deo
2983 1778 3139 1855 Patre
3173 1789 3221 1855 et
3257 1777 3490 1834 Domino'
3512 1799 3610 1835 no-

430 1848 583 1923 {pec
606 1848 701 1900 καὶ
720 1847 1156 1923 ῌΚυρίο-ιιξῄμῶν
1204 1849 1397 1923 Ἰησοῦ
1442 1848 1866 1923 Χριστοῦηκιιὶ
1895 1851 1932 1918 ἡ

428 1917 597 1981 δεξιὰ
639 1917 746 1970 τοῦ
781 1917 974 1986 φωτὸς(
1000 1917 1345 1985 διατηρήσει
1396 1936 1469 1972 σε
1488 1920 1622 1973 ’ἀπὸ
1657 1919 1762 1973 τοῦ
1809 1921 1936 1972 ἐνε-

430 1986 658 2053 στῶτος
681 1988 895 2053 αἰῶνος
922 1990 1206 2055 πονηροῦ,
1231 1989 1325 2041 καὶ
1350 1988 1467 2041 τῶν
1487 1988 1937 2058 συμπτωμάτων

429 2058 635 2121 αὑτοῦ,
669 2059 764 2111 καὶ
796 2058 1062 2128 παγίδων
1089 2060 1193 2112 τοῦ
1222 2060 1509 2127 πονηροῦ,
1541 2059 1719 2128 ἀμήν.

430 2148 541 2220 Τὴν
592 2149 689 2220 μὲν
737 2150 863 2220 περὶ
904 2149 961 2201 σὲ
996 2150 1215 2220 ἀγάπην
1253 2149 1513 2221 μεγίστην
1547 2146 1708 2205 οὖσαν
1749 2148 1937 2220 αἰσθη-

357 2241 496 2307 θεὶς,
519 2244 637 2299 λίαν
667 2245 872 2317 ἐχάρην
892 2262 905 2274 ·
935 2245 1032 2316 τὴν
1066 2244 1121 2297 δὲ
1157 2244 1337 2297 πίστιν
1367 2246 1465 2297 οὐκ
1491 2240 1656 2298 οὖσαν
1685 2244 1824 2298 κατὰ
1845 2243 1936 2298 τὸν

357 2336 518 2408 ὀρθὸν
550 2336 728 2405 λόγον,
773 2336 1043 2408 ἠχθέσθην
1063 2355 1075 2366 ·
1114 2337 1234 2391 ὅθεν
1264 2338 1403 2409 πρὸς
1440 2337 1809 2411 ἐπανόρθωσιν
1841 2335 1934 2390 τοῦ

359 2426 468 2479 τῶν
498 2425 798 2497 ἀνθρώπων
827 2426 1015 2495 γένους
1041 2427 1385 2490 ἀποσταλεὶς,
1408 2427 1718 2498 φειδόμενός
1746 2444 1806 2479 τε
1829 2424 1936 2478 τῶν

359 2516 543 2588 ἀπάτῃ
593 2516 688 2569 καί
723 2515 895 2588 πλάνῃ
947 2519 1173 2579 ἑαυτοὺς
1221 2517 1616 2581 ἐκδεδωκότων,
1652 2517 1824 2572 ταῦτα
1868 2517 1934 2569 τὰ

360 2610 665 2682 γράμματα
690 2608 823 2680 πρὸς
860 2609 919 2661 σὲ
950 2610 1245 2676 ἀναγκαῖον
1274 2610 1568 2681 ἡγησάμην
1598 2611 1934 2673 ἀποστεῖλαι,

362 2701 577 2774 πρῶτον
637 2701 734 2772 μὲν
787 2700 923 2773 πρὸς
985 2701 1259 2772 σωτηρίαν
1306 2702 1406 2772 τῆς
1449 2701 1676 2755 σεαυτοῦ
1724 2702 1935 2774 ψυχῆς,

361 2795 554 2849 ἔπειτα
605 2795 661 2849 δὲ
703 2794 935 2849 καὶτῶν
981 2795 1095 2867 ἅμα
1133 2813 1214 2849 σοι
1259 2796 1655 2865 τυγχανόντων,
1704 2799 1841 2869 πρὸς
1876 2800 1938 2853 τὸ

365 2885 442 2957 μὴ
493 2885 805 2956 ἀδιάκριτόν
853 2902 912 2937 σε
945 2884 1086 2956 ἔχειν
1132 2887 1225 2940 τὸν
1276 2887 1551 2957 λογισμόν,
1610 2887 1687 2953 ὡς
1740 2891 1789 2941 οἱ
1830 2891 1938 2943 τῶν

362 2977 742 3049 ἁπλουστέρων
786 2977 1161 3049 καθηγεμόνες
1208 2977 1517 3031 διδάσκουσι
1550 2977 1834 3046 λέγοντες,
1877 2978 1938 3031 τὸ

361 3071 567 3140 ἀγαθὸν
596 3071 689 3124 καὶ
723 3069 781 3123 τὺ
812 3070 979 3123 κακὸν
1012 3070 1119 3123 ὰπὸ
1162 3070 1253 3123 τοῦ
1289 3069 1455 3123 αὑτοῦ
1497 3071 1757 3143 φέρεσθαι
1777 3111 1793 3127 .
1843 3072 1938 3125 καὶ

2108 1856 2217 1900 stro
2253 1846 2379 1900 Jesu
2421 1846 2671 1912 Christo,
2725 1856 2772 1899 et
2812 1848 3029 1901 dextera
3083 1850 3214 1903 lui-is
3252 1861 3512 1905 conservet
3561 1862 3610 1906 te

2106 1933 2139 1969 α
2161 1918 2408 1989 praesenti
2434 1919 2626 1972 sarculo
2660 1916 2822 1978 malo.
2849 1927 2898 1970 et
2924 1935 2956 1970 a
2992 1922 3148 1973 ruina
3172 1919 3283 1985 eius
3309 1963 3324 1989 ,
3365 1931 3415 1975 et
3458 1939 3490 1976 a
3526 1923 3609 1976 Ia-

2104 1989 2250 2058 quet's
2279 1988 2390 2061 (27)
2423 1989 2663 2059 maligni.

2107 2147 2459 2204 Dilectionem
2511 2150 2728 2219 quidem
2779 2161 2926 2205 tuam
2972 2152 3292 2207 immensam
3330 2154 3606 2221 sentiens,

2036 2239 2377 2295 vehementer
2394 2240 2612 2319 gavisus
2636 2258 2754 2296 sum
2773 2260 2787 2300 :
2807 2241 2935 2297 fides
2949 2258 3094 2305 vero,
3111 2244 3235 2312 quia
3252 2260 3358 2298 non
3379 2245 3610 2314 sitjuxta

2038 2339 2091 2385 te
2114 2343 2258 2387 recta
2290 2334 2498 2386 ratione
2520 2331 2654 2402 (28),
2678 2333 2902 2388 moleste
2932 2334 3028 2388 tuli
3069 2351 3082 2388 :
3115 2346 3332 2403 propter
3356 2337 3500 2405 quod
3544 2335 3611 2390 ad

2036 2425 2468 2479 emendationem
2503 2428 2717 2497 generis
2743 2427 2966 2481 humani
3001 2429 3201 2484 missus
3230 2444 3371 2491 sum,
3406 2438 3459 2482 et
3482 2430 3615 2484 sub-

2036 2517 2258 2571 veniens
2291 2516 2402 2585 (29)
2434 2514 2521 2572 his
2546 2518 2638 2587 qui
2673 2533 2731 2573 se
2760 2519 3170 2575 seductionihus
3203 2530 3368 2591 atque
3398 2520 3611 2576 errori-

2037 2606 2139 2661 bus
2177 2607 2554 2669 tradiderunt,
2608 2607 2723 2663 lucc
2778 2609 2978 2675 scripta
3025 2609 3091 2662 ad
3143 2618 3195 2663 te
3242 2610 3612 2665 necessarium

1990 2778 1995 2785 .
2037 2698 2164 2754 duxi
2195 2697 2306 2768 (50)
2352 2699 2752 2764 transmittere;
2789 2700 2965 2769 primo
3010 2699 3228 2768 quidem
3265 2699 3333 2754 ad
3379 2700 3612 2755 salutem

2038 2792 2234 2846 animm
2263 2801 2392 2855 tum,
2425 2791 2620 2847 deinde
2648 2800 2702 2848 et
2735 2807 2926 2847 eorum
2968 2793 3060 2863 qui
3094 2802 3270 2848 tecum
3323 2801 3486 2858 sunt;
3526 2793 3608 2849 uti

2038 2900 2107 2939 ne
2134 2885 2458 2941 indiscretos
2490 2885 2703 2940 animos
2735 2899 2892 2951 geras
2934 2884 3080 2953 (51),
3130 2885 3273 2940 sicut
3314 2884 3615 2954 simplicio-

2039 2993 2158 3033 run:
2193 2978 2436 3049 magistri
2461 2977 2659 3033 docent
2681 2978 2922 3037 dicentes
2943 2978 3079 3047 (52),
3105 2979 3305 3033 malum
3330 2989 3382 3034 et
3409 2979 3615 3035 bonum

2041 3071 2109 3125 ab
2141 3070 2329 3125 eodem
2361 3070 2684 3136 subsistere,
2716 3078 2770 3123 et
2806 3085 2971 3123 unum
3008 3069 3225 3124 initium
3260 3071 3615 3127 introducen.

367 3137 494 3236 μίαν
522 3162 693 3235 ἀρχὴν
726 3162 1123 3234 εἰσηγούμενοι,
1157 3164 1217 3216 οὐ
1250 3137 1636 3234 διακρίνοντες,
1663 3163 1784 3217 οὐδὲ
1807 3164 1935 3217 διαι-

2045 3172 2145 3227 tes,
2175 3177 2351 3231 neque
2386 3161 2682 3231 quidquam
2708 3170 3112 3231 perscrutantes
3142 3163 3223 3216 vel
3245 3163 3616 3219 discernentes

367 3255 585 3328 ροῠντες
616 3258 725 3310 ἀπὸ
742 3256 837 3310 τοῦ
872 3257 1049 3326 φωτὸς
1076 3257 1136 3310 τὸ
1170 3255 1377 3321 σκότος,
1405 3255 1497 3310 καὶ
1525 3256 1584 3309 τὸ
1610 3256 1811 3325 ἀγαθὸν
1834 3256 1941 3310 ἀπὸ

362 3347 456 3401 τοῦ
493 3348 662 3401 κακοῦ
710 3347 803 3400 καὶ
849 3345 1074 3416 φαύλου,
1132 3346 1226 3400 καὶ
1275 3345 1365 3399 τὸν
1417 3344 1613 3410 ἔξωθεν
1654 3345 1939 3418 ἄνθρωπον

363 3439 471 3492 ἀπὸ
503 3439 596 3492 τοῦ
632 3439 808 3504 ἔνδον,
843 3440 917 3505 ὡς
954 3440 1317 3511 προείπομεν·
1353 3438 1489 3492 ἀλλὰ
1520 3439 1813 3511 κιρνῶντες
1845 3440 1941 3493 καὶ

366 3532 862 3603 ἐγκαταμιγνύντες
904 3532 1128 3602 θάτερον
1171 3531 1382 3602 θατέρῳ
1422 3532 1482 3584 οὐ
1532 3531 1814 3586 παύονται.
1864 3533 1938 3586 Σὺ

364 3622 442 3689 δὲ,
486 3618 532 3678 ὦ
561 3625 773 3688 τέκνον,
811 3625 886 3696 μὴ
938 3625 1028 3677 [σα.
1075 3627 1188 3689 τοῖς
1223 3624 1434 3689 πολλοῖς
1481 3623 1589 3677 τῶν
1634 3621 1939 3695 ἀνθρώπων

365 3716 663 3787 ἀλογίστως
696 3717 793 3773 καὶ
832 3716 1017 3782 ἀπλῶς
1050 3719 1355 3790 ἀμφότερα,
1390 3717 1465 3780 ὡς
1497 3715 1562 3770 ἂν
1594 3715 1770 3787 τύχοι,
1805 3715 1940 3770 ἑνώ-

461 3929 549 3993 21)
589 3928 771 3984 Codex
796 3895 1104 3991 Bobiensis,
1143 3951 1161 3979 ι
1193 3927 1423 3996 Quippe,
1462 3946 1480 3975 ι
1518 3928 1657 3981 mala
1680 3928 1864 3981 lectio.

461 3930 549 3993 21)
589 3930 771 3984 Codex
796 3930 1104 3991 Bobiensis,
1143 3951 1161 3979 ι
1193 3930 1423 3996 Quippe,
1462 3946 1480 3975 ι
1518 3930 1657 3981 mala
1680 3930 1864 3981 lectio.

438 3930 553 4070 (22)
592 3997 740 4054 Idem
790 3999 959 4054 codex
1012 4016 1029 4049 ι
1066 3998 1133 4051 ad
1166 3999 1446 4067 vesperam
1489 3998 1657 4052 veluti
1699 3996 1937 4066 peregri-

366 4085 555 4207 nufés’)
595 4137 739 4192 Idem
758 4139 949 4201 codex,
982 4156 1001 4189 ι
1024 4153 1145 4205 qua:
1172 4136 1390 4207 quidem
1415 4137 1530 4207 ipsa
1566 4135 1886 4207 diversoria.
1911 4152 1930 4185 ι

365 4208 505 4266 Hinc
538 4205 717 4265 autem
746 4218 965 4278 apparet
990 4223 1152 4278 quau}
1189 4206 1379 4278 sedulo
1409 4205 1773 4278 Ahospitaj‘tati
1809 4220 1937 4273 ope-

368 4294 485 4336 ram
516 4281 765 4363 dedrz'iut
784 4275 1085 4363 primitiva:
1113 4276 1362 4331 Ecclesiae
1394 4276 1598 4341 fideles,
1618 4275 1768 4363 Paulli
1801 4289 1936 4363 prae-

368 4361 523 4420 cepto
550 4345 602 4404 io
635 4345 870 4417 Epistula
897 4349 963 4404 ad
992 4348 1246 4403 HOIlI‘IPOS
1273 4362 1393 4414 cap.
1414 4362 1690 4409 xut,vers.
1722 4346 1745 4399 I
1778 4345 1937 4399 obse-

368 4422 501 4474 cuti.
556 4420 927 4475 Tertullianus
951 4459 966 4484 ,
1018 4420 1094 4473 De.
1139 4417 1621 4486 prmscriptiouibus
1676 4417 1936 4486 adversus

370 4428 501 4474 cuti.
556 4428 966 4484 'l‘ertullianus,
1018 4428 1094 4473 Ue.
1139 4428 1621 4486 prmscrtpttouibus
1676 4428 1936 4470 adversus
2042 4428 2074 4483 q

370 4490 761 4558 Hzeresesrap.
796 4489 866 4543 20
902 4509 915 4544 :
958 4509 975 4541 ι
1011 4489 1101 4544 Sic
1132 4504 1322 4542 omnes
1357 4486 1635 4555 (Ecclesia:
1667 4483 1937 4558 videlicet)
1969 4457 2016 4515 D

368 4564 559 4633 primae
590 4573 644 4615 et
677 4555 1020 4633 apostolicae;
1051 4561 1177 4613 dum
1215 4574 1318 4633 una
1345 4557 1799 4633 omnesprobaut
1823 4555 1940 4633 uni-

368 4627 557 4695 tatem,
588 4627 724 4686 dunt
748 4639 831 4683 est
860 4631 966 4685 illis
995 4628 1414 4685 communicatio
1450 4629 1619 4696 pacis,
1670 4636 1724 4681 ct
1755 4627 1939 4695 appel-

369 4701 500 4757 latio
548 4701 935 4763 fraternitatis,
973 4712 1026 4754 et
1071 4698 1461 4755 contesseratio
1512 4697 1935 4767 hospitalitatis;

370 4789 492 4843 qua:
522 4771 644 4837 jura
681 4787 786 4825 non
814 4772 919 4825 alia
944 4772 1272 4843 ratio_regit,
1299 4784 1461 4839 quam
1489 4768 1731 4843 ejusdem
1761 4783 1939 4843 sacra-

373 4837 538 4897 menti
571 4858 677 4897 una
713 4843 952 4895 traditio.
986 4859 1004 4892 ι
1068 4837 1202 4893 Nota
1232 4837 1381 4901 sunt,
1431 4854 1551 4906 qua}
1578 4839 1644 4892 de
1670 4837 1937 4891 Christia-

373 4928 568 4967 norum
596 4927 720 4979 erga
756 4910 1100 4981 Peregrinum
1125 4910 1387 4979 hospitem
1413 4910 1601 4981 oiliciis
1635 4907 1792 4961 refert
1821 4907 1930 4981 Lu-

371 4983 564 5036 eianus
596 4977 816 5052 inlibro
851 4977 917 5036 de
958 4981 1198 5052 ejusdem
1231 4977 1421 5052 morte.
1478 4979 1582 5052 Sed
1612 4977 1839 5052 et_qu_od
1861 4978 1928 5052 de

372 5051 686 5107 diversoriis
719 5059 877 5119 atque
901 5048 1164 5121 hospitiis,
1194 5065 1284 5119 per
1312 5050 1486 5118 regias
1519 5050 1634 5121 vias
1668 5049 1720 5121 in
1754 5048 1930 5121 Persi-

374 5122 496 5176 dem
531 5121 809 5179 ducentes.
846 5136 875 5175 a
904 5119 1154 5176 Marcello
1182 5122 1534 5182 constructis,
1567 5120 1653 5171 hic
1678 5119 1928 5183 legimus,

376 5191 428 5245 id
470 5191 590 5246 aliis
635 5191 689 5242 in
742 5190 909 5250 locis.
960 5208 1022 5245 ac
1068 5192 1265 5256 ubique
1311 5188 1478 5243 ferme
1527 5206 1557 5243 a
1606 5188 1934 5242 Christianis

377 5260 578 5315 factum
608 5260 795 5323 fuisse,
820 5273 1001 5328 aperte
1027 5262 1297 5327 colligitur
1325 5275 1389 5312 ex
1422 5259 1668 5328 Gregorii
1700 5258 1936 5312 Nazian-

377 5333 497 5386 zeui
529 5330 791 5385 invectiva
823 5345 861 5392 ι,
896 5330 946 5380 in
975 5329 1250 5385 Iulianum
1276 5329 1610 5397 Apostatam,
1639 5331 1727 5384 ubi
1763 5330 1936 5396 impe-

376 5412 612 5457 ratorem
650 5402 792 5453 hunc
824 5400 887 5451 ad
913 5399 1347 5455 Christianorum
1376 5400 1726 5453 imitationem
1758 5399 1937 5452 diver-

378 5472 521 5526 soria
565 5479 618 5524 et
669 5470 899 5537 hospitia
951 5485 1046 5538 per
1088 5471 1273 5525 orbem
1328 5467 1629 5523 Romanum
1676 5468 1935 5523 :editieari

376 5543 666 5595 mandasse
713 5548 969 5603 testatur,
1024 5549 1082 5593 ut
1127 5539 1407 5609 gentilium
1459 5540 1937 5609 superstitionibus

379 5612 637 5677 majorem
661 5610 870 5663 Iaudem
899 5611 1408 5677 venerationemque
1436 5610 1770 5663 conciliaret.
1805 5609 1939 5662 Vide

381 5681 538 5748 plura
564 5682 704 5747 apud
733 5678 998 5734 Priorium
1035 5678 1110 5733 De
1139 5677 1331 5749 litteris
1366 5681 1651 5749 canonicis,
1676 5694 1793 5746 cap.
1820 5679 1936 5736 5.et

385 5745 538 5819 sum.
599 5745 651 5804 et
705 5748 1095 5805 Tltomasinum
1152 5748 1230 5803 De
1283 5745 1935 5823 Teucrishospitalitatit,

2043 3269 2073 3308 a
2113 3254 2233 3308 luce
2256 3253 2506 3307 tenebras
2538 3253 2673 3321 (55),
2706 3261 2761 3307 et
2786 3252 2986 3307 bonum
3018 3268 3048 3307 a
3083 3253 3245 3319 malo,
3276 3261 3330 3308 et
3376 3257 3617 3310 exterio-

2042 3361 2155 3400 rem
2190 3345 2468 3399 hominem
2502 3344 2571 3399 ah
2600 3344 2865 3407 interiori,
2913 3346 3055 3401 sicut
3090 3346 3476 3415 pradiximus;
3519 3349 3616 3403 sed

2042 3423 2376 3493 confundere
2408 3454 2472 3493 ac
2504 3438 2830 3509 permiscere
2859 3439 3090 3494 alterum
3136 3440 3288 3495 alteri
3325 3455 3433 3495 non
3483 3457 3604 3498 eos.

2042 3539 2186 3587 sant.
2223 3529 2304 3585 Tu
2338 3546 2491 3597 vero,
2517 3546 2550 3584 o
2577 3530 2674 3595 fili,
2722 3546 2792 3586 ne
2835 3532 3086 3587 similiter
3130 3540 3191 3587 ut
3235 3533 3388 3589 multi
3435 3534 3616 3589 homi-

2045 3638 2213 3689 num,
2259 3622 2705 3677 irrationabiliter
2733 3631 2790 3677 et
2840 3623 3160 3694 simpliciter
3201 3633 3428 3695 utraque
3471 3625 3618 3679 indi-

2046 3723 2224 3769 screta
2253 3713 2582 3783 permisceas
2620 3714 2757 3785 (54),
2792 3729 2968 3785 neque
3002 3715 3260 3772 bonitatis
3281 3715 3390 3772 Deo
3416 3716 3618 3772 inferas

2042 3937 2162 3978 can.
2194 3922 2286 3977 26.

2108 3939 2450 4061 (ξιιῗῠίῖοὰοι
2476 3991 2612 4062 Bob.
2648 4010 2668 4044 ι
2696 3990 3191 4062 Mesopotamenus.
3230 4011 3249 4043 ι

2116 4060 2227 4127 (25)
2264 4063 2445 4116 Codex
2477 4060 2781 4123 Bobiensis,
2818 4060 3201 4130 (ignoratum.
3241 4080 3261 4112 ι

2114 4130 2225 4202 (26)
2257 4130 2404 4202 Hanc
2425 4130 2707 4202 epismlatn
2729 4148 2851 4186 eum
2886 4130 3121 4202 Marcelli
3155 4133 3508 4200 responsione
3532 4131 3618 4185 in-

2043 4200 2249 4271 tegram
2287 4201 2451 4255 refert
2488 4200 2821 4268 Epiphanius
2868 4202 2921 4255 in
2953 4201 3375 4255 Manichzeorum
3422 4202 3617 4258 haeresi

2045 4272 2235 4341 (wa),
2264 4288 2318 4325 n.
2346 4271 2399 4338 6,
2427 4285 2490 4341 ex
2521 4286 2630 4339 quo
2656 4272 2842 4327 Graeca
2869 4272 3294 4341 desumpsimus.

2116 4341 2226 4411 (27)
2259 4341 2435 4411 Codex
2463 4340 2766 4411 Bobiensis,
2803 4361 2822 4393 ι
2856 4358 2885 4395 a
2919 4340 3094 4398 ruinis
3133 4342 3252 4411 ejus
3275 4382 3290 4408 ,
3332 4349 3387 4396 et
3431 4341 3498 4398 de
3534 4340 3617 4398 la-

2082 4409 2219 4466 ueis.
2264 4429 2283 4464 ι
2321 4410 2410 4465 Sic
2447 4421 2499 4465 et
2528 4409 2879 4479 Epiphanius.

2116 4483 2227 4551 (28)
2256 4483 2401 4536 Idem
2427 4481 2618 4546 codex,
2659 4500 2678 4532 ι
2708 4482 2865 4551 juxta
2890 4490 3091 4537 rectam
3133 4481 3420 4536 rationem.
3457 4500 3478 4535 ι
3524 4479 3617 4538 Sic

2041 4563 2095 4613 et
2121 4552 2477 4622 Epiphanius.

2113 4620 2236 4694 (29)
2253 4622 2395 4677 Idem
2429 4622 2621 4686 codex,
2647 4642 2664 4674 ι
2697 4623 2897 4678 missus
2918 4637 3039 4678 sum
3060 4620 3406 4678 subveniens.
3439 4640 3460 4676 ι
3487 4620 3618 4693 Epi-

2043 4695 2353 4767 phanius_,_t
2392 4693 2594 4767 missus
2618 4702 2671 4748 et
2702 4694 3049 4767 subveniens.
3075 4711 3115 4767 _)

2038 4763 2070 4891 ὲ
2112 4764 2222 4847 (50)
2272 4763 2415 4818 Idem
2458 4764 2670 4831 codex,
2730 4783 2748 4816 ι
2802 4765 2916 4819 haec
2981 4763 3185 4831 scripta
3243 4763 3614 4819 necessarium

2078 4852 2190 4889 υκι.
2240 4852 2259 4885 D
2468 4876 2473 4883 ,

2078 4852 2190 4889 υκι.
2240 4852 2259 4885 D
2468 4876 2473 4883 .

2110 4903 2222 4975 (5t)
2266 4903 2405 4975 Hine
2450 4912 2597 4973 patet
2644 4904 2885 4975 recteiin
2910 4902 3099 4975 Grteco
3133 4901 3420 4975 Epiphanii
3464 4911 3611 4960 textu

2038 4973 2354 5031 emendasse
2382 4974 2693 5040 Petavium,
2733 4974 2868 5046 πρὸς
2910 4974 2970 5028 τὸ
3006 4974 3081 5046 μὴ
3126 4973 3458 5044 ἀδιάκριτον,
3486 4991 3613 5029 nam

2039 5049 2213 5117 prius
2247 5047 2318 5117 μή
2379 5047 2583 5117 deerat.

2112 5115 2224 5186 (52)
2247 5112 2435 5171 Codex
2470 5114 2807 5177 Casinensis.
2841 5132 2859 5165 ι
2896 5112 3141 5186 magistri
3167 5112 3429 5186 (lieentes.
3459 5133 3479 5167 ι
3506 5112 3613 5171 Sed

2039 5182 2511 5241 alianrlectiouem
2552 5187 2809 5255 exprimit
2842 5185 3003 5237 etiam
3038 5182 3397 5252 Epiphanius.

2108 5257 2218 5325 (55)
2248 5256 2386 5312 Male
2414 5257 2553 5310 idem
2581 5257 2771 5321 codex,
2802 5273 2819 5305 ι
2855 5271 2884 5309 a
2913 5255 3052 5317 luce,
3086 5267 3116 5305 a
3152 5255 3409 5325 tenebris.
3447 5273 3467 5307 ι

2110 5323 2412 5397 (54)(Σοάοχ
2434 5327 2796 5387 Casinensis,t
2820 5323 3610 5397 peruriscens;tatBobiensis,

2042 5418 2061 5451 ι
2103 5392 2434 5467 permisceas
2475 5414 2651 5468 neque
2676 5392 2935 5468 bonitatis
2960 5393 3050 5468 Dei
3072 5392 3293 5468 inferas.
3330 5415 3346 5446 ι
3375 5392 3615 5468 Epjpltaé-

2038 5465 2182 5534 nius,
2212 5487 2230 5519 ι
2263 5465 2612 5536 permisceas,
2632 5482 2805 5536 neque
2828 5468 2890 5520 ad
2920 5466 3178 5536 bonitatis
3198 5465 3362 5533 Deum
3384 5466 3609 5520 referas.

2034 5532 2436 5602 luitiumenim,
2461 5549 2563 5593 etc.
2601 5532 2627 5590 ἰ
2668 5532 2933 5591 Praeterea
2961 5532 3275 5590 Casittettsis
3303 5537 3427 5605 legit
3451 5538 3613 5604 paulo

2036 5620 2178 5678 post,
2215 5626 2234 5660 ι
2274 5608 2489 5663 Initium
2521 5619 2573 5663 et
2607 5612 2789 5663 linem.
2840 5627 2859 5660 ι
2912 5606 3022 5661 Nos
3065 5615 3243 5662 autem
3276 5622 3343 5660 ex
3381 5618 3613 5678 utroque

2036 5676 2250 5747 codice,
2296 5689 2459 5751 atque
2504 5679 2810 5753 Epiphanio
2858 5679 3003 5735 hunc
3055 5678 3237 5735 locum
3292 5676 3609 5733 emendavi-
