4058 6436
434 371 570 426 M37

1519 366 1665 425 CUM
1699 367 1982 424 MANETE
2020 366 2550 424 HERESIARCHA.

3532 366 3671 421 “58

500 485 564 538 Ei
592 482 689 555 τὴν
718 484 812 537 τοῦ
830 484 992 555 Μάνη
1025 483 1208 541 πίστιν
1227 484 1409 540 θέλετε
1448 485 1638 556 μαθεῖν
1681 487 1812 557 παρ’
1844 485 1975 556 ἐμοῦ

2069 527 2079 546 ,
2177 483 2288 539 νιι.
2328 485 2441 556 (47)
2472 483 2530 538 Si
2556 482 2714 537 ﬁdem
2740 480 3024 538 Manichaei
3048 481 3254 538 discere
3283 497 3314 537 a
3346 497 3433 537 me
3464 484 3627 539 vultis
3650 527 3667 551 ,

428 577 699 635 ἀκούσατε
732 580 1029 649 συντόμως.
1068 571 1234 642 Οὗτος
1261 578 1354 633 δύο
1383 579 1527 633 σέδει
1571 580 1724 643 θεοὺς
1768 581 1997 649 ἀγεννή-

426 687 571 736 τους,
598 671 905 740 αὐτοφυεῖς,
924 669 1144 733 ἀῖδίους,
1168 669 1263 723 ἓνα
1287 670 1365 741 τῷ
1390 671 1470 723 ένὶ
1489 672 1879 742 ἀντικείμενον,
1904 671 1998 723 καὶ

424 732 639 832 τὸνμὲν
666 732 897 830 ἀγαθὸν-,γ
923 761 1013 814 τὸν
1140 732 1372 833 πονηρόν
1404 732 1722 833 εἰσηγεῖται,
1920 762 1997 833 τῷ

426 853 507 906 ἑνὶ
522 853 690 923 ὄνομα
723 853 968 924 θέμενος,
999 854 1092 906 καὶ
1112 854 1189 924 τῷ
1220 832 1388 925 ἑτέρῳ
1414 832 1651 921 σκότος·
1675 857 1768 907 καὶ
1786 832 1876 908 τοῦ
1898 832 1997 926 μὲν

425 943 604 1012 φωτὸς
634 939 771 996 εἶναι
804 931 967 1014 μέρος
1009 944 1108 1015 τὴν
1138 946 1195 997 έν
1241 942 1545 1016 ἀνθρώποις
1580 943 1776 1015 ψυχὴν,
1801 945 1893 997 τοῦ
1938 945 1994 997 δὲ

426 1034 646 1097 σκότους
674 1034 733 1088 τὸ
761 1034 937 1104 σῶμα,
957 1034 1120 1086 καὶτὸ
1132 1034 1227 1104 τῆς
1258 1033 1386 1105 ῦλης
1405 1035 1813 1105 δημιούργημα.
1836 1035 1997 1099 Μίξιν

426 1124 505 1193 δὲ,
537 1126 653 1195 ἢτοι
689 1124 989 1195 σύγκρασιν
1026 1123 1214 1177 τοῦτον
1253 1124 1400 1193 λέγει
1433 1126 1713 1194 γεγονέναι
1745 1126 1832 1179 τὸν
1864 1126 1990 1196 τρό-

422 1232 544 1280 πον,
588 1216 901 1279 ἀπεικάζων
941 1218 1066 1279 τοὺς
1097 1215 1189 1268 δύο
1237 1215 1376 1286 τῷδε
1432 1216 1509 1287 τῷ
1556 1217 1988 1289 παραδείγματν

423 1307 699 1379 Καθάπερ
716 1307 807 1360 δύο
835 1307 1068 1377 βασιλεῖς
1094 1308 1515 1378 ἁντιμαχόμενοι
1537 1310 1672 1379 πρὸς
1701 1309 1989 1381 ἀλλήλους,

419 1398 570 1463 ὅντες
601 1400 855 1471 ἀπαρχῆς
888 1399 1090 1471 ἐχθροὶ,
1123 1399 1215 1452 καὶ
1245 1392 1514 1472 ἀναμέρος
1544 1401 1770 1454 ἑκάστου
1795 1401 1861 1454 τὰ
1884 1401 1991 1455 ἴδια

419 1490 656 1561 ἔχοντος·
693 1492 834 1546 κατά
863 1492 919 1544 δὲ
946 1492 1202 1546 σύστασιν
1224 1493 1285 1545 τὸ
1318 1493 1505 1556 σκότος
1536 1492 1760 1546 ἐπελθὸν
1791 1495 1855 1546 ἐκ
1880 1494 1989 1547 τῶν

332 1644 335 1647 _
416 1584 578 1654 ὁρίων
606 1584 772 1637 αὑτοῦ
802 1586 1258 1655 προσεμαχήσατο
1282 1584 1358 1655 τῷ
1388 1567 1544 1653 φωτί.
1576 1585 1772 1637 Γνόντα
1810 1585 1866 1638 δὲ
1896 1586 1987 1642 τὸν

416 1675 619 1743 ἀγαθὸν
665 1674 883 1747 Πατέρα
915 1675 976 1727 τὸ
1008 1675 1196 1737 σκότος
1242 1677 1299 1728 ὲν
1328 1678 1395 1746 τῇ
1431 1679 1499 1746 γῇ
1542 1677 1705 1730 αὐτοῦ
1741 1679 1987 1749 ἐπιδεδη-

416 1766 610 1837 μηκὺς,
643 1765 966 1835 προϐάλλειν
997 1765 1054 1832 ἐξ
1086 1765 1250 1818 αὑτοῦ
1277 1765 1523 1837 δύναμιν,
1555 1767 1851 1841 λεγομένην
1872 1771 1984 1841 Μη-

412 1855 547 1926 τέρα
575 1856 674 1926 τῆς
706 1853 871 1925 ζωῆς,
913 1854 1005 1908 καὶ
1038 1854 1207 1924 αὐτὴν
1249 1855 1676 1927 προϐεϐληκέναι
1705 1858 1796 1912 τὸν
1832 1859 1982 1929 πρῶ-

410 1962 503 2000 τον
536 1946 840 2017 ἄνθρωπον,
884 1946 951 1999 τά
993 1947 1154 2001 πέντε
1197 1950 1449 2017 στοιχεῖα.
1482 1948 1602 2000 Εἰσὶ
1630 1949 1707 2014 δὲ,
1744 1948 1978 2021 ἄνεμος,

411 2036 736 2107 φῶς,;ῦδωρ,
753 2037 864 2108 πῦρ
890 2038 982 2090 καὶ
1007 2036 1129 2108 ὕλη,
1148 2038 1257 2092 Καὶ
1278 2037 1451 2092 ταῦτα
1481 2040 1838 2111 ένδυσόιμενον
1857 2083 1881 2111 ,_
1904 2041 1979 2106 ὡς

410 2128 549 2199 πρὸς
582 2128 926 2199 κατασκευὴν
954 2129 1214 2201 πολέμου,
1246 2129 1524 2184 κατελθεῖν
1556 2131 1724 2195 κάτω,
1750 2135 1843 2187 καὶ
1880 2151 1978 2187 πο-

409 2217 642 2289 λεμῆσαι
668 2217 745 2288 τῷ
777 2220 977 2272 σκότει.
1010 2222 1072 2273 υἱ
1100 2221 1159 2274 δὲ
1184 2221 1279 2275 τοῦ
1321 2222 1542 2289 σκότους
1576 2225 1848 2296 ἄρχοντες,
1884 2227 1980 2280 άν-

406 2310 816 2381 τιπολεμοῦντες
837 2311 1003 2382 αὐτῷ,
1027 2311 1227 2383 ἔφαγον
1251 2314 1315 2366 έκ
1340 2313 1440 2384 τῆς
1462 2315 1761 2379 πανοπλίας
1789 2315 1973 2383 αὐτοῦ,

282 2415 291 2423 '
390 2400 436 2469 _6
458 2401 608 2454 ἐστιν
631 2402 665 2472 ἡ
896 2402 1026 2455 Τότε
1050 2401 1235 2464 δεινῶς
1258 2401 1443 2474 ὲθλίϐη
1474 2405 1593 2458 ἐκεῖ
1616 2405 1763 2459 κάτω
1782 2408 1809 2459 ό
1832 2405 1975 2476 πρῶ-

403 2506 494 2557 τος
519 2489 800 2564 ἅνθρωπος
830 2491 933 2544 ὑπὸ
960 2490 1052 2545 τοῦ
1085 2491 1328 2555 σκότους,
1355 2494 1446 2546 καὶ
1480 2496 1530 2547 εἰ
1572 2495 1647 2566 μὴ
1676 2495 1973 2567 εὐξαμένου

407 2572 773 2652 εἰσήκουσενὸ
806 2581 1019 2653 Πατὴρ,
1049 2583 1144 2635 καὶ
1181 2584 1495 2639 ἀπέστειλεν
1533 2587 1722 2659 ἑτέραν
1749 2588 1975 2659 δύναμιν

403 2670 801 2741 προόληθεῖσαν
850 2672 941 2724 ὑπ’
972 2673 1153 2743 αύτοῦ,
1199 2674 1497 2747 λεγομένην
1543 2677 1650 2742 ζῶν
1705 2680 1930 2751 Πνεῦμα
1953 2723 1970 2745 ,

384 2760 496 2815 ,καὶ
528 2760 576 2813 ει
611 2760 686 2832 μὴ
720 2761 991 2815 κατελθὼν
1029 2763 1260 2818 δέδωκεν
1289 2765 1436 2837 αὐτῷ
1467 2767 1667 2834 δεξιάν,
1706 2769 1798 2822 καὶ
1841 2771 1975 2841 ἀνή-

368 2868 597 2920 ..νεγκεν
621 2854 686 2905 ἐκ
710 2853 804 2939 τοῦ
832 2854 1074 2919 σκότους,
1118 2856 1285 2911 πάλαι
1308 2857 1374 2912 ἂν
1398 2860 1426 2911 ὁ
1449 2859 1662 2931 πρῶτος
1691 2861 1973 2935 ἄνθρωπος

390 2943 759 3015 ¹κατεχόμενος
783 2945 1151 3000 ἐκινδύνευσεν
1206 2949 1430 3003 Ἕκτοτε
1452 2948 1545 3015 οὖν
1572 2954 1850 3024 κατέλειψε
1874 2956 1973 3010 κά·-

292 3062 299 3067 »
399 3050 479 3087 τω
504 3034 603 3105 τὴν
638 3035 816 3107 ψυχήν
839 3054 853 3068 ·
889 3037 983 3108 καὶ
1018 3038 1109 3112 διά
1129 3036 1286 3093 τοῦτο
1310 3042 1617 3114 Μανιχαῖοι,
1647 3045 1741 3099 ἑὰν
1776 3064 1970 3101 συναν-

2098 576 2336 632 breviter
2370 576 2573 630 audite.
2612 574 2711 631 Hic
2735 575 2874 630 duos
2905 574 3037 629 colit
3068 575 3198 630 deos
3222 575 3457 641 innatos,
3482 591 3548 630 ex
3578 592 3669 631 se-

2098 667 2340 736 metipsis
2361 676 2658 730 exstantes,
2688 673 2940 737 aeternos,
2958 680 3127 718 unum
3147 664 3239 718 uni
3265 665 3664 731 adversantem;

2096 767 2151 812 et
2182 758 2411 812 alterum
2445 757 2662 826 quidem
2693 756 2919 820 bonum,
2968 756 3197 811 alterum
3236 768 3414 812 autem
3463 759 3667 812 malum

2098 848 2413 905 introducit.
2446 845 2564 900 Lux
2604 846 2696 900 uni
2724 862 2919 900 nomen
2950 846 3201 916 imponit,
3231 855 3285 901 et
3325 848 3479 901 alteri
3520 858 3665 901 tene-

2098 944 2227 998 bras.
2250 943 2320 997 Et
2352 944 2490 998 lucis
2517 944 2733 1017 quidem
2760 958 2881 997 esse
2928 952 3135 1012 partem
3176 942 3415 995 animam
3452 957 3572 1011 quae
3607 942 3663 996 in

2095 1034 2407 1090 hominibus
2438 1047 2539 1100 est,
2585 1035 2930 1088 tenebrarum
2970 1041 3150 1086 autem
3187 1047 3406 1102 corpus,
3451 1042 3506 1087 et
3541 1046 3663 1102 quae

2092 1140 2160 1180 ex
2193 1126 2418 1180 materia
2444 1136 2527 1180 est
2558 1124 2822 1179 conditio.
2860 1123 3270 1178 Permistionem
3312 1132 3491 1177 autem
3512 1164 3527 1188 ,
3576 1123 3662 1178 vel

2093 1217 2530 1286 coniunctionem
2564 1217 2667 1271 hoc
2690 1217 2851 1281 modo
2882 1216 3013 1270 dicit
3041 1215 3153 1287 (48)
3179 1200 3444 1281 eiiectam,
3475 1214 3661 1270 confe-

2089 1325 2216 1365 rens
2237 1310 2427 1365 amhos
2451 1310 2580 1364 deos
2606 1311 2659 1363 in
2693 1310 3064 1377 hujuscemodi
3085 1310 3389 1379 exemplum
3416 1327 3428 1362 :
3454 1308 3658 1375 Quem-

2089 1401 2380 1455 admodum
2412 1402 2457 1454 si
2483 1401 2592 1454 duo
2623 1415 2777 1467 reges
2799 1400 2909 1454 sint
2932 1400 3217 1453 adversum
3247 1416 3304 1454 se
3334 1409 3656 1470 pugnantes,

2088 1490 2183 1560 qui
2216 1491 2284 1545 ab
2322 1490 2477 1544 initio
2502 1489 2703 1543 fuerint
2731 1489 2973 1556 inimici,
3010 1490 3268 1544 habentes
3292 1491 3489 1561 singuli
3526 1507 3656 1546 suas

2086 1583 2380 1653 portiones;
2409 1580 2665 1635 acciderit
2695 1590 2872 1634 autem
2901 1588 2960 1634 ut
2987 1581 3222 1634 tenebrae
3249 1581 3654 1649 prOgredieutes

2085 1674 2221 1731 ﬁnes
2244 1689 2393 1737 suos,
2422 1674 2617 1727 bellum
2642 1689 2767 1729 cum
2794 1674 2911 1727 luce
2937 1673 3322 1728 commiserint.
3353 1672 3504 1740 Quod
3527 1690 3651 1728 cum

2085 1767 2427 1835 cognovisset
2456 1766 2632 1820 bonus
2664 1765 2840 1831 Pater,
2876 1765 3129 1819 tenebras
3158 1765 3225 1819 ad
3259 1775 3456 1819 terram
3494 1781 3651 1820 suam

2012 1841 2054 1896 Β
2083 1857 2481 1927 supervenisse,
2512 1856 2763 1925 produxit
2796 1872 2861 1911 ex
2885 1872 2943 1912 se
2976 1857 3229 1910 virtutem
3258 1856 3392 1927 (49),
3423 1872 3543 1925 quae
3564 1857 3650 1910 di-

2080 1949 2224 2004 citur
2251 1948 2421 2004 Mater
2455 1949 2600 2015 vitae;
2630 1965 2737 2018 qua
2770 1951 2969 2003 virtute
2996 1949 3361 2003 circumdedit
3392 1947 3505 2017 (50)
3536 1949 3651 2017 pri-

2077 2055 2227 2094 mum
2258 2039 2552 2104 hominem,
2584 2056 2704 2110 quae
2733 2048 2861 2094 sunt
2881 2041 3121 2110 quinque
3141 2040 3426 2102 elementa,
3464 2038 3514 2093 id
3544 2050 3649 2105 est,

2075 2138 2292 2195 ventus,
2332 2130 2423 2184 lux
2446 2172 2460 2195 ,
2501 2145 2664 2200 aqua,
2697 2130 2836 2200 ignis
2863 2141 2916 2185 et
2939 2130 3161 2184 materia
3187 2130 3320 2197 (5t);
3348 2129 3545 2199 quibus
3567 2129 3651 2183 in-

2075 2220 2260 2285 dutus,
2312 2228 2567 2291 tanquam
2612 2221 2675 2276 ad
2719 2228 2970 2290 paratum
3010 2221 3133 2275 belli
3176 2219 3318 2290 (52),
3374 2219 3651 2274 descendit

2075 2312 2330 2366 deorsum
2366 2328 2606 2382 pugnare
2630 2312 2916 2367 adversum
2947 2312 3219 2366 tenebras.
3249 2310 3318 2365 At
3344 2327 3474 2366 vero
3501 2320 3651 2365 tene-

2074 2402 2296 2458 brarum
2328 2404 2600 2473 principes
2622 2444 2638 2469 ,
2674 2410 3038 2473 repugnantes
3078 2402 3157 2468 ei,
3194 2402 3546 2456 comederunt
3581 2399 3650 2456 de

2075 2506 2353 2550 armatura
2378 2494 2518 2563 ejus,
2552 2494 2697 2565 quod
2727 2502 2811 2549 est
2835 2493 3038 2549 anima.
3073 2491 3227 2546 Tunc
3250 2492 3320 2547 ibi
3350 2493 3648 2546 vehemen-

2073 2592 2157 2640 ter
2183 2583 2412 2640 aﬁ'liclus
2434 2592 2519 2639 est
2542 2584 2798 2639 deorsum
2824 2582 3033 2652 primus
3060 2597 3258 2651 parens
3282 2582 3444 2639 homo
3476 2581 3586 2651 (55)
3609 2595 3643 2635 a

2074 2676 2334 2743 tenebris;
2361 2684 2414 2731 et
2435 2676 2539 2731 nisi
2568 2684 2812 2731 orantem
2842 2686 2966 2730 eum
3001 2674 3313 2728 exaudisset
3347 2672 3538 2739 Pater,
3587 2682 3643 2728 et

2074 2754 2315 2819 misisset
2357 2765 2581 2819 alteram
2617 2764 2873 2818 virtutem
2915 2776 3036 2832 qua:
3081 2771 3422 2831 processerat
3453 2778 3518 2815 ex
3557 2777 3641 2829 se,

2072 2872 2194 2928 quae
2217 2858 2419 2912 dicitur
2450 2855 2684 2927 Spiritus
2708 2856 2914 2921 vivens,
2932 2864 2985 2910 et
3007 2854 3338 2909 descendens
3372 2853 3648 2922 porrexis-

2071 2960 2153 3004 set
2182 2950 2229 3003 ei
2263 2951 2539 3004 dexteram
2562 2960 2615 3003 et
2640 2948 2917 3003 eduxisset
2947 2962 3072 3001 eum
3102 2947 3169 3001 de
3203 2947 3439 3001 tenebris
3458 2987 3473 3011 ,
3511 2947 3640 3001 olim

2072 3039 2283 3110 primus
2324 3040 2488 3093 homo
2536 3039 2787 3094 detentus
2839 3039 3254 3109 periclitaretur.
3286 3036 3366 3091 Ex
3415 3052 3480 3092 eo
3512 3052 3643 3110 ergo

340 3116 348 3125 ’
396 3126 642 3233 τησωσιν
684 3116 951 3233 ἀλλήλγοις,
997 3130 1175 3197 δεξιάς
1217 3132 1448 3190 διδόασιν
1493 3136 1703 3202 ἑαυτοῖς
1742 3140 1966 3211 σημείου

2071 3130 2306 3184 animam
2331 3129 2584 3185 deorsum
2612 3129 2831 3198 reliquit
2864 3128 2975 3197 (54)
3015 3146 3028 3182 :
3059 3136 3112 3182 et
3144 3137 3432 3197 propterea
3460 3127 3639 3184 Mani-

397 3192 576 3287 χάριν,
612 3217 688 3282 ὡς
727 3192 1085 3285 ἀπδγσκότους
1127 3192 1416 3289 σωθέντες’
1454 3229 1512 3279 ὲν
1541 3229 1648 3299 γὰρ

2069 3223 2202 3277 chzei
2232 3237 2355 3278 cum
2385 3222 2487 3277 sibi
2525 3222 2752 3276 invicem
2785 3229 3110 3285 occurrunt,
3141 3221 3273 3275 dant
3304 3221 3408 3275 sibi
3446 3221 3637 3276 dexte-

395 3306 576 3370 πάσας
611 3305 712 3371 τὰς
756 3308 992 3379 αἱρέσεις
1037 3307 1180 3365 εἶναι
1214 3313 1381 3384 λέγει.
1408 3316 1551 3373 Τότε
1597 3316 1703 3382 ζῶν
1744 3318 1965 3390 Πνεῦμα

2069 3329 2160 3368 ras
2187 3314 2353 3383 hujus
2377 3314 2517 3383 signi
2542 3313 2734 3384 gratia,
2767 3321 3027 3381 tanquam
3061 3326 3124 3365 ex
3160 3310 3399 3366 tenebris
3428 3312 3631 3366 libera-

376 3396 574 3489 έκτισε
607 3398 701 3451 τὸν
729 3400 961 3469 κόσμον,
1003 3406 1096 3457 καὶ
1138 3406 1269 3460 αὐτὸ
1312 3407 1548 3489 φορέσαν
1589 3409 1781 3481 ἐτέρας
1817 3415 1964 3484 τρεῖς

2069 3405 2125 3472 li,
2145 3407 2197 3460 in
2229 3406 2465 3460 tenebris
2487 3406 2628 3458 enim
2657 3419 2848 3458 omnes
2875 3404 3106 3489 haereses
3133 3417 3254 3458 esse
3276 3403 3463 3457 dicunt
3489 3402 3628 3474 (55).

392 3488 668 3560 δυνάμεις,
718 3493 973 3547 κατελθὸν
1021 3496 1291 3568 ἀνήνεγκε
1325 3472 1471 3565 τοὺς
1520 3472 1815 3573 ἄρχοντας,
1855 3472 1963 3558 ¹καὶ.

2069 3496 2219 3553 Τιιηε
2242 3497 2430 3552 vivens
2458 3495 2695 3567 Spiritus
2724 3497 2929 3551 creavit
2965 3472 3225 3549 mimdum
3248 3534 3264 3559 ,
3312 3502 3367 3549 et
3410 3472 3636 3551 indutus

392 3577 722 3650 ἐστερέωσεν
745 3583 804 3635 έν
825 3581 901 3652 τῷ
929 3585 1290 3658 στερεὼματι,
1324 3589 1352 3641 ὅ
1376 3588 1522 3643 ἐστιν
1548 3590 1723 3646 αὐτῶν
1749 3591 1957 3665 σῶμαή

2069 3589 2197 3644 alias
2227 3598 2336 3644 tres
2367 3588 2614 3654 virtutes,
2646 3588 2979 3643 descendens
3010 3586 3196 3642 eduxit
3223 3586 3499 3656 principes
3524 3628 3540 3653 ,
3582 3598 3637 3644 ct

393 3674 620 3743 σφαῖρα.
649 3673 781 3727 Τότε
811 3675 973 3731 πάλιν
1013 3679 1074 3732 τὸ
1114 3674 1223 3744 ζῶν
1247 3682 1475 3754 Πνεῦμα
1497 3682 1674 3736 ἔκτισε
1698 3686 1821 3749 τοὺς
1845 3703 1958 3754 φω-

393 3761 618 3833 στῆρας,
646 3762 683 3817 ἃ
702 3765 817 3820 ἐστι
838 3767 937 3839 τῆς
954 3768 1130 3840 ψυχῆς
1154 3771 1403 3841 λείψανα,
1429 3775 1521 3827 καὶ
1543 3773 1713 3838 οὕτως
1737 3775 1957 3847 ἐποίησε

389 3852 450 3945 τό
485 3854 1103 3945 στερέωμαᾷκυκλῆσαν
1146 3863 1238 3915 καὶ
1285 3863 1444 3918 πάλιν
1490 3864 1668 3919 ἔκτισε
1716 3865 1813 3937 τὴν
1850 3867 1955 3937 γῆν
1992 3938 1997 3945 ί

389 3943 469 4005 εἰς
505 3942 621 4015 εῐδη
656 3943 817 3997 ὀκτώ.
860 3947 917 3999 '0
954 3947 1011 3999 δὲ
1054 3949 1352 4022 Ὠμοφόρος
1384 3953 1534 4006 κάτω
1561 3952 1834 4024 βαστάζει,
1862 3957 1955 4010 καὶ

387 4034 527 4091 ὲπὰν
581 4036 732 4109 κάμῃ
773 4036 1076 4108 βαστάζων,
1116 4043 1329 4113 τρέμει,
1374 4044 1470 4098 καὶ
1514 4046 1737 4116 σεισμοῦ
1782 4049 1951 4113 αἴτιος

386 4129 594 4197 γίνεται
629 4131 780 4203 παρὰ
826 4132 919 4185 τὸν
950 4131 1253 4203 ὡρισμένον
1296 4134 1507 4207 καιρόν.
1543 4135 1745 4190 Τούτου
1792 4138 1951 4190 ἕνεκα

383 4221 475 4276 τὸν
505 4223 633 4277 Υἱὸν
667 4224 832 4277 αὑτοῦ
868 4224 1184 4279 ἀπέστειλεν
1214 4229 1243 4280 ὁ
1302 4228 1502 4297 ἀγαθὸς
1529 4229 1720 4301 Πατὴρ
1743 4231 1813 4302 ,ὲκ
1841 4229 1951 4284 τῶν

384 4313 600 4369 κόλπων
633 4316 714 4378 εἰς
744 4315 843 4385 τὴν
870 4315 1094 4388 καρδίαν
1123 4318 1224 4390 τῆς
1252 4317 1376 4389 γῆς,
1406 4320 1500 4374 καὶ
1535 4321 1616 4384 εἰς
1647 4320 1714 4375 τά
1749 4320 1949 4392 ταύτης

456 4510 567 4583 (47)
609 4512 897 4586 Sequemia
939 4528 1121 4586 usque
1167 4515 1233 4569 ad
1285 4531 1404 4586 cap.
1450 4516 1555 4583 l2,
1602 4518 1670 4574 ad
1710 4518 1934 4575 verbum
1969 4513 2015 4569 D

383 4578 566 4651 Graece
597 4578 776 4651 retulit
801 4578 1133 4651 Epiphanius
1163 4601 1313 4640 num.
1348 4578 1436 4642 '25.

453 4650 566 4729 (αξξ)
599 4650 733 4707 Hinc
751 4663 891 4721 patet
912 4654 1050 4729 apud
1070 4653 1426 4729 Epiphaninm
1453 4656 1555 4728 legi
1585 4657 1799 4729 debere,
1820 4660 1945 4715 τοῦ·

378 4735 467 4775 τον
494 4719 659 4789 λέγει,
689 4719 811 4777 ευίη
848 4719 999 4789 prius
1028 4719 1189 4787 esset,
1223 4726 1443 4782 τούτων.

452 4791 563 4865 (49)
607 4793 787 4865 codex
821 4790 1138 4865 Bobiensis,
1187 4813 1206 4845 ‹
1261 4797 1516 4865 produxit
1559 4813 1626 4852 ex
1663 4798 1879 4853 virtute.
1921 4819 1940 4853 ι

377 4857 714 4925 Casinensis,
749 4881 767 4913 ‹
799 4863 1114 4929 produxerit
1140 4872 1193 4917 et
1223 4857 1342 4920 esse
1375 4868 1647 4922 virtutem.
1682 4887 1701 4920 ι
1737 4869 1842 4924 Sed
1864 4871 1945 4924 le-

378 4930 610 5000 gendum
630 4946 703 5000 ex
736 4929 1038 5000 Epiphanio
1068 4933 1144 4985 uti
1172 4938 1515 4990 emendatum
1542 4946 1636 4992 est.

450 4998 561 5078 (ὅθ)
600 4998 1109 5078 ϐοόείΒοῇιιίειιείε,
1145 5020 1301 5078 ¢_qua
1333 5002 1708 5078 circumdedit.
1743 5028 1763 5061 ι
1794 5008 1947 5064 Casi-

375 5071 588 5149 nensis,
627 5088 646 5121 ι
689 5086 810 5149 quae
843 5072 1058 5149 virtute.
1104 5090 1123 5123 ι
1160 5071 1265 5149 Sed
1295 5091 1360 5130 ex
1408 5076 1681 5144 Bobiensi,
1724 5088 1779 5135 et
1814 5078 1945 5149 Epi-

376 5138 578 5209 phanio
604 5138 904 5204 emendavi,
941 5159 960 5191 ι
997 5157 1105 5209 qua
1134 5143 1353 5199 virtute.
1397 5164 1417 5197 ι

448 5207 559 5276 (51)
595 5209 775 5284 C_odex
808 5207 1113 5284 gobiensis,
1150 5231 1169 5262 ι
1204 5213 1254 5284 id
1282 5225 1385 5281 est,
1426 5216 1541 5281 lux,
1570 5231 1709 5284 aqua
1734 5258 1751 5283 ,
1800 5218 1944 5284 ignis

375 5286 429 5331 et
456 5279 702 5354 materia.
739 5298 758 5330 ι
805 5279 909 5333 Sed
955 5279 1288 5354 Epiphanius
1335 5279 1461 5353 legit
1497 5279 1533 5338 ι’
1568 5279 1794 5354 véutus,
1822 5279 1943 5352 ius,

375 5362 537 5413 aqua,
572 5348 799 5428 igniset
821 5348 1070 5428 materia,
1102 5370 1123 5428 ξ
1148 5361 1207 5428 ut
1234 5355 1285 5428 in
1313 5348 1497 5411 codice
1523 5348 1827 5425 Casineusi,
1848 5348 1942 5428 qui

374 5431 556 5495 veram
589 5419 806 5495 exhibet
837 5419 999 5495 hujus
1023 5420 1126 5495 loci
1156 5422 1467 5495 lectionem,

444 5485 556 5562 (ξιξ)
588 5485 925 5562 Epiphanius
949 5489 1094 5562 legit,
1126 5508 1146 5542 ι
1177 5492 1241 5545 ad
1272 5485 1588 5562 apparatum
1619 5495 1766 5549 belli.
1814 5515 1833 5548 ι

443 5556 761 5677 (ﬂagitia
794 5556 1102 5625 Bobiensis,
1134 5556 1453 5620 concinente
1476 5565 1802 5636 Epiphanio,
1831 5567 1943 5637 pri-

371 5639 486 5678 mus
519 5639 691 5681 nomo.

443 5693 759 5774 (54)Code_15
785 5696 1091 5774 Bobiensis,
1125 5717 1143 5753 ι
1179 5701 1469 5773 relinquit;
1509 5722 1530 5756 ι
1572 5705 1710 5761 mala
1757 5704 1939 5774 lectio,

372 5771 430 5818 ut
458 5773 603 5832 patet
629 5780 696 5821 ex
718 5766 1044 5836 Epiphanio.

2059 3680 2331 3736 cruciﬁxit
2378 3696 2473 3737 eos
2520 3681 2576 3734 in
2629 3679 3014 3743 ﬁrmamento,
3064 3679 3210 3749 quod
3243 3688 3326 3736 est
3354 3678 3468 3751 (56)
3508 3680 3631 3750 ejus

2056 3787 2256 3843 corpus
2303 3772 2533 3843 sphaera.
2590 3768 2659 3824 Et
2708 3786 2929 3826 rursum
2983 3770 3100 3839 ipse
3151 3770 3339 3826 vivens
3389 3769 3629 3839 Spiritus

2054 3867 2255 3920 creavit
2287 3861 2598 3931 luminaria,
2625 3879 2746 3934 quae
2775 3871 2903 3918 sunt
2925 3863 3167 3931 reliquiae
3188 3864 3380 3918 animae
3411 3863 3546 3933 (57),
3578 3872 3639 3920 et

2053 3953 2180 4010 fecit
2224 3970 2287 4009 ea
2332 3954 2731 4009 ﬁrmamentum
2783 3955 3072 4009 circumire
3122 3954 3274 4023 (58);
3327 3961 3381 4007 et
3428 3953 3629 4008 iterum

2051 4049 2254 4102 creavit
2282 4056 2505 4113 ternm,
2539 4055 2592 4103 et
2619 4055 2746 4101 sunt
2774 4054 2919 4100 octo.
2950 4044 3046 4099 Est
3078 4053 3258 4099 autem
3284 4043 3629 4114 OmOphorus

2049 4138 2303 4193 deorsum
2333 4138 2467 4208 (59),
2520 4138 2576 4190 id
2605 4146 2706 4203 est,
2748 4137 2842 4207 qui
2886 4152 3005 4190 eam
3038 4145 3214 4204 portat
3244 4136 3296 4189 in
3343 4136 3626 4206 humeris;

2049 4238 2104 4285 et
2131 4246 2253 4284 eum
2282 4229 2604 4284 laboraverit
2627 4237 2870 4299 portans,
2910 4228 3233 4282 intremiscit
3273 4247 3284 4281 :
3317 4238 3371 4283 et
3400 4229 3514 4284 haec
3541 4240 3627 4285 est

2052 4336 2219 4377 causa
2252 4332 2407 4376 terrae
2435 4329 2616 4376 motus
2642 4328 2837 4390 praeter
2858 4321 3211 4375 constitutum
3248 4330 3478 4389 tempus.
3509 4319 3623 4378 Hac

2116 4522 2226 4594 (55)
2266 4522 2445 4594 Codex
2478 4522 2783 4594 Bobiensis,
2845 4540 2864 4573 ι
2907 4521 3085 4594 omnis
3127 4521 3349 4594 hieresis
3386 4536 3506 4594 esse
3538 4523 3625 4580 di-

2046 4590 2218 4648 citur.
2244 4612 2262 4644 ι
2302 4592 2405 4648 Sed
2444 4594 2583 4649 hanc
2608 4593 2891 4649 lectionem
2928 4592 3106 4660 rejieit
3150 4590 3514 4660 Epiphanius.

2118 4663 2229 4733 (56)
2268 4662 2395 4733 llaec
2442 4675 2523 4718 est
2560 4663 2722 4731 hujus
2767 4662 2871 4715 loci
2914 4677 3039 4733 vera
3066 4662 3275 4733 lectio,
3304 4661 3623 4733 Epiphanio

2046 4730 2290 4803 probata.
2348 4732 2519 4799 Quam
2552 4730 2696 4785 enim
2727 4746 2793 4786 ex
2827 4732 3014 4787 codice
3065 4730 3316 4803 Bobiensi
3374 4730 3621 4803 Valesius

2045 4800 2327 4874 exprimit,
2359 4811 2671 4874 corruptam
2701 4818 2820 4874 esse
2852 4817 3010 4874 nemo
3033 4817 3138 4874 non
3167 4800 3339 4874 videt;
3367 4802 3447 4857 sic
3474 4805 3619 4874 enim

2047 4867 2321 4935 se'habet,
2347 4892 2366 4924 ι
2399 4867 2739 4927 Descendens
2759 4871 2942 4925 eduxit
2968 4871 3233 4939 principes
3262 4869 3404 4931 Jeru,
3433 4873 3621 4928 exiens
3654 4914 3664 4931 .

2046 4942 2100 4997 in
2133 4942 2554 5001 ﬁrmamentum,
2582 4943 2727 5009 quod
2759 4950 2857 5005 est,
2889 4938 2993 4995 etc.
3029 4960 3046 4991 ι
3079 4938 3353 4995 Ιηϐνίεεο
3384 4940 3619 5010 Epipha-
3730 4982 3735 4987 .

2044 5013 2120 5065 nii
2154 5020 2257 5077 est,
2299 5030 2317 5063 ι
2361 5012 2426 5064 Et
2453 5012 2712 5065 stabilivit
2757 5010 3204 5080 inﬁrmamento,
3231 5011 3490 5080 quodiest
3536 5013 3616 5080 ip-

2046 5096 2231 5136 sorum
2262 5096 2460 5151 corpus
2491 5083 2723 5151 sphaera.
2765 5099 2791 5132 ι
2823 5078 2927 5135 Sed
2959 5081 3079 5149 vide
3106 5080 3355 5134 eumdem
3379 5078 3617 5149 Epipha-

2044 5152 2215 5211 nium,
2231 5166 2352 5220 cap.
2385 5152 2474 5206 48.
2500 5219 2507 5220 ί
2911 5218 2953 5220 η
3213 5191 3225 5220 ._

2116 5220 2228 5292 (57)
2272 5216 2345 5274 Ita
2391 5231 2443 5276 et
2472 5219 2854 5292 Epiphanius.
2909 5218 3065 5292 Male
3097 5217 3249 5292 apud
3293 5216 3562 5292 Yalesium
3592 5259 3613 5289 ,

2049 5308 2069 5339 ι
2112 5286 2354 5359 Reliqua:
2397 5286 2617 5344 animm.—
2675 5309 2694 5342 ι
2736 5288 2869 5344 Vide
2909 5286 3158 5342 eumdem
3208 5286 3611 5359 Epiphanium,

2049 5359 2219 5413 ibid..
2283 5375 2403 5413 can.
2456 5360 2547 5413 49.

2044 5360 2219 5420 ibid.,
2283 5375 2403 5420 cap.
2456 5360 2547 5414 49.

2120 5375 2173 5413 ιι.
2203 5399 2219 5420 ,
2283 5375 2403 5429 cap.
2456 5375 2547 5414 συ.

2116 5430 2228 5497 (58)
2269 5428 2333 5481 Ει
2377 5429 2464 5483 hic
2513 5429 2652 5483 male
2701 5427 2869 5482 codex
2914 5425 3226 5497 Bobiensis,
3267 5446 3286 5479 ι
3327 5428 3382 5482 in
3429 5427 3615 5484 ﬁrma-

2043 5495 2226 5555 mento
2258 5500 2508 5554 circuire.
2560 5517 2579 5549 ι
2615 5507 2674 5552 ιιι
2702 5504 2847 5566 patet
2874 5513 2938 5549 ex
2972 5495 3290 5566 Epiphanio.

2114 5568 2225 5639 (59)
2266 5568 2600 5640 Epiphanius
2644 5565 2804 5640 habet
2823 5569 2916 5640 fl;
2949 5565 3272 5640 εῖδηίῆκτώ.
3325 5584 3344 5618 ι
3389 5565 3612 5625 Creavit

2042 5634 2252 5709 terram
2282 5634 2537 5709 octuplici
2579 5637 2777 5709 specie.
2813 5634 3159 5709 Omopluﬁus
3178 5647 3367 5709 autem
3390 5678 3405 5703 ,
3445 5656 3465 5689 ι
3505 5639 3606 5694 hoc

2040 5716 2122 5763 est
2168 5707 2383 5776 bajulus
2408 5748 2423 5770 ,
2471 5725 2490 5759 ι
2528 5706 2667 5760 inira
2698 5706 3002 5776 sustinetis
3042 5706 3148 5763 Sed
3174 5707 3399 5764 Latinus
3423 5718 3605 5764 noster

2042 5775 2309 5846 interpres
2338 5776 2494 5847 legit,
2522 5777 2628 5830 εισι
2660 5775 2735 5841 δέ,
2766 5777 2871 5843 vel,
2897 5778 3003 5832 εισι
3028 5777 3112 5851 δή.
