4058 6380
1417 255 1449 274 θ’

372 342 512 397 1359

1424 337 1611 394 ACTA
1639 333 2170 393 DISPUTATIONIS
2201 333 2262 388 3.
2301 331 2661 388 ARCHELAI‘

3486 334 3630 392 1440

371 462 439 516 de
463 474 629 515 causa
643 456 844 514 Filium
865 473 1025 516 suum
1048 456 1199 514 misit
1218 428 1487 533 benigyus
1517 458 1676 512 Pater
1710 457 1776 512 de
1807 456 1945 512 sini-

2057 451 2336 506 κατώτατα
2364 452 2529 524 μέρη,
2560 453 2709 515 ὅπως
2736 452 2883 524 αὑτῷ
2910 455 3009 524 τὴν
3035 453 3418 526 προσήκουσαν
3452 456 3646 507 ent-rm

375 554 477 607 bus
509 551 626 607 suis
655 550 710 605 in
744 565 837 607 cor
865 559 1022 605 terra!
1047 549 1157 621 (60)
1186 556 1241 605 et
1271 550 1326 603 in
1355 548 1643 603 interiores
1672 550 1793 617 ejus
1822 564 1953 618 par-

373 652 475 707 tes,
504 658 614 713 quo
644 642 816 706 illum,
852 649 913 696 ut
945 656 1043 710 par
1079 648 1215 703 erat,
1245 647 1519 695 coerceret
1546 637 1655 710 (6t)
1691 656 1704 691 :
1736 638 1953 708 quoties

373 736 520 791 enim
546 734 774 790 edicitur
799 746 956 787 terra:
985 741 1185 797 motus,
1235 740 1500 786 tremente
1538 746 1603 785 eo
1645 747 1710 785 ex
1744 732 1949 795 labore,
1986 760 1989 763 -

372 828 459 881 vel
504 829 569 881 de
610 828 836 880 humero
883 823 936 877 in
972 824 1258 878 humerum
1307 820 1668 879 transferente
1715 820 1949 889 pondus,

374 918 622 974 ellicitur.
666 916 819 971 Tunc
865 930 995 984 ergo
1042 924 1096 969 et
1135 914 1248 984 ipsa
1281 913 1506 967 materia
1551 912 1755 967 creavit
1785 926 1848 963 ex
1894 925 1954 965 se

374 1014 589 1083 plantas
617 1010 697 1064 vel
726 1008 1001 1077 germina;
1034 1021 1154 1075 qua:
1189 1021 1310 1059 cum
1342 1006 1530 1058 iuratae
1562 1012 1746 1057 essent
1776 1017 1805 1056 a
1832 1003 1951 1072 qui-

375 1104 602 1160 busdam
637 1100 998 1170 principibus,
1033 1096 1355 1153 convocavit
1382 1095 1494 1166 (62)
1529 1110 1718 1172 omnes
1738 1093 1950 1163 princi-

376 1213 467 1265 pes
492 1195 801 1264 primarios,
852 1205 907 1247 et
950 1191 1181 1259 sumpsit
1212 1190 1280 1243 ab
1302 1189 1382 1243 eis
1430 1187 1672 1257 singulas
1703 1187 1949 1250 virtutes,

370 1296 429 1343 et
476 1287 600 1341 t’eeit
644 1286 915 1339 hominem
965 1283 1111 1336 hunc
1160 1281 1457 1336 secundum
1510 1280 1746 1349 speciem
1789 1278 1951 1348 primi

373 1379 615 1436 hominis
645 1378 813 1442 illius,
844 1375 1097 1443 etjunxit
1125 1376 1362 1428 animam
1396 1374 1462 1427 in.
1478 1388 1542 1427 eo
1572 1373 1705 1440 (6⁵5).

444 1464 576 1518 VIII.
618 1465 752 1518 Cum
812 1471 991 1517 autem
1046 1463 1270 1518 vidissEt
1320 1454 1479 1517 Pate'r
1545 1463 1734 1517 vivens
1788 1458 1950 1533 alliigi

374 1559 610 1612 animam
653 1557 704 1610 in
736 1571 980 1623 corpore,
1021 1556 1148 1625 quia
1180 1564 1263 1609 est
1302 1554 1412 1622 (64)
1454 1555 1742 1613 miserator
1772 1564 1825 1610 et
1856 1556 1954 1609 mi-

376 1650 633 1713 sericors,
662 1649 809 1701 misit
844 1646 1042 1700 Filium
1075 1662 1233 1700 suum
1283 1646 1537 1700 dilectum
1566 1644 1678 1717 (65)
1709 1645 1774 1699 ad
1805 1646 1953 1701 salu-

373 1748 480 1797 tem
527 1740 753 1805 animie;
802 1740 904 1793 hac
931 1740 1075 1793 enim
1105 1754 1293 1802 causa,
1327 1746 1381 1791 et
1420 1746 1640 1807 propter
1672 1736 1950 1807 Omopho-

373 1847 495 1886 rum
522 1832 674 1886 misit
703 1848 847 1887 eum.
881 1829 948 1885 Et
979 1832 1200 1885 veniens
1232 1830 1424 1893 Filius,
1454 1830 1861 1886 transformat-it
1892 1845 1952 1886 se

374 1924 430 1979 in
461 1925 693 1994 speciem
728 1923 999 1988 hominis;
1026 1932 1079 1976 et
1107 1923 1400 1992 apparebat
1429 1920 1541 1991 (66)
1597 1923 1812 1992 quidem
1856 1923 1955 1976 ho-

374 2015 618 2069 minibus
652 2020 712 2066 ut
736 2013 922 2076 homo,
956 2027 1081 2065 eum
1111 2027 1217 2065 non
1242 2020 1387 2066 esset
1413 2012 1596 2073 homo,
1621 2020 1676 2065 et
1706 2011 1953 2066 homines

374 2114 706 2177 putaverunt
736 2120 858 2159 eum
900 2113 1083 2157 natum
1117 2119 1236 2159 esse
1272 2103 1404 2173 (67).
1447 2102 1581 2156 Cum
1613 2117 1742 2172 ergo
1774 2102 1954 2156 venis-

375 2207 492 2265 set,
526 2197 830 2251 machinam
864 2196 1153 2265 quamdam
1189 2197 1536 2250 concinnavit
1566 2195 1676 2266 (68)
1707 2196 1773 2250 ad
1813 2196 1958 2250 salu-

377 2294 486 2339 tem
535 2285 873 2350 animarum,
927 2284 978 2338 id
1032 2294 1115 2339 est
1166 2294 1337 2339 rotam
1382 2286 1608 2352 statuit,
1661 2286 1949 2342 habentem

376 2375 665 2430 duodecim
694 2390 885 2430 urceus
916 2393 929 2430 :
964 2390 1087 2445 quas
1110 2383 1228 2429 rota
1252 2392 1346 2446 per
1369 2376 1508 2432 hanc
1540 2378 1804 2446 sphaeram
1836 2395 1956 2435 ver-

377 2466 509 2520 titur
532 2504 547 2529 ,
601 2465 859 2520 hauriens
892 2465 1104 2520 animas
1132 2467 1479 2521 morientium
1513 2467 1623 2539 (69)
1646 2508 1661 2530 ,
1711 2485 1957 2539 quasque

376 2557 645 2612 luminare
682 2557 880 2626 majus,
920 2556 973 2610 id
1002 2566 1085 2612 est
1115 2558 1195 2613 sol
1227 2558 1393 2614 radiis
1423 2559 1539 2614 suis
1568 2560 1814 2616 adimens
1843 2561 1954 2631 (70)

374 2655 590 2719 purgat,
639 2655 693 2702 et
735 2648 878 2701 luna:
927 2648 1109 2715 tradit,
1140 2655 1196 2702 et
1239 2648 1311 2703 ita
1344 2650 1667 2719 adimpletur
1705 2652 1846 2707 lunae
1875 2652 1959 2707 di-

376 2754 503 2795 scus
534 2738 644 2809 (7I)
671 2780 685 2804 ,
727 2739 819 2809 qui
864 2754 893 2793 a
937 2739 1094 2794 nobis
1126 2740 1199 2794 ita
1230 2742 1549 2811 appellatur.
1602 2741 1777 2798 Naves
1810 2744 1955 2798 enim

375 2832 459 2886 vel
487 2832 863 2887 translatorias
908 2833 1132 2903 eymbas
1171 2848 1292 2889 esse
1338 2835 1469 2890 dicit
1497 2836 1606 2890 duo
1651 2837 1752 2892 ista
1799 2837 1960 2891 lumi-

378 2924 553 2986 naria;
585 2930 635 2975 et
671 2937 793 2975 cum
822 2923 1023 2992 repleta
1058 2922 1222 2978 fuerit
1258 2924 1409 2989 luna,
1456 2925 1810 2981 transfretare
1838 2929 1960 2981 ani-

379 3028 520 3075 mas,
555 3012 621 3066 ad
657 3013 1004 3068 subsolanam
1039 3025 1269 3084 partem,
1304 3024 1359 3071 et
1392 3017 1463 3072 ita
1495 3017 1784 3086 apocrusin
1819 3015 1954 3088 (72).

2058 543 2186 613 μίαν
2223 542 2331 614 δῷ·
2363 543 2458 597 καὶ
2500 542 2691 606 ὁσάκις
2717 542 2783 597 ἂν
2816 544 3031 614 σεισμὸς)
3059 544 3306 614 γένηται,
3350 543 3385 614 ἢ
3430 544 3628 617 τρέμει

2006 708 2015 723 ν
2053 634 2297 705 κάμνων,
2336 634 2369 706 ἢ
2407 633 2686 705 ἀντιφέρει
2712 637 2791 697 είς
2812 635 2904 687 τὸν
2937 636 3123 705 ἕτερον
3161 629 3338 706 ὦμον.Δ
3367 635 3501 688 Τότε
3522 635 3632 689 τοίη
3705 641 3717 650 ’

2053 738 2145 775 νυν
2173 722 2269 777 καὶ
2302 726 2335 795 ἡ
2375 723 2472 795 ὓλη
2507 726 2599 793 ἀφ’
2645 724 2844 794 ἑαυτῆς
2877 724 3058 778 ἔκτισε
3090 725 3159 777 τὰ
3194 726 3357 793 φυτά,
3397 726 3491 779 καὶ
3525 743 3625 779 συ-

2052 812 2313 883 λωμένων
2352 812 2531 866 αὐτῶν
2547 812 2666 890 ,ἀπό
2687 830 2848 866 τινων
2872 813 3146 885 ἀρχόντων
3173 813 3395 867 ἐκάλεσε
3417 815 3628 879 πάντας

2052 906 2177 966 τοὺς
2202 904 2311 956 τῶν
2343 904 2621 975 ἀρχόντων
2647 890 3001 977 πρωτίστους,
3031 905 3124 958 καὶ
3162 903 3352 959 ἔλαϐεν
3387 905 3483 958 ἀπ’
3527 905 3630 960 αὐ-

2051 997 2161 1052 τῶν
2195 998 2298 1051 ἀνὰ
2328 999 2456 1068 μίαν
2482 997 2731 1068 δύναμιν,
2765 999 2859 1051 καὶ
2893 997 3257 1053 κατεσκεύασε
3292 999 3385 1052 τὸν
3418 999 3631 1070 ἄνθρω-

2052 1110 2175 1157 πον,
2202 1080 2461 1144 τὸν’κατὰ
2485 1090 2583 1162 τὴν
2612 1090 2753 1144 ἰδέαν
2780 1090 2874 1143 τοῦ
2914 1088 3129 1162 πρώτου
3160 1088 3444 1161 ἀνθρώπου
3480 1090 3629 1144 ὲκεί-
3732 1100 3735 1103 ‘

2051 1199 2168 1244 νου,
2211 1181 2305 1233 καὶ
2339 1181 2495 1250 ἔδησε
2540 1180 2639 1251 τὴν
2677 1179 2856 1253 ψυχὴν
2895 1180 2954 1233 ὲν
2996 1178 3161 1249 αὐτῷ.
3184 1177 3356 1252 ⁴Αὕτη
3386 1181 3504 1233 ἐστὶ
3527 1181 3629 1251 τῆς

2053 1271 2409 1343 συγκράσεως
2442 1271 2476 1342 η
2521 1270 2793 1334 ὑπόθεσις.

2126 1453 2258 1507 Ὅτε
2278 1453 2338 1506 ,δὲ
2371 1448 2511 1507 εἶδεν
2544 1455 2573 1507 6
2601 1453 2791 1525 Πατὴρ
2827 1456 2855 1507 6
2911 1452 3021 1517 ζῶν
3053 1452 3373 1523 θλιϐομένην
3403 1452 3504 1513 τὴν
3522 1451 3630 1523 ψυ-

2051 1545 2153 1616 χὴν
2188 1545 2244 1598 ἐν
2274 1544 2350 1615 τῷ
2384 1543 2597 1615 σώματι
2622 1584 2637 1608 ,
2700 1544 3070 1615 εὖσπλαγχνος
3113 1543 3188 1598 ὢν
3225 1547 3320 1599 καὶ
3352 1544 3626 1615 ἐλεήμων.

2051 1636 2264 1708 ἔπεμψε
2297 1637 2387 1690 τὸν
2407 1638 2534 1690 Υίὸν
2561 1636 2723 1691 αὑτοῦ
2755 1635 2842 1690 τὸν
2870 1636 3223 1709 ἠγαπημένον
3251 1639 3330 1700 είς
3353 1638 3629 1708 σωτηρίαν

2050 1728 2150 1799 τῆς
2177 1729 2375 1799 ψυχῆς·
2401 1729 2491 1782 διὰ
2534 1730 2644 1801 γὰρ
2694 1729 2897 1800 ταύτην
2940 1729 3037 1801 τὴν
3087 1730 3359 1801 πρόφασιν
3405 1730 3501 1783 καὶ
3528 1729 3630 1801 τὴν
3701 1794 3707 1800 ἢ

2053 1820 2145 1873 τοῦ
2187 1821 2485 1891 Ὤμοφόρου
2517 1821 2831 1875 ἀπέστειλεν
2857 1823 3040 1875 αὐτόν.
3088 1823 3197 1875 Καὶ
3233 1820 3401 1874 ἐλθὼν
3427 1822 3456 1872 6
3499 1821 3632 1885 Υίὸς
3688 1812 3697 1819 ’

2056 1912 2522 1983 μετεσχημάτισεν
2554 1913 2743 1966 ἑαυτὸν
2768 1915 2848 1976 εἰς
2868 1912 3154 1986 ἀνθρώπου
3177 1909 3333 1976 εἶδος,
3365 1913 3459 1967 καὶ
3481 1913 3635 1982 etpal-

2052 2021 2172 2056 νετο
2199 2007 2309 2067 τοῖς
2344 2003 2649 2077 ἀνθρώποις
2673 2003 2749 2068 ὡς
2777 2002 3099 2075 ἄνθρωπος,ι
3112 2005 3185 2076 μὴ
3207 2003 3281 2057 ὢν
3319 2004 3629 2074 ἄνθρωπος,

2054 2097 2149 2148 καὶ
2181 2098 2230 2149 οἱ
2292 2096 2568 2168 ἄνθρωποι
2613 2095 2993 2167 ὑπελάμϐανον
3039 2096 3202 2150 αὑτὸν
3243 2094 3631 2165 γεγεννῆσθαι.

2067 2187 2265 2241 Ἐλθὼν
2294 2185 2386 2241 οὖν
2414 2191 2645 2242 ποιεῖται
2667 2188 2765 2259 τὴν
2794 2189 3151 2261 δημιουργίαν
3183 2189 3320 2261 πρὸς
3354 2187 3634 2259 σωτηρίαν

2052 2278 2162 2329 τῶν
2191 2276 2400 2347 ψυχῶν,
2431 2278 2527 2331 καὶ
2562 2278 2807 2349 μηχανὴν
2862 2278 3226 2349 συνεστήσατο
3271 2278 3497 2348 ἔχουσαν
3525 2277 3636 2330 δώ·-

2054 2371 2186 2423 δεκα
2211 2368 2423 2431 κάδους,
2444 2369 2565 2439 ἥτις
2589 2368 2694 2421 ὑπὸ
2712 2369 2811 2438 τῆς
2844 2369 3080 2440 σφαίρας
3121 2370 3483 2440 στρεφομένη,
3514 2370 3636 2423 ἁνι-

2060 2463 2225 2532 μᾶται
2252 2462 2358 2514 τῶν
2394 2461 2737 2530 θνησκόντων
2760 2461 2857 2525 τὰς
2880 2462 3075 2532 ψυχάς.
3112 2461 3221 2514 Καὶ
3249 2460 3450 2524 ταύτας
3473 2463 3502 2514 6
3533 2462 3645 2531 μέ-“

2056 2570 2158 2621 γας
2190 2552 2415 2624 φωστὴρ
2442 2555 2561 2616 ταῖς
2593 2553 2773 2606 ἀκτῖσι
2796 2551 2974 2605 λαϐὼν
3013 2552 3319 2623 καθαρίζει,
3347 2552 3442 2605 καὶ
3466 2568 3639 2621 μετα-

2057 2645 2237 2699 δίδωσι
2268 2647 2332 2716 τῇ
2370 2645 2585 2718 σελήνῃ,
2608 2646 2703 2698 καὶ
2738 2644 2911 2708 οὕτως
2937 2643 3237 2717 πληροῦται
3259 2643 3360 2713 τῆς
3403 2643 3636 2715 σελήνης

2057 2740 2086 2791 6
2117 2738 2319 2801 δίσκος,
2348 2740 2377 2791 6
2402 2740 2529 2809 παρ’
2558 2741 2689 2808 ἡμῖν
2714 2738 3266 2810 προσαγορευόμενος.
3300 2736 3466 2791 metu
3498 2736 3633 2809 γὰρ,

2059 2830 2175 2900 ἦτοι
2206 2829 2477 2900 πορθμεῖα
2504 2825 2643 2884 εἶναι
2672 2829 2819 2899 λέγει
2849 2830 2973 2893 τοὺς
3002 2829 3094 2884 δύο
3125 2831 3435 2901 φωστῆρας.
3474 2826 3632 2890 Εἶτα,

2060 2919 2155 2973 ἐὰν
2186 2920 2418 2991 γεμισθῇ
2456 2921 2489 2991 ἡ
2518 2919 2738 2991 σελήνη,
2795 2920 3233 2991 μεταπορθμεύει
3278 2923 3357 2984 είς
3385 2918 3636 2990 ἀπηλιώ-

2060 3028 2177 3082 την,
2206 3012 2301 3066 κα)¹
2331 3010 2502 3075 οὕτως
2531 3014 2864 3084 ἀπόκρουσιν
2893 3016 3146 3075 ποιεῖται,
3181 3012 3273 3066 τοῦ
3311 3013 3484 3083 γόμου
3511 3013 3638 3067 ἐλαμ-

377 3104 758 3160 detrimentum
807 3106 1044 3175 patitur,
1093 3122 1217 3161 eum
1249 3123 1413 3164 onere
1442 3108 1609 3164 fuerit
1659 3110 1899 3165 relevata
1937 3129 1951 3164 :

2062 3105 2389 3177 φρυνομένη·
2418 3106 2514 3159 καὶ
2554 3104 2695 3157 οὕτω
2730 3104 2927 3176 πληροῖ
2974 3103 3037 3157 τδ
3067 3104 3380 3177 πορθμεῖον,
3407 3104 3500 3158 καὶ
3529 3104 3639 3159 πά-

376 3204 434 3251 et
464 3198 655 3250 iterum
676 3196 868 3265 repleri
893 3196 1005 3267 (75)
1032 3199 1304 3268 cymbam,
1352 3208 1406 3254 et
1433 3216 1625 3256 rursus
1648 3203 1955 3270 exonerari,

376 3285 507 3340 dum
541 3285 865 3341 hauhuntur
896 3303 992 3357 per
1020 3304 1213 3344 urceos
1253 3292 1479 3356 animae,
1522 3307 1806 3362 usquequo
1836 3308 1961 3363 par-

376 3386 487 3434 tem
517 3395 671 3434 suam
703 3380 973 3448 propriam
1005 3380 1195 3435 liberet
1227 3382 1535 3436 animarum
1566 3382 1698 3453 (74).
1732 3382 1807 3437 De
1830 3385 1961 3439 sub-

378 3469 576 3526 stantia
629 3480 809 3525 autem
841 3469 972 3524 boni
1002 3469 1177 3527 Patris
1218 3486 1435 3527 omnem
1480 3473 1713 3527 animam
1738 3515 1753 3541 ,
1799 3483 1961 3544 atque

379 3575 543 3617 omne
566 3562 767 3616 animal
799 3563 941 3631 quod
975 3574 1241 3629 movetur,
1277 3574 1484 3633 partem
1511 3566 1725 3620 trahere
1764 3567 1961 3621 contir-

383 3659 521 3706 mat.
556 3650 690 3705 Cum
723 3651 886 3719 igitur
911 3652 1040 3706 luna
1069 3667 1209 3707 onus
1241 3656 1384 3721 quod
1431 3655 1586 3721 gerit,
1630 3655 1957 3725 animarum,

385 3743 601 3798 saeculis
639 3744 920 3799 tradiderit
962 3743 1139 3801 Patris
1165 3787 1180 3813 ,
1231 3757 1549 3815 permanent
1583 3748 1687 3803 illa:
1734 3749 1846 3821 (75)
1906 3751 1959 3805 in

384 3835 639 3893 columna
686 3834 900 3907 gloriae,
954 3836 1098 3908 quod
1146 3846 1373 3893 vocatur
1397 3836 1494 3893 Vir
1525 3837 1795 3909 perfectus
1823 3841 1956 3913 (76).

456 4011 569 4084 (60)
607 4012 789 4067 Codex
818 4014 1121 4081 Bobiensis,
1153 4031 1174 4066 ι
1202 4013 1269 4070 de
1302 4016 1503 4074 ﬁnibus
1532 4017 1587 4071 in
1617 4031 1712 4072 cor
1732 4024 1907 4073 terrae.
1933 4037 1952 4071 ι

387 4080 481 4153 Sic
512 4080 639 4153 legit
668 4094 722 4138 et
762 4080 1116 4153 Epiphanius.

455 4152 581 4223 (61)
610 4155 754 4226 Idem
792 4152 986 4226 codex,
1024 4174 1042 4207 ι
1073 4156 1218 4226 quod
1247 4155 1421 4222 illum,
1457 4165 1515 4212 ut
1543 4164 1776 4226 pareret,
1804 4172 1959 4212 coer-

380 4222 601 4297 ceret.)
638 4222 813 4297 Prava
852 4225 1029 4279 lectio.
1089 4222 1225 4297 Hinc
1268 4236 1447 4297 autem
1486 4222 1631 4297 pa'tet
1677 4225 1956 4281 Petavium

383 4294 525 4416 ﬁapud
558 4293 914 4414 Epiphanium
946 4311 1044 4366 pro
1086 4295 1380 4366 ἐπιθυμίαν
1403 4338 1419 4364 ,
1456 4293 1599 4352 recte
1642 4300 1959 4353 emendasse

418 4380 574 4416 πιτιυ
600 4381 683 4416 αν.

418 4380 529 4416 πιτι
537 4380 683 4432 μιαν.

454 4433 567 4502 (62)
602 4433 782 4487 Codex
824 4433 1176 4499 Casinensis,
1214 4453 1234 4487 ι
1272 4434 1463 4491 furata:
1505 4445 1715 4502 essent,
1756 4451 1959 4491 convo-

2060 3195 2142 3250 λιν
2167 3197 2438 3268 ἀπογομοί
2459 3197 2821 3267 άνιμωμένων
2852 3196 2979 3250 ὑπὸι
3002 3195 3110 3250 τῶν
3160 3195 3338 3250 κάδων
3371 3194 3479 3249 τῶν
3530 3195 3637 3265 ψυ-

2059 3292 2189 3362 χῶν,
2223 3294 2382 3363 ἄχρις
2417 3284 2476 3344 οὗ
2496 3291 2556 3344 τὸ
2577 3290 2706 3344 ἴδιον
2734 3290 2900 3343 αὐτοῦ
2926 3290 3088 3361 μέρος
3115 3287 3277 3341 σώσει
3304 3288 3403 3359 τῆς
3430 3287 3629 3358 ψυχῆς.

2060 3382 2172 3453 Τῆς
2194 3383 2300 3454 γὰρ
2343 3382 2438 3435 τοῦ
2483 3381 2691 3450 ἀγαθοῦ
2723 3382 2937 3454 [ἰατρὸς
2990 3383 3176 3444 οὐσίας
3223 3385 3402 3436 πᾶσαν
3428 3382 3634 3455 ψυχὴν,

2060 3475 2154 3529 καὶ
2192 3477 2301 3529 πᾶν
2322 3474 2635 3545 κινούμενον
2668 3473 2803 3538 ζῶον
2835 3473 3081 3544 μετέχειν
3101 3473 3266 3546 ᾈέγει.
3286 3473 3398 3543 Τῆς
3421 3470 3515 3528 οὖν
3542 3461 3657 3528 ’σε-⁸

2058 3564 2224 3638 λήνης
2252 3564 2633 3636 μεταδιδούσης
2652 3565 2741 3617 τὸν
2778 3565 2946 3634 γόμον
2970 3564 3078 3617 τῶν
3106 3563 3293 3635 ψυχῶν
3322 3567 3435 3627 τοῖς
3466 3564 3630 3619 αίῶσι

2058 3658 2151 3712 τοῦ
2177 3659 2407 3729 Πατρὸς,
2437 3655 2843 3727 παραμένουσιν
2868 3656 2925 3707 ὲν
2957 3655 3034 3725 τῷ
3051 3656 3226 3727 στόλῳ
3253 3658 3350 3727 τῆς
3376 3657 3555 3728 δόξης,
3573 3644 3636 3723 ας

2060 3749 2302 3802 καλεῖται
2325 3749 2430 3818 ἀὴρ
2462 3749 2491 3799 6
2532 3745 2754 3808 τέλειος.
2774 3746 2831 3797 '0
2856 3745 2913 3797 δὲ
2947 3745 3054 3818 ἀὴρ
3091 3739 3245 3810 οὗτος
3286 3747 3474 3812 στὺλός
3516 3734 3635 3803 ὲέτι

2060 3840 2237 3911 φωτός
2255 3857 2270 3871 ·
2288 3838 2473 3909 ἐπειδὴ
2488 3837 2647 3909 γέμει
2660 3836 2847 3907 ψυχῶν
2873 3836 2980 3891 τῶν
2998 3837 3463 3911 καθαριζομένων.
3480 3839 3633 3914 Αὕτη

2059 4032 2215 4072 versa
2241 4026 2581 4071 mortuorum
2612 4014 2824 4069 animas
2852 4029 3070 4070 sursum
3096 4014 3293 4068 evehit.
3332 4032 3352 4065 ι

2130 4087 2242 4158 (69)
2280 4086 2462 4158 Codex
2499 4084 2823 4158 Bobiensis,_
2851 4102 2869 4134 ι
2903 4101 3026 4154 quae
3063 4099 3170 4158 per
3192 4083 3632 4158 hancsphveram

2060 4154 2318 4212 hauriens
2369 4157 2581 4211 animas
2628 4155 2946 4209 viventium.
3001 4174 3021 4207 ι
3070 4154 3208 4220 Mala
3242 4154 3436 4221 lectio,
3477 4163 3535 4209 ut
3565 4172 3634 4211 ex

2058 4227 2357 4298 Epiphanio
2387 4233 2625 4298 apparet.
2676 4296 2687 4298 _
2758 4293 2811 4298 __
3632 4228 3635 4229 ⁷

2130 4293 2243 4365 (70)
2284 4293 2638 4365 Epiphanius,
2676 4293 2876 4357 λαϐὼν.
2916 4309 2936 4345 ι
2962 4306 3284 4365 assumens.
3323 4308 3343 4344 ι

2130 4300 2222 4365 (70
2284 4300 2638 4365 Epiphanius,
2676 4300 2876 4357 λαϐὼν,
2916 4309 2936 4345 ι
2977 4306 3284 4348 assumens.
3323 4308 3343 4344 ι

2059 4300 2243 4490 le
2282 4365 2461 4421 Codex
2507 4364 2819 4429 Bubieusis,
2873 4380 2892 4415 ι
2944 4362 3267 4429 discursus,
3322 4380 3341 4413 ι
3391 4364 3636 4432 pessima

2079 4447 2236 4492 ectm.

384 4476 603 4578 cavit!»
638 4503 746 4557 Nos
774 4476 1094 4559 Bobiensem
1126 4476 1954 4577 cbdiéém"éie}ibii§éidﬁ'éé.
1987 4476 2037 4536 θ
2060 4476 2247 4578 Μῖῆἓ)
2288 4504 2343 4578 In
2379 4502 2566 4578 codice
2592 4502 2898 4578 Casinensi,
2953 4521 2972 4553 ι
3015 4502 3321 4578 Apocrisin,
3355 4520 3390 4578 λ
3435 4502 3638 4578 scribi-

384 4573 494 4627 cuti
525 4588 734 4627 sumus.

458 4642 569 4713 (αὖ)
612 4641 747 4695 Male
772 4643 939 4697 codex
976 4642 1279 4713 Bobiensia,
1317 4664 1337 4697 ι
1372 4655 1425 4700 et
1457 4648 1601 4701 vexit
1634 4646 1868 4700 animam
1902 4646 1957 4700 in

384 4725 564 4786 eo_;__i
616 4727 778 4780 quam
824 4715 1250 4786 Iectionemrnon
1296 4717 1542 4784 sequitur
1568 4717 1903 4786 Epiphanius
1942 4733 1955 4770 :

385 4783 748 4853 sululiturque
795 4786 933 4853 apud
968 4785 1251 4851 eumdem,
1292 4804 1311 4837 ι
1356 4783 1423 4839 Ει
1456 4789 1567 4841 haec
1613 4783 1961 4841 est-commi-

385 4852 579 4975 itionlis
625 4853 794 4934 ratio;
837 4872 857 4905 ι
897 4868 1015 4923 quae
1065 4855 1229 4910 verba
1263 4857 1329 4911 de
1357 4873 1458 4911 suo
1492 4857 1724 4913 fortasse
1755 4857 1962 4913 addidit

436 4937 523 4975 DID
546 4938 742 4975 uanius.

471 4937 742 4977 lDItaﬂIUS.

434 4938 742 4991 pipuanius.

460 4984 571 5063 (641
612 4992 790 5063 Codex
830 4991 1135 5063 Bobiensis,
1174 5011 1193 5044 ι
1226 4996 1316 5063 qui
1351 5005 1454 5050 est.
1496 5016 1539 5050 ι.

480 5063 568 5136 65)
603 5061 683 5136 Ita
715 5063 837 5136 cod.
864 5061 1169 5129 Bobiensis,
1200 5061 1255 5119 et
1277 5063 1628 5136 Epiphanius.
1647 5065 1961 5121 Casinensis

383 5132 494 5186 non
528 5132 686 5185 habet
719 5151 737 5183 ι
771 5135 1044 5187 dilectum.
1080 5153 1099 5187 ι

462 5200 575 5276 (66)
613 5200 851 5276 UterQIte
882 5207 1071 5268 codex,
1108 5222 1125 5255 ι
1159 5212 1209 5258 et
1239 5204 1477 5273 parebat.
1516 5223 1535 5256 ι
1571 5203 1676 5261 Sed
1706 5221 1805 5261 nos
1838 5204 1964 5276 Epi-

394 5270 580 5341 phauii
612 5270 894 5326 lectionem
932 5270 1286 5342 praetulimué.

469 5342 579 5424 (67)
619 5344 800 5396 Codex
832 5343 1135 5411 Bobiensis,
1165 5347 1425 5424 probante
1452 5344 1773 5424 Epiphanio,
1810 5363 1828 5396 ι
1866 5361 1967 5414 pu-

395 5412 581 5465 tabant
608 5428 732 5466 eum
764 5424 948 5466 natum
978 5431 1116 5471 esse.
1154 5412 1178 5466 ἰ
1212 5415 1524 5469 Casiuensis
1553 5416 1712 5480 male,
1752 5433 1769 5465 ι
1805 5412 1964 5468 natu-

396 5496 510 5535 ram
538 5496 676 5536 esse.
717 5502 736 5534 1

470 5551 580 5623 (68)
620 5552 800 5623 Codex
839 5552 1138 5623 Bobiensis.
1174 5571 1193 5605 ι
1226 5553 1628 5609 concinnatum.
1670 5571 1689 5603 ι
1729 5551 1967 5623 Epipha-

2062 4570 2182 4639 tur;
2220 4570 2313 4629 sed
2344 4590 2442 4628 nos
2472 4574 2647 4626 locum
2677 4574 3010 4627 restituimus
3040 4570 3105 4625 ex
3134 4571 3320 4626 codice
3353 4570 3636 4638 Bobiensi,

2059 4646 2114 4699 in
2150 4660 2259 4715 quo
2307 4662 2327 4694 ι
2377 4643 2683 4715 Apocrusin
2730 4662 2748 4695 ι
2782 4652 2926 4715 recte
2978 4643 3210 4715 legitur,
3260 4643 3383 4695 licet
3423 4642 3475 4695 in
3512 4643 3638 4697 aliis

2060 4713 2673 4783 hic'depravatissimus
2734 4713 2979 4783 exsistat.
3035 4713 3391 4783 ΪΛπόκρουσιν
3449 4723 3634 4783 autem

2058 4781 2368 4838 Alexandro
2396 4783 2827 4851 Aphrodisiensi,
2852 4794 2905 4837 et
2929 4781 3427 4835 Tralliano'dicitur
3456 4782 3638 4840 facere

2059 4856 2209 4917 luna,
2245 4869 2366 4907 cum
2402 4853 2661 4907 decrescit
2691 4868 2783 4906 seu
2816 4853 3065 4916 senescit,
3100 4863 3166 4905 ιιι·
3186 4863 3373 4905 notum
3400 4859 3504 4906 est.

2135 4924 2246 4996 (ῖό)
2288 4922 2618 4996 Epiphanius
2648 4921 2809 4996 οὕτω,
2841 4940 2859 4972 ι
2894 4932 2943 4996 et
2974 4923 3047 4996 ita
3080 4921 3292 4996 repleri,
3327 4940 3346 4972 ι

2159 4991 2246 5052 74)
2287 4991 2430 5046 Ideni
2458 4991 2822 5063 Epiphanius,
2858 4992 2957 5061 τῆς
2982 4992 3186 5063 ψυχῆς,
3245 5009 3264 5042 ί
3320 4991 3553 5059 animae;
3615 5011 3635 5045 ι

2063 5062 2156 5119 sed
2183 5080 2248 5117 ex
2280 5063 2442 5132 hujus
2485 5062 2695 5131 antiqui
2731 5062 3042 5131 interpretis
3094 5063 3351 5116 versione
3383 5063 3543 5115 debet
3581 5079 3643 5116 e-

2064 5135 2331 5189 mendari.

2137 5203 2249 5273 (75)
2291 5201 2598 5270 Legendum
2635 5220 2653 5251 ι
2692 5201 2826 5273 illae,
2857 5219 2875 5251 ι
2919 5199 3024 5273 hoc
3049 5209 3152 5264 est,
3197 5200 3392 5255 anima:
3417 5215 3484 5256 ex
3513 5199 3639 5272 Epi-

2068 5270 2447 5345 plianio,_lice_t
2474 5282 2699 5345 uterque
2730 5271 2899 5345 codex
2942 5270 3135 5323 haheat
3190 5272 3355 5345 «Lilla.
3396 5288 3415 5322 ι
3535 5286 3541 5291 ·

2136 5344 2247 5411 (76)
2291 5342 2624 5411 Epiphanius
2656 5342 2837 5406 habet,
2897 5358 2916 5391 ι
2972 5357 3064 5393 aer
3109 5342 3399 5409 perfectus,
3439 5360 3459 5394 ι
3489 5343 3635 5398 unde

2065 5414 2335 5482 colligitur
2375 5412 2625 5465 Latinum
2660 5411 2821 5480 hujus
2848 5411 3024 5478 operis
3068 5414 3344 5480 exemplar
3372 5427 3402 5464 e
3445 5411 3636 5467 Graeco

2065 5499 2381 5552 expressum
2413 5498 2554 5545 esse,
2582 5491 2635 5555 et
2666 5483 2804 5534 male
2849 5482 3193 5548 interpretem
3231 5483 3423 5555 legisse
3448 5523 3463 5548 ,
3495 5484 3639 5555 ἁνήρ

2068 5569 2167 5623 pro
2196 5555 2340 5632 άὴρξ
2402 5554 2731 5632 vertendum
2753 5558 2932 5605 autem
2958 5592 2971 5615 ,
3008 5569 3027 5601 ι
3056 5567 3167 5632 'aer
3204 5552 3637 5632 perfectus._Aer

438 5556 580 5672 .(68)
620 5556 800 5606 Codex
839 5556 1138 5613 Bobiensis.
1174 5571 1193 5605 ι
1226 5556 1628 5609 concinnatum.
1670 5571 1689 5603 ι
1729 5556 1967 5623 Epipha-
2068 5569 2167 5623 pro
2196 5556 2340 5623 άήρ;
2402 5556 2717 5609 vertendum
2753 5558 2932 5605 autem
2958 5592 2971 5615 ,
3008 5569 3027 5601 ι
3072 5567 3167 5605 aer
3204 5556 3492 5632 perfectus.
3526 5556 3637 5607 Aer

398 5634 523 5673 nius
572 5622 716 5694 iahet
744 5640 756 5673 :
793 5641 812 5672 ‹
851 5621 1080 5678 Veniens
1109 5625 1270 5694 igitur
1298 5640 1434 5691 opus
1465 5623 1733 5693 quoddam
1763 5625 1826 5677 ad
1853 5624 1970 5677 ani-
2068 5632 2248 5677 autem
2285 5625 2390 5688 hic,
2420 5632 2545 5694 etc.,
2573 5640 2591 5673 ι
2622 5621 2876 5676 utGrteca
2904 5635 3029 5675 cuni
3056 5620 3259 5677 Latinis
3292 5624 3638 5691 conueniant,

401 5704 613 5742 marum
646 5691 874 5745 salutem
910 5691 1141 5748 molitus
1158 5703 1261 5755 εει,
1295 5703 1345 5746 et
1383 5691 1686 5748 machinam
1720 5703 1969 5747 constru-

386 5760 503 5839 ‘xit,
533 5761 695 5815 cados
722 5761 1005 5815 duodecim
1041 5764 1348 5827 habentem,
1385 5780 1502 5833 qua:
1530 5780 1560 5817 a
1596 5766 1805 5834 sphaera
1833 5779 1968 5819 con-

2068 5703 2124 5748 et
2147 5693 2343 5764 aliquis
2371 5693 2494 5749 inde
2520 5708 2713 5785 sensus
2744 5702 2986 5747 eruatur.
