4058 6436
348 464 367 474 ’
438 486 566 544 ιλιι

1532 486 1680 543 CUM
1717 487 2007 544 MANETE
2044 486 2583 545 HEBESIARCHA.

3531 497 3554 550 Ι
3576 496 3673 551 ΗΞ

431 604 626 678 ἑπὶνή
645 590 815 670 αἰτία,
831 602 977 678 δι’ἦς
992 607 1047 660 αἱ
1058 605 1228 677 ψυχαὶ
1245 604 1526 670 σώζονται.
1544 608 1607 661 Ἦ
1622 608 1676 660 δὲ
1692 608 1787 661 τοῦ
1803 608 2003 662 ἀποθα-

2114 607 2214 665 Hic
2248 619 2439 665 autem.
2456 611 2539 664 vir
2566 618 2649 666 est
2676 610 2931 667 columna
2964 612 3102 667 lucis
3126 652 3141 675 ,
3195 613 3393 683 repleta
3432 625 3513 670 est
3544 619 3692 672 enim

430 699 541 749 νεῖν
569 702 695 761 τοὺς
733 698 1053 771 ἀνθρώπους
1084 699 1203 751 ἐστὶ
1234 697 1395 752 πάλιν
1428 697 1589 769 αὕτηθ
1627 700 1903 771 Παρθένος
1926 718 2009 764 τις

429 786 606 860 ὡραία
618 805 677 841 κε
684 806 859 860 κοσμη
869 788 1026 859 μένη,
1042 788 1241 861 πιθανὴ
1255 791 1391 843 πάνυ
1400 829 1414 853 ,
1430 788 1595 861 συλᾷν
1606 791 1874 862 ἐπιχειρεῖ
1884 792 2010 855 τοὺς

429 877 717 949 ἄρχοντας.
734 882 859 939 τοὺς
873 882 928 932 ὲν
942 879 1017 950 τῷ
1036 898 1125 934 στε
1135 880 1375 951 ρεώματι
1392 883 1496 936 ὑπὸ
1505 882 1598 935 τοῦ
1623 883 1822 947 ζῶντος
1839 884 2010 937 Πνεύ-

314 967 318 971 ’
431 988 599 1042 ματος
621 972 1004 1044 ἀνενεχθέντας
1036 973 1129 1026 κα)⁵
1164 963 1593 1045 σταυρωθένταςί
1627 974 1922 1044 φαινομένη
1952 972 2008 1028 δὲ

426 1072 538 1133 τοῖς
555 1068 747 1140 ἄρῥεσι
771 1068 960 1139 θήλεια
991 1066 1285 1137 εὔμορφος,
1306 1072 1421 1131 ταῖς
1440 1068 1496 1121 δὲ
1518 1067 1759 1139 θηλείαις
1795 1069 2006 1133 νεανίας

427 1161 640 1232 εὐειδὴς
657 1160 752 1214 καὶ
767 1160 1120 1231 ὲπιθυμητός.
1140 1161 1262 1213 Καὶ
1291 1163 1339 1213 oi
1368 1161 1466 1230 μὲν
1498 1160 1779 1233 ἄρχοντες,
1806 1163 2007 1216 ὁπόταν

431 1254 615 1307 ἴδωσιν
643 1254 812 1324 αὐτὴν
846 1252 1388 1323 κεκαλλωπισμένην,
1422 1253 1764 1324 οἰστροῦνται
1785 1253 1862 1324 τῷ
1883 1255 2006 1323 φίλ-

354 1396 357 1403 ς
424 1360 560 1416 τρῳ,
589 1344 684 1396 καὶ
726 1344 799 1413 μὴ
856 1342 1141 1412 δυνάμενοι
1197 1342 1366 1412 αὐτὴν
1410 1342 1770 1407 καταλαϐεῖν,
1820 1343 2007 1408 δεινῶς

427 1434 716 1502 φλέγονται
745 1432 821 1503 τῷ
849 1432 1096 1504 ἐρωτικῷ
1155 1432 1307 1506 πόθῳ
1342 1433 1433 1485 τὸν
1467 1433 1591 1503 νοῦν
1637 1433 2008 1504 ἐξαρπασθέν-

425 1541 534 1589 τες.
576 1528 743 1580 Ὅταν
768 1522 882 1589 οὖν,
916 1526 1217 1599 τρεχόντων
1242 1525 1442 1589 αὐτῶν,
1473 1528 1506 1597 ἡ
1537 1525 1811 1597 Παρθένος
1836 1527 2007 1594 ἄφαν-

424 1633 515 1679 τος
542 1617 790 1688 γένηται,
822 1616 945 1669 τότε
1003 1618 1031 1668 ὁ
1062 1617 1244 1687 ἄρχων
1287 1618 1316 1669 ὁ
1369 1617 1543 1688 μέγας
1590 1617 1877 1687 προϐάλλει
1907 1616 2006 1680 τὰς

425 1707 654 1776 νεφέλας
689 1708 749 1773 ἐξ
781 1708 969 1771 αὐτοῦ,
1000 1710 1149 1781 ὅπῳς
1199 1709 1423 1782 σκοτίσῃ
1454 1711 1518 1780 τῇ
1542 1711 1676 1779 ὀργῇ
1728 1708 1892 1761 αὑτοῦ
1914 1708 2006 1761 τὸν

426 1799 652 1869 κόσμονο
688 1800 781 1853 καὶ
812 1798 985 1862 οὕτως
1016 1782 1112 1853 ἐὰν
1136 1800 1290 1871 θλίὸῃ
1327 1801 1490 1864 πάνυ,
1521 1801 1772 1870 καθάπερ
1799 1801 2007 1872 ἄνθρω-

429 1909 531 1956 πος
567 1892 725 1962 ἱδρῶν
754 1892 1149 1947 ἀποκοποῦται’
1216 1896 1245 1946 ὁ
1289 1894 1344 1946 δὲ
1396 1892 1557 1965 ἱδρὼς
1589 1893 1753 1947 αὐτοῦ
1792 1895 2001 1967 ἐστινὴ

2108 703 2434 765 mundarum
2468 703 2798 769 animarum,
2830 714 2883 759 et
2914 707 3028 759 haec
3054 713 3138 759 est
3165 721 3328 759 causa
3356 708 3549 762 salutis
3578 711 3697 762 ani-

2108 810 2365 861 marum;
2420 797 2615 849 mortis
2662 810 2791 851 vero
2837 811 3002 851 causa
3056 797 3369 853 hominibus
3421 808 3505 854 est
3561 800 3690 855 ista.

2107 888 2549 960 Virgo.quaedam
2581 890 2781 943 decora
2814 900 2869 945 et
2918 901 3211 955 exornata,
3263 892 3482 961 elegans
3514 893 3689 957 valde,

2107 980 2254 1036 furto
2283 985 2485 1050 appetit
2533 982 2834 1050 principes,
2879 982 2972 1051 qui
3022 994 3150 1036 sunt
3179 985 3233 1036 in
3273 984 3614 1040 ﬁrmamento
3657 1001 3689 1040 ι

2106 1076 2320 1129 vivente
2347 1072 2549 1143 Spiritu
2572 1074 2751 1128 educti
2787 1083 2841 1129 et
2870 1075 3155 1141 cruciﬁxi;
3204 1091 3325 1144 qum
3362 1092 3488 1130 cum
3524 1093 3692 1146 appa-

2066 1157 2324 1239 _ruerit,‘
2370 1168 2615 1222 maribus
2665 1167 2865 1225 femina
2916 1167 3111 1221 decora
3152 1178 3414 1238 apparet;
3472 1169 3692 1227 feminis

2106 1271 2235 1310 vero
2287 1257 2686 1312 adolescentem
2740 1258 3047 1325 speciosum
3099 1268 3153 1313 et
3202 1262 3686 1330 concupiscibilem

2106 1346 2463 1402 demonstrat.
2514 1345 2616 1401 Sed
2650 1347 2924 1416 principes
2962 1348 3203 1416 quidem,
3231 1366 3355 1404 eum
3385 1368 3503 1404 eam
3541 1354 3693 1408 vide,

2106 1439 2218 1492 rint
2244 1438 2711 1509 exornatam(77),
2740 1453 2926 1492 amore
2947 1440 3066 1507 ejus
3090 1440 3144 1493 in
3172 1441 3447 1495 libidinem
3476 1458 3694 1498 moven-

2107 1539 2228 1597 tur;
2269 1539 2324 1585 et
2353 1532 2480 1601 quia
2509 1546 2630 1584 eam
2665 1532 3070 1599 apprehendere
3102 1549 3211 1587 non
3240 1544 3490 1603 possunt,
3521 1535 3689 1590 vehe-

2107 1632 2320 1678 menter
2353 1624 2679 1691 instigantur
2713 1626 2920 1679 amoris
2951 1625 3218 1680 incendiis
3246 1626 3495 1690 excitati;
3547 1626 3689 1697 rapti

2107 1724 2237 1771 sunt
2277 1716 2425 1770 enim
2470 1715 2713 1770 libidinis
2736 1716 2918 1771 calore
2953 1738 2963 1770 :
2997 1731 3122 1771 cum
3159 1718 3303 1770 enim
3335 1720 3686 1773 currentibus

2107 1818 2231 1879 post
2273 1806 2393 1863 eam
2436 1810 2583 1864 anxii
2629 1809 2804 1866 eﬂecti
2854 1809 3115 1875 fuissent,
3164 1808 3327 1881 Virgo
3363 1810 3473 1880 (78)
3505 1812 3688 1866 subito

2108 1915 2380 1969 nusquam
2443 1904 2768 1970 comparuit.
2821 1901 2973 1956 Tunc
3017 1900 3267 1970 princeps
3318 1902 3408 1955 ille
3456 1917 3689 1972 magnus

426 1984 617 2058 βροχή.
660 1986 826 2056 Ὁμοῦ
850 1989 944 2040 καὶ
975 1990 1003 2039 ὁ
1034 1988 1292 2060 θερισμὸς
1327 1988 1511 2059 ἄρχων
1540 1988 1634 2041 ἐὰν
1664 1988 1867 2060 συληθῇ
1898 1990 2002 2043 ὑπὸ

2104 1993 2355 2063 producit
2399 1994 2627 2048 nebulas
2654 2011 2719 2048 ex
2749 1995 3060 2063 semetipso,
3092 1995 3169 2048 uti
3198 1994 3456 2049 obscuret
3501 1994 3554 2049 in
3602 1994 3689 2054 ira

423 2080 521 2150 τῆς
571 2080 864 2147 παρθένου,
908 2083 1163 2152 καταχέει
1213 2081 1399 2152 λοιμὸν
1456 2082 1543 2151 ἐφ’
1574 2083 1702 2152 ὅλης
1752 2083 1850 2153 τῆς
1880 2083 2002 2154 γῆς,

422 2171 573 2234 ὅπως
601 2158 888 2245 θανατὼσῄ
920 2174 1046 2237 τοὺς
1077 2172 1418 2243 ἀνθρώπους⁸
1444 2172 1504 2226 τὸ
1523 2172 1631 2245 γὰρ
1669 2173 1827 2244 σῶμα
1852 2174 2006 2227 τοῦτο

424 2264 627 2335 κόσμος
660 2265 906 2319 καλεῖται
942 2265 1078 2336 πρὸς
1102 2265 1201 2318 τὸν
1240 2264 1416 2336 μέγαν
1455 2267 1679 2336 κόσμον·
1707 2267 1801 2319 καὶ
1831 2267 1879 2319 oi
1917 2267 2006 2320 ἄν·

424 2356 636 2429 θρυποι
660 2359 863 2423 πάντες
893 2360 1052 2430 ῥίζας
1086 2358 1290 2429 ἔχουσι,
1344 2357 1493 2411 κάτω
1528 2357 1868 2423 συνδεθείσας
1893 2359 2005 2420 τοῖς

423 2450 559 2507 ἄνω.
601 2451 835 2506 Ὀπόταν
863 2448 955 2505 οὖν
1003 2452 1203 2523 συληθῇ
1243 2452 1348 2505 ὑπὸ
1398 2451 1498 2522 τῆς
1534 2450 1826 2523 παρθένου,
1878 2449 1998 2502 τότε

421 2543 649 2617 ἄρχεται
683 2545 906 2599 κόπτειν
948 2544 1048 2609 τὰς
1078 2544 1232 2617 ῥίζας
1262 2544 1369 2598 τῶν
1401 2544 1723 2616 ἀνθρώπων·
1760 2544 1852 2597 καὶ
1873 2544 2001 2597 ὅταν

402 2635 665 2691 ηκοπῶσιν
692 2640 746 2691 αἱ
782 2638 926 2709 ῥίζαι
954 2638 1156 2703 αὐτῶν,
1202 2638 1322 2691 τότε
1371 2639 1600 2710 ἄρχεται
1639 2637 1824 2708 λοιμὸς
1853 2637 2001 2706 γίνε-

292 2734 299 2738 ’
370 2798 373 2801 _
422 2724 567 2794 σθαι,
604 2730 698 2783 καὶ
727 2729 900 2794 οὕτως
931 2731 1388 2802 ἀποθνήσκουσιν.
1426 2730 1550 2783 Ἐὰν
1571 2729 1629 2782 δὲ
1659 2729 1727 2782 τὰ
1762 2728 1874 2781 ἄνω
1902 2727 2001 2797 τῆς

426 2820 586 2890 ῥίζης
619 2821 764 2892 πόνῳ
796 2821 1054 2893 σαλεύσῃ,
1088 2823 1313 2893 σεισμὸς
1353 2822 1599 2892 γίγνεταί
1632 2812 1843 2887 τείκαὶ
1871 2824 2003 2875 ἑπα-

425 2912 690 2977 κολουθεί,
724 2914 1148 2985 συγκινουμένου
1182 2915 1280 2986 μὲν
1326 2913 1421 2968 τοῦ
1483 2915 1805 2986 Ὠμοφόρουσ
1860 2912 2000 2984 αὕτη

421 3008 455 3077 ή
485 3006 631 3061 αίτία
659 3007 752 3060 τοῦ
797 3008 1049 3062 θανάτου.

2103 2100 2202 2141 sua
2252 2100 2471 2140 omnem
2518 2087 2825 2152 mundum;
2862 2086 2953 2154 qui
3006 2102 3129 2141 eum
3180 2086 3473 2142 tribulatus
3521 2087 3690 2143 fuerit

2101 2174 2418 2244 plurimum,
2455 2174 2596 2229 sicut
2630 2175 2797 2231 homo
2845 2179 3006 2231 sudat
3054 2186 3176 2246 post
3218 2178 3486 2245 laborem,
3536 2180 3608 2235 ita
3635 2186 3691 2236 et

2102 2264 2191 2317 hic
2226 2264 2480 2333 princeps
2525 2266 2683 2320 sudat
2715 2281 2782 2321 ex
2815 2267 3165 2321 tribulatione
3218 2268 3336 2338 (79)
3367 2284 3486 2334 sua,
3529 2271 3687 2338 cujus

2102 2356 2270 2412 sudor
2296 2356 2493 2425 pluvia:
2525 2366 2657 2411 sunt
2687 2356 2821 2427 (80).
2878 2358 2988 2412 Sed
3019 2366 3073 2412 et
3111 2359 3307 2414 messis
3332 2360 3605 2428 princeps,
3639 2363 3684 2417 si

2104 2448 2360 2517 deceptus
2382 2445 2549 2502 fuerit
2580 2462 2611 2501 a
2646 2446 2892 2519 Virgine,
2923 2448 3150 2503 cll'uudit
3180 2458 3386 2518 pestem
3432 2451 3541 2520 (8|)
3587 2467 3687 2508 διισ⁸

2103 2556 2199 2611 per
2226 2550 2450 2604 terram,
2505 2539 2583 2594 ita
2621 2549 2679 2593 ut
2713 2551 2888 2595 morte
2920 2540 3118 2596 alliciat
3148 2541 3436 2610 homines;
3485 2559 3687 2614 corpus

2104 2633 2249 2687 enim
2291 2632 2394 2687 hoc
2422 2631 2659 2687 mundus
2684 2642 2931 2696 vocatur,
2958 2632 3024 2685 ad
3056 2632 3468 2689 similitudinem
3503 2635 3688 2703 magni

2104 2724 2271 2793 hujus
2303 2724 2512 2784 mundi,
2538 2732 2592 2778 et
2621 2739 2811 2778 omnes
2840 2724 3090 2780 homines
3119 2725 3211 2795 qui
3248 2734 3377 2779 sunt
3400 2726 3684 2791 deorsum,

2101 2817 2314 2871 radices
2361 2815 2560 2869 habent
2609 2830 2828 2869 sursum
2878 2816 3157 2886 colligatas
3188 2815 3320 2886 (82).
3374 2817 3511 2871 Cum
3554 2832 3687 2888 ergo

2103 2909 2364 2977 deceptus
2390 2906 2553 2961 fuerit
2585 2920 2616 2959 a
2643 2904 2889 2976 Virgine,
2922 2914 3052 2962 tunc
3080 2908 3269 2977 incipit
3296 2908 3406 2977 (83)
3433 2908 3688 2963 excidere

2104 2999 2317 3054 radices
2360 2998 2681 3063 hominum;
2733 3005 2788 3053 et
2832 3013 2955 3053 cum
2984 3002 3180 3053 excisa:
3227 2999 3441 3054 fuerint.
3473 2998 3688 3054 radices

422 3114 636 3165 eorum,
670 3100 899 3155 ellicitur
960 3102 1286 3172 pestilentia,
1338 3111 1392 3157 et
1441 3103 1514 3157 ita
1548 3102 1880 3157 moriuntur.
1937 3097 2145 3166 Quodsi
2190 3094 2501 3165 superiores
2535 3103 2717 3163 partes
2766 3092 3007 3148 radicum
3051 3094 3285 3151 validius
3326 3094 3686 3161 concusserit,

421 3189 483 3245 ﬁt
530 3204 689 3244 terrae
734 3202 937 3256 motus,
991 3201 1046 3245 et
1094 3191 1396 3261 insequitur
1422 3192 1717 3262 Omophori
1767 3189 2059 3245 concussio
2088 3184 2201 3257 (84)
2236 3193 2334 3239 :et
2361 3185 2478 3239 haec
2505 3192 2592 3239 est
2619 3183 2808 3239 mortis
2836 3184 3074 3240 occasio.

506 3280 650 3352 Ἐρῶ
675 3280 733 3335 δὲ
754 3283 883 3353 ὑμῖν
915 3283 1008 3335 καὶ
1033 3282 1212 3347 τοῦτο,
1242 3283 1359 3348 πῶς
1391 3284 1774 3356 μεταγγίζεται
1801 3288 1835 3356 ἡ

2179 3278 2272 3332 1X.
2314 3276 2502 3332 Dicam
2536 3284 2716 3331 autem
2748 3276 2924 3342 vobis,
2973 3277 3249 3347 quomodo
3291 3287 3347 3333 et
3376 3279 3588 3357 (anima;
3630 3280 3685 3337 in

424 3373 505 3437 είς
531 3373 694 3427 πέντε
722 3372 969 3444 σώματα.
993 3376 1215 3447 Πρῶτον
1233 3374 1589 3448 καθαρίζεται
1616 3370 1810 3448 μικρόν
1833 3392 1883 3429 τι.
1900 3375 1994 3428 ἀπ’

324 3475 328 3479 ‘
420 3464 610 3535 αὐτῆς·
631 3461 748 3519 εἶτα
781 3467 1167 3536 μεταγγίζεται
1194 3470 1273 3531 είς
1302 3468 1481 3533 κυνὸς,
1505 3468 1540 3540 ἢ
1562 3471 1641 3533 είς
1672 3470 1938 3539 καμήλου,
1961 3466 1995 3539 ἢ

421 3560 502 3623 εις
518 3558 705 3630 ἑτέρου
729 3557 865 3621 ζὼου
887 3551 1061 3629 σῶμα.
1082 3561 1205 3615 Ἐὰν
1225 3557 1329 3634 se);
1352 3563 1718 3630 ﬂscpovsuxuia
1733 3560 1900 3632 ψυχὴ,
1920 3562 1998 3622 είς

423 3650 666 3719 κελεφῶν
688 3648 799 3721 [ἷσ.
832 3651 1189 3724 ὲλεφαντιῶν)
1221 3653 1380 3724 σῶμα
1414 3657 1797 3726 μεταφέρεται⁸
1826 3653 1920 3706 ἐὰν
1942 3651 2000 3705 δὲ

422 3740 685 3813 θερίσασα
714 3741 935 3814 εὑρεθῇ,
966 3746 1046 3808 εἰς
1075 3744 1418 3815 μογιλάλους.
1447 3746 1561 3816 Τῆς
1586 3745 1643 3799 δὲ
1674 3746 1852 3815 ψυχῆς
1883 3747 2000 3798 ἐστι

301 3838 309 3893 ζ
421 3836 492 3885 τα
511 3832 749 3903 ὀνόματα
777 3832 970 3898 ταῦτα,
990 3833 1138 3907 νοῦς,
1157 3834 1356 3899 ἔννοια,
1379 3835 1663 3908 φρόνησις,
1682 3833 1999 3904 ὲνθύμησις,

347 3994 355 4003 _
424 3923 699 3995 λογισμός.
723 3926 784 3978 Οἱ
807 3925 864 3977 δὲ
896 3925 1162 3997 θερισταὶ,
1187 3926 1300 3979 ὅσοι
1324 3925 1648 3997 θερίζουσιν,
1665 3926 1873 3979 ἐοίκασι
1890 3928 2001 3990 τοῖς

423 4016 651 4087 ἐρχουσι
670 4018 782 4079 τοῖς
814 4004 1065 4088 ἀᾶτὰρχῆς
1096 4012 1245 4071 οὖσιν
1265 4019 1345 4080 είς
1362 4017 1570 4083 σκότος,
1600 4018 1686 4070 ὅτε
1708 4017 1911 4087 ἔφαγον
1936 4018 2002 4070 ὲκ

420 4106 523 4178 τῆς
542 4106 635 4161 τοῦ
653 4106 869 4178 πρώτου
899 4105 1188 4178 ἀνθρώπου
1218 4108 1538 4173 πανοπλίας.
1564 4109 1655 4162 Διὸ
1677 4110 1889 4180 ἀνάγκη
1912 4108 2005 4161 αὐ-

419 4199 551 4262 τοὺς
565 4186 991 4271 μεταγγισθῆναι
1006 4201 1086 4263 είς
1097 4199 1306 4271 χόρτον,
1324 4199 1359 4271 ἦ
1374 4203 1454 4265 είς
1469 4200 1729 4272 φασήλια,
1744 4200 1778 4272 ἢ
1794 4201 1875 4263 εἰς
1890 4216 2006 4270 κρι-

497 4373 609 4445 (77)
646 4372 835 4428 Melior
873 4374 927 4427 in
974 4388 1147 4445 seqq.)
1175 4371 1459 4444 Epiphanii
1508 4372 1706 4440 lectio,
1756 4386 1880 4442 quae
1923 4371 2004 4428 sic

422 4442 617 4501 Latine
673 4453 874 4498 sonat:
911 4461 929 4495 ι
965 4442 1184 4498 Amoris
1220 4442 1400 4499 '(Bstro
1445 4453 1718 4514 aguntur,
1769 4457 2003 4514 cumque

422 4530 543 4570 eam
593 4515 810 4583 assequi
859 4522 1157 4582 nequeant,
1207 4524 1360 4569 extra
1405 4512 1639 4567 mentem
1692 4512 1837 4578 acti,
1894 4528 2005 4581 pra:

424 4599 612 4640 amore
639 4594 693 4637 et
724 4584 1015 4653 cupiditate
1043 4584 1239 4638 mirum
1272 4584 1324 4637 in
1359 4584 1581 4639 modum
1620 4583 2000 4648 cxardescunt,

424 4654 563 4710 Cum
595 4654 778 4724 igitur,
798 4652 1217 4725 accurrentibus
1254 4654 1383 4720 illis,
1415 4655 1566 4725 virgo
1590 4669 1649 4708 se
1676 4668 1744 4708 ex
1782 4652 2000 4707 illorum

426 4724 1025 4794 aspectusuhduxerit,
1051 4733 1198 4789 tunc,
1229 4734 1333 4779 etc.
1373 4745 1394 4776 ι

496 4792 611 4866 (78)
651 4793 789 4849 Male
813 4795 981 4849 codex
1016 4793 1317 4860 Bobiensis,
1349 4813 1368 4847 ι
1401 4792 1643 4850 libidinis
1670 4792 1875 4866 amoris
1910 4808 2003 4849 ca-

426 4861 632 4931 lorem;
666 4880 793 4921 cum
831 4880 960 4935 ergo
990 4865 1333 4921 currentibus
1368 4866 1448 4921 eis
1478 4872 1603 4935 post
1627 4878 1770 4931 eam,
1809 4865 1958 4935 virgo
1983 4905 1997 4931 ,

428 4944 534 4990 etc.
575 4952 595 4987 ι
1244 4972 1249 4975 -

503 5003 615 5073 (79)
654 5001 800 5057 Idem
843 5003 1048 5070 codex,
1090 5021 1109 5055 ι
1145 5004 1308 5060 sudat
1336 5004 1385 5061 ei
1432 5019 1496 5059 ex
1547 5001 1938 5071 tribulatione;
1974 5021 1996 5057 ι

428 5088 595 5143 prava
629 5073 811 5143 lectio.

501 5142 612 5215 (80)
654 5141 988 5215 Epiphanius
1014 5142 1174 5197 habet
1200 5159 1264 5197 ex
1294 5142 1547 5215 versione
1568 5141 1773 5215 Petavii
1796 5160 1817 5215 7:
1853 5161 1873 5215 ι
1910 5141 2003 5199 Sic

430 5222 485 5268 ει
512 5211 943 5283 ιιι-ίίιρερειιιιει·,
978 5228 1187 5267 messor
1214 5214 1547 5282 appellatus,
1582 5215 1627 5269 si
1663 5211 1900 5283 Virginis
1933 5215 2001 5266 il-

430 5283 643 5338 lecebra
668 5282 931 5350 capiatur,
964 5294 1164 5352 pestem
1203 5286 1255 5337 in
1293 5286 1601 5337 universam
1649 5282 1847 5339 terram
1882 5299 2003 5352 per-

431 5353 624 5408 dendis
659 5352 970 5407 hominibus
1016 5355 1276 5409 immittit.
1321 5373 1340 5405 ι
1377 5353 1434 5407 lu
1471 5363 1618 5408 textu
1648 5364 1826 5406 tamen
1855 5352 2004 5408 Grie-

432 5436 522 5486 co,
557 5440 578 5475 ι
616 5421 811 5476 messis
846 5440 865 5473 ι
896 5431 999 5489 est,
1028 5438 1135 5477 non
1165 5438 1407 5491 messor;
1441 5423 1534 5478 sed
1562 5422 1793 5477 fortasse
1825 5423 2006 5494 legen-

433 5497 562 5545 dum
599 5490 881 5545 θερισμοῦ.

433 5497 562 5549 dum
599 5497 881 5549 θερισμοῦ.

511 5508 562 5546 m
599 5508 658 5545 υε
699 5508 881 5562 ισμου.

508 5561 622 5643 (8|)
658 5509 837 5643 Sede}
869 5560 1204 5643 casinensis,
1251 5581 1271 5615 ι
1310 5562 1536 5643 εαυηάἱι
1567 5560 1786 5617 famem.
1829 5581 1848 5614 ι
1897 5561 2004 5643 Βο-

435 5631 708 5703 Iliensis”
744 5631 980 5685 effundet
1000 5632 1216 5688 famem.
1253 5653 1271 5686 ι
1313 5633 1417 5689 Sed
1447 5650 1544 5687 nos
1568 5649 1633 5703 ex
1670 5648 1821 5703 seqq.
1856 5641 1911 5685 et
1937 5650 2005 5687 ex

436 5701 761 5772 Epiphanio,
797 5721 816 5772 ς
852 5712 1077 5771 pestem,
1120 5721 1140 5755 ι
1172 5705 1572 5759 substituimus.
1614 5701 1800 5757 Facile
1821 5713 2002 5756 autem

439 5770 553 5827 tuu'
590 5773 755 5843 veteri
792 5770 985 5826 Latino
1033 5773 1315 5843 interpreti
1361 5776 1433 5830 ob
1463 5774 1877 5829 similitudinem
1907 5788 2002 5825 vo-

439 5857 586 5916 cum,
614 5842 789 5914 λιμός,
847 5843 1108 5916 clames,
1165 5842 1189 5895 ί
1233 5853 1289 5900 ει
1331 5844 1535 5916 λοιμός,
1589 5862 1608 5896 ι
1667 5844 1854 5913 pestis,
1892 5860 1911 5894 ι
1947 5843 2002 5896 in

441 5914 585 5968 hunc
614 5913 857 5971 errorem
884 5913 1141 5985 incidere.

2098 3371 2203 3425 alia
2253 3383 2473 3439 quoque
2520 3382 2748 3436 corpora
2792 3367 3249 3424 transfunduntur
3280 3368 3415 3441 (85).
3470 3371 3528 3425 In
3579 3374 3685 3429 hoc

2098 3464 2275 3534 primo
2303 3470 2565 3532 purgatur
2588 3459 2792 3529 aliquid
2820 3476 2884 3514 ex
2917 3475 2980 3514 ea
3009 3476 3229 3529 parum;
3274 3463 3469 3518 deinde
3503 3475 3687 3521 trans-

2099 3554 2351 3610 funditur
2385 3558 2439 3611 in
2491 3573 2706 3623 canem,
2763 3566 2857 3612 aut
2902 3558 2955 3611 in
2991 3560 3290 3626 camclum,
3336 3569 3435 3614 aut
3467 3561 3520 3615 in
3554 3564 3689 3618 alte-

2100 3646 2217 3701 rius
2235 3650 2489 3704 animalis
2511 3665 2730 3719 corpus.
2765 3649 2921 3717 Quod
2947 3652 2992 3705 si
3028 3652 3377 3705 homicidium
3405 3654 3689 3709 commisit

2101 3741 2305 3806 anima,
2330 3741 2382 3795 in
2406 3742 2904 3810 elephantiacortrm
2934 3758 3160 3813 corpora
3199 3742 3310 3812 (86)
3347 3744 3686 3800 transfundi-

2102 3837 2226 3895 tur;
2278 3829 2423 3898 quod
2473 3831 2518 3884 si
2570 3846 2802 3885 messem
2852 3832 3065 3897 secuit,
3115 3834 3171 3886 in
3207 3843 3407 3889 mutos.
3455 3832 3686 3891 Nomina

2102 3930 2282 3974 autem
2322 3920 2518 4005 anima:
2547 3930 2675 3976 sunt
2707 3924 2809 3976 ista
2830 3963 2843 3985 ,
2879 3937 3069 3988 mens,
3101 3938 3327 3989 sensus,
3357 3926 3679 3994 prudentia,

2103 4008 2429 4075 intellectus,
2460 4011 2718 4080 cogitatio
2746 4010 2879 4081 (87).
2918 4011 3184 4067 Messores
3204 4022 3384 4068 autem
3411 4016 3503 4084 qui
3536 4033 3682 4072 mes-

2103 4115 2216 4154 sem
2252 4109 2492 4168 metunt,_
2515 4102 2872 4157 conferuntur
2900 4105 3259 4173 principibus,
3290 4105 3383 4174 qui
3413 4123 3478 4160 ex
3509 4115 3682 4167 mate-

2104 4193 2182 4246 ria
2209 4192 2311 4249 orti
2342 4192 2575 4267 (88-89),
2596 4195 2650 4250 in
2682 4195 2920 4252 tenebris
2945 4206 3092 4264 sunt,
3106 4213 3173 4253 ex
3196 4214 3303 4268 quo
3324 4200 3683 4256 manducare-

2175 4369 2288 4439 (82)
2329 4368 2666 4439 Epiphanius
2705 4369 2869 4423 habet
2898 4388 2912 4424 :
2949 4388 2968 4420 ι
3001 4367 3067 4421 Ει
3095 4384 3283 4426 omnes
3316 4369 3564 4425 homines
3595 4388 3679 4426 ra-

2104 4441 2252 4495 dices
2279 4442 2480 4495 habent
2515 4441 2655 4495 infra
2682 4455 2803 4494 cum
2833 4440 3206 4509 superioribus
3239 4456 3533 4495 connexas.
3567 4461 3587 4494 ι

2178 4510 2289 4581 (85)
2328 4510 2511 4565 Codex
2528 4511 2847 4581 illobieusis,
2883 4529 2902 4562 ι
2939 4519 3067 4563 tunc
3090 4526 3213 4564 eum
3242 4510 3478 4581 incipiet.
3516 4528 3535 4562 ι

2180 4579 2291 4651 (84)
2329 4581 2485 4649 Apud
2520 4579 2879 4650 Epiphanium
2911 4581 3108 4649 legitur
3147 4602 3157 4634 :
3198 4600 3216 4632 ι
3249 4579 3401 4647 Quod
3435 4581 3481 4634 si
3516 4597 3681 4651 supe-

2034 4637 2077 4692 Ῑ)
2106 4637 2286 4711 τίθίεέ
2317 4637 2497 4721 pali-tes
2527 4637 2768 4705 radicum
2804 4666 2914 4719 prae
2937 4637 3120 4721 labore
3151 4637 3488 4720 qualiautur,
3525 4637 3682 4707 terrae

2103 4733 2283 4776 motus
2306 4718 2361 4774 fit
2387 4730 2566 4790 ,atque
2586 4718 2956 4791 consequitur,
2975 4718 3288 4791 Omophore
3308 4722 3524 4792 quidem
3552 4723 3684 4779 iusi-

2102 4792 2214 4846 mul
2242 4806 2528 4847 ccucusso.
2567 4811 2587 4844 ι

2171 4862 2284 4932 (85)
2314 4863 2508 4932 ηιὶοιιεκ
2559 4861 2859 4927 Bobiensia,
2917 4880 2936 4912 ι
2979 4861 3447 4932 transferuntur;
3476 4879 3497 4912 ι
3543 4862 3681 4917 mala

2101 4930 2280 4987 lectio.
2311 4931 2642 5002 Epiphanius
2668 4932 2853 5002 habet,
2883 4949 2902 4980 ι
2929 4933 3202 5002 quomodo
3230 4931 3408 4984 anima
3439 4930 3491 4982 in
3520 4932 3683 5000 quin-

2101 5018 2215 5073 que
2239 5000 2467 5073 corpora
2505 5001 2933 5073 transfundatur.
2966 5000 3232 5073 Primum,
3264 5010 3368 5055 etc.
3390 5018 3434 5073 Α»

2174 5072 2285 5142 (86)
2327 5069 2506 5127 Codex
2536 5072 2839 5134 Bobiensis,
2886 5090 2905 5121 ι
2944 5071 3295 5142 homicidium
3339 5069 3577 5142 admisit,
3618 5085 3679 5142 a-

2104 5139 2335 5197 nimaiu
2366 5144 2775 5211 elephantorum
2811 5155 3063 5210 corpora.
3098 5160 3117 5192 ι
3152 5143 3207 5193 lu
3234 5139 3513 5193 Casiuensi
3544 5141 3681 5211 serie

2103 5214 2286 5276 bitur,
2328 5231 2347 5265 ι
2386 5210 2725 5266 ἱιιίειεΐιιιιιίιι
2756 5225 2945 5265 eorum
2970 5225 3229 5279 corpora,
3268 5228 3287 5260 ο
3319 5210 3461 5279 quod
3496 5226 3568 5276 pr.
3593 5210 3683 5264 cul

2102 5284 2291 5349 dubio,
2324 5302 2342 5334 ι
2379 5283 2900 5351 elephantiacorum,
2939 5298 2959 5331 ι
2993 5278 3093 5351 legi
3129 5281 3309 5351 debet.
3346 5278 3683 5348 Epiphanius

2105 5362 2283 5407 tamen
2339 5349 2531 5419 habet,
2582 5349 2864 5420 κελεφῶν,
2902 5366 2923 5402 ι
2973 5349 3320 5421 celephorum
3376 5367 3395 5400 ι
3436 5360 3680 5417 ignotum

2105 5423 2236 5476 mihi
2269 5424 2491 5476 animal.

2175 5493 2286 5559 (87)
2327 5491 2581 5547 Petavius
2634 5489 2830 5544 melius
2865 5488 3025 5543 vertit
3074 5490 3214 5558 apud
3269 5485 3635 5559 Epiphanium
3661 5528 3679 5551 ,

2110 5580 2130 5612 ‹
2164 5558 2339 5629 mens,
2391 5563 2576 5627 notio,
2628 5560 3010 5629 intelligentia,
3057 5560 3347 5630 cogitatio,
3387 5558 3681 5613 ratiocina-

2104 5632 2201 5688 tio.
2235 5650 2255 5682 ι

2179 5699 2391 5771 (88—89)
2426 5700 2603 5756 Codex
2618 5697 2921 5771 Bobiensis,
2944 5716 2964 5750 ι
2986 5699 3081 5768 qui
3109 5712 3176 5754 ex
3205 5697 3431 5771 materia
3447 5697 3627 5771 _l_io_rti.
3652 5714 3673 5749 ι

2104 5767 2595 5842 typographorum,
2636 5781 2692 5826 ut
2730 5767 3214 5842 videtur,errore_.
3256 5769 3414 5842 Apud
3446 5767 3680 5838 Epipha-

2104 5839 2257 5895 niuui
2282 5842 2499 5911 legitur,
2533 5859 2555 5894 ι
2587 5842 2682 5912 qui
2711 5842 2780 5897 ab
2809 5839 2964 5893 initio
2986 5841 3042 5895 in
3069 5839 3319 5896 tenebris
3338 5848 3485 5895 sunt.
3518 5855 3543 5890 ι
