4058 6400
345 490 481 545 LM?)

1463 496 1608 551 CUM
1643 496 1925 554 MANETE
1962 492 2502 551 ιιΞΒΕειΑιιοΗΑ.

3459 498 3598 554 μισ

412 607 547 679 Περὶ
609 609 667 664 δὲ
716 608 812 664 τοῦ
878 609 1241 682 παραδείσου,
1293 611 1354 664 οὐ
1403 607 1644 668 καλεῖται
1691 615 1903 686 κόσμος

2091 611 2159 666 Χ.
2197 612 2492 667 Paradisus
2534 619 2714 666 autem
2740 612 2835 683 qui
2864 621 3091 667 vocatur
3116 615 3355 672 mundus
3390 615 3495 685 (8),
3540 624 3593 673 et

342 699 461 753 εστι
511 699 569 753 δὲ
606 688 677 754 ’τά
728 700 872 771 φυτὰ
909 703 978 755 τὰ
1019 703 1078 754 ὲν
1122 701 1271 773 αὑτῷ
1310 703 1572 776 ἐπιθυμία
1624 706 1718 759 καὶ
1760 706 1917 760 ἄλλαι

342 789 569 855 ἀπάται,
612 792 1018 863 διαφθείρουσαι
1060 796 1186 858 τοὺς
1219 795 1515 868 λογισμοὺς
1558 797 1666 851 τῶν
1709 798 1919 869 ἀνθρὼ-

342 896 459 935 πων
491 884 733 936 ἐκείνων.
772 886 844 938 Τὸ
869 886 925 939 δὲ
956 888 1014 940 ὲν
1038 887 1350 959 παραδείσῳ
1384 889 1565 957 φυτὸν,
1600 889 1659 956 ἐξ
1691 885 1751 944 οὗ
1774 906 1918 958 γνω-

343 973 553 1045 ρίζουσι
590 975 651 1028 τὸ
697 975 881 1041 καλὸν,
929 978 1059 1032 αὐτό
1100 980 1245 1033 ἐστιν
1289 981 1318 1031 ὁ
1367 981 1605 1050 Ἰησοῦς·
1644 984 1676 1052 ὴ
1720 982 1920 1050 γνῶσις

341 1060 530 1130 αὐτοῦ,
563 1059 690 1140 η’ὲν
714 1068 792 1140 τῷ
823 1070 1045 1141 κόσμῳ·
1081 1072 1110 1123 ὁ
1151 1073 1207 1125 δὲ
1235 1073 1525 1143 λαμϐάνων
1567 1074 1829 1147 διακρίνει
1860 1076 1920 1129 τὸ

343 1158 506 1212 καλὸν
548 1161 641 1213 καὶ
672 1161 732 1214 τὸ
765 1162 1017 1234 πονηρόν.
1060 1164 1118 1217 Ὀ
1165 1152 1374 1235 μέντοι
1421 1165 1645 1236 κόσμος,
1678 1166 1787 1218 οὐδ’
1817 1168 1917 1220 αύ-

341 1249 433 1314 τός
457 1251 571 1303 ἐστι
592 1252 686 1305 τοῦ
711 1252 864 1317 Θεοῦ,
899 1254 1012 1307 ἀλλ’
1042 1255 1073 1326 ἢ
1100 1255 1206 1309 ἀπὸ
1232 1236 1555 1327 μέρουςτῆς
1588 1256 1718 1333 ὕλης
1750 1257 1918 1311 ἐπλά-

270 1386 275 1391 ,
342 1341 467 1420 σθη.
501 1344 596 1397 καὶ
624 1343 712 1397 διά
743 1343 900 1397 τοῦτο
928 1347 1105 1400 πάντα
1140 1346 1461 1415 ἀφανίζεται
1480 1365 1493 1378 ·
1518 1348 1546 1401 ὃ
1567 1349 1621 1402 δὲ
1648 1349 1919 1420 ἐσύλησαν

339 1412 401 1511 οἱ.
422 1412 681 1504 ἄρχοντες
704 1436 812 1489 ἀπὸ
843 1436 936 1490 τοῦ
972 1412 1524 1511 πρώτου-ἀνθρώπου,
1554 1442 1685 1495 αὐτό
1718 1412 1833 1495 ἐστι
1857 1443 1918 1496 τὸ

292 1582 293 1585 η
339 1524 563 1594 γεμίζον
605 1526 703 1597 τὴν
747 1527 1097 1599 σελήνηνρτὸ
1147 1530 1575 1601 καθαριζόμενον
1621 1534 1920 1606 καθημερι-

337 1615 428 1670 νὸν
472 1619 579 1671 ἀπὸ
620 1619 713 1672 τυῦ
758 1620 1002 1690 κόσμου·
1048 1623 1140 1674 καὶ
1188 1622 1283 1676 ἐὰν
1326 1622 1514 1695 ἐξέλθῃ
1560 1626 1593 1695 ὴ
1638 1624 1803 1697 ψυχὴ,
1843 1627 1916 1699 μὴ

214 1783 234 1798 .
264 1721 269 1724 ’
338 1710 542 1798 γνοῦσα
563 1712 660 1783 τὴν
680 1713 959 1783 ἀλήθειαν,
989 1714 1340 1785 παραδίδοται
1364 1719 1475 1779 τοῖς
1500 1716 1746 1786 δαίμοσιν
1770 1720 1919 1782 ὅπως

334 1797 654 1868 δαμὰσῳσιν
698 1798 866 1870 αὐτὴν
909 1802 966 1853 ὲν
1010 1804 1125 1863 ταῖς
1165 1801 1413 1889 γεένναις
1452 1802 1546 1855 τοῦ
1587 1804 1787 1874 πυρός·
1823 1806 1919 1857 καὶ

341 1888 481 1959 μετὰ
522 1888 619 1959 τὴν
658 1891 937 1945 παίδευσιν
984 1892 1371 1962 μεταγγίζεται
1411 1896 1491 1956 είς
1535 1892 1784 1965 σώματα,
1830 1896 1917 1950 ἴνα

210 2014 221 2031 .
336 1974 609 2050 δαμασθῇ,
640 1982 733 2034 καί⁵
763 1980 904 2035 οὕτω
933 1982 1181 2052 βάλλεται
1216 1986 1296 2048 είς
1338 1984 1398 2053 τὸ
1432 1985 1574 2056 μέγα
1611 1986 1760 2058 πῦρ,’
1782 1987 1910 2060 ἄχρι

334 2069 434 2140 τῆς
464 2071 791 2136 συντελείας.
833 2073 970 2143 Περὶ
1017 2074 1075 2127 δὲ
1113 2074 1221 2127 τῶν
1262 2077 1389 2147 παρ’
1437 2077 1567 2146 ὑμῖν
1613 2079 1912 2149 προφητῶν

336 2161 512 2226 οὕτως
547 2160 728 2230 λέγει·
765 2163 987 2236 Πνεῦμα
1044 2162 1182 2220 εἶναι
1223 2168 1494 2231 ἀσεϐείας,
1528 2168 1645 2239 ἦτοι
1686 2172 1913 2242 ἀνομίας

334 2249 428 2305 τοῦ
486 2251 731 2318 σκότους,
783 2253 877 2306 τοῦ
925 2255 1020 2308 ἀπ’
1063 2257 1241 2329 ἀρχῆς
1281 2259 1612 2323 ἀνελθόντος.
1658 2261 1769 2314 Καὶ
1819 2264 1911 2319 διὰ

333 2340 496 2395 τοῦτο
520 2343 883 2414 πλανηθέντες
903 2346 1002 2399 οὐκ
1029 2346 1295 2417 ἐλάλησαν
1314 2364 1327 2377 ·
1362 2349 1670 2419 ἐτύφλωσεν
1694 2353 1801 2424 γὰρ
1822 2355 1914 2407 αύ-

332 2431 442 2486 τῶν
468 2433 498 2486 ὁ
529 2435 711 2505 ἄρχων
740 2436 839 2508 τὴν
871 2436 1137 2492 διάνοιανο
1172 2439 1266 2493 καὶ
1300 2440 1353 2493 εῐ
1379 2457 1462 2504 τις
1494 2440 1773 2496 ἀκολουθεῖ
1803 2446 1913 2508 τοῖς

332 2521 512 2593 λόγοις
535 2526 735 2592 αὐτῶν,
766 2523 1097 2600 ἀποθνήσκει
1124 2532 1203 2593 είς
1224 2532 1351 2595 τοὺς
1385 2531 1608 2596 αίῶνας,
1632 2532 1912 2603 δεδεμένος

330 2616 412 2678 εἰς
437 2615 534 2687 τὴν
562 2617 752 2687 βῶλον,
788 2618 871 2671 ὅτι
895 2608 994 2671 οὐκ
1032 2618 1200 2691 ἔμαθε
1225 2621 1323 2692 τὴν
1364 2615 1569 2691 γνῶσιν
1607 2622 1701 2676 τοῦ
1731 2623 1912 2695 Παρα-

333 2707 557 2779 κλήτου.
603 2709 932 2763 Ἑνετείλατο
957 2711 1014 2764 δὲ
1039 2715 1149 2776 τοῖς
1186 2712 1461 2777 ἐκλεκτοῖς
1493 2711 1657 2766 αὑτοῦ
1708 2714 1907 2783 μόνοις,

219 2874 227 2880 .
333 2802 398 2857 ού
453 2800 614 2855 πλέον
664 2801 802 2855 ἑπτὰ
833 2797 950 2857 οὖσι
992 2804 1083 2857 τὸν
1126 2803 1390 2875 ἀριθμόν·
1454 2805 1581 2858 Ἐὰν
1631 2804 1909 2874 παύσησθε

331 2891 627 2956 ἐσθίοντες,
673 2892 933 2963 εὔχεσθε,
982 2896 1074 2948 καὶ
1117 2894 1338 2965 βάλλετε
1380 2896 1475 2948 ἐπὶ
1519 2896 1617 2967 τῆς
1667 2896 1909 2966 κεφαλῆς

332 2984 511 3038 ἔλαιον
556 2983 955 3056 ὲξωρκισμένον
1000 2985 1225 3056 ὀνόμασι
1270 2985 1485 3049 πολλοῖς
1535 2987 1671 3057 πρὸς
1719 3005 1906 3060 στηρι-

329 3076 471 3147 γμδν
512 3076 613 3148 τῆς
649 3076 887 3141 πίστεως
917 3078 1154 3141 ταύτηςο
1190 3076 1258 3130 τὰ
1293 3077 1350 3129 δὲ
1389 3077 1629 3147 ὀνόματά
1672 3096 1761 3149 μοι
1808 3081 1908 3134 οὐκ

329 3166 647 3237 ἐφανερώθη
671 3183 709 3203 ’κ
724 3167 875 3238 μόνοι
899 3167 1007 3239 γάρ
1035 3171 1082 3223 οἱ
1110 3169 1248 3223 ἑπτὰ
1274 3167 1485 3231 τούτοις
1510 3168 1767 3239 χρῶνται.
1795 3171 1907 3225 Καὶ

2019 703 2241 758 arbores
2271 719 2393 773 qure
2438 706 2493 757 in
2527 704 2647 773 ipso
2672 714 2821 769 sunt,
2872 705 3329 774 concupiscentite
3367 718 3515 775 sunt,
3538 720 3592 765 et

2019 804 2226 850 caeterae
2270 796 2616 873 seduc‘tiones
2669 807 3086 866 corrumpentes
3130 801 3489 870 cogitationes
3515 802 3592 873 (9)

2019 885 2325 940 hominum.
2358 871 2460 941 Illi
2491 897 2674 941 autem
2713 889 2876 941 arbor
2908 905 3030 957 qua:
3084 899 3166 944 est
3213 892 3270 945 in
3314 871 3591 962 paradiso,

2017 986 2071 1030 et
2104 994 2210 1046 qua
2235 978 2548 1047 agnoscitur
2575 979 2798 1043 bonum,
2826 979 2940 1048 ipse
2962 988 3044 1034 est
3072 979 3253 1048 Jesus,
3288 991 3342 1037 et
3365 970 3591 1038 scientia

2019 1069 2162 1123 illius
2187 1069 2297 1139 (10)
2327 1085 2449 1139 quae
2486 1078 2569 1124 est
2598 1070 2653 1123 in
2687 1071 2926 1135 mundo;
2957 1086 3120 1140 quam
3164 1074 3258 1143 qui
3298 1076 3589 1144 acceperit.

2017 1159 2278 1213 discernit
2332 1160 2536 1213 bonum
2578 1175 2609 1214 a
2654 1161 2818 1213 malo.
2844 1159 3080 1216 Mundus
3107 1175 3288 1218 autem
3326 1181 3425 1220 nec
3471 1167 3590 1236 ipse

2017 1260 2103 1304 est
2148 1250 2264 1311 Dei.
2307 1252 2400 1306 sed
2440 1266 2508 1304 ex
2560 1260 2715 1320 parte
2764 1252 3005 1306 materiae
3037 1252 3147 1322 (11)
3179 1254 3500 1324 plasmatus,
3529 1266 3584 1312 et

2018 1340 2139 1395 ideo
2159 1341 2341 1394 omnia
2368 1342 2820 1397 exterminantur.
2849 1342 3005 1408 Quod
3032 1353 3212 1398 autem
3251 1346 3417 1401 furati
3460 1360 3591 1405 sunt

2016 1432 2288 1501 principes
2343 1448 2372 1485 a
2432 1432 2610 1501 primo
2654 1434 2890 1498 homine,
2927 1434 3102 1503 ipsum
3127 1445 3211 1490 est
3239 1438 3383 1506 quod
3415 1439 3592 1493 adim-

2016 1524 2123 1593 plrt
2171 1523 2380 1588 lunam,
2412 1524 2557 1593 quod
2592 1525 2839 1594 quotidie
2886 1536 3157 1595 purgatur
3188 1543 3217 1580 a
3256 1529 3502 1585 mundo:
3534 1539 3591 1587 et

2017 1614 2062 1668 si
2093 1615 2286 1669 exierit
2307 1615 2487 1668 anima
2513 1630 2634 1684 quae
2659 1630 2765 1668 non
2792 1618 3107 1684 cognoverit
3138 1618 3441 1686 veritatem,
3475 1629 3589 1676 tra-

2016 1704 2164 1759 ditur
2193 1706 2306 1776 (12)
2348 1706 2709 1773 daemonibus,
2743 1714 2802 1760 ut
2831 1721 2949 1761 eam
2982 1708 3206 1763 doment
3248 1709 3303 1763 in
3338 1712 3585 1780 gehenna

2018 1797 2201 1868 ignis:
2233 1806 2289 1851 et
2346 1800 2697 1867 postehquam
2742 1811 2983 1854 correcta
3033 1800 3217 1867 fuerit,
3248 1803 3587 1859 transfundi-

2018 1896 2106 1941 tur
2134 1887 2246 1956 (l5)
2286 1887 2341 1940 in
2369 1888 2477 1942 alia
2516 1904 2766 1958 corpora,
2807 1900 2867 1944 ut
2906 1891 3178 1957 dometur,
3213 1902 3269 1949 et
3299 1894 3370 1949 ita
3407 1895 3589 1966 injici-

1947 1954 1990 2012 Β
2019 1970 2109 2037 tur
2159 1978 2213 2032 in
2255 1978 2406 2033 illum
2435 1995 2689 2048 magnum
2717 1980 2893 2050 ignem
2934 1999 3112 2052 usque
3135 1985 3199 2039 ad
3229 2001 3585 2042 consumma-

2016 2072 2241 2124 tionem.
2270 2072 2345 2125 De
2364 2071 2646 2139 prophetis
2677 2081 2859 2126 autem
2882 2074 3150 2144 qui'apud
3175 2092 3269 2131 vos
3297 2085 3427 2131 sunt
3446 2078 3583 2148 (14),

2015 2160 2131 2214 haec
2161 2161 2331 2222 dicit;
2361 2161 2601 2231 Spiritus
2627 2180 2747 2220 esse
2776 2165 3070 2234 impietatis
3113 2168 3228 2222 sive
3281 2169 3586 2239 iniquitatis

2015 2251 2363 2305 tenebrarum
2385 2252 2626 2317 illarum,
2654 2270 2774 2323 quae
2794 2255 2863 2309 ab
2881 2256 3036 2309 initio
3053 2258 3419 2313 ascenderunt
3446 2260 3583 2330 (i5),

2013 2356 2044 2396 a
2063 2342 2263 2411 quibus
2291 2341 2524 2412 decepti,
2551 2359 2659 2396 non
2692 2353 2818 2397 sunt
2845 2345 3008 2399 locuti
3036 2346 3089 2399 in
3115 2348 3375 2415 veritate;
3401 2364 3580 2406 excae-

2013 2433 2157 2488 cavit
2186 2433 2330 2486 enim
2363 2434 2619 2502 princeps
2646 2433 2734 2487 ille
2763 2445 2971 2488 mentes
3007 2436 3246 2504 ipsorum
3274 2437 3423 2509 (16);
3453 2448 3507 2494 et
3534 2443 3581 2496 si

2012 2522 2138 2592 quis
2172 2523 2422 2592 sequitur
2456 2523 2621 2579 verba
2672 2524 2941 2594 ipsorum,
2977 2527 3243 2581 morietur
3270 2529 3325 2581 in
3356 2533 3578 2595 saecula,

2012 2615 2298 2670 devinctus
2328 2615 2439 2685 (17)
2471 2615 2612 2670 intra
2647 2631 2911 2682 massam,
2945 2617 3201 2685 quoniam
3253 2632 3360 2673 non
3392 2621 3584 2676 didicit

2012 2708 2292 2762 scientiam
2322 2706 2609 2762 Paracleti.
2637 2706 2901 2777 Praecepit
2925 2718 3103 2763 autem
3134 2710 3320 2765 electis
3340 2712 3456 2768 suis
3484 2729 3579 2769 so-

2010 2798 2097 2863 lis,
2132 2798 2226 2868 qui
2266 2813 2374 2853 non
2408 2807 2534 2853 sunt
2562 2797 2671 2869 (i8)
2711 2799 2949 2867 amplius
2993 2816 3156 2871 quam
3210 2812 3418 2871 septem
3473 2820 3580 2858 nu-

2008 2904 2183 2956 mero,
2221 2898 2283 2944 ut
2328 2905 2452 2944 cum
2502 2890 2815 2945 desinerent
2845 2891 2959 2962 (19)
3010 2894 3423 2961 manducantes,
3454 2912 3573 2951 ora.

2009 2990 2149 3042 rent,
2195 2989 2248 3034 et
2287 2981 2566 3035 mitterent
2618 2981 2800 3036 oleum
2854 2999 3019 3053 super
3054 2995 3237 3054 caput,
3270 2989 3578 3045 exorcidia—

2008 3078 2123 3125 tum
2158 3069 2292 3142 (20),
2324 3072 2592 3127 invocatis
2628 3072 2942 3129 nominibus
2975 3074 3242 3144 plurimis,
3286 3078 3352 3133 ad
3385 3080 3581 3135 conﬁr-

2006 3161 2298 3216 mationem
2327 3162 2449 3217 lidei
2477 3162 2673 3232 hujus:
2706 3164 2927 3219 nomina
2958 3164 3070 3235 (21)
3096 3174 3274 3221 tamen
3299 3169 3432 3223 mihi
3464 3186 3575 3227 non

316 3257 494 3337 ⁴πάλιν
528 3258 590 3311 τὸ
619 3260 749 3330 παρ’
781 3248 908 3329 ὑμῖν
942 3260 1120 3330 τίμιον
1152 3260 1244 3312 καὶ
1285 3258 1426 3328 μέγα
1463 3258 1632 3328 δνομα
1657 3256 1903 3327 Σαϐαὼθ,

2010 3250 2414 3321 manifestavit;
2447 3254 2549 3308 soli
2576 3254 2720 3308 enim
2750 3255 2865 3324 (22)
2896 3255 2973 3309 illi
3002 3266 3209 3326 septem
3234 3269 3463 3315 utuntur
3490 3262 3577 3319 his

328 3326 465 3404 ἀὐτὸ
499 3326 757 3422 εἴναιτῆν
793 3326 953 3419 φύσιν
981 3326 1075 3403 τοῦ
1098 3326 1406 3421 ἀνθρώπου,
1436 3349 1528 3402 καὶ
1559 3326 1774 3420 πατέρα
1804 3350 1903 3421 τῆς

333 3437 626 3510 ἐπιθυμίας
645 3456 660 3471 ·
690 3440 787 3493 κα)⁸
808 3439 895 3493 διὰ
933 3438 1091 3493 τοῦτο
1127 3438 1380 3509 ἀπλάριοι
1413 3438 1778 3510 προσκυνοῦσι
1805 3440 1903 3512 τὴν

328 3527 645 3600 ἐπιθυμίαν,
667 3529 787 3583 θεὸν
815 3529 982 3601 αὐτὴν
1003 3528 1313 3601 ἡγούμενοι.
1348 3529 1484 3601 Περὶ¹
1508 3529 1565 3582 δὲ
1596 3529 1689 3583 τοῦ
1737 3530 1923 3602 Ἀδὰμ

329 3619 447 3685 πῶς
491 3621 737 3693 ἐκτίσθη,
766 3621 915 3689 λέγει
936 3619 1107 3686 οὕτως
1125 3664 1141 3689 ,
1169 3620 1272 3687 ὅτι,
1317 3621 1347 3674 ὁ
1373 3619 1560 3685 εἰπὼν,
1583 3619 1777 3687 Δεῦτε,
1803 3623 1901 3676 καὶ

402 3756 481 3829 (8)
517 3756 656 3829 [line
700 3766 847 3827 patet
881 3756 1023 3827 apud
1078 3756 1440 3829 Epiphanium
1489 3756 1589 3826 legi
1619 3756 1819 3829 debere
1842 3759 1901 3824 ὃς

327 3826 570 3882 καλεῖται
596 3827 801 3897 κόσμος
824 3845 837 3858 ·
870 3826 978 3882 nou
1003 3826 1202 3886 autem,
1235 3828 1295 3880 ού
1327 3828 1572 3881 καλεῖται
1605 3828 1831 3897 κόσμος2

403 3898 485 3966 (θ)
520 3891 713 3952 ϐυᾶοί
744 3898 1028 3952 Bobiensis
1049 3936 1065 3961 ,
1110 3916 1129 3949 ι
1152 3898 1559 3967 cogitationem.
1588 3916 1607 3955 ι
1664 3891 1901 3967 Epipha-

329 3967 458 4021 nius
495 3967 676 4033 habet,
709 3985 728 4017 ι
754 3968 1114 4035 cogitationes
1137 3967 1418 4035 hominum
1450 3968 1689 4021 illorum.
1720 3968 1899 4022 Arbor

328 4047 531 4090 autem.
549 4056 566 4088 ι
598 4034 703 4091 Sed
730 4034 922 4090 melior
944 4036 1154 4090 videtur
1176 4034 1352 4089 Latini
1382 4037 1691 4103 interpretis
1713 4037 1894 4091 lectio.

401 4107 511 4177 (10)
547 4105 729 4177 codex
755 4106 1061 4171 Bobiensis,
1093 4124 1112 4156 ι
1134 4106 1426 4177 etscientia
1446 4106 1586 4177 ejus.
1619 4123 1639 4177 ι
1664 4104 1898 4177 Epipha-

328 4174 477 4239 nius,
505 4176 726 4246 γνῶσι-ς,
760 4176 1078 4246 «cognitio,»
1111 4177 1193 4229 vel
1225 4176 1397 4246 etiam,
1422 4174 1731 4246 «scientia.»
1760 4174 1898 4232 Hinc

328 4244 528 4317 autem
559 4255 706 4317 patet
750 4244 1037 4316 legendum
1089 4260 1209 4300 esse
1249 4245 1402 4317 apud
1431 4244 1704 4309 eumdem,
1733 4246 1828 4298 καὶ
1860 4247 1894 4317 ἠ

326 4315 532 4384 γνῶσις
557 4315 743 4380 αὑτοῦ,
774 4335 794 4367 ι
810 4315 1039 4385 ejusque
1062 4315 1318 4385 cognitio.
1341 4334 1360 4366 ι

398 4334 532 4380 ωσις
557 4334 743 4380 απου,
774 4335 794 4367 ι
811 4334 839 4369 (³
868 4334 1039 4385 usque
1062 4334 1318 4385 COglllllO.
1341 4334 1360 4366 ι

398 4386 510 4455 (11)
547 4385 623 4441 lta
654 4388 796 4455 apud
824 4334 1207 4456 li‘pipbanium,
1229 4396 1284 4441 et
1306 4387 1363 4439 in
1389 4383 1577 4440 codice
1615 4382 1889 4440 Bobiensi.

323 4456 394 4512 At
419 4457 758 4517 Casinensis.
801 4476 821 4508 ι
840 4472 903 4511 ex
933 4457 1176 4512 materia.
1204 4475 1223 4508 ι

396 4526 507 4598 (12)
540 4527 721 4582 Codex
754 4527 1061 4593 Bobiensis,
1098 4536 1189 4598 «et
1214 4526 1260 4580 si
1301 4524 1514 4598 exierit,
1538 4524 1892 4598 animamQue

325 4595 435 4651 non
468 4598 784 4666 cognoverit
813 4598 1032 4662 veritas,
1057 4597 1318 4666 tradetur.
1344 4614 1363 4647 ι
1399 4596 1504 4650 Sed
1534 4595 1743 4651 codicis
1774 4595 1883 4651 Ca-

323 4664 561 4722 sineusis
589 4668 872 4722 lectionem
896 4669 1074 4721 tit-mat
1106 4664 1458 4735 Epiphanius.

396 4737 509 4807 (15)
533 4736 715 4807 codex
740 4735 1043 4800 Bobiensis,
1082 4754 1100 4787 ι
1128 4734 1375 4807 correpta
1401 4734 1882 4807 fuerit,transmn-

321 4803 559 4875 detur._i_
580 4806 913 4871 Casineusis,
951 4824 970 4857 ι
994 4817 1261 4875 οοιτθρια
1288 4803 1485 4871 ⁷1“ιιει’ἰι,
1551 4804 1883 4861 transfundi-

319 4885 432 4997 ἕης.
459 4892 494 4996 ἴ)
514 4873 626 4956 Nos
678 4886 879 4944 tamen,
911 4895 930 4929 ι
956 4873 1201 4932 correcta
1243 4874 1426 4943 fuerit,
1447 4894 1465 4927 ι
1500 4874 1771 4930 edidimus
1812 4892 1880 4931 ex

371 4959 459 4997 mn
500 4959 647 4997 anto.
1874 4972 1880 4982 -

408 4959 647 4999 IDDanIO.
1874 4972 1881 4982 '

371 4959 677 5087 p(|ipl;))ml'l|ion.c
720 5024 867 5085 patet
916 5013 1058 5087 apud
1109 5012 1469 5084 Epiphanium
1500 5028 1598 5084 pro
1618 5015 1746 5087 ὑμῖν
1769 4972 1880 5070 non

319 5084 444 5156 esse
456 5084 738 5154 legendum
754 5087 903 5156 ἡμῖν,
918 5096 978 5139 ιιι
994 5084 1243 5156 Petavith
1259 5087 1311 5138 in
1331 5087 1571 5156 margine
1588 5084 1883 5140 emendan—

320 5153 453 5207 dum
489 5153 610 5209 eSse
635 5153 872 5222 monuit;
899 5171 1022 5211 nam
1050 5156 1165 5210 haec
1188 5154 1370 5210 Turbo
1390 5153 1602 5210 videtur
1625 5170 1881 5210 narrasse

320 5235 613 5294 antequam
649 5226 892 5294 heresim
914 5227 1271 5294 deposuisset.
1318 5226 1449 5279 Vide
1478 5224 1618 5280 infra
1647 5236 1760 5280 not.
1784 5228 1874 5279 24.

395 5293 508 5364 (15)
532 5294 713 5364 Codex
763 5293 1065 5360 Bobiensis,
1092 5315 1111 5349 ι
1134 5296 1513 5360 ascenderunt,
1545 5295 1746 5364 quibus
1783 5295 1881 5349 de-

230 5414 240 5425 ,
321 5362 513 5433 ceptis.
539 5382 559 5416 ι
611 5362 969 5434 Epiphanius,
1013 5382 1033 5417 ι
1056 5376 1109 5420 et
1137 5367 1209 5420 ob
1244 5366 1298 5420 id
1322 5362 1656 5420 aberrantes.
1681 5384 1700 5417 ι
1738 5365 1878 5420 Male

320 5443 501 5489 autem
532 5434 607 5505 ibi
637 5436 1045 5505 expungendam
1069 5451 1191 5490 esse
1226 5435 1876 5505 negativam_particulam

320 5505 534 5558 censuit
581 5503 856 5568 Petavius,
897 5520 1016 5559 eam
1056 5506 1200 5560 enim
1240 5503 1497 5575 antiquus
1535 5503 1763 5575 Latinus
1793 5506 1877 5558 iu-

321 5579 530 5642 terpres
551 5575 779 5644 retinet;
809 5576 903 5644 qui
928 5584 1105 5629 tamen
1136 5575 1332 5644 legisse
1358 5574 1572 5632 videtur
1599 5575 1656 5629 in
1687 5574 1877 5631 Graeco

321 5649 475 5716 textu
502 5645 602 5699 οὐκ
633 5643 899 5716 ἐλάλησαν
932 5643 1268 5716 ὲνάληθείᾳ.

391 5714 505 5782 (16)
535 5716 720 5770 Codex
763 5714 1071 5781 Bobiensis,
1113 5714 1148 5766 ”ι
1173 5714 1409 5771 mentem
1464 5715 1749 5771 illorum.»
1787 5716 1870 5771 ita

320 5792 371 5835 et
391 5783 742 5854 Epiphanius.

386 5852 501 5928 (ξι)
528 5853 707 5928 Codex
737 5852 1039 5916 Bobiensis,
1075 5871 1096 5908 ι
1117 5854 1380 5923 devictus,
1402 5876 1423 5909 ι
1459 5855 1606 5928 quod
1631 5865 1715 5911 est
1740 5872 1871 5913 con-

318 5931 398 5980 t.a
426 5924 597 5981 Graeci
627 5934 804 5985 textus
828 5940 1070 5981 setisum.

2007 3341 2342 3400 nominibus.
2373 3342 2440 3397 Et
2474 3343 2670 3397 iterum
2708 3343 2778 3398 Ιιο
2843 3343 2980 3415 (25),
2998 3348 3143 3415 quod
3173 3348 3317 3415 apud
3342 3347 3572 3421 νοε(24)

2005 3450 2262 3506 magnum
2314 3444 2368 3490 et
2416 3434 2738 3490 bonorabile
2760 3442 2843 3490 est
2879 3436 3016 3508 (25),
3048 3453 3246 3492 nomen
3302 3436 3569 3506 Sabaoth,

2002 3525 2093 3581 ille
2124 3526 2256 3580 dicit
2295 3532 2549 3580 naturam
2592 3526 2717 3586 esse
2748 3526 3009 3593 hominis,
3034 3536 3088 3583 et
3112 3524 3322 3597 patrem
3362 3545 3571 3586 concu-

2003 3619 2319 3691 piscentiae;
2365 3628 2421 3675 et
2470 3632 2779 3693 propterea,
2828 3621 3024 3693 inquit,
3062 3621 3422 3691 simpliciores
3455 3623 3569 3697 (26)

2099 3755 2182 3827 18)
2215 3754 2358 3827 [dem
2382 3755 2571 3827 codex,
2610 3774 2630 3809 ι
2653 3756 2745 3827 qui
2776 3764 2922 3819 sunt,
2948 3775 2967 3808 ι
3005 3755 3144 3811 mala
3174 3757 3354 3817 lectio.

2102 3826 2185 3894 19)
2211 3825 2393 3880 Codex
2427 3825 2730 3889 Bobiensis,
2780 3828 3182 3881 «desilierint.»
3270 3852 3273 3859 ·

2075 3894 2187 3964 (20)
2216 3895 2408 3951 Oleum
2467 3914 2487 3946 ι
2511 3897 2907 3951 exorcidiatum
2930 3916 2948 3947 ι
2980 3898 3074 3961 ait,
3129 3912 3228 3965 pro
3285 3894 3566 3957 exorciza-

2000 3969 2140 4030 tum,
2165 3977 2352 4019 contra
2386 3981 2550 4034 quam
2595 3976 2803 4020 veteres
2838 3966 3107 4020 interdum
3150 3968 3392 4023 scribere
3420 3972 3565 4026 sole-
3603 4014 3614 4033 ,

1999 4033 2168 4086 bant:
2194 4035 2281 4088 hic
2326 4033 2479 4106 enim
2515 4036 2726 4106 syllaba
2753 4051 2815 4087 za
2843 4035 2897 4088 in
2948 4036 3045 4106 dia,
3084 4038 3454 4104 convertitur;
3488 4040 3564 4104 illi

1999 4113 2181 4157 autem
2210 4103 2647 4172 praepositionem
2689 4103 2930 4158 Graecam
2962 4105 3082 4164 «διὰ.
3111 4113 3165 4157 et
3185 4108 3215 4173 j
3250 4103 3565 4167 consonans

1996 4174 2278 4243 vocalibus
2296 4175 2609 4243 adjunctum
2630 4175 2681 4227 in
2712 4190 2741 4226 κ
2765 4175 3079 4238 mutabant;
3106 4175 3184 4230 sic
3209 4199 3225 4223 ο
3250 4173 3512 4242 Zabulus,
3531 4197 3555 4232 ι

1998 4256 2095 4309 pro
2128 4260 2147 4292 ι
2170 4240 2452 4305 Diabolus,
2480 4262 2498 4295 ι
2532 4254 2585 4299 et
2611 4243 2829 4298 similia.
2860 4243 3297 4301 Videﬂarthium
3327 4246 3385 4301 in
3416 4240 3560 4307 notis

1997 4311 2063 4387 ad
2097 4311 2634 4387 thbadium,_cap.
2673 4315 2822 4387 1.,—
2846 4312 3000 4387 Quod
3022 4314 3220 4387 attinet
3247 4316 3312 4368 ad
3347 4331 3559 4387 eaquae

1998 4380 2087 4453 hic
2109 4383 2360 4453 observat
2391 4383 2460 4437 ci.
2496 4380 2820 4453 Zacagnius,
2866 4384 3066 4442 videsis
3122 4385 3379 4441 adnotata
3419 4380 3559 4444 bife-

1996 4450 2112 4506 rius
2142 4451 2209 4505 ad
2238 4450 2691 4508 Commodiauuiu
2720 4452 2886 4507 Inslr.
2913 4470 3072 4518 xxxv,
3099 4469 3149 4506 ν.
3186 4454 3311 4509 545.

2069 4522 2182 4589 (21)
2216 4520 2396 4576 Codex
2425 4522 2729 4587 Bobiensis,
2767 4543 2785 4575 ι
2810 4527 2875 4578 ad
2905 4525 3373 4579 confirmationem
3406 4526 3550 4584 ﬁdei.

1996 4586 2172 4661 Hujus
2222 4592 2463 4646 nomina.
2490 4612 2509 4644 ι
2542 4593 2878 4660 Casiuensis,
2920 4612 2940 4644 ι
2966 4596 3032 4647 ad
3080 4598 3553 4651 contirtnatimtem

1915 4633 1960 4691 D
1988 4633 2140 4737 fidei.
2169 4662 2371 4737 [lorum
2396 4633 2816 4719 nominafrll‘ﬁogs
2832 4633 2995 4733 j’uxt;

1985 4728 2350 4801 Epiphanium
2399 4741 2580 4788 textus
2620 4728 3054 4799 emendavimus,
3108 4736 3214 4790 «ad
3262 4728 3556 4792 conﬁrma-

1982 4800 2185 4855 tionem
2221 4802 2344 4855 lidei
2380 4803 2562 4870 hujus.
2593 4801 2825 4857 Nomina
2855 4813 3183 4867 tamen,etc.
3232 4826 3252 4860 ι

2075 4871 2167 4935 22)
2193 4871 2375 4926 Codex
2406 4872 2742 4937 Casineusis,
2774 4892 2792 4924 ι
2818 4876 2917 4928 soli
2948 4884 3149 4928 autem.
3178 4891 3198 4925 ι

2074 4942 2167 5011 2ὖ)
2200 4941 2484 5012 βοὺὶειιεις
2510 4945 2702 5007 codex,
2740 4961 2759 4995 ι
2787 4944 2985 4998 iterum
3015 4943 3183 5012 quod.
3209 4961 3229 4994 ι

2057 5012 2173 5084 (24)
2204 5010 2341 5065 Hinc
2369 5021 2518 5081 patet
2555 5012 2701 5082 apud
2730 5010 3094 5082 Epiphaniam
3122 5012 3410 5084 legendum
3440 5027 3550 5069 non

1979 5096 2100 5152 esse
2120 5082 2270 5152 ἡμῖν,
2301 5090 2360 5135 ιιι
2378 5085 2539 5151 paulo
2572 5090 2698 5137 ante
2721 5084 3057 5137 monuimus.

2074 5150 2171 5220 25⁷)
2200 5150 2391 5205 Codex
2412 5152 2719 5220 Bobiensis,
2755 5170 2774 5203 ι
2796 5162 2957 5207 esset.
2985 5170 3004 5204 ι

2076 5169 2144 5204 za
2200 5169 2378 5205 uouex
2412 5169 2719 5220 uoutensts,
2755 5170 2774 5203 ι
2796 5169 2957 5207 esset.
2985 5170 3004 5204 ι

2076 5169 2167 5290 26)
2205 5220 2346 5287 Quid
2375 5221 2686 5277 Manichaeis
2739 5221 3018 5291 ἁπλαρίων
3057 5237 3158 5275 vox
3191 5220 3545 5291 signiﬁcaret,

1979 5290 2209 5348 eruditis
2230 5292 2626 5360 explorandum
2658 5290 3180 5361 reliquit’Petavius.
3208 5290 3406 5345 verum
3441 5292 3546 5346 hoc

1980 5363 2203 5431 nomine
2229 5362 2564 5426 Catholicos,
2592 5362 2747 5431 quasi
2789 5381 2808 5413 ι
2833 5362 3214 5430 simpliciores,
3239 5381 3256 5414 ι
3299 5369 3360 5414 ιιι
3395 5362 3545 5415 anti~

1978 5423 2123 5502 quas
2158 5429 2389 5502 Latinus
2433 5423 2700 5500 interpres
2732 5423 3029 5498 transtulit,
3064 5433 3133 5485 ab
3161 5423 3367 5486 eisdem
3390 5432 3544 5486 desi-

2017 5511 2172 5556 natos
2219 5501 2390 5556 fuisse
2437 5517 2504 5556 ex
2551 5502 3042 5562 anethematismis,
3078 5516 3218 5571 quos
3240 5501 3370 5555 olim
3399 5502 3542 5569 apud

2025 5586 2195 5627 raecos
2230 5573 2444 5640 publice
2478 5574 2797 5626 emittebant
2819 5570 3046 5626 Manetis
3085 5570 3326 5636 asseclze,
3362 5573 3429 5640 ad
3458 5586 3547 5625 ca-

1978 5638 2413 5696 tholicam'lidem
2432 5643 2741 5711 venientes,
2746 5644 2946 5711 probat
2968 5640 3282 5711 Ducangius
3310 5641 3365 5695 in
3389 5638 3544 5694 Glos-

1977 5713 2119 5765 sario
2165 5712 2351 5765 media
2397 5721 2447 5765 et
2493 5713 2692 5781 inﬁmae
2722 5710 3047 5767 Graecitatis.
3084 5710 3224 5766 Male
3260 5720 3441 5766 autem
3483 5712 3538 5764 in

1977 5782 2238 5836 Caesareae
2271 5781 2612 5852 bibliothecae
2632 5782 2834 5852 scripto
2856 5783 3066 5846 codice,
3090 5796 3157 5852 ex
3182 5797 3291 5851 quo
3318 5781 3537 5852 eo_sdetn

1977 5851 2459 5907 anathematismos
2509 5868 2540 5906 a
2593 5848 2897 5907 clarissimo
2933 5852 3051 5906 viro
3103 5848 3309 5907 Jacobo
3362 5848 3540 5905 Tullio

1979 5922 2371 5978 humanissime
2398 5922 2698 5994 descriptos
2726 5923 2923 5995 habeo,
2938 5938 3039 5995 pro
3054 5922 3373 5995 ἁπλαριους,
3399 5921 3539 5979 scri-
