  <div class='ocr_page' id='page_1' title='image "/cluster/home/n/w/nwhite01/storage/ocr_20150623/10/coo.31924054872894/736.png"; bbox 0 0 4058 6398; ppageno 0'>
   <div class='ocr_carea' id='block_1_1' title="bbox 404 396 542 471">
    <p class='ocr_par' dir='ltr' id='par_1_1' title="bbox 404 396 542 471">
     <span class='ocr_line' id='line_1_1' title="bbox 404 396 542 471; baseline 0.014 -21"><span class='ocrx_word' id='word_1_1' title='bbox 404 396 542 471; x_wconf 69' lang='grc' dir='ltr'><strong>μιν</strong></span> 
     </span>
    </p>
   </div>
   <div class='ocr_carea' id='block_1_2' title="bbox 1528 392 2561 449">
    <p class='ocr_par' dir='ltr' id='par_1_2' title="bbox 1528 392 2561 449">
     <span class='ocr_line' id='line_1_2' title="bbox 1528 392 2561 449; baseline -0.001 0"><span class='ocrx_word' id='word_1_2' title='bbox 1528 393 1674 449; x_wconf 83' lang='lat' dir='ltr'><strong>CUM</strong></span> <span class='ocrx_word' id='word_1_3' title='bbox 1714 393 1992 449; x_wconf 76' lang='lat' dir='ltr'><strong>MANETE</strong></span> <span class='ocrx_word' id='word_1_4' title='bbox 2028 392 2561 449; x_wconf 66' lang='lat' dir='ltr'><strong>H£RESEARCHA.</strong></span> 
     </span>
    </p>
   </div>
   <div class='ocr_carea' id='block_1_3' title="bbox 3527 397 3660 453">
    <p class='ocr_par' dir='ltr' id='par_1_3' title="bbox 3527 397 3660 453">
     <span class='ocr_line' id='line_1_3' title="bbox 3527 397 3660 453; baseline 0.015 -2"><span class='ocrx_word' id='word_1_5' title='bbox 3527 397 3660 453; x_wconf 76' lang='grc'><strong>1450</strong></span> 
     </span>
    </p>
   </div>
   <div class='ocr_carea' id='block_1_4' title="bbox 398 487 1963 588">
    <p class='ocr_par' dir='ltr' id='par_1_4' title="bbox 398 487 1963 588">
     <span class='ocr_line' id='line_1_4' title="bbox 398 487 1963 588; baseline 0 -21"><span class='ocrx_word' id='word_1_6' title='bbox 398 514 578 586; x_wconf 77' lang='grc' dir='ltr'>νῆται,</span> <span class='ocrx_word' id='word_1_7' title='bbox 607 519 700 571; x_wconf 73' lang='grc' dir='ltr'>κα).</span> <span class='ocrx_word' id='word_1_8' title='bbox 734 518 767 588; x_wconf 82' lang='grc' dir='ltr'>ἡ</span> <span class='ocrx_word' id='word_1_9' title='bbox 806 494 1072 588; x_wconf 59' lang='grc' dir='ltr'>τξαξθένος</span> <span class='ocrx_word' id='word_1_10' title='bbox 1123 513 1216 567; x_wconf 80' lang='grc' dir='ltr'>τοῦ</span> <span class='ocrx_word' id='word_1_11' title='bbox 1250 487 1450 583; x_wconf 78' lang='grc' dir='ltr'>φωτὸς,</span> <span class='ocrx_word' id='word_1_12' title='bbox 1475 515 1568 568; x_wconf 69' lang='grc' dir='ltr'><strong>καὶ</strong></span> <span class='ocrx_word' id='word_1_13' title='bbox 1598 516 1625 566; x_wconf 89' lang='lat'><strong>6</strong></span> <span class='ocrx_word' id='word_1_14' title='bbox 1671 514 1963 587; x_wconf 63' lang='grc' dir='ltr'>πρεσϐύτης</span> 
     </span>
    </p>
   </div>
   <div class='ocr_carea' id='block_1_5' title="bbox 2064 487 3658 588">
    <p class='ocr_par' dir='ltr' id='par_1_5' title="bbox 2080 512 3658 577">
     <span class='ocr_line' id='line_1_5' title="bbox 2080 512 3658 577; baseline -0.001 -8"><span class='ocrx_word' id='word_1_15' title='bbox 2080 524 2162 569; x_wconf 83' lang='lat' dir='ltr'><strong>est</strong></span> <span class='ocrx_word' id='word_1_16' title='bbox 2211 515 2263 567; x_wconf 92' lang='lat' dir='ltr'><strong>in</strong></span> <span class='ocrx_word' id='word_1_17' title='bbox 2320 513 2531 568; x_wconf 88' lang='lat' dir='ltr'><strong>modica</strong></span> <span class='ocrx_word' id='word_1_18' title='bbox 2583 515 2728 574; x_wconf 85' lang='lat' dir='ltr'><strong>navi,</strong></span> <span class='ocrx_word' id='word_1_19' title='bbox 2773 522 2827 568; x_wconf 88' lang='lat' dir='ltr'><strong>et</strong></span> <span class='ocrx_word' id='word_1_20' title='bbox 2888 521 3061 567; x_wconf 99' lang='lat' dir='ltr'><strong>mater</strong></span> <span class='ocrx_word' id='word_1_21' title='bbox 3114 513 3256 577; x_wconf 60' lang='lat' dir='ltr'><strong>vitat,</strong></span> <span class='ocrx_word' id='word_1_22' title='bbox 3287 520 3340 567; x_wconf 89' lang='lat' dir='ltr'><strong>et</strong></span> <span class='ocrx_word' id='word_1_23' title='bbox 3368 512 3658 568; x_wconf 87' lang='lat' dir='ltr'><strong>duodecim</strong></span> 
     </span>
    </p>
   </div>
   <div class='ocr_carea' id='block_1_6' title="bbox 397 603 1980 678">
    <p class='ocr_par' dir='ltr' id='par_1_6' title="bbox 397 603 1980 678">
     <span class='ocr_line' id='line_1_6' title="bbox 397 603 1980 678; baseline 0 -19"><span class='ocrx_word' id='word_1_24' title='bbox 397 607 427 659; x_wconf 90' lang='lat'><strong>6</strong></span> <span class='ocrx_word' id='word_1_25' title='bbox 456 606 655 678; x_wconf 81' lang='grc' dir='ltr'>τρίτος,</span> <span class='ocrx_word' id='word_1_26' title='bbox 680 611 710 661; x_wconf 97' lang='lat'><strong>6</strong></span> <span class='ocrx_word' id='word_1_27' title='bbox 739 609 795 659; x_wconf 83' lang='grc' dir='ltr'>ὲν</span> <span class='ocrx_word' id='word_1_28' title='bbox 827 607 904 676; x_wconf 85' lang='grc' dir='ltr'><strong>τῷ</strong></span> <span class='ocrx_word' id='word_1_29' title='bbox 934 605 1152 677; x_wconf 75' lang='grc' dir='ltr'>μεγάλῳ</span> <span class='ocrx_word' id='word_1_30' title='bbox 1185 604 1373 674; x_wconf 81' lang='grc' dir='ltr'>πλοίῳ,</span> <span class='ocrx_word' id='word_1_31' title='bbox 1407 604 1500 656; x_wconf 76' lang='grc' dir='ltr'><strong>καὶ</strong></span> <span class='ocrx_word' id='word_1_32' title='bbox 1541 605 1600 657; x_wconf 87' lang='grc' dir='ltr'><strong>τὸ</strong></span> <span class='ocrx_word' id='word_1_33' title='bbox 1629 603 1735 668; x_wconf 79' lang='grc' dir='ltr'>ζῶν</span> <span class='ocrx_word' id='word_1_34' title='bbox 1763 604 1980 676; x_wconf 81' lang='grc' dir='ltr'>πνεῦμα</span> 
     </span>
    </p>
   </div>
   <div class='ocr_carea' id='block_1_7' title="bbox 353 689 1977 770">
    <p class='ocr_par' dir='ltr' id='par_1_7' title="bbox 353 689 1977 770">
     <span class='ocr_line' id='line_1_7' title="bbox 353 689 1977 770; baseline -0.001 -17"><span class='ocrx_word' id='word_1_35' title='bbox 353 689 360 692; x_wconf 54' lang='grc'><em>’</em></span> <span class='ocrx_word' id='word_1_36' title='bbox 399 700 493 753; x_wconf 77' lang='grc' dir='ltr'><strong>καὶ</strong></span> <span class='ocrx_word' id='word_1_37' title='bbox 521 701 582 753; x_wconf 84' lang='grc' dir='ltr'><strong>τὸ</strong></span> <span class='ocrx_word' id='word_1_38' title='bbox 612 703 788 770; x_wconf 85' lang='grc' dir='ltr'>τεῖχος</span> <span class='ocrx_word' id='word_1_39' title='bbox 816 700 910 752; x_wconf 77' lang='grc' dir='ltr'>τοῦ</span> <span class='ocrx_word' id='word_1_40' title='bbox 956 698 1190 770; x_wconf 79' lang='grc' dir='ltr'><strong>μεγάλου</strong></span> <span class='ocrx_word' id='word_1_41' title='bbox 1233 698 1423 769; x_wconf 82' lang='grc' dir='ltr'>πυρὸς,</span> <span class='ocrx_word' id='word_1_42' title='bbox 1468 699 1559 750; x_wconf 75' lang='grc' dir='ltr'>καὶ</span> <span class='ocrx_word' id='word_1_43' title='bbox 1586 701 1648 750; x_wconf 87' lang='grc' dir='ltr'>τὸ</span> <span class='ocrx_word' id='word_1_44' title='bbox 1683 700 1857 768; x_wconf 85' lang='grc' dir='ltr'>τεῖχος</span> <span class='ocrx_word' id='word_1_45' title='bbox 1884 699 1977 751; x_wconf 82' lang='grc' dir='ltr'>τοῦ</span> 
     </span>
    </p>
   </div>
   <div class='ocr_carea' id='block_1_8' title="bbox 375 788 1978 863">
    <p class='ocr_par' dir='ltr' id='par_1_8' title="bbox 375 788 1978 863">
     <span class='ocr_line' id='line_1_8' title="bbox 375 788 1978 863; baseline -0.002 -17"><span class='ocrx_word' id='word_1_46' title='bbox 375 791 622 858; x_wconf 57' lang='grc' dir='ltr'>ἀνέμου,</span> <span class='ocrx_word' id='word_1_47' title='bbox 654 795 747 847; x_wconf 68' lang='grc' dir='ltr'><strong>κα)⁸</strong></span> <span class='ocrx_word' id='word_1_48' title='bbox 775 791 868 846; x_wconf 84' lang='grc' dir='ltr'>τοῦ</span> <span class='ocrx_word' id='word_1_49' title='bbox 892 791 1073 863; x_wconf 77' lang='grc' dir='ltr'>ἀέρος,</span> <span class='ocrx_word' id='word_1_50' title='bbox 1102 790 1197 844; x_wconf 72' lang='grc' dir='ltr'><strong>καὶ</strong></span> <span class='ocrx_word' id='word_1_51' title='bbox 1223 789 1314 844; x_wconf 81' lang='grc' dir='ltr'>τοῦ</span> <span class='ocrx_word' id='word_1_52' title='bbox 1351 788 1562 852; x_wconf 80' lang='grc' dir='ltr'>ὓδατος,</span> <span class='ocrx_word' id='word_1_53' title='bbox 1589 790 1684 842; x_wconf 74' lang='grc' dir='ltr'><strong>καὶ</strong></span> <span class='ocrx_word' id='word_1_54' title='bbox 1715 789 1808 842; x_wconf 82' lang='grc' dir='ltr'>τοῦ</span> <span class='ocrx_word' id='word_1_55' title='bbox 1839 789 1978 842; x_wconf 79' lang='grc' dir='ltr'>ἔσω-</span> 
     </span>
    </p>
   </div>
   <div class='ocr_carea' id='block_1_9' title="bbox 380 874 1979 958">
    <p class='ocr_par' dir='ltr' id='par_1_9' title="bbox 380 874 1979 958">
     <span class='ocr_line' id='line_1_9' title="bbox 380 874 1979 958; baseline -0.002 -19"><span class='ocrx_word' id='word_1_56' title='bbox 380 886 489 940; x_wconf 78' lang='grc' dir='ltr'>’θεν</span> <span class='ocrx_word' id='word_1_57' title='bbox 535 887 704 958; x_wconf 71' lang='grc' dir='ltr'>’πυρὸς</span> <span class='ocrx_word' id='word_1_58' title='bbox 749 885 843 938; x_wconf 80' lang='grc' dir='ltr'>τοῦ</span> <span class='ocrx_word' id='word_1_59' title='bbox 897 884 1114 950; x_wconf 78' lang='grc' dir='ltr'>ζῶντος,</span> <span class='ocrx_word' id='word_1_60' title='bbox 1163 882 1299 955; x_wconf 77' lang='grc' dir='ltr'>πρὸς</span> <span class='ocrx_word' id='word_1_61' title='bbox 1338 874 1428 937; x_wconf 66' lang='grc' dir='ltr'>τὸν</span> <span class='ocrx_word' id='word_1_62' title='bbox 1476 883 1670 954; x_wconf 83' lang='grc' dir='ltr'>μικρὸν</span> <span class='ocrx_word' id='word_1_63' title='bbox 1718 883 1979 954; x_wconf 78' lang='grc' dir='ltr'>φωστῆρα</span> 
     </span>
    </p>
   </div>
   <div class='ocr_carea' id='block_1_10' title="bbox 397 974 1979 1048">
    <p class='ocr_par' dir='ltr' id='par_1_10' title="bbox 397 974 1979 1048">
     <span class='ocr_line' id='line_1_10' title="bbox 397 974 1979 1048; baseline -0.001 -16"><span class='ocrx_word' id='word_1_64' title='bbox 397 978 653 1038; x_wconf 78' lang='grc' dir='ltr'>οἱκσῦσιν.</span> <span class='ocrx_word' id='word_1_65' title='bbox 689 978 847 1048; x_wconf 79' lang='grc' dir='ltr'>ἄχρις</span> <span class='ocrx_word' id='word_1_66' title='bbox 887 976 952 1030; x_wconf 86' lang='grc' dir='ltr'><strong>ἂν</strong></span> <span class='ocrx_word' id='word_1_67' title='bbox 984 976 1046 1030; x_wconf 85' lang='grc' dir='ltr'>τὸ</span> <span class='ocrx_word' id='word_1_68' title='bbox 1096 974 1207 1045; x_wconf 83' lang='grc' dir='ltr'>πῦρ</span> <span class='ocrx_word' id='word_1_69' title='bbox 1248 975 1605 1047; x_wconf 84' lang='grc' dir='ltr'><strong>καταναλώσῃ</strong></span> <span class='ocrx_word' id='word_1_70' title='bbox 1644 975 1734 1028; x_wconf 85' lang='grc' dir='ltr'><strong>τὸν</strong></span> <span class='ocrx_word' id='word_1_71' title='bbox 1775 976 1979 1046; x_wconf 83' lang='grc' dir='ltr'><strong>κόσμον</strong></span> 
     </span>
    </p>
   </div>
   <div class='ocr_carea' id='block_1_11' title="bbox 395 1060 1978 1138">
    <p class='ocr_par' dir='ltr' id='par_1_11' title="bbox 395 1060 1978 1138">
     <span class='ocr_line' id='line_1_11' title="bbox 395 1060 1978 1138; baseline -0.001 -17"><span class='ocrx_word' id='word_1_72' title='bbox 395 1069 534 1131; x_wconf 76' lang='grc' dir='ltr'>ὅλον,</span> <span class='ocrx_word' id='word_1_73' title='bbox 560 1070 616 1121; x_wconf 82' lang='grc' dir='ltr'>ὲν</span> <span class='ocrx_word' id='word_1_74' title='bbox 641 1073 824 1131; x_wconf 81' lang='grc' dir='ltr'>ποσοῖς</span> <span class='ocrx_word' id='word_1_75' title='bbox 853 1085 985 1121; x_wconf 71' lang='grc' dir='ltr'>ποτε</span> <span class='ocrx_word' id='word_1_76' title='bbox 1012 1067 1206 1132; x_wconf 80' lang='grc' dir='ltr'>ἔτεσιν,</span> <span class='ocrx_word' id='word_1_77' title='bbox 1236 1060 1310 1120; x_wconf 86' lang='grc' dir='ltr'>ὦν</span> <span class='ocrx_word' id='word_1_78' title='bbox 1336 1069 1434 1120; x_wconf 78' lang='grc' dir='ltr'><strong>οὐκ</strong></span> <span class='ocrx_word' id='word_1_79' title='bbox 1457 1066 1657 1138; x_wconf 78' lang='grc' dir='ltr'>ἔμαθον</span> <span class='ocrx_word' id='word_1_80' title='bbox 1686 1067 1787 1136; x_wconf 87' lang='grc' dir='ltr'><strong>τὴν</strong></span> <span class='ocrx_word' id='word_1_81' title='bbox 1818 1067 1978 1120; x_wconf 69' lang='grc' dir='ltr'>ποσό-</span> 
     </span>
    </p>
   </div>
   <div class='ocr_carea' id='block_1_12' title="bbox 395 1158 1977 1231">
    <p class='ocr_par' dir='ltr' id='par_1_12' title="bbox 395 1158 1977 1231">
     <span class='ocr_line' id='line_1_12' title="bbox 395 1158 1977 1231; baseline 0 -19"><span class='ocrx_word' id='word_1_82' title='bbox 395 1177 560 1229; x_wconf 85' lang='grc' dir='ltr'>τητα.</span> <span class='ocrx_word' id='word_1_83' title='bbox 591 1161 701 1214; x_wconf 75' lang='grc' dir='ltr'>Καὶ</span> <span class='ocrx_word' id='word_1_84' title='bbox 736 1160 872 1231; x_wconf 78' lang='grc' dir='ltr'>μετὰ</span> <span class='ocrx_word' id='word_1_85' title='bbox 906 1160 1073 1214; x_wconf 75' lang='grc' dir='ltr'>ταῦτα</span> <span class='ocrx_word' id='word_1_86' title='bbox 1097 1158 1538 1222; x_wconf 80' lang='grc' dir='ltr'>ἀποκατάστασις</span> <span class='ocrx_word' id='word_1_87' title='bbox 1564 1158 1714 1212; x_wconf 75' lang='grc' dir='ltr'>ἔσται</span> <span class='ocrx_word' id='word_1_88' title='bbox 1748 1158 1856 1212; x_wconf 83' lang='grc' dir='ltr'><strong>τῶν</strong></span> <span class='ocrx_word' id='word_1_89' title='bbox 1887 1159 1977 1212; x_wconf 88' lang='grc' dir='ltr'><strong>δύο</strong></span> 
     </span>
    </p>
   </div>
   <div class='ocr_carea' id='block_1_13' title="bbox 396 1251 1977 1325">
    <p class='ocr_par' dir='ltr' id='par_1_13' title="bbox 396 1251 1977 1325">
     <span class='ocr_line' id='line_1_13' title="bbox 396 1251 1977 1325; baseline 0.002 -21"><span class='ocrx_word' id='word_1_90' title='bbox 396 1252 646 1322; x_wconf 83' lang='grc' dir='ltr'>φύσεων·</span> <span class='ocrx_word' id='word_1_91' title='bbox 695 1253 789 1306; x_wconf 80' lang='grc' dir='ltr'><strong>καὶ</strong></span> <span class='ocrx_word' id='word_1_92' title='bbox 833 1254 882 1306; x_wconf 76' lang='grc' dir='ltr'>οἱ</span> <span class='ocrx_word' id='word_1_93' title='bbox 939 1253 1198 1323; x_wconf 83' lang='grc' dir='ltr'>ἄρχοντες</span> <span class='ocrx_word' id='word_1_94' title='bbox 1246 1254 1528 1325; x_wconf 77' lang='grc' dir='ltr'>οἰκήσουσι</span> <span class='ocrx_word' id='word_1_95' title='bbox 1573 1253 1642 1305; x_wconf 71' lang='grc' dir='ltr'><strong>τὰ</strong></span> <span class='ocrx_word' id='word_1_96' title='bbox 1691 1251 1977 1324; x_wconf 78' lang='grc' dir='ltr'><strong>κατώτερα</strong></span> 
     </span>
    </p>
   </div>
   <div class='ocr_carea' id='block_1_14' title="bbox 397 1342 1977 1416">
    <p class='ocr_par' dir='ltr' id='par_1_14' title="bbox 397 1342 1977 1416">
     <span class='ocr_line' id='line_1_14' title="bbox 397 1342 1977 1416; baseline 0.001 -21"><span class='ocrx_word' id='word_1_97' title='bbox 397 1343 536 1416; x_wconf 83' lang='grc' dir='ltr'>μέρη</span> <span class='ocrx_word' id='word_1_98' title='bbox 565 1343 790 1406; x_wconf 80' lang='grc' dir='ltr'>ἑαυτῶν,</span> <span class='ocrx_word' id='word_1_99' title='bbox 822 1345 852 1396; x_wconf 92' lang='lat'><strong>6</strong></span> <span class='ocrx_word' id='word_1_100' title='bbox 882 1344 938 1397; x_wconf 84' lang='grc' dir='ltr'><strong>δὲ</strong></span> <span class='ocrx_word' id='word_1_101' title='bbox 968 1343 1156 1414; x_wconf 85' lang='grc' dir='ltr'>Πατὴρ</span> <span class='ocrx_word' id='word_1_102' title='bbox 1193 1343 1262 1396; x_wconf 75' lang='grc' dir='ltr'>τὰ</span> <span class='ocrx_word' id='word_1_103' title='bbox 1294 1342 1558 1412; x_wconf 81' lang='grc' dir='ltr'><strong>ἀνώτερα,</strong></span> <span class='ocrx_word' id='word_1_104' title='bbox 1591 1344 1652 1395; x_wconf 81' lang='grc' dir='ltr'><strong>τὸ</strong></span> <span class='ocrx_word' id='word_1_105' title='bbox 1689 1343 1816 1396; x_wconf 73' lang='grc' dir='ltr'>[διον</span> <span class='ocrx_word' id='word_1_106' title='bbox 1843 1345 1977 1397; x_wconf 86' lang='grc' dir='ltr'>ἀπο-</span> 
     </span>
    </p>
   </div>
   <div class='ocr_carea' id='block_1_15' title="bbox 382 1432 1974 1507">
    <p class='ocr_par' dir='ltr' id='par_1_15' title="bbox 382 1432 1974 1507">
     <span class='ocr_line' id='line_1_15' title="bbox 382 1432 1974 1507; baseline 0.002 -22"><span class='ocrx_word' id='word_1_107' title='bbox 382 1432 591 1507; x_wconf 59' lang='grc' dir='ltr'>λαϐὼν.</span> <span class='ocrx_word' id='word_1_108' title='bbox 625 1435 840 1504; x_wconf 84' lang='grc' dir='ltr'>Ταύτην</span> <span class='ocrx_word' id='word_1_109' title='bbox 868 1435 925 1487; x_wconf 83' lang='grc' dir='ltr'>δὲ</span> <span class='ocrx_word' id='word_1_110' title='bbox 967 1435 1150 1487; x_wconf 81' lang='grc' dir='ltr'>πᾶσαν</span> <span class='ocrx_word' id='word_1_111' title='bbox 1186 1433 1283 1504; x_wconf 84' lang='grc' dir='ltr'>τὴν</span> <span class='ocrx_word' id='word_1_112' title='bbox 1319 1433 1662 1487; x_wconf 80' lang='grc' dir='ltr'>διδασκαλίαν</span> <span class='ocrx_word' id='word_1_113' title='bbox 1691 1435 1974 1506; x_wconf 77' lang='grc' dir='ltr'>παρέδωκε</span> 
     </span>
    </p>
   </div>
   <div class='ocr_carea' id='block_1_16' title="bbox 392 1526 1975 1597">
    <p class='ocr_par' dir='ltr' id='par_1_16' title="bbox 392 1526 1975 1597">
     <span class='ocr_line' id='line_1_16' title="bbox 392 1526 1975 1597; baseline 0.001 -18"><span class='ocrx_word' id='word_1_114' title='bbox 392 1528 504 1588; x_wconf 83' lang='grc' dir='ltr'>τοῖς</span> <span class='ocrx_word' id='word_1_115' title='bbox 554 1526 730 1596; x_wconf 78' lang='grc' dir='ltr'>τρισὶν</span> <span class='ocrx_word' id='word_1_116' title='bbox 772 1527 937 1580; x_wconf 75' lang='grc' dir='ltr'>αὑτοῦ</span> <span class='ocrx_word' id='word_1_117' title='bbox 988 1527 1277 1597; x_wconf 82' lang='grc' dir='ltr'>μαθηταῖς,</span> <span class='ocrx_word' id='word_1_118' title='bbox 1321 1527 1583 1589; x_wconf 88' lang='grc' dir='ltr'>κελεύσας</span> <span class='ocrx_word' id='word_1_119' title='bbox 1622 1527 1848 1580; x_wconf 73' lang='grc' dir='ltr'>ἕκαστον</span> <span class='ocrx_word' id='word_1_120' title='bbox 1896 1529 1975 1591; x_wconf 79' lang='grc' dir='ltr'><strong>εἰς</strong></span> 
     </span>
    </p>
   </div>
   <div class='ocr_carea' id='block_1_17' title="bbox 393 1615 1972 1691">
    <p class='ocr_par' dir='ltr' id='par_1_17' title="bbox 393 1615 1972 1691">
     <span class='ocr_line' id='line_1_17' title="bbox 393 1615 1972 1691; baseline 0.001 -22"><span class='ocrx_word' id='word_1_121' title='bbox 393 1615 632 1686; x_wconf 81' lang='grc' dir='ltr'>κλίματα</span> <span class='ocrx_word' id='word_1_122' title='bbox 657 1617 876 1670; x_wconf 80' lang='grc' dir='ltr'><strong>ὁδεύειν.</strong></span> <span class='ocrx_word' id='word_1_123' title='bbox 918 1617 1028 1670; x_wconf 72' lang='grc' dir='ltr'>Καὶ</span> <span class='ocrx_word' id='word_1_124' title='bbox 1064 1619 1093 1669; x_wconf 91' lang='lat'><strong>6</strong></span> <span class='ocrx_word' id='word_1_125' title='bbox 1129 1617 1228 1687; x_wconf 84' lang='grc' dir='ltr'><strong>μὲν</strong></span> <span class='ocrx_word' id='word_1_126' title='bbox 1257 1618 1448 1684; x_wconf 79' lang='grc' dir='ltr'>Ἀδδας</span> <span class='ocrx_word' id='word_1_127' title='bbox 1495 1618 1560 1673; x_wconf 80' lang='grc' dir='ltr'>τὰ</span> <span class='ocrx_word' id='word_1_128' title='bbox 1582 1617 1972 1691; x_wconf 79' lang='grc' dir='ltr'>τῆςἈνατολῆς</span> 
     </span>
    </p>
   </div>
   <div class='ocr_carea' id='block_1_18' title="bbox 395 1707 1966 1784">
    <p class='ocr_par' dir='ltr' id='par_1_18' title="bbox 395 1707 1966 1784">
     <span class='ocr_line' id='line_1_18' title="bbox 395 1707 1966 1784; baseline 0.003 -24"><span class='ocrx_word' id='word_1_129' title='bbox 395 1707 535 1780; x_wconf 84' lang='grc' dir='ltr'>μέρη</span> <span class='ocrx_word' id='word_1_130' title='bbox 562 1708 748 1780; x_wconf 75' lang='grc' dir='ltr'>ἔλαχεν</span> <span class='ocrx_word' id='word_1_131' title='bbox 765 1727 778 1739; x_wconf 89' lang='grc'><strong>·</strong></span> <span class='ocrx_word' id='word_1_132' title='bbox 801 1711 830 1762; x_wconf 89' lang='lat'><strong>6</strong></span> <span class='ocrx_word' id='word_1_133' title='bbox 854 1709 910 1762; x_wconf 83' lang='grc' dir='ltr'>δὲ</span> <span class='ocrx_word' id='word_1_134' title='bbox 929 1709 1130 1780; x_wconf 75' lang='grc' dir='ltr'>Θωμᾶς</span> <span class='ocrx_word' id='word_1_135' title='bbox 1157 1710 1254 1782; x_wconf 86' lang='grc' dir='ltr'><strong>τὴν</strong></span> <span class='ocrx_word' id='word_1_136' title='bbox 1276 1709 1460 1782; x_wconf 84' lang='grc' dir='ltr'>Σύρων</span> <span class='ocrx_word' id='word_1_137' title='bbox 1486 1712 1587 1782; x_wconf 80' lang='grc' dir='ltr'><strong>γῆν</strong></span> <span class='ocrx_word' id='word_1_138' title='bbox 1604 1711 1966 1784; x_wconf 85' lang='grc' dir='ltr'>κεκλήρωται·</span> 
     </span>
    </p>
   </div>
   <div class='ocr_carea' id='block_1_19' title="bbox 400 1799 1972 1876">
    <p class='ocr_par' dir='ltr' id='par_1_19' title="bbox 400 1799 1972 1876">
     <span class='ocr_line' id='line_1_19' title="bbox 400 1799 1972 1876; baseline 0.003 -24"><span class='ocrx_word' id='word_1_139' title='bbox 400 1799 659 1871; x_wconf 82' lang='grc' dir='ltr'>Ἑρμείας</span> <span class='ocrx_word' id='word_1_140' title='bbox 689 1801 744 1854; x_wconf 84' lang='grc' dir='ltr'>δὲ</span> <span class='ocrx_word' id='word_1_141' title='bbox 780 1800 939 1865; x_wconf 75' lang='grc' dir='ltr'>ἄλλος</span> <span class='ocrx_word' id='word_1_142' title='bbox 975 1802 1072 1873; x_wconf 77' lang='grc' dir='ltr'><strong>τὴν</strong></span> <span class='ocrx_word' id='word_1_143' title='bbox 1101 1804 1180 1866; x_wconf 75' lang='grc' dir='ltr'><strong>εἰς</strong></span> <span class='ocrx_word' id='word_1_144' title='bbox 1211 1802 1485 1870; x_wconf 73' lang='grc' dir='ltr'>Αἴγυπτον</span> <span class='ocrx_word' id='word_1_145' title='bbox 1529 1804 1756 1874; x_wconf 79' lang='grc' dir='ltr'>πορείαν</span> <span class='ocrx_word' id='word_1_146' title='bbox 1785 1805 1972 1876; x_wconf 82' lang='grc' dir='ltr'>ἐποιή-</span> 
     </span>
    </p>
   </div>
   <div class='ocr_carea' id='block_1_20' title="bbox 2083 601 3659 678">
    <p class='ocr_par' dir='ltr' id='par_1_20' title="bbox 2083 601 3659 678">
     <span class='ocr_line' id='line_1_20' title="bbox 2083 601 3659 678; baseline 0.003 -20"><span class='ocrx_word' id='word_1_147' title='bbox 2083 609 2497 678; x_wconf 78' lang='lat' dir='ltr'><strong>gubernatores,</strong></span> <span class='ocrx_word' id='word_1_148' title='bbox 2523 617 2576 659; x_wconf 89' lang='lat' dir='ltr'><strong>et</strong></span> <span class='ocrx_word' id='word_1_149' title='bbox 2605 607 2758 677; x_wconf 85' lang='lat' dir='ltr'><strong>virgo</strong></span> <span class='ocrx_word' id='word_1_150' title='bbox 2786 607 2944 669; x_wconf 81' lang='lat' dir='ltr'><strong>lucis,</strong></span> <span class='ocrx_word' id='word_1_151' title='bbox 2966 617 3021 661; x_wconf 82' lang='lat' dir='ltr'><strong>et</strong></span> <span class='ocrx_word' id='word_1_152' title='bbox 3052 607 3236 660; x_wconf 80' lang='lat' dir='ltr'><strong>senidr</strong></span> <span class='ocrx_word' id='word_1_153' title='bbox 3264 610 3479 660; x_wconf 89' lang='lat' dir='ltr'><strong>tertius.</strong></span> <span class='ocrx_word' id='word_1_154' title='bbox 3505 601 3659 662; x_wconf 83' lang='lat' dir='ltr'><strong>Unde</strong></span> 
     </span>
    </p>
   </div>
   <div class='ocr_carea' id='block_1_21' title="bbox 2081 695 3659 769">
    <p class='ocr_par' dir='ltr' id='par_1_21' title="bbox 2081 695 3659 769">
     <span class='ocr_line' id='line_1_21' title="bbox 2081 695 3659 769; baseline 0.001 -19"><span class='ocrx_word' id='word_1_155' title='bbox 2081 707 2133 750; x_wconf 86' lang='lat' dir='ltr'><strong>et</strong></span> <span class='ocrx_word' id='word_1_156' title='bbox 2171 697 2360 767; x_wconf 85' lang='lat' dir='ltr'><strong>majori</strong></span> <span class='ocrx_word' id='word_1_157' title='bbox 2394 698 2449 751; x_wconf 92' lang='lat' dir='ltr'><strong>in</strong></span> <span class='ocrx_word' id='word_1_158' title='bbox 2493 697 2613 750; x_wconf 89' lang='lat' dir='ltr'><strong>navi</strong></span> <span class='ocrx_word' id='word_1_159' title='bbox 2647 695 2759 769; x_wconf 69' lang='grc'>(45)</span> <span class='ocrx_word' id='word_1_160' title='bbox 2783 697 2971 752; x_wconf 92' lang='lat' dir='ltr'><strong>vivens</strong></span> <span class='ocrx_word' id='word_1_161' title='bbox 3005 697 3232 766; x_wconf 74' lang='lat' dir='ltr'><strong>spiritus</strong></span> <span class='ocrx_word' id='word_1_162' title='bbox 3267 696 3575 760; x_wconf 88' lang='lat' dir='ltr'><strong>adhibetur,</strong></span> <span class='ocrx_word' id='word_1_163' title='bbox 3603 706 3659 752; x_wconf 90' lang='lat' dir='ltr'><strong>et</strong></span> 
     </span>
    </p>
   </div>
   <div class='ocr_carea' id='block_1_22' title="bbox 2081 789 3655 860">
    <p class='ocr_par' dir='ltr' id='par_1_22' title="bbox 2081 789 3655 860">
     <span class='ocr_line' id='line_1_22' title="bbox 2081 789 3655 860; baseline 0.003 -19"><span class='ocrx_word' id='word_1_164' title='bbox 2081 803 2273 844; x_wconf 91' lang='lat' dir='ltr'><strong>murus</strong></span> <span class='ocrx_word' id='word_1_165' title='bbox 2299 789 2446 844; x_wconf 88' lang='lat' dir='ltr'><strong>illius</strong></span> <span class='ocrx_word' id='word_1_166' title='bbox 2493 790 2633 860; x_wconf 86' lang='lat' dir='ltr'><strong>ignis</strong></span> <span class='ocrx_word' id='word_1_167' title='bbox 2663 789 2866 859; x_wconf 87' lang='lat' dir='ltr'><strong>magni,</strong></span> <span class='ocrx_word' id='word_1_168' title='bbox 2889 798 2944 844; x_wconf 89' lang='lat' dir='ltr'><strong>ct</strong></span> <span class='ocrx_word' id='word_1_169' title='bbox 2977 805 3171 844; x_wconf 91' lang='lat' dir='ltr'><strong>murus</strong></span> <span class='ocrx_word' id='word_1_170' title='bbox 3208 789 3374 855; x_wconf 88' lang='lat' dir='ltr'><strong>venti,</strong></span> <span class='ocrx_word' id='word_1_171' title='bbox 3409 799 3464 846; x_wconf 86' lang='lat' dir='ltr'><strong>et</strong></span> <span class='ocrx_word' id='word_1_172' title='bbox 3490 791 3655 853; x_wconf 88' lang='lat' dir='ltr'><strong>aeris,</strong></span> 
     </span>
    </p>
   </div>
   <div class='ocr_carea' id='block_1_23' title="bbox 2080 883 3648 954">
    <p class='ocr_par' dir='ltr' id='par_1_23' title="bbox 2080 883 3648 954">
     <span class='ocr_line' id='line_1_23' title="bbox 2080 883 3648 954; baseline 0 -18"><span class='ocrx_word' id='word_1_173' title='bbox 2080 892 2133 936; x_wconf 81' lang='lat' dir='ltr'><strong>ct</strong></span> <span class='ocrx_word' id='word_1_174' title='bbox 2155 898 2329 954; x_wconf 67' lang='lat' dir='ltr'><strong>aquae,</strong></span> <span class='ocrx_word' id='word_1_175' title='bbox 2360 892 2415 937; x_wconf 92' lang='lat' dir='ltr'><strong>et</strong></span> <span class='ocrx_word' id='word_1_176' title='bbox 2438 884 2714 938; x_wconf 89' lang='lat' dir='ltr'><strong>interioris</strong></span> <span class='ocrx_word' id='word_1_177' title='bbox 2746 885 2887 954; x_wconf 84' lang='lat' dir='ltr'><strong>ignis</strong></span> <span class='ocrx_word' id='word_1_178' title='bbox 2921 883 3027 936; x_wconf 85' lang='lat' dir='ltr'><strong>vivi</strong></span> <span class='ocrx_word' id='word_1_179' title='bbox 3063 883 3201 954; x_wconf 68' lang='grc' dir='ltr'>(Η),</span> <span class='ocrx_word' id='word_1_180' title='bbox 3228 898 3351 953; x_wconf 71' lang='lat' dir='ltr'><strong>quae</strong></span> <span class='ocrx_word' id='word_1_181' title='bbox 3379 886 3562 937; x_wconf 87' lang='lat' dir='ltr'><strong>omnia</strong></span> <span class='ocrx_word' id='word_1_182' title='bbox 3595 885 3648 936; x_wconf 92' lang='lat' dir='ltr'><strong>in</strong></span> 
     </span>
    </p>
   </div>
   <div class='ocr_carea' id='block_1_24' title="bbox 2080 975 3656 1047">
    <p class='ocr_par' dir='ltr' id='par_1_24' title="bbox 2080 975 3656 1047">
     <span class='ocr_line' id='line_1_24' title="bbox 2080 975 3656 1047; baseline 0 -18"><span class='ocrx_word' id='word_1_183' title='bbox 2080 975 2208 1030; x_wconf 90' lang='lat' dir='ltr'><strong>luna</strong></span> <span class='ocrx_word' id='word_1_184' title='bbox 2262 975 2608 1041; x_wconf 87' lang='lat' dir='ltr'><strong>habitabunt,</strong></span> <span class='ocrx_word' id='word_1_185' title='bbox 2646 990 2932 1046; x_wconf 86' lang='lat' dir='ltr'><strong>nsqueqno</strong></span> <span class='ocrx_word' id='word_1_186' title='bbox 2975 983 3149 1029; x_wconf 91' lang='lat' dir='ltr'><strong>totum</strong></span> <span class='ocrx_word' id='word_1_187' title='bbox 3199 975 3463 1029; x_wconf 89' lang='lat' dir='ltr'><strong>mundum</strong></span> <span class='ocrx_word' id='word_1_188' title='bbox 3515 976 3656 1047; x_wconf 80' lang='lat' dir='ltr'><strong>ignis</strong></span> 
     </span>
    </p>
   </div>
   <div class='ocr_carea' id='block_1_25' title="bbox 2079 1067 3658 1137">
    <p class='ocr_par' dir='ltr' id='par_1_25' title="bbox 2079 1067 3658 1137">
     <span class='ocr_line' id='line_1_25' title="bbox 2079 1067 3658 1137; baseline 0 -15"><span class='ocrx_word' id='word_1_189' title='bbox 2079 1068 2334 1122; x_wconf 76' lang='lat' dir='ltr'><strong>absumat</strong></span> <span class='ocrx_word' id='word_1_190' title='bbox 2369 1084 2381 1118; x_wconf 95' lang='lat'><strong>:</strong></span> <span class='ocrx_word' id='word_1_191' title='bbox 2412 1067 2465 1121; x_wconf 92' lang='lat' dir='ltr'><strong>in</strong></span> <span class='ocrx_word' id='word_1_192' title='bbox 2498 1077 2631 1137; x_wconf 89' lang='lat' dir='ltr'><strong>quot</strong></span> <span class='ocrx_word' id='word_1_193' title='bbox 2663 1078 2845 1122; x_wconf 89' lang='lat' dir='ltr'><strong>autem</strong></span> <span class='ocrx_word' id='word_1_194' title='bbox 2871 1068 3066 1131; x_wconf 89' lang='lat' dir='ltr'><strong>.annis,</strong></span> <span class='ocrx_word' id='word_1_195' title='bbox 3110 1082 3398 1121; x_wconf 82' lang='lat' dir='ltr'><strong>numerum</strong></span> <span class='ocrx_word' id='word_1_196' title='bbox 3431 1082 3540 1122; x_wconf 91' lang='lat' dir='ltr'><strong>non</strong></span> <span class='ocrx_word' id='word_1_197' title='bbox 3573 1068 3658 1122; x_wconf 88' lang='lat' dir='ltr'><strong>di-</strong></span> 
     </span>
    </p>
   </div>
   <div class='ocr_carea' id='block_1_26' title="bbox 2077 1157 3657 1228">
    <p class='ocr_par' dir='ltr' id='par_1_26' title="bbox 2077 1157 3657 1228">
     <span class='ocr_line' id='line_1_26' title="bbox 2077 1157 3657 1228; baseline -0.001 -16"><span class='ocrx_word' id='word_1_198' title='bbox 2077 1158 2207 1213; x_wconf 91' lang='lat' dir='ltr'><strong>dici.</strong></span> <span class='ocrx_word' id='word_1_199' title='bbox 2241 1157 2306 1212; x_wconf 85' lang='lat' dir='ltr'><strong>Et</strong></span> <span class='ocrx_word' id='word_1_200' title='bbox 2346 1166 2467 1228; x_wconf 92' lang='lat' dir='ltr'><strong>post</strong></span> <span class='ocrx_word' id='word_1_201' title='bbox 2500 1157 2617 1212; x_wconf 66' lang='lat' dir='ltr'><strong>hace</strong></span> <span class='ocrx_word' id='word_1_202' title='bbox 2672 1158 2950 1212; x_wconf 90' lang='lat' dir='ltr'><strong>restitutio</strong></span> <span class='ocrx_word' id='word_1_203' title='bbox 2993 1157 3099 1228; x_wconf 88' lang='lat' dir='ltr'><strong>erit</strong></span> <span class='ocrx_word' id='word_1_204' title='bbox 3133 1157 3368 1211; x_wconf 89' lang='lat' dir='ltr'><strong>duorum</strong></span> <span class='ocrx_word' id='word_1_205' title='bbox 3419 1157 3657 1211; x_wconf 88' lang='lat' dir='ltr'><strong>lumina-</strong></span> 
     </span>
    </p>
   </div>
   <div class='ocr_carea' id='block_1_27' title="bbox 2078 1238 3726 1320">
    <p class='ocr_par' dir='ltr' id='par_1_27' title="bbox 2078 1238 3726 1320">
     <span class='ocr_line' id='line_1_27' title="bbox 2078 1238 3726 1320; baseline 0.001 -17"><span class='ocrx_word' id='word_1_206' title='bbox 2078 1251 2219 1304; x_wconf 90' lang='lat' dir='ltr'><strong>rium</strong></span> <span class='ocrx_word' id='word_1_207' title='bbox 2249 1250 2384 1318; x_wconf 70' lang='grc'>(45),</span> <span class='ocrx_word' id='word_1_208' title='bbox 2419 1258 2473 1304; x_wconf 90' lang='lat' dir='ltr'><strong>et</strong></span> <span class='ocrx_word' id='word_1_209' title='bbox 2505 1249 2780 1320; x_wconf 90' lang='lat' dir='ltr'><strong>principes</strong></span> <span class='ocrx_word' id='word_1_210' title='bbox 2824 1249 3146 1304; x_wconf 87' lang='lat' dir='ltr'><strong>liabitabunt</strong></span> <span class='ocrx_word' id='word_1_211' title='bbox 3194 1249 3248 1303; x_wconf 88' lang='lat' dir='ltr'><strong>in</strong></span> <span class='ocrx_word' id='word_1_212' title='bbox 3302 1247 3655 1305; x_wconf 84' lang='lat' dir='ltr'><strong>inferioribus</strong></span> <span class='ocrx_word' id='word_1_213' title='bbox 3695 1238 3726 1253; x_wconf 53' lang='grc'><strong>”’</strong></span> 
     </span>
    </p>
   </div>
   <div class='ocr_carea' id='block_1_28' title="bbox 2077 1339 3650 1413">
    <p class='ocr_par' dir='ltr' id='par_1_28' title="bbox 2077 1339 3650 1413">
     <span class='ocr_line' id='line_1_28' title="bbox 2077 1339 3650 1413; baseline -0.001 -17"><span class='ocrx_word' id='word_1_214' title='bbox 2077 1343 2324 1413; x_wconf 87' lang='lat' dir='ltr'><strong>partibus</strong></span> <span class='ocrx_word' id='word_1_215' title='bbox 2379 1341 2495 1396; x_wconf 92' lang='lat' dir='ltr'><strong>suis</strong></span> <span class='ocrx_word' id='word_1_216' title='bbox 2542 1340 2680 1412; x_wconf 66' lang='lat'><strong>(46);</strong></span> <span class='ocrx_word' id='word_1_217' title='bbox 2714 1339 2875 1396; x_wconf 79' lang='lat' dir='ltr'><strong>Pater</strong></span> <span class='ocrx_word' id='word_1_218' title='bbox 2919 1352 3098 1395; x_wconf 86' lang='lat' dir='ltr'><strong>autem</strong></span> <span class='ocrx_word' id='word_1_219' title='bbox 3144 1340 3197 1394; x_wconf 94' lang='lat' dir='ltr'><strong>in</strong></span> <span class='ocrx_word' id='word_1_220' title='bbox 3251 1341 3650 1410; x_wconf 88' lang='lat' dir='ltr'><strong>superioribus,</strong></span> 
     </span>
    </p>
   </div>
   <div class='ocr_carea' id='block_1_29' title="bbox 2077 1431 3651 1505">
    <p class='ocr_par' dir='ltr' id='par_1_29' title="bbox 2077 1431 3651 1505">
     <span class='ocr_line' id='line_1_29' title="bbox 2077 1431 3651 1505; baseline -0.002 -16"><span class='ocrx_word' id='word_1_221' title='bbox 2077 1449 2199 1505; x_wconf 75' lang='lat' dir='ltr'><strong>qua:</strong></span> <span class='ocrx_word' id='word_1_222' title='bbox 2227 1449 2327 1489; x_wconf 88' lang='lat' dir='ltr'><strong>sua</strong></span> <span class='ocrx_word' id='word_1_223' title='bbox 2360 1441 2489 1488; x_wconf 90' lang='lat' dir='ltr'><strong>sunt</strong></span> <span class='ocrx_word' id='word_1_224' title='bbox 2545 1434 2830 1502; x_wconf 88' lang='lat' dir='ltr'><strong>recipiens.</strong></span> <span class='ocrx_word' id='word_1_225' title='bbox 2864 1431 2988 1487; x_wconf 64' lang='lat' dir='ltr'><strong>Haec</strong></span> <span class='ocrx_word' id='word_1_226' title='bbox 3033 1441 3116 1486; x_wconf 91' lang='lat' dir='ltr'><strong>est</strong></span> <span class='ocrx_word' id='word_1_227' title='bbox 3167 1432 3350 1486; x_wconf 91' lang='lat' dir='ltr'><strong>omnis</strong></span> <span class='ocrx_word' id='word_1_228' title='bbox 3405 1433 3651 1487; x_wconf 84' lang='lat' dir='ltr'><strong>doctrina</strong></span> 
     </span>
    </p>
   </div>
   <div class='ocr_carea' id='block_1_30' title="bbox 2075 1523 3650 1598">
    <p class='ocr_par' dir='ltr' id='par_1_30' title="bbox 2075 1523 3650 1598">
     <span class='ocr_line' id='line_1_30' title="bbox 2075 1523 3650 1598; baseline -0.002 -17"><span class='ocrx_word' id='word_1_229' title='bbox 2075 1542 2239 1598; x_wconf 91' lang='lat' dir='ltr'><strong>quam</strong></span> <span class='ocrx_word' id='word_1_230' title='bbox 2273 1525 2495 1580; x_wconf 87' lang='lat' dir='ltr'><strong>tradidit</strong></span> <span class='ocrx_word' id='word_1_231' title='bbox 2528 1526 2702 1580; x_wconf 91' lang='lat' dir='ltr'><strong>tribus</strong></span> <span class='ocrx_word' id='word_1_232' title='bbox 2723 1525 3006 1595; x_wconf 88' lang='lat' dir='ltr'><strong>discipulis</strong></span> <span class='ocrx_word' id='word_1_233' title='bbox 3046 1525 3183 1587; x_wconf 85' lang='lat' dir='ltr'><strong>suis,</strong></span> <span class='ocrx_word' id='word_1_234' title='bbox 3217 1523 3572 1593; x_wconf 87' lang='lat' dir='ltr'><strong>etjussiteos</strong></span> <span class='ocrx_word' id='word_1_235' title='bbox 3598 1525 3650 1578; x_wconf 90' lang='lat' dir='ltr'><strong>in</strong></span> 
     </span>
    </p>
   </div>
   <div class='ocr_carea' id='block_1_31' title="bbox 2076 1615 3651 1688">
    <p class='ocr_par' dir='ltr' id='par_1_31' title="bbox 2076 1615 3651 1688">
     <span class='ocr_line' id='line_1_31' title="bbox 2076 1615 3651 1688; baseline -0.001 -16"><span class='ocrx_word' id='word_1_236' title='bbox 2076 1620 2192 1674; x_wconf 76' lang='lat' dir='ltr'><strong>tres’</strong></span> <span class='ocrx_word' id='word_1_237' title='bbox 2229 1617 2416 1672; x_wconf 91' lang='lat' dir='ltr'><strong>mundi</strong></span> <span class='ocrx_word' id='word_1_238' title='bbox 2451 1618 2638 1688; x_wconf 83' lang='lat' dir='ltr'><strong>plagas</strong></span> <span class='ocrx_word' id='word_1_239' title='bbox 2684 1617 2796 1686; x_wconf 70' lang='grc'>(47)</span> <span class='ocrx_word' id='word_1_240' title='bbox 2826 1616 3117 1684; x_wconf 86' lang='lat' dir='ltr'><strong>proﬁcisci.</strong></span> <span class='ocrx_word' id='word_1_241' title='bbox 3149 1615 3300 1670; x_wconf 86' lang='lat' dir='ltr'><strong>Adda</strong></span> <span class='ocrx_word' id='word_1_242' title='bbox 3325 1615 3437 1687; x_wconf 72' lang='lat'><strong>(48)</strong></span> <span class='ocrx_word' id='word_1_243' title='bbox 3468 1626 3651 1686; x_wconf 88' lang='lat' dir='ltr'><strong>partes</strong></span> 
     </span>
    </p>
   </div>
   <div class='ocr_carea' id='block_1_32' title="bbox 2076 1706 3650 1778">
    <p class='ocr_par' dir='ltr' id='par_1_32' title="bbox 2076 1706 3650 1778">
     <span class='ocr_line' id='line_1_32' title="bbox 2076 1706 3650 1778; baseline -0.001 -12"><span class='ocrx_word' id='word_1_244' title='bbox 2076 1714 2302 1766; x_wconf 89' lang='lat' dir='ltr'><strong>sortitus</strong></span> <span class='ocrx_word' id='word_1_245' title='bbox 2330 1718 2414 1764; x_wconf 91' lang='lat' dir='ltr'><strong>est</strong></span> <span class='ocrx_word' id='word_1_246' title='bbox 2444 1709 2725 1776; x_wconf 83' lang='lat' dir='ltr'><strong>Orientis;</strong></span> <span class='ocrx_word' id='word_1_247' title='bbox 2758 1708 3000 1763; x_wconf 87' lang='lat' dir='ltr'><strong>Thomas</strong></span> <span class='ocrx_word' id='word_1_248' title='bbox 3023 1724 3150 1763; x_wconf 90' lang='lat' dir='ltr'><strong>vero</strong></span> <span class='ocrx_word' id='word_1_249' title='bbox 3186 1706 3449 1778; x_wconf 83' lang='lat' dir='ltr'><strong>Syrorum</strong></span> <span class='ocrx_word' id='word_1_250' title='bbox 3477 1718 3650 1765; x_wconf 88' lang='lat' dir='ltr'><strong>terras</strong></span> 
     </span>
    </p>
   </div>
   <div class='ocr_carea' id='block_1_33' title="bbox 2077 1798 3644 1872">
    <p class='ocr_par' dir='ltr' id='par_1_33' title="bbox 2077 1798 3644 1872">
     <span class='ocr_line' id='line_1_33' title="bbox 2077 1798 3644 1872; baseline -0.002 -15"><span class='ocrx_word' id='word_1_251' title='bbox 2077 1802 2350 1872; x_wconf 91' lang='lat' dir='ltr'><strong>suscepit;</strong></span> <span class='ocrx_word' id='word_1_252' title='bbox 2383 1801 2611 1857; x_wconf 87' lang='lat' dir='ltr'><strong>Hermas</strong></span> <span class='ocrx_word' id='word_1_253' title='bbox 2635 1815 2765 1855; x_wconf 90' lang='lat' dir='ltr'><strong>vero</strong></span> <span class='ocrx_word' id='word_1_254' title='bbox 2791 1801 2858 1856; x_wconf 86' lang='lat' dir='ltr'><strong>ad</strong></span> <span class='ocrx_word' id='word_1_255' title='bbox 2892 1799 3186 1872; x_wconf 66' lang='lat' dir='ltr'><strong>Egyptum</strong></span> <span class='ocrx_word' id='word_1_256' title='bbox 3215 1798 3494 1870; x_wconf 85' lang='lat' dir='ltr'><strong>profectus</strong></span> <span class='ocrx_word' id='word_1_257' title='bbox 3515 1809 3600 1856; x_wconf 88' lang='lat' dir='ltr'><strong>est</strong></span> <span class='ocrx_word' id='word_1_258' title='bbox 3631 1819 3644 1854; x_wconf 93' lang='lat'>:</span> 
     </span>
    </p>
   </div>
   <div class='ocr_carea' id='block_1_34' title="bbox 390 1865 1963 1965">
    <p class='ocr_par' dir='ltr' id='par_1_34' title="bbox 390 1891 1963 1965">
     <span class='ocr_line' id='line_1_34' title="bbox 390 1891 1963 1965; baseline 0.004 -23"><span class='ocrx_word' id='word_1_259' title='bbox 390 1907 519 1944; x_wconf 85' lang='grc' dir='ltr'>σατο</span> <span class='ocrx_word' id='word_1_260' title='bbox 539 1909 552 1920; x_wconf 92' lang='grc'><strong>·</strong></span> <span class='ocrx_word' id='word_1_261' title='bbox 582 1891 674 1944; x_wconf 71' lang='grc' dir='ltr'><strong>καὶ</strong></span> <span class='ocrx_word' id='word_1_262' title='bbox 706 1892 864 1964; x_wconf 78' lang='grc' dir='ltr'>μέχρι</span> <span class='ocrx_word' id='word_1_263' title='bbox 893 1895 1132 1964; x_wconf 83' lang='grc' dir='ltr'>σήμερον</span> <span class='ocrx_word' id='word_1_264' title='bbox 1157 1895 1334 1946; x_wconf 79' lang='grc' dir='ltr'>ἐκεῖσε</span> <span class='ocrx_word' id='word_1_265' title='bbox 1365 1894 1720 1965; x_wconf 76' lang='grc' dir='ltr'>διατρίϐουσι,</span> <span class='ocrx_word' id='word_1_266' title='bbox 1753 1896 1852 1965; x_wconf 81' lang='grc' dir='ltr'>τὴν</span> <span class='ocrx_word' id='word_1_267' title='bbox 1876 1895 1963 1948; x_wconf 80' lang='grc' dir='ltr'>τοῦ</span> 
     </span>
    </p>
   </div>
   <div class='ocr_carea' id='block_1_35' title="bbox 2064 1865 3649 1965">
    <p class='ocr_par' dir='ltr' id='par_1_35' title="bbox 2072 1865 3649 1964">
     <span class='ocr_line' id='line_1_35' title="bbox 2072 1865 3649 1964; baseline -0.001 -15"><span class='ocrx_word' id='word_1_268' title='bbox 2072 1902 2127 1949; x_wconf 89' lang='lat' dir='ltr'><strong>et</strong></span> <span class='ocrx_word' id='word_1_269' title='bbox 2160 1865 2421 1964; x_wconf 24' lang='lat' dir='ltr'><strong>usqucvin</strong></span> <span class='ocrx_word' id='word_1_270' title='bbox 2464 1893 2813 1958; x_wconf 88' lang='lat' dir='ltr'><strong>hodiernum,</strong></span> <span class='ocrx_word' id='word_1_271' title='bbox 2855 1892 2930 1946; x_wconf 90' lang='lat' dir='ltr'><strong>ibi</strong></span> <span class='ocrx_word' id='word_1_272' title='bbox 2967 1865 3514 1962; x_wconf 43' lang='lat' dir='ltr'><strong>—deguiit,‘dogmatis</strong></span> <span class='ocrx_word' id='word_1_273' title='bbox 3549 1894 3649 1947; x_wconf 93' lang='lat' dir='ltr'><strong>hu-</strong></span> 
     </span>
    </p>
   </div>
   <div class='ocr_carea' id='block_1_36' title="bbox 286 1981 1478 2056">
    <p class='ocr_par' dir='ltr' id='par_1_36' title="bbox 286 1981 1478 2056">
     <span class='ocr_line' id='line_1_36' title="bbox 286 1981 1478 2056; baseline 0.003 -20"><span class='ocrx_word' id='word_1_274' title='bbox 286 2014 292 2025; x_wconf 91' lang='lat'><strong><em>-</em></strong></span> <span class='ocrx_word' id='word_1_275' title='bbox 387 1981 658 2054; x_wconf 81' lang='grc' dir='ltr'>δόγματος</span> <span class='ocrx_word' id='word_1_276' title='bbox 689 1984 946 2038; x_wconf 82' lang='grc' dir='ltr'>ὑπόθεσιν</span> <span class='ocrx_word' id='word_1_277' title='bbox 987 1986 1181 2056; x_wconf 81' lang='grc' dir='ltr'>στῆσαι</span> <span class='ocrx_word' id='word_1_278' title='bbox 1215 1985 1478 2050; x_wconf 79' lang='grc' dir='ltr'>θέλοντες.</span> 
     </span>
    </p>
   </div>
   <div class='ocr_carea' id='block_1_37' title="bbox 467 2095 1970 2168">
    <p class='ocr_par' dir='ltr' id='par_1_37' title="bbox 467 2095 1970 2168">
     <span class='ocr_line' id='line_1_37' title="bbox 467 2095 1970 2168; baseline 0.008 -19"><span class='ocrx_word' id='word_1_279' title='bbox 467 2095 717 2168; x_wconf 71' lang='grc' dir='ltr'><strong>Χ11.(49)</strong></span> <span class='ocrx_word' id='word_1_280' title='bbox 759 2097 885 2154; x_wconf 77' lang='lat' dir='ltr'><strong>Haec</strong></span> <span class='ocrx_word' id='word_1_281' title='bbox 923 2115 1046 2154; x_wconf 91' lang='lat' dir='ltr'><strong>cum</strong></span> <span class='ocrx_word' id='word_1_282' title='bbox 1083 2099 1266 2154; x_wconf 85' lang='lat' dir='ltr'><strong>Turbo</strong></span> <span class='ocrx_word' id='word_1_283' title='bbox 1315 2101 1566 2166; x_wconf 82' lang='lat' dir='ltr'><strong>dixisset,</strong></span> <span class='ocrx_word' id='word_1_284' title='bbox 1620 2105 1970 2161; x_wconf 83' lang='lat' dir='ltr'><strong>vehementer</strong></span> 
     </span>
    </p>
   </div>
   <div class='ocr_carea' id='block_1_38' title="bbox 388 2190 1969 2256">
    <p class='ocr_par' dir='ltr' id='par_1_38' title="bbox 388 2190 1969 2256">
     <span class='ocr_line' id='line_1_38' title="bbox 388 2190 1969 2256; baseline 0.005 -12"><span class='ocrx_word' id='word_1_285' title='bbox 388 2190 787 2245; x_wconf 82' lang='lat' dir='ltr'><strong>accendebatur</strong></span> <span class='ocrx_word' id='word_1_286' title='bbox 836 2193 1165 2256; x_wconf 81' lang='lat' dir='ltr'><strong>Archelaus;</strong></span> <span class='ocrx_word' id='word_1_287' title='bbox 1217 2192 1502 2249; x_wconf 80' lang='lat' dir='ltr'><strong>Marcellus</strong></span> <span class='ocrx_word' id='word_1_288' title='bbox 1556 2211 1684 2250; x_wconf 86' lang='lat' dir='ltr'><strong>vero</strong></span> <span class='ocrx_word' id='word_1_289' title='bbox 1711 2214 1818 2252; x_wconf 89' lang='lat' dir='ltr'><strong>non</strong></span> <span class='ocrx_word' id='word_1_290' title='bbox 1852 2214 1969 2252; x_wconf 91' lang='lat' dir='ltr'><strong>mo-</strong></span> 
     </span>
    </p>
   </div>
   <div class='ocr_carea' id='block_1_39' title="bbox 389 2280 1966 2358">
    <p class='ocr_par' dir='ltr' id='par_1_39' title="bbox 389 2280 1966 2358">
     <span class='ocr_line' id='line_1_39' title="bbox 389 2280 1966 2358; baseline 0.006 -23"><span class='ocrx_word' id='word_1_291' title='bbox 389 2280 638 2345; x_wconf 74' lang='lat' dir='ltr'><strong>vebatur,</strong></span> <span class='ocrx_word' id='word_1_292' title='bbox 679 2280 848 2336; x_wconf 93' lang='lat' dir='ltr'><strong>Deum</strong></span> <span class='ocrx_word' id='word_1_293' title='bbox 897 2294 1245 2353; x_wconf 85' lang='lat' dir='ltr'><strong>exspectans,</strong></span> <span class='ocrx_word' id='word_1_294' title='bbox 1293 2287 1557 2340; x_wconf 81' lang='lat' dir='ltr'><strong>auxilium</strong></span> <span class='ocrx_word' id='word_1_295' title='bbox 1601 2287 1712 2358; x_wconf 83' lang='lat'><strong>(50)</strong></span> <span class='ocrx_word' id='word_1_296' title='bbox 1752 2290 1966 2344; x_wconf 87' lang='lat' dir='ltr'><strong>veritati</strong></span> 
     </span>
    </p>
   </div>
   <div class='ocr_carea' id='block_1_40' title="bbox 389 2373 1966 2451">
    <p class='ocr_par' dir='ltr' id='par_1_40' title="bbox 389 2373 1966 2451">
     <span class='ocr_line' id='line_1_40' title="bbox 389 2373 1966 2451; baseline 0.005 -23"><span class='ocrx_word' id='word_1_297' title='bbox 389 2388 504 2428; x_wconf 70' lang='lat' dir='ltr'><strong>sua:</strong></span> <span class='ocrx_word' id='word_1_298' title='bbox 553 2373 796 2428; x_wconf 82' lang='lat' dir='ltr'><strong>futurum</strong></span> <span class='ocrx_word' id='word_1_299' title='bbox 831 2392 845 2428; x_wconf 90' lang='lat'><strong>:</strong></span> <span class='ocrx_word' id='word_1_300' title='bbox 879 2374 1148 2431; x_wconf 83' lang='lat' dir='ltr'><strong>Archelao</strong></span> <span class='ocrx_word' id='word_1_301' title='bbox 1188 2386 1368 2433; x_wconf 89' lang='lat' dir='ltr'><strong>autem</strong></span> <span class='ocrx_word' id='word_1_302' title='bbox 1419 2387 1536 2433; x_wconf 90' lang='lat' dir='ltr'><strong>erat</strong></span> <span class='ocrx_word' id='word_1_303' title='bbox 1568 2395 1699 2434; x_wconf 90' lang='lat' dir='ltr'><strong>cura</strong></span> <span class='ocrx_word' id='word_1_304' title='bbox 1736 2396 1834 2450; x_wconf 93' lang='lat' dir='ltr'><strong>pro</strong></span> <span class='ocrx_word' id='word_1_305' title='bbox 1865 2397 1966 2451; x_wconf 91' lang='lat' dir='ltr'><strong>po-</strong></span> 
     </span>
    </p>
   </div>
   <div class='ocr_carea' id='block_1_41' title="bbox 388 2464 1963 2540">
    <p class='ocr_par' dir='ltr' id='par_1_41' title="bbox 388 2464 1963 2540">
     <span class='ocr_line' id='line_1_41' title="bbox 388 2464 1963 2540; baseline 0.005 -22"><span class='ocrx_word' id='word_1_306' title='bbox 388 2464 538 2535; x_wconf 91' lang='lat' dir='ltr'><strong>pulo,</strong></span> <span class='ocrx_word' id='word_1_307' title='bbox 587 2473 846 2536; x_wconf 85' lang='lat' dir='ltr'><strong>tanquam</strong></span> <span class='ocrx_word' id='word_1_308' title='bbox 890 2468 1094 2536; x_wconf 89' lang='lat' dir='ltr'><strong>pastori</strong></span> <span class='ocrx_word' id='word_1_309' title='bbox 1135 2482 1232 2536; x_wconf 89' lang='lat' dir='ltr'><strong>pro</strong></span> <span class='ocrx_word' id='word_1_310' title='bbox 1275 2468 1490 2533; x_wconf 86' lang='lat' dir='ltr'><strong>ovibus,</strong></span> <span class='ocrx_word' id='word_1_311' title='bbox 1545 2485 1667 2524; x_wconf 90' lang='lat' dir='ltr'><strong>cum</strong></span> <span class='ocrx_word' id='word_1_312' title='bbox 1710 2470 1963 2540; x_wconf 91' lang='lat' dir='ltr'><strong>luporum</strong></span> 
     </span>
    </p>
   </div>
   <div class='ocr_carea' id='block_1_42' title="bbox 387 2557 1966 2627">
    <p class='ocr_par' dir='ltr' id='par_1_42' title="bbox 387 2557 1966 2627">
     <span class='ocr_line' id='line_1_42' title="bbox 387 2557 1966 2627; baseline 0.006 -18"><span class='ocrx_word' id='word_1_313' title='bbox 387 2565 650 2627; x_wconf 88' lang='lat' dir='ltr'><strong>parantur</strong></span> <span class='ocrx_word' id='word_1_314' title='bbox 696 2558 925 2613; x_wconf 81' lang='lat' dir='ltr'><strong>insidiae.</strong></span> <span class='ocrx_word' id='word_1_315' title='bbox 966 2557 1137 2624; x_wconf 80' lang='lat' dir='ltr'><strong>Igitur</strong></span> <span class='ocrx_word' id='word_1_316' title='bbox 1173 2558 1464 2615; x_wconf 84' lang='lat' dir='ltr'><strong>Marcellus</strong></span> <span class='ocrx_word' id='word_1_317' title='bbox 1492 2559 1804 2618; x_wconf 89' lang='lat' dir='ltr'><strong>Turbonem</strong></span> <span class='ocrx_word' id='word_1_318' title='bbox 1841 2580 1966 2618; x_wconf 88' lang='lat' dir='ltr'><strong>mu-</strong></span> 
     </span>
    </p>
   </div>
   <div class='ocr_carea' id='block_1_43' title="bbox 387 2647 1963 2724">
    <p class='ocr_par' dir='ltr' id='par_1_43' title="bbox 387 2647 1963 2724">
     <span class='ocr_line' id='line_1_43' title="bbox 387 2647 1963 2724; baseline 0.005 -23"><span class='ocrx_word' id='word_1_319' title='bbox 387 2649 609 2701; x_wconf 89' lang='lat' dir='ltr'><strong>neribus</strong></span> <span class='ocrx_word' id='word_1_320' title='bbox 644 2647 894 2716; x_wconf 87' lang='lat' dir='ltr'><strong>plurimis</strong></span> <span class='ocrx_word' id='word_1_321' title='bbox 931 2649 1154 2717; x_wconf 84' lang='lat' dir='ltr'><strong>replevit</strong></span> <span class='ocrx_word' id='word_1_322' title='bbox 1191 2648 1326 2721; x_wconf 78' lang='lat' dir='ltr'><strong>(5i),</strong></span> <span class='ocrx_word' id='word_1_323' title='bbox 1361 2659 1416 2704; x_wconf 91' lang='lat' dir='ltr'><strong>et</strong></span> <span class='ocrx_word' id='word_1_324' title='bbox 1454 2650 1506 2704; x_wconf 93' lang='lat' dir='ltr'><strong>in</strong></span> <span class='ocrx_word' id='word_1_325' title='bbox 1550 2651 1802 2708; x_wconf 80' lang='lat' dir='ltr'><strong>Archelai</strong></span> <span class='ocrx_word' id='word_1_326' title='bbox 1844 2654 1963 2724; x_wconf 85' lang='lat' dir='ltr'><strong>epi-</strong></span> 
     </span>
    </p>
   </div>
   <div class='ocr_carea' id='block_1_44' title="bbox 388 2738 1962 2812">
    <p class='ocr_par' dir='ltr' id='par_1_44' title="bbox 388 2738 1962 2812">
     <span class='ocr_line' id='line_1_44' title="bbox 388 2738 1962 2812; baseline 0.006 -20"><span class='ocrx_word' id='word_1_327' title='bbox 388 2740 538 2807; x_wconf 87' lang='lat' dir='ltr'><strong>scopi</strong></span> <span class='ocrx_word' id='word_1_328' title='bbox 573 2738 686 2808; x_wconf 69' lang='grc'>(52)</span> <span class='ocrx_word' id='word_1_329' title='bbox 715 2739 939 2793; x_wconf 83' lang='lat' dir='ltr'><strong>domum</strong></span> <span class='ocrx_word' id='word_1_330' title='bbox 967 2740 1207 2794; x_wconf 91' lang='lat' dir='ltr'><strong>residere</strong></span> <span class='ocrx_word' id='word_1_331' title='bbox 1241 2742 1518 2812; x_wconf 64' lang='lat' dir='ltr'><strong>praecepit.</strong></span> <span class='ocrx_word' id='word_1_332' title='bbox 1546 2741 1748 2798; x_wconf 87' lang='lat' dir='ltr'><strong>Eadem</strong></span> <span class='ocrx_word' id='word_1_333' title='bbox 1777 2755 1962 2802; x_wconf 83' lang='lat' dir='ltr'><strong>autem</strong></span> 
     </span>
    </p>
   </div>
   <div class='ocr_carea' id='block_1_45' title="bbox 387 2831 1960 2910">
    <p class='ocr_par' dir='ltr' id='par_1_45' title="bbox 387 2831 1960 2910">
     <span class='ocr_line' id='line_1_45' title="bbox 387 2831 1960 2910; baseline 0.008 -25"><span class='ocrx_word' id='word_1_334' title='bbox 387 2831 504 2901; x_wconf 88' lang='lat' dir='ltr'><strong>ipsa</strong></span> <span class='ocrx_word' id='word_1_335' title='bbox 523 2831 610 2885; x_wconf 90' lang='lat' dir='ltr'><strong>die</strong></span> <span class='ocrx_word' id='word_1_336' title='bbox 635 2833 947 2886; x_wconf 84' lang='lat' dir='ltr'><strong>adventavit</strong></span> <span class='ocrx_word' id='word_1_337' title='bbox 969 2831 1175 2898; x_wconf 83' lang='lat' dir='ltr'><strong>Manes,</strong></span> <span class='ocrx_word' id='word_1_338' title='bbox 1195 2835 1474 2890; x_wconf 87' lang='lat' dir='ltr'><strong>adducens</strong></span> <span class='ocrx_word' id='word_1_339' title='bbox 1498 2851 1686 2891; x_wconf 89' lang='lat' dir='ltr'><strong>secum</strong></span> <span class='ocrx_word' id='word_1_340' title='bbox 1708 2838 1960 2910; x_wconf 85' lang='lat' dir='ltr'><strong>juvenes,</strong></span> 
     </span>
    </p>
   </div>
   <div class='ocr_carea' id='block_1_46' title="bbox 384 2920 1963 2998">
    <p class='ocr_par' dir='ltr' id='par_1_46' title="bbox 384 2920 1963 2998">
     <span class='ocr_line' id='line_1_46' title="bbox 384 2920 1963 2998; baseline 0.008 -22"><span class='ocrx_word' id='word_1_341' title='bbox 384 2931 442 2976; x_wconf 90' lang='lat' dir='ltr'><strong>et</strong></span> <span class='ocrx_word' id='word_1_342' title='bbox 483 2921 721 2990; x_wconf 81' lang='lat' dir='ltr'><strong>virgines</strong></span> <span class='ocrx_word' id='word_1_343' title='bbox 768 2920 970 2977; x_wconf 78' lang='lat' dir='ltr'><strong>electos</strong></span> <span class='ocrx_word' id='word_1_344' title='bbox 1019 2923 1086 2978; x_wconf 89' lang='lat' dir='ltr'><strong>ad</strong></span> <span class='ocrx_word' id='word_1_345' title='bbox 1135 2923 1328 2995; x_wconf 82' lang='lat' dir='ltr'><strong>viginti</strong></span> <span class='ocrx_word' id='word_1_346' title='bbox 1375 2925 1487 2980; x_wconf 90' lang='lat' dir='ltr'><strong>duo</strong></span> <span class='ocrx_word' id='word_1_347' title='bbox 1511 2926 1626 2998; x_wconf 82' lang='grc'>(55)</span> <span class='ocrx_word' id='word_1_348' title='bbox 1661 2930 1826 2984; x_wconf 89' lang='lat' dir='ltr'><strong>simul</strong></span> <span class='ocrx_word' id='word_1_349' title='bbox 1861 2947 1875 2985; x_wconf 88' lang='lat'><strong>:</strong></span> <span class='ocrx_word' id='word_1_350' title='bbox 1908 2943 1963 2989; x_wconf 91' lang='lat' dir='ltr'><strong>et</strong></span> 
     </span>
    </p>
   </div>
   <div class='ocr_carea' id='block_1_47' title="bbox 384 3012 1964 3090">
    <p class='ocr_par' dir='ltr' id='par_1_47' title="bbox 384 3012 1964 3090">
     <span class='ocr_line' id='line_1_47' title="bbox 384 3012 1964 3090; baseline 0.008 -24"><span class='ocrx_word' id='word_1_351' title='bbox 384 3012 565 3084; x_wconf 89' lang='lat' dir='ltr'><strong>primo</strong></span> <span class='ocrx_word' id='word_1_352' title='bbox 603 3013 851 3068; x_wconf 89' lang='lat' dir='ltr'><strong>omnium</strong></span> <span class='ocrx_word' id='word_1_353' title='bbox 906 3012 1220 3070; x_wconf 86' lang='lat' dir='ltr'><strong>Turbonem</strong></span> <span class='ocrx_word' id='word_1_354' title='bbox 1259 3018 1571 3086; x_wconf 88' lang='lat' dir='ltr'><strong>requirebat</strong></span> <span class='ocrx_word' id='word_1_355' title='bbox 1603 3017 1716 3090; x_wconf 75' lang='grc'>(54)</span> <span class='ocrx_word' id='word_1_356' title='bbox 1751 3037 1850 3090; x_wconf 91' lang='lat' dir='ltr'><strong>pro</strong></span> <span class='ocrx_word' id='word_1_357' title='bbox 1880 3023 1964 3079; x_wconf 83' lang='lat' dir='ltr'><strong>fo-</strong></span> 
     </span>
    </p>
   </div>
   <div class='ocr_carea' id='block_1_48' title="bbox 383 3105 1960 3178">
    <p class='ocr_par' dir='ltr' id='par_1_48' title="bbox 383 3105 1960 3178">
     <span class='ocr_line' id='line_1_48' title="bbox 383 3105 1960 3178; baseline 0.007 -18"><span class='ocrx_word' id='word_1_358' title='bbox 383 3107 538 3163; x_wconf 89' lang='lat' dir='ltr'><strong>ribus</strong></span> <span class='ocrx_word' id='word_1_359' title='bbox 569 3105 842 3175; x_wconf 85' lang='lat' dir='ltr'><strong>Marcelli;</strong></span> <span class='ocrx_word' id='word_1_360' title='bbox 872 3123 1034 3178; x_wconf 89' lang='lat' dir='ltr'><strong>quem</strong></span> <span class='ocrx_word' id='word_1_361' title='bbox 1066 3124 1192 3164; x_wconf 90' lang='lat' dir='ltr'><strong>cum</strong></span> <span class='ocrx_word' id='word_1_362' title='bbox 1224 3124 1333 3163; x_wconf 91' lang='lat' dir='ltr'><strong>non</strong></span> <span class='ocrx_word' id='word_1_363' title='bbox 1367 3111 1688 3178; x_wconf 89' lang='lat' dir='ltr'><strong>invenisset,</strong></span> <span class='ocrx_word' id='word_1_364' title='bbox 1713 3113 1779 3168; x_wconf 91' lang='lat' dir='ltr'><strong>ad</strong></span> <span class='ocrx_word' id='word_1_365' title='bbox 1812 3114 1960 3171; x_wconf 81' lang='lat' dir='ltr'><strong>Mar-</strong></span> 
     </span>
    </p>
   </div>
   <div class='ocr_carea' id='block_1_49' title="bbox 380 3245 1959 3317">
    <p class='ocr_par' dir='ltr' id='par_1_49' title="bbox 380 3245 1959 3317">
     <span class='ocr_line' id='line_1_49' title="bbox 380 3245 1959 3317; baseline 0 -13"><span class='ocrx_word' id='word_1_366' title='bbox 380 3254 438 3304; x_wconf 78' lang='lat' dir='ltr'><strong>et</strong></span> <span class='ocrx_word' id='word_1_367' title='bbox 468 3245 758 3317; x_wconf 80' lang='lat' dir='ltr'><strong>duodecim</strong></span> <span class='ocrx_word' id='word_1_368' title='bbox 784 3245 1198 3317; x_wconf 77' lang='lat' dir='ltr'><strong>gubernatores,</strong></span> <span class='ocrx_word' id='word_1_369' title='bbox 1231 3253 1287 3317; x_wconf 85' lang='lat' dir='ltr'><strong>et</strong></span> <span class='ocrx_word' id='word_1_370' title='bbox 1320 3246 1470 3317; x_wconf 88' lang='lat' dir='ltr'><strong>virgo</strong></span> <span class='ocrx_word' id='word_1_371' title='bbox 1497 3246 1656 3306; x_wconf 89' lang='lat' dir='ltr'><strong>lucis.</strong></span> <span class='ocrx_word' id='word_1_372' title='bbox 1689 3257 1744 3304; x_wconf 87' lang='lat' dir='ltr'><strong>et</strong></span> <span class='ocrx_word' id='word_1_373' title='bbox 1776 3249 1959 3304; x_wconf 89' lang='lat' dir='ltr'><strong>senior</strong></span> 
     </span>
    </p>
   </div>
   <div class='ocr_carea' id='block_1_50' title="bbox 382 3315 1956 3388">
    <p class='ocr_par' dir='ltr' id='par_1_50' title="bbox 382 3315 1956 3388">
     <span class='ocr_line' id='line_1_50' title="bbox 382 3315 1956 3388; baseline 0.001 -16"><span class='ocrx_word' id='word_1_374' title='bbox 382 3317 597 3372; x_wconf 88' lang='lat' dir='ltr'><strong>tertius.</strong></span> <span class='ocrx_word' id='word_1_375' title='bbox 635 3315 870 3371; x_wconf 17' lang='lat' dir='ltr'><strong>Undeiet</strong></span> <span class='ocrx_word' id='word_1_376' title='bbox 889 3316 1069 3388; x_wconf 84' lang='lat' dir='ltr'><strong>major</strong></span> <span class='ocrx_word' id='word_1_377' title='bbox 1082 3317 1143 3388; x_wconf 76' lang='lat' dir='ltr'><strong>in</strong></span> <span class='ocrx_word' id='word_1_378' title='bbox 1169 3316 1292 3368; x_wconf 91' lang='lat' dir='ltr'><strong>navi</strong></span> <span class='ocrx_word' id='word_1_379' title='bbox 1317 3315 1504 3388; x_wconf 68' lang='lat' dir='ltr'><strong>vivens</strong></span> <span class='ocrx_word' id='word_1_380' title='bbox 1535 3319 1771 3388; x_wconf 65' lang='lat' dir='ltr'><strong>Spiritus</strong></span> <span class='ocrx_word' id='word_1_381' title='bbox 1797 3322 1956 3374; x_wconf 88' lang='lat' dir='ltr'><strong>adhi-</strong></span> 
     </span>
    </p>
   </div>
   <div class='ocr_carea' id='block_1_51' title="bbox 383 3385 1960 3456">
    <p class='ocr_par' dir='ltr' id='par_1_51' title="bbox 383 3385 1960 3456">
     <span class='ocr_line' id='line_1_51' title="bbox 383 3385 1960 3456; baseline 0.001 -14"><span class='ocrx_word' id='word_1_382' title='bbox 383 3389 564 3452; x_wconf 86' lang='lat' dir='ltr'><strong>betur,</strong></span> <span class='ocrx_word' id='word_1_383' title='bbox 590 3397 643 3441; x_wconf 91' lang='lat' dir='ltr'><strong>et</strong></span> <span class='ocrx_word' id='word_1_384' title='bbox 670 3402 860 3441; x_wconf 88' lang='lat' dir='ltr'><strong>murus</strong></span> <span class='ocrx_word' id='word_1_385' title='bbox 892 3387 1032 3456; x_wconf 84' lang='lat' dir='ltr'><strong>ignis</strong></span> <span class='ocrx_word' id='word_1_386' title='bbox 1059 3385 1422 3456; x_wconf 82' lang='lat' dir='ltr'><strong>illiusmagni,</strong></span> <span class='ocrx_word' id='word_1_387' title='bbox 1442 3396 1494 3440; x_wconf 90' lang='lat' dir='ltr'><strong>et</strong></span> <span class='ocrx_word' id='word_1_388' title='bbox 1525 3385 1718 3443; x_wconf 51' lang='lat' dir='ltr'><strong>m&#39;nrus‘</strong></span> <span class='ocrx_word' id='word_1_389' title='bbox 1747 3392 1888 3444; x_wconf 87' lang='lat' dir='ltr'><strong>venti</strong></span> <span class='ocrx_word' id='word_1_390' title='bbox 1906 3399 1960 3444; x_wconf 88' lang='lat' dir='ltr'><strong>et</strong></span> 
     </span>
    </p>
   </div>
   <div class='ocr_carea' id='block_1_52' title="bbox 378 3457 1958 3526">
    <p class='ocr_par' dir='ltr' id='par_1_52' title="bbox 378 3457 1958 3526">
     <span class='ocr_line' id='line_1_52' title="bbox 378 3457 1958 3526; baseline 0.004 -19"><span class='ocrx_word' id='word_1_391' title='bbox 378 3459 546 3522; x_wconf 85' lang='lat' dir='ltr'><strong>aeris,</strong></span> <span class='ocrx_word' id='word_1_392' title='bbox 563 3467 765 3526; x_wconf 88' lang='lat' dir='ltr'><strong>etaqua</strong></span> <span class='ocrx_word' id='word_1_393' title='bbox 783 3457 1057 3510; x_wconf 91' lang='lat' dir='ltr'><strong>interioris</strong></span> <span class='ocrx_word' id='word_1_394' title='bbox 1076 3457 1213 3523; x_wconf 83' lang='lat' dir='ltr'><strong>ignis</strong></span> <span class='ocrx_word' id='word_1_395' title='bbox 1230 3458 1540 3526; x_wconf 86' lang='lat' dir='ltr'><strong>vivensque.</strong></span> <span class='ocrx_word' id='word_1_396' title='bbox 1557 3457 1750 3514; x_wconf 89' lang='lat' dir='ltr'><strong>Omnia</strong></span> <span class='ocrx_word' id='word_1_397' title='bbox 1765 3461 1815 3514; x_wconf 93' lang='lat' dir='ltr'><strong>in</strong></span> <span class='ocrx_word' id='word_1_398' title='bbox 1833 3462 1958 3514; x_wconf 89' lang='lat' dir='ltr'><strong>luna</strong></span> 
     </span>
    </p>
   </div>
   <div class='ocr_carea' id='block_1_53' title="bbox 383 3529 1960 3600">
    <p class='ocr_par' dir='ltr' id='par_1_53' title="bbox 383 3529 1960 3600">
     <span class='ocr_line' id='line_1_53' title="bbox 383 3529 1960 3600; baseline 0.001 -18"><span class='ocrx_word' id='word_1_399' title='bbox 383 3529 708 3600; x_wconf 75' lang='lat' dir='ltr'><strong>habitabant</strong></span> <span class='ocrx_word' id='word_1_400' title='bbox 748 3541 1035 3596; x_wconf 87' lang='lat' dir='ltr'><strong>usquequo</strong></span> <span class='ocrx_word' id='word_1_401' title='bbox 1086 3537 1256 3580; x_wconf 91' lang='lat' dir='ltr'><strong>totum</strong></span> <span class='ocrx_word' id='word_1_402' title='bbox 1292 3529 1554 3582; x_wconf 88' lang='lat' dir='ltr'><strong>mundum</strong></span> <span class='ocrx_word' id='word_1_403' title='bbox 1598 3530 1741 3600; x_wconf 83' lang='lat' dir='ltr'><strong>ignis</strong></span> <span class='ocrx_word' id='word_1_404' title='bbox 1794 3532 1960 3586; x_wconf 90' lang='lat' dir='ltr'><strong>absu-</strong></span> 
     </span>
    </p>
   </div>
   <div class='ocr_carea' id='block_1_54' title="bbox 382 3599 1959 3666">
    <p class='ocr_par' dir='ltr' id='par_1_54' title="bbox 382 3599 1959 3666">
     <span class='ocr_line' id='line_1_54' title="bbox 382 3599 1959 3666; baseline 0.002 -14"><span class='ocrx_word' id='word_1_405' title='bbox 382 3608 530 3664; x_wconf 85' lang='lat' dir='ltr'><strong>mat;</strong></span> <span class='ocrx_word' id='word_1_406' title='bbox 565 3599 816 3666; x_wconf 17' lang='lat' dir='ltr'><strong>iniquem</strong></span> <span class='ocrx_word' id='word_1_407' title='bbox 865 3609 1044 3652; x_wconf 87' lang='lat' dir='ltr'><strong>autem</strong></span> <span class='ocrx_word' id='word_1_408' title='bbox 1097 3612 1366 3651; x_wconf 88' lang='lat' dir='ltr'><strong>annorum</strong></span> <span class='ocrx_word' id='word_1_409' title='bbox 1406 3599 1692 3654; x_wconf 87' lang='lat' dir='ltr'><strong>numerum</strong></span> <span class='ocrx_word' id='word_1_410' title='bbox 1724 3616 1834 3656; x_wconf 85' lang='lat' dir='ltr'><strong>non</strong></span> <span class='ocrx_word' id='word_1_411' title='bbox 1875 3604 1959 3656; x_wconf 87' lang='lat' dir='ltr'><strong>di-</strong></span> 
     </span>
    </p>
   </div>
   <div class='ocr_carea' id='block_1_55' title="bbox 382 3665 1957 3739">
    <p class='ocr_par' dir='ltr' id='par_1_55' title="bbox 382 3665 1957 3739">
     <span class='ocr_line' id='line_1_55' title="bbox 382 3665 1957 3739; baseline 0.003 -17"><span class='ocrx_word' id='word_1_412' title='bbox 382 3669 513 3722; x_wconf 87' lang='lat' dir='ltr'><strong>dici.</strong></span> <span class='ocrx_word' id='word_1_413' title='bbox 541 3686 558 3719; x_wconf 79' lang='grc' dir='ltr'><strong>ι</strong></span> <span class='ocrx_word' id='word_1_414' title='bbox 595 3665 1034 3739; x_wconf 79' lang='lat' dir='ltr'><strong>Videturautem</strong></span> <span class='ocrx_word' id='word_1_415' title='bbox 1087 3670 1345 3736; x_wconf 89' lang='lat' dir='ltr'><strong>antiquus</strong></span> <span class='ocrx_word' id='word_1_416' title='bbox 1372 3668 1641 3739; x_wconf 89' lang='lat' dir='ltr'><strong>interpres</strong></span> <span class='ocrx_word' id='word_1_417' title='bbox 1681 3688 1786 3726; x_wconf 92' lang='lat' dir='ltr'><strong>non</strong></span> <span class='ocrx_word' id='word_1_418' title='bbox 1821 3673 1957 3726; x_wconf 89' lang='lat' dir='ltr'><strong>bene</strong></span> 
     </span>
    </p>
   </div>
   <div class='ocr_carea' id='block_1_56' title="bbox 386 3738 1952 3806">
    <p class='ocr_par' dir='ltr' id='par_1_56' title="bbox 386 3738 1952 3806">
     <span class='ocr_line' id='line_1_56' title="bbox 386 3738 1952 3806; baseline 0.003 -14"><span class='ocrx_word' id='word_1_419' title='bbox 386 3739 722 3792; x_wconf 84' lang='lat' dir='ltr'><strong>intellexisse</strong></span> <span class='ocrx_word' id='word_1_420' title='bbox 753 3738 1079 3806; x_wconf 87' lang='lat' dir='ltr'><strong>quibusdam</strong></span> <span class='ocrx_word' id='word_1_421' title='bbox 1126 3739 1179 3791; x_wconf 92' lang='lat' dir='ltr'><strong>in</strong></span> <span class='ocrx_word' id='word_1_422' title='bbox 1215 3740 1349 3793; x_wconf 90' lang='lat' dir='ltr'><strong>locis</strong></span> <span class='ocrx_word' id='word_1_423' title='bbox 1383 3741 1491 3792; x_wconf 88' lang='lat' dir='ltr'><strong>vim</strong></span> <span class='ocrx_word' id='word_1_424' title='bbox 1518 3738 1698 3796; x_wconf 32' lang='lat' dir='ltr'><strong>’Grazci</strong></span> <span class='ocrx_word' id='word_1_425' title='bbox 1748 3751 1952 3805; x_wconf 88' lang='lat' dir='ltr'><strong>textus,</strong></span> 
     </span>
    </p>
   </div>
   <div class='ocr_carea' id='block_1_57' title="bbox 381 3807 1954 3878">
    <p class='ocr_par' dir='ltr' id='par_1_57' title="bbox 381 3807 1954 3878">
     <span class='ocr_line' id='line_1_57' title="bbox 381 3807 1954 3878; baseline 0.002 -15"><span class='ocrx_word' id='word_1_426' title='bbox 381 3811 543 3878; x_wconf 81' lang='lat' dir='ltr'><strong>cujus</strong></span> <span class='ocrx_word' id='word_1_427' title='bbox 583 3809 748 3862; x_wconf 89' lang='lat' dir='ltr'><strong>verba</strong></span> <span class='ocrx_word' id='word_1_428' title='bbox 782 3809 925 3878; x_wconf 88' lang='lat' dir='ltr'><strong>apud</strong></span> <span class='ocrx_word' id='word_1_429' title='bbox 955 3807 1318 3878; x_wconf 82' lang='lat' dir='ltr'><strong>Epiphanium</strong></span> <span class='ocrx_word' id='word_1_430' title='bbox 1344 3809 1416 3863; x_wconf 89' lang='lat' dir='ltr'><strong>ita</strong></span> <span class='ocrx_word' id='word_1_431' title='bbox 1447 3809 1639 3866; x_wconf 87' lang='lat' dir='ltr'><strong>Latine</strong></span> <span class='ocrx_word' id='word_1_432' title='bbox 1667 3822 1868 3867; x_wconf 89' lang='lat' dir='ltr'><strong>sonant</strong></span> <span class='ocrx_word' id='word_1_433' title='bbox 1889 3827 1954 3866; x_wconf 87' lang='lat' dir='ltr'><strong>ex</strong></span> 
     </span>
    </p>
   </div>
   <div class='ocr_carea' id='block_1_58' title="bbox 381 3880 1958 3952">
    <p class='ocr_par' dir='ltr' id='par_1_58' title="bbox 381 3880 1958 3952">
     <span class='ocr_line' id='line_1_58' title="bbox 381 3880 1958 3952; baseline 0.004 -20"><span class='ocrx_word' id='word_1_434' title='bbox 381 3880 634 3952; x_wconf 83' lang='lat' dir='ltr'><strong>versione</strong></span> <span class='ocrx_word' id='word_1_435' title='bbox 659 3887 845 3933; x_wconf 83' lang='lat' dir='ltr'><strong>nostra</strong></span> <span class='ocrx_word' id='word_1_436' title='bbox 885 3896 899 3933; x_wconf 90' lang='lat'><strong>:</strong></span> <span class='ocrx_word' id='word_1_437' title='bbox 937 3896 956 3929; x_wconf 79' lang='grc' dir='ltr'><strong>ι</strong></span> <span class='ocrx_word' id='word_1_438' title='bbox 977 3880 1204 3952; x_wconf 63' lang='lat' dir='ltr'><strong>Cunctae</strong></span> <span class='ocrx_word' id='word_1_439' title='bbox 1233 3883 1827 3952; x_wconf 28' lang='lat' dir='ltr'><strong>vero;pr0pagationes,</strong></span> <span class='ocrx_word' id='word_1_440' title='bbox 1859 3899 1958 3938; x_wconf 89' lang='lat' dir='ltr'><strong>seu</strong></span> 
     </span>
    </p>
   </div>
   <div class='ocr_carea' id='block_1_59' title="bbox 382 3948 1954 4021">
    <p class='ocr_par' dir='ltr' id='par_1_59' title="bbox 382 3948 1954 4021">
     <span class='ocr_line' id='line_1_59' title="bbox 382 3948 1954 4021; baseline 0.003 -18"><span class='ocrx_word' id='word_1_441' title='bbox 382 3949 712 4021; x_wconf 79' lang='lat' dir='ltr'><strong>prolationes</strong></span> <span class='ocrx_word' id='word_1_442' title='bbox 744 3957 1074 4021; x_wconf 81' lang='lat' dir='ltr'><strong>potestatum</strong></span> <span class='ocrx_word' id='word_1_443' title='bbox 1100 3964 1167 4002; x_wconf 88' lang='lat' dir='ltr'><strong>ex</strong></span> <span class='ocrx_word' id='word_1_444' title='bbox 1190 3950 1334 4003; x_wconf 89' lang='lat' dir='ltr'><strong>bono</strong></span> <span class='ocrx_word' id='word_1_445' title='bbox 1363 3948 1738 4021; x_wconf 55' lang='lat' dir='ltr'><strong>Deo,&#39;nempe,</strong></span> <span class='ocrx_word' id='word_1_446' title='bbox 1771 3950 1954 4018; x_wconf 69' lang='lat' dir='ltr'><strong>Iesus,</strong></span> 
     </span>
    </p>
   </div>
   <div class='ocr_carea' id='block_1_60' title="bbox 378 4018 1949 4093">
    <p class='ocr_par' dir='ltr' id='par_1_60' title="bbox 378 4018 1949 4093">
     <span class='ocr_line' id='line_1_60' title="bbox 378 4018 1949 4093; baseline 0.002 -20"><span class='ocrx_word' id='word_1_447' title='bbox 378 4018 474 4091; x_wconf 77' lang='lat' dir='ltr'><strong>qui</strong></span> <span class='ocrx_word' id='word_1_448' title='bbox 506 4021 559 4073; x_wconf 91' lang='lat' dir='ltr'><strong>in</strong></span> <span class='ocrx_word' id='word_1_449' title='bbox 595 4019 792 4093; x_wconf 80' lang='lat' dir='ltr'><strong>minori</strong></span> <span class='ocrx_word' id='word_1_450' title='bbox 825 4018 1041 4093; x_wconf 80' lang='lat' dir='ltr'><strong>navigio</strong></span> <span class='ocrx_word' id='word_1_451' title='bbox 1059 4027 1264 4093; x_wconf 85' lang='lat' dir='ltr'><strong>manet,</strong></span> <span class='ocrx_word' id='word_1_452' title='bbox 1289 4019 1492 4093; x_wconf 70' lang='lat' dir='ltr'><strong>et_vit_aa</strong></span> <span class='ocrx_word' id='word_1_453' title='bbox 1524 4018 1730 4093; x_wconf 80' lang='lat' dir='ltr'><strong>mater,</strong></span> <span class='ocrx_word' id='word_1_454' title='bbox 1759 4031 1814 4076; x_wconf 89' lang='lat' dir='ltr'><strong>et</strong></span> <span class='ocrx_word' id='word_1_455' title='bbox 1845 4039 1949 4093; x_wconf 87' lang='lat' dir='ltr'><strong>gu-</strong></span> 
     </span>
    </p>
   </div>
   <div class='ocr_carea' id='block_1_61' title="bbox 383 4089 1955 4158">
    <p class='ocr_par' dir='ltr' id='par_1_61' title="bbox 383 4089 1955 4158">
     <span class='ocr_line' id='line_1_61' title="bbox 383 4089 1955 4158; baseline 0 -12"><span class='ocrx_word' id='word_1_456' title='bbox 383 4089 703 4146; x_wconf 82' lang='lat' dir='ltr'><strong>bernatores</strong></span> <span class='ocrx_word' id='word_1_457' title='bbox 735 4089 1047 4153; x_wconf 89' lang='lat' dir='ltr'><strong>duodecim,</strong></span> <span class='ocrx_word' id='word_1_458' title='bbox 1071 4098 1125 4142; x_wconf 84' lang='lat' dir='ltr'><strong>et</strong></span> <span class='ocrx_word' id='word_1_459' title='bbox 1154 4090 1308 4158; x_wconf 88' lang='lat' dir='ltr'><strong>virgo</strong></span> <span class='ocrx_word' id='word_1_460' title='bbox 1348 4090 1508 4156; x_wconf 90' lang='lat' dir='ltr'><strong>lucis,</strong></span> <span class='ocrx_word' id='word_1_461' title='bbox 1543 4099 1598 4144; x_wconf 90' lang='lat' dir='ltr'><strong>et</strong></span> <span class='ocrx_word' id='word_1_462' title='bbox 1619 4092 1806 4146; x_wconf 89' lang='lat' dir='ltr'><strong>senior</strong></span> <span class='ocrx_word' id='word_1_463' title='bbox 1839 4089 1955 4146; x_wconf 63' lang='lat' dir='ltr'><strong>t&#39;er-</strong></span> 
     </span>
    </p>
   </div>
   <div class='ocr_carea' id='block_1_62' title="bbox 383 4158 1958 4232">
    <p class='ocr_par' dir='ltr' id='par_1_62' title="bbox 383 4158 1958 4232">
     <span class='ocr_line' id='line_1_62' title="bbox 383 4158 1958 4232; baseline 0.001 -18"><span class='ocrx_word' id='word_1_464' title='bbox 383 4163 514 4232; x_wconf 82' lang='lat' dir='ltr'><strong>tius,</strong></span> <span class='ocrx_word' id='word_1_465' title='bbox 553 4160 647 4232; x_wconf 85' lang='lat' dir='ltr'><strong>qui</strong></span> <span class='ocrx_word' id='word_1_466' title='bbox 682 4159 737 4212; x_wconf 91' lang='lat' dir='ltr'><strong>in</strong></span> <span class='ocrx_word' id='word_1_467' title='bbox 770 4159 976 4232; x_wconf 84' lang='lat' dir='ltr'><strong>majore</strong></span> <span class='ocrx_word' id='word_1_468' title='bbox 999 4158 1214 4228; x_wconf 87' lang='lat' dir='ltr'><strong>navigio</strong></span> <span class='ocrx_word' id='word_1_469' title='bbox 1232 4158 1450 4224; x_wconf 85' lang='lat' dir='ltr'><strong>residet,</strong></span> <span class='ocrx_word' id='word_1_470' title='bbox 1482 4166 1538 4214; x_wconf 89' lang='lat' dir='ltr'><strong>et</strong></span> <span class='ocrx_word' id='word_1_471' title='bbox 1562 4163 1756 4232; x_wconf 87' lang='lat' dir='ltr'><strong>vivens</strong></span> <span class='ocrx_word' id='word_1_472' title='bbox 1784 4159 1958 4230; x_wconf 85' lang='lat' dir='ltr'><strong>Spiri-</strong></span> 
     </span>
    </p>
   </div>
   <div class='ocr_carea' id='block_1_63' title="bbox 382 4229 1953 4300">
    <p class='ocr_par' dir='ltr' id='par_1_63' title="bbox 382 4229 1953 4300">
     <span class='ocr_line' id='line_1_63' title="bbox 382 4229 1953 4300; baseline 0.001 -14"><span class='ocrx_word' id='word_1_473' title='bbox 382 4229 477 4286; x_wconf 78' lang='lat' dir='ltr'><strong>tus</strong></span> <span class='ocrx_word' id='word_1_474' title='bbox 501 4239 554 4284; x_wconf 93' lang='lat' dir='ltr'><strong>et</strong></span> <span class='ocrx_word' id='word_1_475' title='bbox 582 4229 814 4300; x_wconf 86' lang='lat' dir='ltr'><strong>ingentis</strong></span> <span class='ocrx_word' id='word_1_476' title='bbox 837 4230 978 4300; x_wconf 82' lang='lat' dir='ltr'><strong>ignis</strong></span> <span class='ocrx_word' id='word_1_477' title='bbox 1008 4243 1220 4294; x_wconf 88' lang='lat' dir='ltr'><strong>murus,</strong></span> <span class='ocrx_word' id='word_1_478' title='bbox 1243 4237 1297 4300; x_wconf 85' lang='lat' dir='ltr'><strong>ct</strong></span> <span class='ocrx_word' id='word_1_479' title='bbox 1314 4243 1504 4285; x_wconf 88' lang='lat' dir='ltr'><strong>murus</strong></span> <span class='ocrx_word' id='word_1_480' title='bbox 1529 4231 1766 4293; x_wconf 89' lang='lat' dir='ltr'><strong>venti,et</strong></span> <span class='ocrx_word' id='word_1_481' title='bbox 1786 4229 1953 4298; x_wconf 84' lang='lat' dir='ltr'><strong>aeris,</strong></span> 
     </span>
    </p>
   </div>
   <div class='ocr_carea' id='block_1_64' title="bbox 379 4298 1952 4374">
    <p class='ocr_par' dir='ltr' id='par_1_64' title="bbox 379 4298 1952 4374">
     <span class='ocr_line' id='line_1_64' title="bbox 379 4298 1952 4374; baseline 0 -18"><span class='ocrx_word' id='word_1_482' title='bbox 379 4311 434 4356; x_wconf 87' lang='lat' dir='ltr'><strong>et</strong></span> <span class='ocrx_word' id='word_1_483' title='bbox 465 4298 727 4374; x_wconf 40' lang='lat' dir='ltr'><strong>aquila—et</strong></span> <span class='ocrx_word' id='word_1_484' title='bbox 758 4298 1030 4374; x_wconf 66' lang='lat' dir='ltr'><strong>interioris</strong></span> <span class='ocrx_word' id='word_1_485' title='bbox 1061 4300 1202 4368; x_wconf 87' lang='lat' dir='ltr'><strong>ignis</strong></span> <span class='ocrx_word' id='word_1_486' title='bbox 1244 4299 1502 4374; x_wconf 75' lang='lat' dir='ltr'><strong>viventis;</strong></span> <span class='ocrx_word' id='word_1_487' title='bbox 1550 4302 1653 4366; x_wconf 77' lang='lat' dir='ltr'><strong>lue,</strong></span> <span class='ocrx_word' id='word_1_488' title='bbox 1705 4301 1952 4374; x_wconf 79' lang='lat' dir='ltr'><strong>inquam,</strong></span> 
     </span>
    </p>
   </div>
   <div class='ocr_carea' id='block_1_65' title="bbox 381 4368 1949 4442">
    <p class='ocr_par' dir='ltr' id='par_1_65' title="bbox 381 4368 1949 4442">
     <span class='ocr_line' id='line_1_65' title="bbox 381 4368 1949 4442; baseline 0.001 -16"><span class='ocrx_word' id='word_1_489' title='bbox 381 4368 575 4427; x_wconf 79' lang='lat' dir='ltr'><strong>omnes</strong></span> <span class='ocrx_word' id='word_1_490' title='bbox 604 4369 1041 4442; x_wconf 82' lang='lat' dir='ltr'><strong>propagationes,</strong></span> <span class='ocrx_word' id='word_1_491' title='bbox 1075 4385 1170 4424; x_wconf 91' lang='lat' dir='ltr'><strong>seu</strong></span> <span class='ocrx_word' id='word_1_492' title='bbox 1201 4368 1555 4442; x_wconf 85' lang='lat' dir='ltr'><strong>prolationes,</strong></span> <span class='ocrx_word' id='word_1_493' title='bbox 1587 4371 1732 4442; x_wconf 90' lang='lat' dir='ltr'><strong>apud</strong></span> <span class='ocrx_word' id='word_1_494' title='bbox 1763 4368 1949 4428; x_wconf 83' lang='lat' dir='ltr'><strong>minus</strong></span> 
     </span>
    </p>
   </div>
   <div class='ocr_carea' id='block_1_66' title="bbox 380 4440 1955 4510">
    <p class='ocr_par' dir='ltr' id='par_1_66' title="bbox 380 4440 1955 4510">
     <span class='ocr_line' id='line_1_66' title="bbox 380 4440 1955 4510; baseline -0.001 -13"><span class='ocrx_word' id='word_1_495' title='bbox 380 4442 651 4497; x_wconf 85' lang='lat' dir='ltr'><strong>luminare</strong></span> <span class='ocrx_word' id='word_1_496' title='bbox 679 4440 944 4507; x_wconf 81' lang='lat' dir='ltr'><strong>habitant,</strong></span> <span class='ocrx_word' id='word_1_497' title='bbox 972 4455 1258 4510; x_wconf 87' lang='lat' dir='ltr'><strong>quousque</strong></span> <span class='ocrx_word' id='word_1_498' title='bbox 1284 4440 1422 4508; x_wconf 80' lang='lat' dir='ltr'><strong>ignis</strong></span> <span class='ocrx_word' id='word_1_499' title='bbox 1449 4440 1764 4497; x_wconf 80' lang='lat' dir='ltr'><strong>universum</strong></span> <span class='ocrx_word' id='word_1_500' title='bbox 1795 4458 1955 4496; x_wconf 86' lang='lat' dir='ltr'><strong>mun—</strong></span> 
     </span>
    </p>
   </div>
   <div class='ocr_carea' id='block_1_67' title="bbox 379 4511 1953 4582">
    <p class='ocr_par' dir='ltr' id='par_1_67' title="bbox 379 4511 1953 4582">
     <span class='ocr_line' id='line_1_67' title="bbox 379 4511 1953 4582; baseline -0.001 -15"><span class='ocrx_word' id='word_1_501' title='bbox 379 4517 509 4568; x_wconf 86' lang='lat' dir='ltr'><strong>dum</strong></span> <span class='ocrx_word' id='word_1_502' title='bbox 544 4512 830 4576; x_wconf 86' lang='lat' dir='ltr'><strong>absumat;</strong></span> <span class='ocrx_word' id='word_1_503' title='bbox 857 4511 907 4564; x_wconf 91' lang='lat' dir='ltr'><strong>id</strong></span> <span class='ocrx_word' id='word_1_504' title='bbox 957 4511 1102 4578; x_wconf 88' lang='lat' dir='ltr'><strong>quod</strong></span> <span class='ocrx_word' id='word_1_505' title='bbox 1140 4518 1291 4565; x_wconf 90' lang='lat' dir='ltr'><strong>certo</strong></span> <span class='ocrx_word' id='word_1_506' title='bbox 1315 4525 1585 4582; x_wconf 79' lang='lat' dir='ltr'><strong>annorum</strong></span> <span class='ocrx_word' id='word_1_507' title='bbox 1615 4513 1792 4582; x_wconf 87' lang='lat' dir='ltr'><strong>spatio</strong></span> <span class='ocrx_word' id='word_1_508' title='bbox 1817 4528 1953 4566; x_wconf 77' lang='lat' dir='ltr'><strong>con-</strong></span> 
     </span>
    </p>
   </div>
   <div class='ocr_carea' id='block_1_68' title="bbox 380 4558 2028 4651">
    <p class='ocr_par' dir='ltr' id='par_1_68' title="bbox 380 4558 2028 4651">
     <span class='ocr_line' id='line_1_68' title="bbox 380 4558 2028 4651; baseline 0 -14"><span class='ocrx_word' id='word_1_509' title='bbox 380 4558 833 4651; x_wconf 46' lang='lat' dir='ltr'><strong>{ingeniam</strong></span> <span class='ocrx_word' id='word_1_510' title='bbox 857 4558 1587 4638; x_wconf 64' lang='grc' dir='ltr'><strong>’ἧυιῦἑέιῖω“ιίἐὲρῖὄξῖ’ἐόὶ1</strong></span> <span class='ocrx_word' id='word_1_511' title='bbox 1615 4558 1802 4638; x_wconf 47' lang='lat' dir='ltr'><strong>deli-is</strong></span> <span class='ocrx_word' id='word_1_512' title='bbox 1819 4558 1922 4637; x_wconf 68' lang='grc' dir='ltr'><strong>Ῑιὶξί</strong></span> <span class='ocrx_word' id='word_1_513' title='bbox 1933 4611 1950 4624; x_wconf 69' lang='grc' dir='ltr'><strong><em>ε</em></strong></span> <span class='ocrx_word' id='word_1_514' title='bbox 1984 4558 2028 4616; x_wconf 77' lang='grc' dir='ltr'>ι)</span> 
     </span>
    </p>
   </div>
   <div class='ocr_carea' id='block_1_69' title="bbox 382 4651 1948 4722">
    <p class='ocr_par' dir='ltr' id='par_1_69' title="bbox 382 4651 1948 4722">
     <span class='ocr_line' id='line_1_69' title="bbox 382 4651 1948 4722; baseline 0.001 -15"><span class='ocrx_word' id='word_1_515' title='bbox 382 4653 714 4722; x_wconf 70' lang='grc' dir='ltr'>ιιίοιιαιωςιιιιι</span> <span class='ocrx_word' id='word_1_516' title='bbox 745 4651 961 4719; x_wconf 89' lang='lat' dir='ltr'><strong>ineptiis</strong></span> <span class='ocrx_word' id='word_1_517' title='bbox 985 4651 1327 4722; x_wconf 81' lang='lat' dir='ltr'><strong>commodior</strong></span> <span class='ocrx_word' id='word_1_518' title='bbox 1356 4651 1514 4708; x_wconf 90' lang='lat' dir='ltr'><strong>nobis</strong></span> <span class='ocrx_word' id='word_1_519' title='bbox 1557 4652 1752 4722; x_wconf 78' lang='lat' dir='ltr'><strong>agendi</strong></span> <span class='ocrx_word' id='word_1_520' title='bbox 1795 4653 1948 4708; x_wconf 88' lang='lat' dir='ltr'><strong>locus</strong></span> 
     </span>
    </p>
   </div>
   <div class='ocr_carea' id='block_1_70' title="bbox 382 4721 1310 4778">
    <p class='ocr_par' dir='ltr' id='par_1_70' title="bbox 382 4721 1310 4778">
     <span class='ocr_line' id='line_1_70' title="bbox 382 4721 1310 4778; baseline -0.002 -1"><span class='ocrx_word' id='word_1_521' title='bbox 382 4724 490 4778; x_wconf 85' lang='lat' dir='ltr'><strong>erit</strong></span> <span class='ocrx_word' id='word_1_522' title='bbox 518 4724 572 4776; x_wconf 91' lang='lat' dir='ltr'><strong>in</strong></span> <span class='ocrx_word' id='word_1_523' title='bbox 606 4721 1028 4775; x_wconf 80' lang='lat' dir='ltr'><strong>Manichaeorum</strong></span> <span class='ocrx_word' id='word_1_524' title='bbox 1059 4721 1310 4776; x_wconf 83' lang='lat' dir='ltr'><strong>historia.</strong></span> 
     </span>
    </p>
   </div>
   <div class='ocr_carea' id='block_1_71' title="bbox 451 4790 1943 4863">
    <p class='ocr_par' dir='ltr' id='par_1_71' title="bbox 451 4790 1943 4863">
     <span class='ocr_line' id='line_1_71' title="bbox 451 4790 1943 4863; baseline -0.001 -16"><span class='ocrx_word' id='word_1_525' title='bbox 451 4793 566 4863; x_wconf 71' lang='grc'>(45)</span> <span class='ocrx_word' id='word_1_526' title='bbox 603 4793 788 4846; x_wconf 80' lang='lat' dir='ltr'><strong>Codex</strong></span> <span class='ocrx_word' id='word_1_527' title='bbox 833 4791 1174 4863; x_wconf 89' lang='lat' dir='ltr'><strong>Casinensis,</strong></span> <span class='ocrx_word' id='word_1_528' title='bbox 1209 4811 1228 4843; x_wconf 76' lang='grc' dir='ltr'><strong>ι</strong></span> <span class='ocrx_word' id='word_1_529' title='bbox 1253 4791 1460 4863; x_wconf 76' lang='lat' dir='ltr'><strong>majore</strong></span> <span class='ocrx_word' id='word_1_530' title='bbox 1506 4792 1652 4848; x_wconf 86' lang='lat' dir='ltr'><strong>navi.</strong></span> <span class='ocrx_word' id='word_1_531' title='bbox 1679 4812 1698 4845; x_wconf 81' lang='grc' dir='ltr'><strong>ι</strong></span> <span class='ocrx_word' id='word_1_532' title='bbox 1733 4790 1943 4862; x_wconf 84' lang='lat' dir='ltr'><strong>Legen-</strong></span> 
     </span>
    </p>
   </div>
   <div class='ocr_carea' id='block_1_72' title="bbox 377 4861 1949 4932">
    <p class='ocr_par' dir='ltr' id='par_1_72' title="bbox 377 4861 1949 4932">
     <span class='ocr_line' id='line_1_72' title="bbox 377 4861 1949 4932; baseline 0.001 -16"><span class='ocrx_word' id='word_1_533' title='bbox 377 4861 512 4918; x_wconf 85' lang='lat' dir='ltr'><strong>duin</strong></span> <span class='ocrx_word' id='word_1_534' title='bbox 542 4873 722 4932; x_wconf 88' lang='lat' dir='ltr'><strong>autem</strong></span> <span class='ocrx_word' id='word_1_535' title='bbox 763 4880 782 4912; x_wconf 80' lang='grc' dir='ltr'><strong>ι</strong></span> <span class='ocrx_word' id='word_1_536' title='bbox 808 4861 998 4932; x_wconf 87' lang='lat' dir='ltr'><strong>majori</strong></span> <span class='ocrx_word' id='word_1_537' title='bbox 1046 4863 1101 4914; x_wconf 93' lang='lat' dir='ltr'><strong>in</strong></span> <span class='ocrx_word' id='word_1_538' title='bbox 1167 4861 1354 4915; x_wconf 59' lang='lat' dir='ltr'><strong>navi.)</strong></span> <span class='ocrx_word' id='word_1_539' title='bbox 1390 4861 1562 4918; x_wconf 57' lang='lat' dir='ltr'><strong>Graeci</strong></span> <span class='ocrx_word' id='word_1_540' title='bbox 1590 4864 1738 4919; x_wconf 89' lang='lat' dir='ltr'><strong>enim</strong></span> <span class='ocrx_word' id='word_1_541' title='bbox 1771 4872 1949 4918; x_wconf 87' lang='lat' dir='ltr'><strong>textus</strong></span> 
     </span>
    </p>
   </div>
   <div class='ocr_carea' id='block_1_73' title="bbox 379 4931 1501 5002">
    <p class='ocr_par' dir='ltr' id='par_1_73' title="bbox 379 4931 1501 5002">
     <span class='ocr_line' id='line_1_73' title="bbox 379 4931 1501 5002; baseline -0.002 -14"><span class='ocrx_word' id='word_1_542' title='bbox 379 4933 523 5002; x_wconf 83' lang='lat' dir='ltr'><strong>apud</strong></span> <span class='ocrx_word' id='word_1_543' title='bbox 562 4931 920 5002; x_wconf 76' lang='lat' dir='ltr'><strong>Epiphaniam</strong></span> <span class='ocrx_word' id='word_1_544' title='bbox 963 4933 1051 4986; x_wconf 87' lang='lat' dir='ltr'><strong>hic</strong></span> <span class='ocrx_word' id='word_1_545' title='bbox 1083 4941 1168 4986; x_wconf 92' lang='lat' dir='ltr'><strong>est</strong></span> <span class='ocrx_word' id='word_1_546' title='bbox 1207 4948 1420 4988; x_wconf 87' lang='lat' dir='ltr'><strong>sensus.</strong></span> <span class='ocrx_word' id='word_1_547' title='bbox 1496 4935 1501 4947; x_wconf 94' lang='lat'>‘</span> 
     </span>
    </p>
   </div>
   <div class='ocr_carea' id='block_1_74' title="bbox 453 5001 1949 5072">
    <p class='ocr_par' dir='ltr' id='par_1_74' title="bbox 453 5001 1949 5072">
     <span class='ocr_line' id='line_1_74' title="bbox 453 5001 1949 5072; baseline 0.002 -17"><span class='ocrx_word' id='word_1_548' title='bbox 453 5004 564 5072; x_wconf 73' lang='grc'>(44)</span> <span class='ocrx_word' id='word_1_549' title='bbox 595 5004 774 5056; x_wconf 84' lang='lat' dir='ltr'><strong>Codex</strong></span> <span class='ocrx_word' id='word_1_550' title='bbox 819 5001 1126 5065; x_wconf 86' lang='lat' dir='ltr'><strong>Bobiensis,</strong></span> <span class='ocrx_word' id='word_1_551' title='bbox 1159 5021 1176 5053; x_wconf 78' lang='grc' dir='ltr'><strong>ι</strong></span> <span class='ocrx_word' id='word_1_552' title='bbox 1202 5011 1253 5056; x_wconf 90' lang='lat' dir='ltr'><strong>et</strong></span> <span class='ocrx_word' id='word_1_553' title='bbox 1285 5019 1442 5072; x_wconf 63' lang='lat' dir='ltr'><strong>aqua:</strong></span> <span class='ocrx_word' id='word_1_554' title='bbox 1488 5001 1764 5058; x_wconf 90' lang='lat' dir='ltr'><strong>interioris</strong></span> <span class='ocrx_word' id='word_1_555' title='bbox 1807 5001 1949 5071; x_wconf 83' lang='lat' dir='ltr'><strong>ignis</strong></span> 
     </span>
    </p>
   </div>
   <div class='ocr_carea' id='block_1_75' title="bbox 383 5072 1942 5142">
    <p class='ocr_par' dir='ltr' id='par_1_75' title="bbox 383 5072 1942 5142">
     <span class='ocr_line' id='line_1_75' title="bbox 383 5072 1942 5142; baseline -0.001 -16"><span class='ocrx_word' id='word_1_556' title='bbox 383 5074 701 5142; x_wconf 82' lang='lat' dir='ltr'><strong>viveusque.</strong></span> <span class='ocrx_word' id='word_1_557' title='bbox 724 5090 741 5121; x_wconf 77' lang='grc' dir='ltr'><strong>ι</strong></span> <span class='ocrx_word' id='word_1_558' title='bbox 779 5072 1118 5134; x_wconf 85' lang='lat' dir='ltr'><strong>Casiuensis,</strong></span> <span class='ocrx_word' id='word_1_559' title='bbox 1154 5087 1172 5123; x_wconf 76' lang='grc' dir='ltr'><strong>ι</strong></span> <span class='ocrx_word' id='word_1_560' title='bbox 1197 5089 1372 5142; x_wconf 85' lang='lat' dir='ltr'><strong>eaque</strong></span> <span class='ocrx_word' id='word_1_561' title='bbox 1426 5073 1704 5129; x_wconf 75' lang='lat' dir='ltr'><strong>interioris</strong></span> <span class='ocrx_word' id='word_1_562' title='bbox 1764 5075 1895 5126; x_wconf 83' lang='lat' dir='ltr'><strong>vivi.</strong></span> <span class='ocrx_word' id='word_1_563' title='bbox 1923 5093 1942 5124; x_wconf 74' lang='grc' dir='ltr'><strong>ι</strong></span> 
     </span>
    </p>
   </div>
   <div class='ocr_carea' id='block_1_76' title="bbox 380 5141 1644 5199">
    <p class='ocr_par' dir='ltr' id='par_1_76' title="bbox 380 5141 1644 5199">
     <span class='ocr_line' id='line_1_76' title="bbox 380 5141 1644 5199; baseline 0.001 -3"><span class='ocrx_word' id='word_1_564' title='bbox 380 5141 491 5198; x_wconf 76' lang='lat' dir='ltr'><strong>Nos</strong></span> <span class='ocrx_word' id='word_1_565' title='bbox 517 5159 580 5197; x_wconf 86' lang='lat' dir='ltr'><strong>ex</strong></span> <span class='ocrx_word' id='word_1_566' title='bbox 607 5141 792 5196; x_wconf 62' lang='lat' dir='ltr'><strong>Gnaeo</strong></span> <span class='ocrx_word' id='word_1_567' title='bbox 817 5154 963 5197; x_wconf 84' lang='lat' dir='ltr'><strong>textu</strong></span> <span class='ocrx_word' id='word_1_568' title='bbox 993 5142 1246 5196; x_wconf 82' lang='lat' dir='ltr'><strong>Latinum</strong></span> <span class='ocrx_word' id='word_1_569' title='bbox 1282 5141 1644 5199; x_wconf 81' lang='lat' dir='ltr'><strong>correximus.</strong></span> 
     </span>
    </p>
   </div>
   <div class='ocr_carea' id='block_1_77' title="bbox 453 5211 1946 5284">
    <p class='ocr_par' dir='ltr' id='par_1_77' title="bbox 453 5211 1946 5284">
     <span class='ocr_line' id='line_1_77' title="bbox 453 5211 1946 5284; baseline 0.001 -18"><span class='ocrx_word' id='word_1_570' title='bbox 453 5214 564 5284; x_wconf 65' lang='grc'>(45)</span> <span class='ocrx_word' id='word_1_571' title='bbox 599 5213 779 5267; x_wconf 84' lang='lat' dir='ltr'><strong>Codex</strong></span> <span class='ocrx_word' id='word_1_572' title='bbox 809 5213 1146 5278; x_wconf 87' lang='lat' dir='ltr'><strong>Casinensis,</strong></span> <span class='ocrx_word' id='word_1_573' title='bbox 1197 5233 1215 5264; x_wconf 78' lang='grc' dir='ltr'><strong>ι</strong></span> <span class='ocrx_word' id='word_1_574' title='bbox 1241 5215 1680 5270; x_wconf 85' lang='lat' dir='ltr'><strong>luminariorutn.</strong></span> <span class='ocrx_word' id='word_1_575' title='bbox 1705 5232 1725 5266; x_wconf 75' lang='grc' dir='ltr'><strong>ι</strong></span> <span class='ocrx_word' id='word_1_576' title='bbox 1760 5211 1946 5268; x_wconf 75' lang='lat' dir='ltr'><strong>Graeca</strong></span> 
     </span>
    </p>
   </div>
   <div class='ocr_carea' id='block_1_78' title="bbox 385 5284 1341 5349">
    <p class='ocr_par' dir='ltr' id='par_1_78' title="bbox 385 5284 1341 5349">
     <span class='ocr_line' id='line_1_78' title="bbox 385 5284 1341 5349; baseline -0.001 -12"><span class='ocrx_word' id='word_1_577' title='bbox 385 5293 609 5349; x_wconf 71' lang='lat' dir='ltr'><strong>sonant,</strong></span> <span class='ocrx_word' id='word_1_578' title='bbox 643 5301 662 5333; x_wconf 78' lang='grc' dir='ltr'><strong>ι</strong></span> <span class='ocrx_word' id='word_1_579' title='bbox 687 5284 918 5337; x_wconf 84' lang='lat' dir='ltr'><strong>duarum</strong></span> <span class='ocrx_word' id='word_1_580' title='bbox 955 5295 1296 5338; x_wconf 84' lang='lat' dir='ltr'><strong>naturarum.</strong></span> <span class='ocrx_word' id='word_1_581' title='bbox 1322 5304 1341 5336; x_wconf 74' lang='grc' dir='ltr'><strong>ι</strong></span> 
     </span>
    </p>
   </div>
   <div class='ocr_carea' id='block_1_79' title="bbox 453 5352 1945 5424">
    <p class='ocr_par' dir='ltr' id='par_1_79' title="bbox 453 5352 1945 5424">
     <span class='ocr_line' id='line_1_79' title="bbox 453 5352 1945 5424; baseline -0.003 -14"><span class='ocrx_word' id='word_1_582' title='bbox 453 5355 565 5424; x_wconf 72' lang='grc'>(46)</span> <span class='ocrx_word' id='word_1_583' title='bbox 605 5353 723 5424; x_wconf 73' lang='grc' dir='ltr'>Ηὶο</span> <span class='ocrx_word' id='word_1_584' title='bbox 756 5353 949 5424; x_wconf 74' lang='lat' dir='ltr'><strong>lacuna</strong></span> <span class='ocrx_word' id='word_1_585' title='bbox 991 5365 1076 5409; x_wconf 82' lang='lat' dir='ltr'><strong>est</strong></span> <span class='ocrx_word' id='word_1_586' title='bbox 1124 5357 1178 5408; x_wconf 89' lang='lat' dir='ltr'><strong>in</strong></span> <span class='ocrx_word' id='word_1_587' title='bbox 1221 5356 1406 5409; x_wconf 87' lang='lat' dir='ltr'><strong>codice</strong></span> <span class='ocrx_word' id='word_1_588' title='bbox 1436 5353 1714 5420; x_wconf 87' lang='lat' dir='ltr'><strong>Bobiensi,</strong></span> <span class='ocrx_word' id='word_1_589' title='bbox 1749 5352 1804 5407; x_wconf 90' lang='lat' dir='ltr'><strong>in</strong></span> <span class='ocrx_word' id='word_1_590' title='bbox 1835 5368 1945 5423; x_wconf 92' lang='lat' dir='ltr'><strong>quo</strong></span> 
     </span>
    </p>
   </div>
   <div class='ocr_carea' id='block_1_80' title="bbox 378 5423 1472 5494">
    <p class='ocr_par' dir='ltr' id='par_1_80' title="bbox 378 5423 1472 5494">
     <span class='ocr_line' id='line_1_80' title="bbox 378 5423 1472 5494; baseline -0.004 -12"><span class='ocrx_word' id='word_1_591' title='bbox 378 5423 551 5482; x_wconf 85' lang='lat' dir='ltr'><strong>etiam</strong></span> <span class='ocrx_word' id='word_1_592' title='bbox 577 5443 597 5476; x_wconf 74' lang='grc' dir='ltr'><strong>ι</strong></span> <span class='ocrx_word' id='word_1_593' title='bbox 620 5423 869 5494; x_wconf 80' lang='lat' dir='ltr'><strong>recipies,</strong></span> <span class='ocrx_word' id='word_1_594' title='bbox 897 5442 915 5475; x_wconf 78' lang='grc' dir='ltr'><strong>ι</strong></span> <span class='ocrx_word' id='word_1_595' title='bbox 946 5439 1228 5494; x_wconf 82' lang='lat' dir='ltr'><strong>perperam</strong></span> <span class='ocrx_word' id='word_1_596' title='bbox 1256 5427 1472 5494; x_wconf 83' lang='lat' dir='ltr'><strong>legitur.</strong></span> 
     </span>
    </p>
   </div>
   <div class='ocr_carea' id='block_1_81' title="bbox 449 5493 1944 5568">
    <p class='ocr_par' dir='ltr' id='par_1_81' title="bbox 449 5493 1944 5568">
     <span class='ocr_line' id='line_1_81' title="bbox 449 5493 1944 5568; baseline -0.001 -18"><span class='ocrx_word' id='word_1_597' title='bbox 449 5496 560 5568; x_wconf 77' lang='grc'>(47)</span> <span class='ocrx_word' id='word_1_598' title='bbox 591 5493 728 5549; x_wconf 85' lang='lat' dir='ltr'><strong>Hinc</strong></span> <span class='ocrx_word' id='word_1_599' title='bbox 761 5503 909 5568; x_wconf 74' lang='lat' dir='ltr'><strong>patet</strong></span> <span class='ocrx_word' id='word_1_600' title='bbox 959 5506 1103 5548; x_wconf 85' lang='lat' dir='ltr'><strong>recte</strong></span> <span class='ocrx_word' id='word_1_601' title='bbox 1131 5493 1409 5550; x_wconf 83' lang='lat' dir='ltr'><strong>Petaviuni</strong></span> <span class='ocrx_word' id='word_1_602' title='bbox 1449 5495 1504 5548; x_wconf 89' lang='lat' dir='ltr'><strong>in</strong></span> <span class='ocrx_word' id='word_1_603' title='bbox 1527 5493 1944 5568; x_wconf 14' lang='lat' dir='ltr'><strong>‘Graicohujus</strong></span> 
     </span>
    </p>
   </div>
   <div class='ocr_carea' id='block_1_82' title="bbox 376 5563 1940 5635">
    <p class='ocr_par' dir='ltr' id='par_1_82' title="bbox 376 5563 1940 5635">
     <span class='ocr_line' id='line_1_82' title="bbox 376 5563 1940 5635; baseline -0.004 -11"><span class='ocrx_word' id='word_1_604' title='bbox 376 5563 482 5624; x_wconf 72' lang='lat' dir='ltr'><strong>loci</strong></span> <span class='ocrx_word' id='word_1_605' title='bbox 513 5563 662 5620; x_wconf 73' lang='lat' dir='ltr'><strong>textu</strong></span> <span class='ocrx_word' id='word_1_606' title='bbox 696 5580 794 5634; x_wconf 88' lang='lat' dir='ltr'><strong>pro</strong></span> <span class='ocrx_word' id='word_1_607' title='bbox 816 5565 1092 5635; x_wconf 74' lang='grc' dir='ltr'>κλήματα,</span> <span class='ocrx_word' id='word_1_608' title='bbox 1124 5577 1182 5620; x_wconf 82' lang='grc' dir='ltr'><strong>ιιι</strong></span> <span class='ocrx_word' id='word_1_609' title='bbox 1212 5581 1491 5634; x_wconf 80' lang='lat' dir='ltr'><strong>perperam</strong></span> <span class='ocrx_word' id='word_1_610' title='bbox 1527 5565 1723 5635; x_wconf 83' lang='lat' dir='ltr'><strong>legitur</strong></span> <span class='ocrx_word' id='word_1_611' title='bbox 1756 5564 1809 5618; x_wconf 88' lang='lat' dir='ltr'><strong>in</strong></span> <span class='ocrx_word' id='word_1_612' title='bbox 1842 5563 1940 5617; x_wconf 83' lang='lat' dir='ltr'><strong>Ba-</strong></span> 
     </span>
    </p>
   </div>
   <div class='ocr_carea' id='block_1_83' title="bbox 377 5633 1948 5706">
    <p class='ocr_par' dir='ltr' id='par_1_83' title="bbox 377 5633 1948 5706">
     <span class='ocr_line' id='line_1_83' title="bbox 377 5633 1948 5706; baseline -0.003 -13"><span class='ocrx_word' id='word_1_613' title='bbox 377 5637 597 5693; x_wconf 84' lang='lat' dir='ltr'><strong>silecnsi</strong></span> <span class='ocrx_word' id='word_1_614' title='bbox 645 5633 938 5706; x_wconf 77' lang='lat' dir='ltr'><strong>Epiphanit</strong></span> <span class='ocrx_word' id='word_1_615' title='bbox 985 5633 1225 5705; x_wconf 84' lang='lat' dir='ltr'><strong>Operum</strong></span> <span class='ocrx_word' id='word_1_616' title='bbox 1274 5633 1534 5702; x_wconf 79' lang='lat' dir='ltr'><strong>editione,</strong></span> <span class='ocrx_word' id='word_1_617' title='bbox 1582 5633 1948 5692; x_wconf 66' lang='lat' dir='ltr'><strong>substituisse</strong></span> 
     </span>
    </p>
   </div>
   <div class='ocr_carea' id='block_1_84' title="bbox 375 5709 632 5763">
    <p class='ocr_par' dir='ltr' id='par_1_84' title="bbox 375 5709 632 5763">
     <span class='ocr_line' id='line_1_84' title="bbox 375 5709 632 5763; baseline -0.012 0"><span class='ocrx_word' id='word_1_618' title='bbox 375 5709 632 5763; x_wconf 75' lang='grc' dir='ltr'>κλίματα.</span> 
     </span>
    </p>
   </div>
   <div class='ocr_carea' id='block_1_85' title="bbox 448 5725 1943 5848">
    <p class='ocr_par' dir='ltr' id='par_1_85' title="bbox 448 5725 1943 5848">
     <span class='ocr_line' id='line_1_85' title="bbox 448 5725 1943 5848; baseline -0.003 -15"><span class='ocrx_word' id='word_1_619' title='bbox 448 5725 766 5848; x_wconf 49' lang='grc' dir='ltr'><strong>(ῗὲἶέούθχ</strong></span> <span class='ocrx_word' id='word_1_620' title='bbox 789 5775 1132 5848; x_wconf 63' lang='lat' dir='ltr'><strong>Bobiensis,_g</strong></span> <span class='ocrx_word' id='word_1_621' title='bbox 1156 5791 1220 5830; x_wconf 86' lang='lat' dir='ltr'><strong>ex</strong></span> <span class='ocrx_word' id='word_1_622' title='bbox 1237 5776 1436 5846; x_wconf 88' lang='lat' dir='ltr'><strong>quibus</strong></span> <span class='ocrx_word' id='word_1_623' title='bbox 1451 5769 1622 5848; x_wconf 82' lang='lat' dir='ltr'><strong>Adda.</strong></span> <span class='ocrx_word' id='word_1_624' title='bbox 1647 5773 1943 5829; x_wconf 58' lang='lat' dir='ltr'><strong>iCmterum</strong></span> 
     </span>
    </p>
   </div>
   <div class='ocr_carea' id='block_1_86' title="bbox 374 5845 1944 5916">
    <p class='ocr_par' dir='ltr' id='par_1_86' title="bbox 374 5845 1944 5916">
     <span class='ocr_line' id='line_1_86' title="bbox 374 5845 1944 5916; baseline -0.006 -10"><span class='ocrx_word' id='word_1_625' title='bbox 374 5845 662 5906; x_wconf 47' lang='lat' dir='ltr'><strong>ex&#39;codice</strong></span> <span class='ocrx_word' id='word_1_626' title='bbox 690 5848 945 5901; x_wconf 86' lang='lat' dir='ltr'><strong>Bobiensi</strong></span> <span class='ocrx_word' id='word_1_627' title='bbox 985 5855 1039 5899; x_wconf 89' lang='lat' dir='ltr'><strong>et</strong></span> <span class='ocrx_word' id='word_1_628' title='bbox 1089 5845 1394 5916; x_wconf 74' lang='lat' dir='ltr'><strong>Epiphanio</strong></span> <span class='ocrx_word' id='word_1_629' title='bbox 1426 5846 1780 5904; x_wconf 78' lang='lat' dir='ltr'><strong>Casiucusem</strong></span> <span class='ocrx_word' id='word_1_630' title='bbox 1813 5861 1944 5914; x_wconf 83' lang='lat' dir='ltr'><strong>sup-</strong></span> 
     </span>
    </p>
   </div>
   <div class='ocr_carea' id='block_1_87' title="bbox 689 5943 1238 6010">
    <p class='ocr_par' dir='ltr' id='par_1_87' title="bbox 689 5943 1238 6010">
     <span class='ocr_line' id='line_1_87' title="bbox 689 5943 1238 6010; baseline -0.013 0"><span class='ocrx_word' id='word_1_631' title='bbox 689 5947 962 6010; x_wconf 66' lang='grc' dir='ltr'>Ριτιιοι..</span> <span class='ocrx_word' id='word_1_632' title='bbox 1007 5943 1122 6005; x_wconf 78' lang='lat' dir='ltr'><strong>Gn.</strong></span> <span class='ocrx_word' id='word_1_633' title='bbox 1160 5944 1238 6004; x_wconf 83' lang='grc' dir='ltr'><strong>Χ.</strong></span> 
     </span>
    </p>
   </div>
   <div class='ocr_carea' id='block_1_88' title="bbox 2069 1985 2756 2056">
    <p class='ocr_par' dir='ltr' id='par_1_88' title="bbox 2069 1985 2756 2056">
     <span class='ocr_line' id='line_1_88' title="bbox 2069 1985 2756 2056; baseline -0.003 -15"><span class='ocrx_word' id='word_1_634' title='bbox 2069 1987 2160 2056; x_wconf 92' lang='lat' dir='ltr'><strong>jus</strong></span> <span class='ocrx_word' id='word_1_635' title='bbox 2193 1987 2366 2056; x_wconf 87' lang='lat' dir='ltr'><strong>gratia</strong></span> <span class='ocrx_word' id='word_1_636' title='bbox 2398 1985 2756 2056; x_wconf 65' lang='lat' dir='ltr'><strong>praedicandi.</strong></span> 
     </span>
    </p>
   </div>
   <div class='ocr_carea' id='block_1_89' title="bbox 2071 2094 3651 2169">
    <p class='ocr_par' dir='ltr' id='par_1_89' title="bbox 2071 2094 3651 2169">
     <span class='ocr_line' id='line_1_89' title="bbox 2071 2094 3651 2169; baseline -0.004 -13"><span class='ocrx_word' id='word_1_637' title='bbox 2071 2100 2268 2156; x_wconf 90' lang='lat' dir='ltr'><strong>cellum</strong></span> <span class='ocrx_word' id='word_1_638' title='bbox 2309 2097 2615 2169; x_wconf 81' lang='lat' dir='ltr'><strong>ingreditur</strong></span> <span class='ocrx_word' id='word_1_639' title='bbox 2643 2097 3014 2152; x_wconf 90' lang='lat' dir='ltr'><strong>salutandum.</strong></span> <span class='ocrx_word' id='word_1_640' title='bbox 3046 2094 3167 2162; x_wconf 86' lang='lat' dir='ltr'><strong>Quo</strong></span> <span class='ocrx_word' id='word_1_641' title='bbox 3199 2095 3289 2152; x_wconf 91' lang='lat' dir='ltr'><strong>ille</strong></span> <span class='ocrx_word' id='word_1_642' title='bbox 3309 2097 3450 2163; x_wconf 88' lang='lat' dir='ltr'><strong>viso,</strong></span> <span class='ocrx_word' id='word_1_643' title='bbox 3477 2097 3651 2151; x_wconf 89' lang='lat' dir='ltr'><strong>admi-</strong></span> 
     </span>
    </p>
   </div>
   <div class='ocr_carea' id='block_1_90' title="bbox 2071 2190 3644 2263">
    <p class='ocr_par' dir='ltr' id='par_1_90' title="bbox 2071 2190 3644 2263">
     <span class='ocr_line' id='line_1_90' title="bbox 2071 2190 3644 2263; baseline -0.003 -15"><span class='ocrx_word' id='word_1_644' title='bbox 2071 2202 2223 2248; x_wconf 89' lang='lat' dir='ltr'><strong>ratus</strong></span> <span class='ocrx_word' id='word_1_645' title='bbox 2247 2201 2331 2248; x_wconf 88' lang='lat' dir='ltr'><strong>cst</strong></span> <span class='ocrx_word' id='word_1_646' title='bbox 2362 2193 2541 2263; x_wconf 90' lang='lat' dir='ltr'><strong>primo</strong></span> <span class='ocrx_word' id='word_1_647' title='bbox 2588 2191 2811 2247; x_wconf 89' lang='lat' dir='ltr'><strong>habitus</strong></span> <span class='ocrx_word' id='word_1_648' title='bbox 2845 2190 3201 2258; x_wconf 90' lang='lat' dir='ltr'><strong>indumenta;</strong></span> <span class='ocrx_word' id='word_1_649' title='bbox 3239 2190 3476 2245; x_wconf 88' lang='lat' dir='ltr'><strong>habebat</strong></span> <span class='ocrx_word' id='word_1_650' title='bbox 3502 2192 3644 2246; x_wconf 89' lang='lat' dir='ltr'><strong>enim</strong></span> 
     </span>
    </p>
   </div>
   <div class='ocr_carea' id='block_1_91' title="bbox 2071 2282 3648 2355">
    <p class='ocr_par' dir='ltr' id='par_1_91' title="bbox 2071 2282 3648 2355">
     <span class='ocr_line' id='line_1_91' title="bbox 2071 2282 3648 2355; baseline -0.003 -13"><span class='ocrx_word' id='word_1_651' title='bbox 2071 2285 2431 2342; x_wconf 84' lang='lat' dir='ltr'><strong>calceamenti</strong></span> <span class='ocrx_word' id='word_1_652' title='bbox 2461 2300 2652 2355; x_wconf 82' lang='lat' dir='ltr'><strong>genus,</strong></span> <span class='ocrx_word' id='word_1_653' title='bbox 2685 2283 2832 2354; x_wconf 91' lang='lat' dir='ltr'><strong>quod</strong></span> <span class='ocrx_word' id='word_1_654' title='bbox 2871 2283 3184 2353; x_wconf 89' lang='lat' dir='ltr'><strong>quadrisole</strong></span> <span class='ocrx_word' id='word_1_655' title='bbox 3217 2282 3330 2354; x_wconf 94' lang='grc'>(55)</span> <span class='ocrx_word' id='word_1_656' title='bbox 3361 2283 3522 2353; x_wconf 87' lang='lat' dir='ltr'><strong>vulgo</strong></span> <span class='ocrx_word' id='word_1_657' title='bbox 3551 2298 3648 2352; x_wconf 85' lang='lat' dir='ltr'><strong>ap-</strong></span> 
     </span>
    </p>
   </div>
   <div class='ocr_carea' id='block_1_92' title="bbox 2067 2376 3646 2452">
    <p class='ocr_par' dir='ltr' id='par_1_92' title="bbox 2067 2376 3646 2452">
     <span class='ocr_line' id='line_1_92' title="bbox 2067 2376 3646 2452; baseline -0.002 -19"><span class='ocrx_word' id='word_1_658' title='bbox 2067 2380 2258 2452; x_wconf 89' lang='lat' dir='ltr'><strong>pellari</strong></span> <span class='ocrx_word' id='word_1_659' title='bbox 2289 2379 2464 2444; x_wconf 85' lang='lat' dir='ltr'><strong>solet;</strong></span> <span class='ocrx_word' id='word_1_660' title='bbox 2499 2378 2724 2448; x_wconf 87' lang='lat' dir='ltr'><strong>pallium</strong></span> <span class='ocrx_word' id='word_1_661' title='bbox 2760 2385 2942 2431; x_wconf 87' lang='lat' dir='ltr'><strong>autem</strong></span> <span class='ocrx_word' id='word_1_662' title='bbox 2988 2376 3224 2442; x_wconf 86' lang='lat' dir='ltr'><strong>varium,</strong></span> <span class='ocrx_word' id='word_1_663' title='bbox 3253 2385 3514 2447; x_wconf 87' lang='lat' dir='ltr'><strong>tanquam</strong></span> <span class='ocrx_word' id='word_1_664' title='bbox 3551 2391 3646 2431; x_wconf 88' lang='lat' dir='ltr'><strong>ac-</strong></span> 
     </span>
    </p>
   </div>
   <div class='ocr_carea' id='block_1_93' title="bbox 2067 2467 3642 2540">
    <p class='ocr_par' dir='ltr' id='par_1_93' title="bbox 2067 2467 3642 2540">
     <span class='ocr_line' id='line_1_93' title="bbox 2067 2467 3642 2540; baseline -0.003 -14"><span class='ocrx_word' id='word_1_665' title='bbox 2067 2471 2187 2526; x_wconf 90' lang='lat' dir='ltr'><strong>rina</strong></span> <span class='ocrx_word' id='word_1_666' title='bbox 2224 2471 2432 2540; x_wconf 89' lang='lat' dir='ltr'><strong>specie;</strong></span> <span class='ocrx_word' id='word_1_667' title='bbox 2463 2471 2517 2524; x_wconf 92' lang='lat' dir='ltr'><strong>in</strong></span> <span class='ocrx_word' id='word_1_668' title='bbox 2544 2485 2710 2524; x_wconf 88' lang='lat' dir='ltr'><strong>manu</strong></span> <span class='ocrx_word' id='word_1_669' title='bbox 2739 2483 2868 2524; x_wconf 87' lang='lat' dir='ltr'><strong>vero</strong></span> <span class='ocrx_word' id='word_1_670' title='bbox 2895 2467 3007 2540; x_wconf 85' lang='grc'>(56)</span> <span class='ocrx_word' id='word_1_671' title='bbox 3039 2468 3438 2522; x_wconf 88' lang='lat' dir='ltr'><strong>validissimum</strong></span> <span class='ocrx_word' id='word_1_672' title='bbox 3469 2468 3642 2524; x_wconf 88' lang='lat' dir='ltr'><strong>bacn-</strong></span> 
     </span>
    </p>
   </div>
   <div class='ocr_carea' id='block_1_94' title="bbox 2065 2557 3640 2632">
    <p class='ocr_par' dir='ltr' id='par_1_94' title="bbox 2065 2557 3640 2632">
     <span class='ocr_line' id='line_1_94' title="bbox 2065 2557 3640 2632; baseline -0.003 -14"><span class='ocrx_word' id='word_1_673' title='bbox 2065 2563 2179 2618; x_wconf 88' lang='lat' dir='ltr'><strong>lum</strong></span> <span class='ocrx_word' id='word_1_674' title='bbox 2235 2563 2453 2617; x_wconf 89' lang='lat' dir='ltr'><strong>tenebat</strong></span> <span class='ocrx_word' id='word_1_675' title='bbox 2499 2577 2562 2617; x_wconf 84' lang='lat' dir='ltr'><strong>ex</strong></span> <span class='ocrx_word' id='word_1_676' title='bbox 2612 2561 2760 2632; x_wconf 87' lang='lat' dir='ltr'><strong>ligno</strong></span> <span class='ocrx_word' id='word_1_677' title='bbox 2813 2561 3028 2616; x_wconf 79' lang='lat' dir='ltr'><strong>cheliuo</strong></span> <span class='ocrx_word' id='word_1_678' title='bbox 3085 2558 3235 2632; x_wconf 79' lang='lat'><strong>(57);</strong></span> <span class='ocrx_word' id='word_1_679' title='bbox 3284 2557 3640 2630; x_wconf 83' lang='lat' dir='ltr'><strong>Babylonium</strong></span> 
     </span>
    </p>
   </div>
   <div class='ocr_carea' id='block_1_95' title="bbox 2066 2650 3642 2726">
    <p class='ocr_par' dir='ltr' id='par_1_95' title="bbox 2066 2650 3642 2726">
     <span class='ocr_line' id='line_1_95' title="bbox 2066 2650 3642 2726; baseline -0.001 -18"><span class='ocrx_word' id='word_1_680' title='bbox 2066 2668 2195 2710; x_wconf 88' lang='lat' dir='ltr'><strong>vero</strong></span> <span class='ocrx_word' id='word_1_681' title='bbox 2223 2655 2422 2709; x_wconf 83' lang='lat' dir='ltr'><strong>librum</strong></span> <span class='ocrx_word' id='word_1_682' title='bbox 2459 2654 2708 2726; x_wconf 88' lang='lat' dir='ltr'><strong>portabat</strong></span> <span class='ocrx_word' id='word_1_683' title='bbox 2758 2653 2863 2708; x_wconf 88' lang='lat' dir='ltr'><strong>sub</strong></span> <span class='ocrx_word' id='word_1_684' title='bbox 2917 2652 3140 2708; x_wconf 88' lang='lat' dir='ltr'><strong>sinistra</strong></span> <span class='ocrx_word' id='word_1_685' title='bbox 3187 2650 3306 2717; x_wconf 88' lang='lat' dir='ltr'><strong>ala;</strong></span> <span class='ocrx_word' id='word_1_686' title='bbox 3339 2666 3498 2706; x_wconf 90' lang='lat' dir='ltr'><strong>crura</strong></span> <span class='ocrx_word' id='word_1_687' title='bbox 3529 2651 3642 2723; x_wconf 85' lang='lat'><strong>(58)</strong></span> 
     </span>
    </p>
   </div>
   <div class='ocr_carea' id='block_1_96' title="bbox 2064 2729 3641 2813">
    <p class='ocr_par' dir='ltr' id='par_1_96' title="bbox 2064 2729 3641 2813">
     <span class='ocr_line' id='line_1_96' title="bbox 2064 2729 3641 2813; baseline -0.002 -12"><span class='ocrx_word' id='word_1_688' title='bbox 2064 2746 2229 2801; x_wconf 86' lang='lat' dir='ltr'><strong>etiam</strong></span> <span class='ocrx_word' id='word_1_689' title='bbox 2275 2745 2486 2800; x_wconf 87' lang='lat' dir='ltr'><strong>braccis</strong></span> <span class='ocrx_word' id='word_1_690' title='bbox 2537 2729 2826 2798; x_wconf 87' lang='lat' dir='ltr'><strong>obtexerat</strong></span> <span class='ocrx_word' id='word_1_691' title='bbox 2878 2742 3064 2798; x_wconf 86' lang='lat' dir='ltr'><strong>colore</strong></span> <span class='ocrx_word' id='word_1_692' title='bbox 3111 2742 3348 2807; x_wconf 88' lang='lat' dir='ltr'><strong>diverso,</strong></span> <span class='ocrx_word' id='word_1_693' title='bbox 3406 2738 3641 2813; x_wconf 85' lang='lat' dir='ltr'><strong>quarum</strong></span> 
     </span>
    </p>
   </div>
   <div class='ocr_carea' id='block_1_97' title="bbox 2067 2822 3642 2906">
    <p class='ocr_par' dir='ltr' id='par_1_97' title="bbox 2067 2822 3642 2906">
     <span class='ocr_line' id='line_1_97' title="bbox 2067 2822 3642 2906; baseline -0.002 -13"><span class='ocrx_word' id='word_1_694' title='bbox 2067 2853 2175 2893; x_wconf 91' lang='lat' dir='ltr'><strong>una</strong></span> <span class='ocrx_word' id='word_1_695' title='bbox 2230 2822 2373 2904; x_wconf 70' lang='lat' dir='ltr'><strong>rufa,</strong></span> <span class='ocrx_word' id='word_1_696' title='bbox 2405 2837 2510 2890; x_wconf 89' lang='lat' dir='ltr'><strong>alia</strong></span> <span class='ocrx_word' id='word_1_697' title='bbox 2569 2835 2716 2889; x_wconf 85' lang='lat' dir='ltr'><strong>velut</strong></span> <span class='ocrx_word' id='word_1_698' title='bbox 2769 2833 2974 2906; x_wconf 90' lang='lat' dir='ltr'><strong>prasini</strong></span> <span class='ocrx_word' id='word_1_699' title='bbox 3022 2833 3223 2889; x_wconf 91' lang='lat' dir='ltr'><strong>coloris</strong></span> <span class='ocrx_word' id='word_1_700' title='bbox 3274 2842 3391 2888; x_wconf 87' lang='lat' dir='ltr'><strong>erat</strong></span> <span class='ocrx_word' id='word_1_701' title='bbox 3423 2836 3642 2891; x_wconf 75' lang='lat' dir='ltr'><strong>:iultus</strong></span> 
     </span>
    </p>
   </div>
   <div class='ocr_carea' id='block_1_98' title="bbox 2065 2927 3637 3002">
    <p class='ocr_par' dir='ltr' id='par_1_98' title="bbox 2065 2927 3637 3002">
     <span class='ocr_line' id='line_1_98' title="bbox 2065 2927 3637 3002; baseline -0.001 -18"><span class='ocrx_word' id='word_1_702' title='bbox 2065 2945 2195 2986; x_wconf 88' lang='lat' dir='ltr'><strong>vero</strong></span> <span class='ocrx_word' id='word_1_703' title='bbox 2224 2929 2334 3002; x_wconf 88' lang='grc'>(59)</span> <span class='ocrx_word' id='word_1_704' title='bbox 2370 2939 2428 2984; x_wconf 85' lang='grc' dir='ltr'><strong>ιιι</strong></span> <span class='ocrx_word' id='word_1_705' title='bbox 2456 2930 2605 2984; x_wconf 89' lang='lat' dir='ltr'><strong>senis</strong></span> <span class='ocrx_word' id='word_1_706' title='bbox 2636 2927 2817 2983; x_wconf 58' lang='lat' dir='ltr'><strong>Persa;</strong></span> <span class='ocrx_word' id='word_1_707' title='bbox 2859 2927 3086 2983; x_wconf 76' lang='lat' dir='ltr'><strong>artificis</strong></span> <span class='ocrx_word' id='word_1_708' title='bbox 3136 2936 3191 2980; x_wconf 91' lang='lat' dir='ltr'><strong>et</strong></span> <span class='ocrx_word' id='word_1_709' title='bbox 3230 2927 3495 2982; x_wconf 84' lang='lat' dir='ltr'><strong>bellorum</strong></span> <span class='ocrx_word' id='word_1_710' title='bbox 3529 2929 3637 2983; x_wconf 78' lang='lat' dir='ltr'><strong>du—</strong></span> 
     </span>
    </p>
   </div>
   <div class='ocr_carea' id='block_1_99' title="bbox 2066 3014 3634 3086">
    <p class='ocr_par' dir='ltr' id='par_1_99' title="bbox 2066 3014 3634 3086">
     <span class='ocr_line' id='line_1_99' title="bbox 2066 3014 3634 3086; baseline 0.001 -15"><span class='ocrx_word' id='word_1_711' title='bbox 2066 3017 2147 3072; x_wconf 90' lang='lat' dir='ltr'><strong>cis</strong></span> <span class='ocrx_word' id='word_1_712' title='bbox 2171 3016 2285 3086; x_wconf 83' lang='lat'><strong>(60)</strong></span> <span class='ocrx_word' id='word_1_713' title='bbox 2327 3016 2633 3071; x_wconf 79' lang='lat' dir='ltr'><strong>videbatur.</strong></span> <span class='ocrx_word' id='word_1_714' title='bbox 2686 3015 2855 3086; x_wconf 85' lang='lat' dir='ltr'><strong>Igitur</strong></span> <span class='ocrx_word' id='word_1_715' title='bbox 2903 3014 3191 3071; x_wconf 85' lang='lat' dir='ltr'><strong>Marcellus</strong></span> <span class='ocrx_word' id='word_1_716' title='bbox 3226 3017 3410 3072; x_wconf 80' lang='lat' dir='ltr'><strong>statim</strong></span> <span class='ocrx_word' id='word_1_717' title='bbox 3433 3021 3498 3071; x_wconf 90' lang='lat' dir='ltr'><strong>ad</strong></span> <span class='ocrx_word' id='word_1_718' title='bbox 3533 3018 3634 3072; x_wconf 79' lang='lat' dir='ltr'><strong>Ar-</strong></span> 
     </span>
    </p>
   </div>
   <div class='ocr_carea' id='block_1_100' title="bbox 2067 3108 3641 3179">
    <p class='ocr_par' dir='ltr' id='par_1_100' title="bbox 2067 3108 3641 3179">
     <span class='ocr_line' id='line_1_100' title="bbox 2067 3108 3641 3179; baseline 0.001 -16"><span class='ocrx_word' id='word_1_719' title='bbox 2067 3109 2317 3163; x_wconf 88' lang='lat' dir='ltr'><strong>chelaum</strong></span> <span class='ocrx_word' id='word_1_720' title='bbox 2357 3109 2544 3176; x_wconf 89' lang='lat' dir='ltr'><strong>mittit,</strong></span> <span class='ocrx_word' id='word_1_721' title='bbox 2583 3108 2676 3179; x_wconf 90' lang='lat' dir='ltr'><strong>qui</strong></span> <span class='ocrx_word' id='word_1_722' title='bbox 2705 3123 2830 3162; x_wconf 91' lang='lat' dir='ltr'><strong>cum</strong></span> <span class='ocrx_word' id='word_1_723' title='bbox 2863 3109 3028 3164; x_wconf 86' lang='lat' dir='ltr'><strong>verbo</strong></span> <span class='ocrx_word' id='word_1_724' title='bbox 3056 3109 3217 3164; x_wconf 86' lang='lat' dir='ltr'><strong>citius</strong></span> <span class='ocrx_word' id='word_1_725' title='bbox 3239 3109 3524 3178; x_wconf 78' lang='lat' dir='ltr'><strong>adfuisset,</strong></span> <span class='ocrx_word' id='word_1_726' title='bbox 3557 3109 3641 3164; x_wconf 69' lang='lat' dir='ltr'><strong>in-</strong></span> 
     </span>
    </p>
   </div>
   <div class='ocr_carea' id='block_1_101' title="bbox 2063 3242 3248 3315">
    <p class='ocr_par' dir='ltr' id='par_1_101' title="bbox 2063 3242 3248 3315">
     <span class='ocr_line' id='line_1_101' title="bbox 2063 3242 3248 3315; baseline -0.003 -15"><span class='ocrx_word' id='word_1_727' title='bbox 2063 3244 2350 3315; x_wconf 83' lang='lat' dir='ltr'><strong>plevimus,</strong></span> <span class='ocrx_word' id='word_1_728' title='bbox 2379 3243 2431 3297; x_wconf 94' lang='lat' dir='ltr'><strong>in</strong></span> <span class='ocrx_word' id='word_1_729' title='bbox 2465 3259 2576 3314; x_wconf 90' lang='lat' dir='ltr'><strong>quo</strong></span> <span class='ocrx_word' id='word_1_730' title='bbox 2605 3244 2752 3298; x_wconf 89' lang='lat' dir='ltr'><strong>nulla</strong></span> <span class='ocrx_word' id='word_1_731' title='bbox 2776 3242 3000 3299; x_wconf 69' lang='lat' dir='ltr'><strong>Thomae</strong></span> <span class='ocrx_word' id='word_1_732' title='bbox 3023 3244 3248 3300; x_wconf 87' lang='lat' dir='ltr'><strong>mentio.</strong></span> 
     </span>
    </p>
   </div>
   <div class='ocr_carea' id='block_1_102' title="bbox 2159 3314 2979 3384">
    <p class='ocr_par' dir='ltr' id='par_1_102' title="bbox 2159 3314 2979 3384">
     <span class='ocr_line' id='line_1_102' title="bbox 2159 3314 2979 3384; baseline -0.002 -15"><span class='ocrx_word' id='word_1_733' title='bbox 2159 3317 2248 3384; x_wconf 68' lang='grc'>49)</span> <span class='ocrx_word' id='word_1_734' title='bbox 2277 3314 2394 3370; x_wconf 85' lang='lat' dir='ltr'><strong>Huc</strong></span> <span class='ocrx_word' id='word_1_735' title='bbox 2426 3330 2600 3384; x_wconf 87' lang='lat' dir='ltr'><strong>usque</strong></span> <span class='ocrx_word' id='word_1_736' title='bbox 2625 3315 2979 3384; x_wconf 80' lang='lat' dir='ltr'><strong>Epiphanius.</strong></span> 
     </span>
    </p>
   </div>
   <div class='ocr_carea' id='block_1_103' title="bbox 2157 3384 3153 3452">
    <p class='ocr_par' dir='ltr' id='par_1_103' title="bbox 2157 3384 3153 3452">
     <span class='ocr_line' id='line_1_103' title="bbox 2157 3384 3153 3452; baseline -0.004 -12"><span class='ocrx_word' id='word_1_737' title='bbox 2157 3387 2246 3452; x_wconf 78' lang='grc'>50)</span> <span class='ocrx_word' id='word_1_738' title='bbox 2289 3384 2471 3440; x_wconf 86' lang='lat' dir='ltr'><strong>Codex</strong></span> <span class='ocrx_word' id='word_1_739' title='bbox 2497 3384 2802 3450; x_wconf 84' lang='lat' dir='ltr'><strong>Bobiensis,</strong></span> <span class='ocrx_word' id='word_1_740' title='bbox 2836 3402 2853 3436; x_wconf 77' lang='grc' dir='ltr'><strong>ι</strong></span> <span class='ocrx_word' id='word_1_741' title='bbox 2885 3384 3110 3438; x_wconf 85' lang='lat' dir='ltr'><strong>auxilio.</strong></span> <span class='ocrx_word' id='word_1_742' title='bbox 3133 3403 3153 3436; x_wconf 80' lang='grc' dir='ltr'><strong>ι</strong></span> 
     </span>
    </p>
   </div>
   <div class='ocr_carea' id='block_1_104' title="bbox 2156 3455 3154 3522">
    <p class='ocr_par' dir='ltr' id='par_1_104' title="bbox 2156 3455 3154 3522">
     <span class='ocr_line' id='line_1_104' title="bbox 2156 3455 3154 3522; baseline -0.003 -13"><span class='ocrx_word' id='word_1_743' title='bbox 2156 3457 2245 3522; x_wconf 84' lang='grc'>51)</span> <span class='ocrx_word' id='word_1_744' title='bbox 2274 3455 2458 3510; x_wconf 87' lang='lat' dir='ltr'><strong>Codex</strong></span> <span class='ocrx_word' id='word_1_745' title='bbox 2491 3455 2794 3518; x_wconf 87' lang='lat' dir='ltr'><strong>Bobiensis,</strong></span> <span class='ocrx_word' id='word_1_746' title='bbox 2826 3473 2845 3505; x_wconf 79' lang='grc' dir='ltr'><strong>ι</strong></span> <span class='ocrx_word' id='word_1_747' title='bbox 2865 3456 3106 3509; x_wconf 85' lang='lat' dir='ltr'><strong>donavit.</strong></span> <span class='ocrx_word' id='word_1_748' title='bbox 3134 3474 3154 3506; x_wconf 75' lang='grc' dir='ltr'><strong>ι</strong></span> 
     </span>
    </p>
   </div>
   <div class='ocr_carea' id='block_1_105' title="bbox 2157 3524 3386 3595">
    <p class='ocr_par' dir='ltr' id='par_1_105' title="bbox 2157 3524 3386 3595">
     <span class='ocr_line' id='line_1_105' title="bbox 2157 3524 3386 3595; baseline 0.003 -16"><span class='ocrx_word' id='word_1_749' title='bbox 2157 3526 2243 3595; x_wconf 75' lang='lat'><strong>5‘2)</strong></span> <span class='ocrx_word' id='word_1_750' title='bbox 2277 3524 2416 3591; x_wconf 84' lang='lat' dir='ltr'><strong>Vox,</strong></span> <span class='ocrx_word' id='word_1_751' title='bbox 2455 3545 2474 3576; x_wconf 79' lang='grc' dir='ltr'><strong>ι</strong></span> <span class='ocrx_word' id='word_1_752' title='bbox 2495 3526 2757 3595; x_wconf 88' lang='lat' dir='ltr'><strong>episcopi,</strong></span> <span class='ocrx_word' id='word_1_753' title='bbox 2785 3545 2803 3575; x_wconf 78' lang='grc' dir='ltr'><strong>ι</strong></span> <span class='ocrx_word' id='word_1_754' title='bbox 2835 3527 2989 3580; x_wconf 86' lang='lat' dir='ltr'><strong>deest</strong></span> <span class='ocrx_word' id='word_1_755' title='bbox 3019 3525 3072 3579; x_wconf 88' lang='lat' dir='ltr'><strong>in</strong></span> <span class='ocrx_word' id='word_1_756' title='bbox 3103 3525 3386 3584; x_wconf 85' lang='lat' dir='ltr'><strong>Bobicnsi.</strong></span> 
     </span>
    </p>
   </div>
   <div class='ocr_carea' id='block_1_106' title="bbox 2155 3595 3327 3662">
    <p class='ocr_par' dir='ltr' id='par_1_106' title="bbox 2155 3595 3327 3662">
     <span class='ocr_line' id='line_1_106' title="bbox 2155 3595 3327 3662; baseline -0.001 -12"><span class='ocrx_word' id='word_1_757' title='bbox 2155 3598 2246 3660; x_wconf 81' lang='grc'><strong>55)</strong></span> <span class='ocrx_word' id='word_1_758' title='bbox 2274 3595 2456 3651; x_wconf 81' lang='lat' dir='ltr'><strong>Codex</strong></span> <span class='ocrx_word' id='word_1_759' title='bbox 2479 3595 2784 3662; x_wconf 81' lang='lat' dir='ltr'><strong>Bobiensis,</strong></span> <span class='ocrx_word' id='word_1_760' title='bbox 2826 3615 2843 3647; x_wconf 80' lang='grc' dir='ltr'><strong>ι</strong></span> <span class='ocrx_word' id='word_1_761' title='bbox 2867 3598 2934 3650; x_wconf 86' lang='lat' dir='ltr'><strong>ad</strong></span> <span class='ocrx_word' id='word_1_762' title='bbox 2963 3597 3274 3652; x_wconf 75' lang='lat' dir='ltr'><strong>duodecim.</strong></span> <span class='ocrx_word' id='word_1_763' title='bbox 3307 3616 3327 3649; x_wconf 68' lang='grc' dir='ltr'><strong><em>ο</em></strong></span> 
     </span>
    </p>
   </div>
   <div class='ocr_carea' id='block_1_107' title="bbox 2133 3665 3169 3735">
    <p class='ocr_par' dir='ltr' id='par_1_107' title="bbox 2133 3665 3169 3735">
     <span class='ocr_line' id='line_1_107' title="bbox 2133 3665 3169 3735; baseline -0.003 -15"><span class='ocrx_word' id='word_1_764' title='bbox 2133 3665 2247 3735; x_wconf 69' lang='grc'>(54)</span> <span class='ocrx_word' id='word_1_765' title='bbox 2281 3667 2465 3721; x_wconf 88' lang='lat' dir='ltr'><strong>Codex</strong></span> <span class='ocrx_word' id='word_1_766' title='bbox 2497 3665 2804 3732; x_wconf 78' lang='lat' dir='ltr'><strong>Bobiensia,</strong></span> <span class='ocrx_word' id='word_1_767' title='bbox 2841 3685 2858 3718; x_wconf 83' lang='grc' dir='ltr'><strong>ι</strong></span> <span class='ocrx_word' id='word_1_768' title='bbox 2881 3667 3126 3735; x_wconf 87' lang='lat' dir='ltr'><strong>requirit.</strong></span> <span class='ocrx_word' id='word_1_769' title='bbox 3151 3687 3169 3717; x_wconf 74' lang='grc' dir='ltr'><em>ο</em></span> 
     </span>
    </p>
   </div>
   <div class='ocr_carea' id='block_1_108' title="bbox 2131 3735 3630 3808">
    <p class='ocr_par' dir='ltr' id='par_1_108' title="bbox 2131 3735 3630 3808">
     <span class='ocr_line' id='line_1_108' title="bbox 2131 3735 3630 3808; baseline 0.005 -16"><span class='ocrx_word' id='word_1_770' title='bbox 2131 3735 2244 3808; x_wconf 88' lang='grc'>(55)</span> <span class='ocrx_word' id='word_1_771' title='bbox 2272 3737 2461 3808; x_wconf 77' lang='lat' dir='ltr'><strong>Codex</strong></span> <span class='ocrx_word' id='word_1_772' title='bbox 2479 3735 2785 3808; x_wconf 83' lang='lat' dir='ltr'><strong>Bobiensis,</strong></span> <span class='ocrx_word' id='word_1_773' title='bbox 2829 3737 3162 3808; x_wconf 73' lang='lat' dir='ltr'><strong>«trisolium.</strong></span> <span class='ocrx_word' id='word_1_774' title='bbox 3195 3754 3214 3788; x_wconf 73' lang='grc' dir='ltr'><strong>ι</strong></span> <span class='ocrx_word' id='word_1_775' title='bbox 3253 3735 3452 3795; x_wconf 85' lang='lat' dir='ltr'><strong>Persas</strong></span> <span class='ocrx_word' id='word_1_776' title='bbox 3502 3741 3630 3800; x_wconf 71' lang='lat' dir='ltr'><strong>altis</strong></span> 
     </span>
    </p>
   </div>
   <div class='ocr_carea' id='block_1_109' title="bbox 2061 3806 3172 3864">
    <p class='ocr_par' dir='ltr' id='par_1_109' title="bbox 2061 3806 3172 3864">
     <span class='ocr_line' id='line_1_109' title="bbox 2061 3806 3172 3864; baseline -0.003 -1"><span class='ocrx_word' id='word_1_777' title='bbox 2061 3806 2259 3863; x_wconf 76' lang='lat' dir='ltr'><strong>calceis</strong></span> <span class='ocrx_word' id='word_1_778' title='bbox 2281 3823 2410 3864; x_wconf 93' lang='lat' dir='ltr'><strong>usos</strong></span> <span class='ocrx_word' id='word_1_779' title='bbox 2440 3807 2609 3863; x_wconf 80' lang='lat' dir='ltr'><strong>fuisse</strong></span> <span class='ocrx_word' id='word_1_780' title='bbox 2633 3807 2709 3861; x_wconf 90' lang='lat' dir='ltr'><strong>ait</strong></span> <span class='ocrx_word' id='word_1_781' title='bbox 2730 3806 2928 3862; x_wconf 87' lang='lat' dir='ltr'><strong>Strabo</strong></span> <span class='ocrx_word' id='word_1_782' title='bbox 2955 3807 3048 3861; x_wconf 89' lang='lat' dir='ltr'><strong>lib.</strong></span> <span class='ocrx_word' id='word_1_783' title='bbox 3082 3823 3172 3862; x_wconf 90' lang='lat' dir='ltr'><strong>xv.</strong></span> 
     </span>
    </p>
   </div>
   <div class='ocr_carea' id='block_1_110' title="bbox 2131 3876 3628 3951">
    <p class='ocr_par' dir='ltr' id='par_1_110' title="bbox 2131 3876 3628 3951">
     <span class='ocr_line' id='line_1_110' title="bbox 2131 3876 3628 3951; baseline 0.001 -18"><span class='ocrx_word' id='word_1_784' title='bbox 2131 3877 2246 3951; x_wconf 89' lang='grc'>(56)</span> <span class='ocrx_word' id='word_1_785' title='bbox 2273 3878 2409 3951; x_wconf 80' lang='lat' dir='ltr'><strong>Mire</strong></span> <span class='ocrx_word' id='word_1_786' title='bbox 2430 3888 2830 3951; x_wconf 66' lang='lat' dir='ltr'><strong>corruptusest</strong></span> <span class='ocrx_word' id='word_1_787' title='bbox 2857 3878 2944 3931; x_wconf 87' lang='lat' dir='ltr'><strong>hic</strong></span> <span class='ocrx_word' id='word_1_788' title='bbox 2965 3876 3100 3932; x_wconf 83' lang='lat' dir='ltr'><strong>Bob.</strong></span> <span class='ocrx_word' id='word_1_789' title='bbox 3126 3879 3250 3934; x_wconf 92' lang='lat' dir='ltr'><strong>cod.</strong></span> <span class='ocrx_word' id='word_1_790' title='bbox 3276 3897 3291 3947; x_wconf 89' lang='lat'><strong>;</strong></span> <span class='ocrx_word' id='word_1_791' title='bbox 3313 3879 3628 3951; x_wconf 79' lang='lat' dir='ltr'><strong>legitenim,</strong></span> 
     </span>
    </p>
   </div>
   <div class='ocr_carea' id='block_1_111' title="bbox 2065 3946 3172 4018">
    <p class='ocr_par' dir='ltr' id='par_1_111' title="bbox 2065 3946 3172 4018">
     <span class='ocr_line' id='line_1_111' title="bbox 2065 3946 3172 4018; baseline -0.005 -13"><span class='ocrx_word' id='word_1_792' title='bbox 2065 3946 2197 4005; x_wconf 67' lang='lat' dir='ltr'><strong>«aer</strong></span> <span class='ocrx_word' id='word_1_793' title='bbox 2231 3948 2460 4018; x_wconf 83' lang='lat' dir='ltr'><strong>inaspici</strong></span> <span class='ocrx_word' id='word_1_794' title='bbox 2493 3949 2660 4018; x_wconf 66' lang='lat' dir='ltr'><strong>enim.</strong></span> <span class='ocrx_word' id='word_1_795' title='bbox 2693 3946 2886 4018; x_wconf 78' lang='lat' dir='ltr'><strong>lllanus</strong></span> <span class='ocrx_word' id='word_1_796' title='bbox 2917 3963 3063 4000; x_wconf 88' lang='lat' dir='ltr'><strong>vero.</strong></span> <span class='ocrx_word' id='word_1_797' title='bbox 3103 3965 3121 4000; x_wconf 75' lang='grc' dir='ltr'><strong>ι</strong></span> <span class='ocrx_word' id='word_1_798' title='bbox 3167 3995 3172 3999; x_wconf 83' lang='lat'><strong>.</strong></span> 
     </span>
    </p>
   </div>
   <div class='ocr_carea' id='block_1_112' title="bbox 2127 4017 3626 4090">
    <p class='ocr_par' dir='ltr' id='par_1_112' title="bbox 2127 4017 3626 4090">
     <span class='ocr_line' id='line_1_112' title="bbox 2127 4017 3626 4090; baseline 0.004 -17"><span class='ocrx_word' id='word_1_799' title='bbox 2127 4018 2241 4090; x_wconf 85' lang='lat'><strong>(57)</strong></span> <span class='ocrx_word' id='word_1_800' title='bbox 2271 4017 2454 4072; x_wconf 81' lang='lat' dir='ltr'><strong>Codex</strong></span> <span class='ocrx_word' id='word_1_801' title='bbox 2517 4017 2824 4090; x_wconf 82' lang='lat' dir='ltr'><strong>Bobiensis,</strong></span> <span class='ocrx_word' id='word_1_802' title='bbox 2870 4018 3187 4090; x_wconf 69' lang='lat' dir='ltr'><strong>_¢eb‘ilino.a</strong></span> <span class='ocrx_word' id='word_1_803' title='bbox 3243 4017 3509 4074; x_wconf 86' lang='lat' dir='ltr'><strong>Baculuni</strong></span> <span class='ocrx_word' id='word_1_804' title='bbox 3560 4035 3626 4078; x_wconf 82' lang='lat' dir='ltr'><strong>ex</strong></span> 
     </span>
    </p>
   </div>
   <div class='ocr_carea' id='block_1_113' title="bbox 2055 4086 3627 4158">
    <p class='ocr_par' dir='ltr' id='par_1_113' title="bbox 2055 4086 3627 4158">
     <span class='ocr_line' id='line_1_113' title="bbox 2055 4086 3627 4158; baseline 0.003 -16"><span class='ocrx_word' id='word_1_805' title='bbox 2055 4086 2232 4144; x_wconf 83' lang='lat' dir='ltr'><strong>ebeno</strong></span> <span class='ocrx_word' id='word_1_806' title='bbox 2265 4087 2841 4158; x_wconf 13' lang='lat' dir='ltr'><strong>gestasseﬁprophetas,</strong></span> <span class='ocrx_word' id='word_1_807' title='bbox 2868 4086 2970 4139; x_wconf 88' lang='lat' dir='ltr'><strong>hoc</strong></span> <span class='ocrx_word' id='word_1_808' title='bbox 2998 4097 3102 4152; x_wconf 91' lang='lat' dir='ltr'><strong>est,</strong></span> <span class='ocrx_word' id='word_1_809' title='bbox 3130 4102 3410 4144; x_wconf 87' lang='lat' dir='ltr'><strong>sacrarum</strong></span> <span class='ocrx_word' id='word_1_810' title='bbox 3448 4107 3627 4147; x_wconf 84' lang='lat' dir='ltr'><strong>rerum</strong></span> 
     </span>
    </p>
   </div>
   <div class='ocr_carea' id='block_1_114' title="bbox 2057 4157 3627 4229">
    <p class='ocr_par' dir='ltr' id='par_1_114' title="bbox 2057 4157 3627 4229">
     <span class='ocr_line' id='line_1_114' title="bbox 2057 4157 3627 4229; baseline 0.002 -16"><span class='ocrx_word' id='word_1_811' title='bbox 2057 4157 2377 4228; x_wconf 85' lang='lat' dir='ltr'><strong>interpretes</strong></span> <span class='ocrx_word' id='word_1_812' title='bbox 2400 4173 2475 4229; x_wconf 75' lang='lat' dir='ltr'><strong>ex</strong></span> <span class='ocrx_word' id='word_1_813' title='bbox 2489 4157 2823 4229; x_wconf 80' lang='lat' dir='ltr'><strong>Callisthene</strong></span> <span class='ocrx_word' id='word_1_814' title='bbox 2843 4157 3034 4227; x_wconf 83' lang='lat' dir='ltr'><strong>probat</strong></span> <span class='ocrx_word' id='word_1_815' title='bbox 3059 4159 3366 4229; x_wconf 82' lang='lat' dir='ltr'><strong>Ducangius</strong></span> <span class='ocrx_word' id='word_1_816' title='bbox 3389 4161 3444 4214; x_wconf 85' lang='lat' dir='ltr'><strong>in</strong></span> <span class='ocrx_word' id='word_1_817' title='bbox 3467 4159 3627 4216; x_wconf 67' lang='grc' dir='ltr'><strong>ϐίοιο</strong></span> 
     </span>
    </p>
   </div>
   <div class='ocr_carea' id='block_1_115' title="bbox 2055 4227 2783 4294">
    <p class='ocr_par' dir='ltr' id='par_1_115' title="bbox 2055 4227 2783 4294">
     <span class='ocr_line' id='line_1_115' title="bbox 2055 4227 2783 4294; baseline -0.001 -12"><span class='ocrx_word' id='word_1_818' title='bbox 2055 4227 2220 4294; x_wconf 75' lang='lat' dir='ltr'><strong>sario,</strong></span> <span class='ocrx_word' id='word_1_819' title='bbox 2250 4229 2416 4282; x_wconf 88' lang='lat' dir='ltr'><strong>verbo</strong></span> <span class='ocrx_word' id='word_1_820' title='bbox 2465 4227 2783 4290; x_wconf 78' lang='grc' dir='ltr'>Ἐϐἐλλινος.</span> 
     </span>
    </p>
   </div>
   <div class='ocr_carea' id='block_1_116' title="bbox 2151 4295 3306 4369">
    <p class='ocr_par' dir='ltr' id='par_1_116' title="bbox 2151 4295 3306 4369">
     <span class='ocr_line' id='line_1_116' title="bbox 2151 4295 3306 4369; baseline -0.002 -16"><span class='ocrx_word' id='word_1_821' title='bbox 2151 4299 2239 4369; x_wconf 86' lang='grc'>58)</span> <span class='ocrx_word' id='word_1_822' title='bbox 2269 4296 2594 4369; x_wconf 69' lang='grc' dir='ltr'>Ηίοιτιουηιι</span> <span class='ocrx_word' id='word_1_823' title='bbox 2623 4307 2707 4352; x_wconf 89' lang='lat' dir='ltr'><strong>est</strong></span> <span class='ocrx_word' id='word_1_824' title='bbox 2737 4298 2791 4369; x_wconf 84' lang='lat' dir='ltr'><strong>in</strong></span> <span class='ocrx_word' id='word_1_825' title='bbox 2820 4295 3008 4350; x_wconf 87' lang='lat' dir='ltr'><strong>codice</strong></span> <span class='ocrx_word' id='word_1_826' title='bbox 3031 4295 3306 4351; x_wconf 86' lang='lat' dir='ltr'><strong>Bobiensi.</strong></span> 
     </span>
    </p>
   </div>
   <div class='ocr_carea' id='block_1_117' title="bbox 2125 4301 3088 4439">
    <p class='ocr_par' dir='ltr' id='par_1_117' title="bbox 2125 4301 3088 4439">
     <span class='ocr_line' id='line_1_117' title="bbox 2151 4301 3088 4369; baseline -0.005 -16"><span class='ocrx_word' id='word_1_827' title='bbox 2151 4301 2239 4369; x_wconf 86' lang='grc'>58)</span> <span class='ocrx_word' id='word_1_828' title='bbox 2269 4301 2368 4352; x_wconf 86' lang='lat' dir='ltr'><strong>Hic</strong></span> <span class='ocrx_word' id='word_1_829' title='bbox 2401 4301 2594 4352; x_wconf 88' lang='lat' dir='ltr'><strong>lacuna</strong></span> <span class='ocrx_word' id='word_1_830' title='bbox 2623 4307 2707 4352; x_wconf 89' lang='lat' dir='ltr'><strong>est</strong></span> <span class='ocrx_word' id='word_1_831' title='bbox 2737 4301 2791 4350; x_wconf 89' lang='lat' dir='ltr'><strong>in</strong></span> <span class='ocrx_word' id='word_1_832' title='bbox 2820 4301 3008 4350; x_wconf 88' lang='lat' dir='ltr'><strong>codice</strong></span> <span class='ocrx_word' id='word_1_833' title='bbox 3034 4301 3088 4348; x_wconf 83' lang='grc' dir='ltr'><strong>Β(</strong></span> 
     </span>
     <span class='ocr_line' id='line_1_118' title="bbox 2125 4301 3088 4439; baseline -0.005 -15"><span class='ocrx_word' id='word_1_834' title='bbox 2125 4301 2239 4439; x_wconf 64' lang='grc'>(59)</span> <span class='ocrx_word' id='word_1_835' title='bbox 2268 4367 2606 4439; x_wconf 71' lang='lat' dir='ltr'><strong>Casiniensis,</strong></span> <span class='ocrx_word' id='word_1_836' title='bbox 2646 4367 2875 4439; x_wconf 70' lang='lat' dir='ltr'><strong>«vultus</strong></span> <span class='ocrx_word' id='word_1_837' title='bbox 2905 4377 3041 4420; x_wconf 87' lang='lat' dir='ltr'><strong>erat.</strong></span> <span class='ocrx_word' id='word_1_838' title='bbox 3067 4387 3088 4439; x_wconf 70' lang='grc' dir='ltr'><strong>ι</strong></span> 
     </span>
    </p>
   </div>
   <div class='ocr_carea' id='block_1_118' title="bbox 2125 4376 3624 4512">
    <p class='ocr_par' dir='ltr' id='par_1_118' title="bbox 2125 4376 3624 4512">
     <span class='ocr_line' id='line_1_119' title="bbox 2125 4376 3088 4439; baseline -0.007 -15"><span class='ocrx_word' id='word_1_839' title='bbox 2125 4376 2217 4439; x_wconf 83' lang='grc'><strong>(59</strong></span> <span class='ocrx_word' id='word_1_840' title='bbox 2268 4376 2606 4432; x_wconf 80' lang='lat' dir='ltr'><strong>Casinensis,</strong></span> <span class='ocrx_word' id='word_1_841' title='bbox 2646 4385 2664 4418; x_wconf 78' lang='grc' dir='ltr'><strong>ι</strong></span> <span class='ocrx_word' id='word_1_842' title='bbox 2691 4376 2875 4420; x_wconf 90' lang='lat' dir='ltr'><strong>vultus</strong></span> <span class='ocrx_word' id='word_1_843' title='bbox 2905 4377 3041 4420; x_wconf 87' lang='lat' dir='ltr'><strong>erat.</strong></span> <span class='ocrx_word' id='word_1_844' title='bbox 3071 4387 3088 4417; x_wconf 79' lang='grc' dir='ltr'><strong>ι</strong></span> 
     </span>
     <span class='ocr_line' id='line_1_120' title="bbox 2125 4376 3624 4512; baseline -0.003 -19"><span class='ocrx_word' id='word_1_845' title='bbox 2125 4376 2239 4512; x_wconf 63' lang='grc' dir='ltr'><strong>(6ος</strong></span> <span class='ocrx_word' id='word_1_846' title='bbox 2269 4438 2526 4512; x_wconf 48' lang='lat' dir='ltr'><strong>artiﬁcia</strong></span> <span class='ocrx_word' id='word_1_847' title='bbox 2559 4447 2610 4491; x_wconf 78' lang='lat' dir='ltr'><strong>et</strong></span> <span class='ocrx_word' id='word_1_848' title='bbox 2668 4436 2923 4512; x_wconf 70' lang='lat' dir='ltr'><strong>bellorum</strong></span> <span class='ocrx_word' id='word_1_849' title='bbox 2953 4437 3124 4490; x_wconf 83' lang='lat' dir='ltr'><strong>ducis.</strong></span> <span class='ocrx_word' id='word_1_850' title='bbox 3164 4434 3250 4512; x_wconf 83' lang='lat' dir='ltr'><strong>_Ad</strong></span> <span class='ocrx_word' id='word_1_851' title='bbox 3295 4433 3624 4512; x_wconf 65' lang='lat' dir='ltr'><strong>_ha2c_verba</strong></span> 
     </span>
    </p>
   </div>
   <div class='ocr_carea' id='block_1_119' title="bbox 2055 4504 3627 4580">
    <p class='ocr_par' dir='ltr' id='par_1_119' title="bbox 2055 4504 3627 4580">
     <span class='ocr_line' id='line_1_121' title="bbox 2055 4504 3627 4580; baseline 0.004 -23"><span class='ocrx_word' id='word_1_852' title='bbox 2055 4504 2364 4580; x_wconf 47' lang='lat' dir='ltr'><strong>przhsl&#39;aljn</strong></span> <span class='ocrx_word' id='word_1_853' title='bbox 2389 4504 2628 4580; x_wconf 81' lang='lat' dir='ltr'><strong>medium</strong></span> <span class='ocrx_word' id='word_1_854' title='bbox 2661 4506 2906 4580; x_wconf 69' lang='lat' dir='ltr'><strong>proferre</strong></span> <span class='ocrx_word' id='word_1_855' title='bbox 2933 4524 3057 4580; x_wconf 67' lang='lat' dir='ltr'><strong>qua:</strong></span> <span class='ocrx_word' id='word_1_856' title='bbox 3090 4504 3472 4580; x_wconf 76' lang='lat' dir='ltr'><strong>animadvertit</strong></span> <span class='ocrx_word' id='word_1_857' title='bbox 3503 4506 3627 4562; x_wconf 85' lang='lat' dir='ltr'><strong>Plii-</strong></span> 
     </span>
    </p>
   </div>
   <div class='ocr_carea' id='block_1_120' title="bbox 2056 4573 3626 4650">
    <p class='ocr_par' dir='ltr' id='par_1_120' title="bbox 2056 4573 3626 4650">
     <span class='ocr_line' id='line_1_122' title="bbox 2056 4573 3626 4650; baseline 0.018 -14"><span class='ocrx_word' id='word_1_858' title='bbox 2056 4573 2235 4650; x_wconf 82' lang='lat' dir='ltr'><strong>liPpus</strong></span> <span class='ocrx_word' id='word_1_859' title='bbox 2258 4573 2702 4650; x_wconf 28' lang='lat' dir='ltr'><strong>‘Buonarlfumiuis</strong></span> <span class='ocrx_word' id='word_1_860' title='bbox 2739 4591 2792 4629; x_wconf 72' lang='grc' dir='ltr'><strong>ν’</strong></span> <span class='ocrx_word' id='word_1_861' title='bbox 2827 4575 2896 4631; x_wconf 76' lang='grc' dir='ltr'><strong>⁰¹ο</strong></span> <span class='ocrx_word' id='word_1_862' title='bbox 2918 4575 2988 4650; x_wconf 78' lang='grc' dir='ltr'>,ίη</span> <span class='ocrx_word' id='word_1_863' title='bbox 3014 4573 3391 4650; x_wconf 60' lang='grc' dir='ltr'><strong>θρεῖτθηθίίθθ-</strong></span> <span class='ocrx_word' id='word_1_864' title='bbox 3427 4577 3626 4650; x_wconf 36' lang='lat' dir='ltr'><strong>inseri“</strong></span> 
     </span>
    </p>
   </div>
   <div class='ocr_carea' id='block_1_121' title="bbox 2054 4647 3624 4722">
    <p class='ocr_par' dir='ltr' id='par_1_121' title="bbox 2054 4647 3624 4722">
     <span class='ocr_line' id='line_1_123' title="bbox 2054 4647 3624 4722; baseline -0.001 -17"><span class='ocrx_word' id='word_1_865' title='bbox 2054 4647 2217 4722; x_wconf 47' lang='lat' dir='ltr'><strong>pio;</strong></span> <span class='ocrx_word' id='word_1_866' title='bbox 2239 4647 2605 4722; x_wconf 59' lang='lat' dir='ltr'><strong>Osservaziom&#39;</strong></span> <span class='ocrx_word' id='word_1_867' title='bbox 2669 4648 3051 4722; x_wconf 73' lang='lat' dir='ltr'><strong>sopra___alcun_t</strong></span> <span class='ocrx_word' id='word_1_868' title='bbox 3088 4647 3392 4722; x_wconf 57' lang='lat' dir='ltr'><strong>ﬂammanti</strong></span> <span class='ocrx_word' id='word_1_869' title='bbox 3421 4647 3479 4700; x_wconf 82' lang='lat' dir='ltr'><strong>di</strong></span> <span class='ocrx_word' id='word_1_870' title='bbox 3512 4651 3624 4722; x_wconf 70' lang='lat' dir='ltr'><strong>vasi</strong></span> 
     </span>
    </p>
   </div>
   <div class='ocr_carea' id='block_1_122' title="bbox 2053 4713 3621 4842">
    <p class='ocr_par' dir='ltr' id='par_1_122' title="bbox 2053 4713 3621 4842">
     <span class='ocr_line' id='line_1_124' title="bbox 2053 4713 3621 4842; baseline -0.001 -68"><span class='ocrx_word' id='word_1_871' title='bbox 2053 4713 2280 4798; x_wconf 44' lang='lat' dir='ltr'><strong>amiciti&quot;.</strong></span> <span class='ocrx_word' id='word_1_872' title='bbox 2310 4715 2368 4771; x_wconf 78' lang='lat' dir='ltr'><strong>di</strong></span> <span class='ocrx_word' id='word_1_873' title='bbox 2406 4725 2594 4796; x_wconf 30' lang='lat' dir='ltr'><strong>&#39;vetrot</strong></span> <span class='ocrx_word' id='word_1_874' title='bbox 2621 4716 2770 4795; x_wconf 74' lang='lat' dir='ltr'><strong>edito</strong></span> <span class='ocrx_word' id='word_1_875' title='bbox 2808 4713 3096 4796; x_wconf 68' lang='lat' dir='ltr'><strong>FIOrentiaé</strong></span> <span class='ocrx_word' id='word_1_876' title='bbox 3151 4713 3309 4780; x_wconf 77' lang='grc'>1716,</span> <span class='ocrx_word' id='word_1_877' title='bbox 3365 4731 3490 4842; x_wconf 56' lang='lat' dir='ltr'><strong>pag.</strong></span> <span class='ocrx_word' id='word_1_878' title='bbox 3531 4720 3621 4775; x_wconf 80' lang='grc'><strong>69.</strong></span> 
     </span>
     <span class='ocr_line' id='line_1_125' title="bbox 2053 4784 3621 4842; baseline 0 0"><span class='ocrx_word' id='word_1_879' title='bbox 2053 4790 2212 4842; x_wconf 86' lang='lat' dir='ltr'><strong>Cum.</strong></span> <span class='ocrx_word' id='word_1_880' title='bbox 2267 4795 2465 4842; x_wconf 80' lang='lat' dir='ltr'><strong>induit.</strong></span> <span class='ocrx_word' id='word_1_881' title='bbox 2505 4786 2669 4842; x_wconf 82' lang='lat' dir='ltr'><strong>huius</strong></span> <span class='ocrx_word' id='word_1_882' title='bbox 2717 4784 3106 4842; x_wconf 75' lang='lat' dir='ltr'><strong>discutationis</strong></span> <span class='ocrx_word' id='word_1_883' title='bbox 3157 4784 3292 4840; x_wconf 82' lang='lat' dir='ltr'><strong>Acta</strong></span> <span class='ocrx_word' id='word_1_884' title='bbox 3338 4800 3369 4840; x_wconf 94' lang='lat' dir='ltr'><strong>e</strong></span> <span class='ocrx_word' id='word_1_885' title='bbox 3479 4803 3621 4842; x_wconf 77' lang='lat' dir='ltr'><strong>racco</strong></span> 
     </span>
    </p>
   </div>
   <div class='ocr_carea' id='block_1_123' title="bbox 2051 4784 3623 4856">
    <p class='ocr_par' dir='ltr' id='par_1_123' title="bbox 2051 4784 3623 4856">
     <span class='ocr_line' id='line_1_126' title="bbox 2051 4784 3623 4856; baseline -0.001 -11"><span class='ocrx_word' id='word_1_886' title='bbox 2051 4790 2212 4854; x_wconf 86' lang='lat' dir='ltr'><strong>Cum,</strong></span> <span class='ocrx_word' id='word_1_887' title='bbox 2267 4787 2465 4856; x_wconf 85' lang='lat' dir='ltr'><strong>inquit,</strong></span> <span class='ocrx_word' id='word_1_888' title='bbox 2505 4786 2669 4853; x_wconf 86' lang='lat' dir='ltr'><strong>hujus</strong></span> <span class='ocrx_word' id='word_1_889' title='bbox 2717 4784 3106 4856; x_wconf 85' lang='lat' dir='ltr'><strong>disputationis</strong></span> <span class='ocrx_word' id='word_1_890' title='bbox 3155 4784 3292 4856; x_wconf 74' lang='lat' dir='ltr'><strong>Acta</strong></span> <span class='ocrx_word' id='word_1_891' title='bbox 3338 4784 3383 4840; x_wconf 45' lang='lat' dir='ltr'><strong>e_</strong></span> <span class='ocrx_word' id='word_1_892' title='bbox 3429 4784 3623 4845; x_wconf 66' lang='lat' dir='ltr'><strong>Graeco</strong></span> 
     </span>
    </p>
   </div>
   <div class='ocr_carea' id='block_1_124' title="bbox 2053 4855 3621 4918">
    <p class='ocr_par' dir='ltr' id='par_1_124' title="bbox 2053 4855 3621 4918">
     <span class='ocr_line' id='line_1_127' title="bbox 2053 4855 3621 4918; baseline 0 -3"><span class='ocrx_word' id='word_1_893' title='bbox 2053 4861 2163 4916; x_wconf 85' lang='lat' dir='ltr'><strong>sint</strong></span> <span class='ocrx_word' id='word_1_894' title='bbox 2215 4855 2494 4918; x_wconf 61' lang='lat' dir='ltr'><strong>tranélata,</strong></span> <span class='ocrx_word' id='word_1_895' title='bbox 2545 4857 2661 4909; x_wconf 71' lang='lat' dir='ltr'><strong>haec</strong></span> <span class='ocrx_word' id='word_1_896' title='bbox 2716 4857 2880 4912; x_wconf 84' lang='lat' dir='ltr'><strong>verba</strong></span> <span class='ocrx_word' id='word_1_897' title='bbox 2929 4855 3198 4910; x_wconf 73' lang='lat' dir='ltr'><strong>«artiﬁcis</strong></span> <span class='ocrx_word' id='word_1_898' title='bbox 3255 4865 3308 4909; x_wconf 91' lang='lat' dir='ltr'><strong>et</strong></span> <span class='ocrx_word' id='word_1_899' title='bbox 3355 4857 3621 4915; x_wconf 87' lang='lat' dir='ltr'><strong>bellorum</strong></span> 
     </span>
    </p>
   </div>
   <div class='ocr_carea' id='block_1_125' title="bbox 2053 4925 3621 4996">
    <p class='ocr_par' dir='ltr' id='par_1_125' title="bbox 2053 4925 3621 4996">
     <span class='ocr_line' id='line_1_128' title="bbox 2053 4925 3621 4996; baseline 0 -12"><span class='ocrx_word' id='word_1_900' title='bbox 2053 4930 2209 4984; x_wconf 90' lang='lat' dir='ltr'><strong>ducis</strong></span> <span class='ocrx_word' id='word_1_901' title='bbox 2237 4948 2256 4979; x_wconf 74' lang='grc' dir='ltr'><strong>ι</strong></span> <span class='ocrx_word' id='word_1_902' title='bbox 2296 4943 2418 4996; x_wconf 77' lang='lat' dir='ltr'><strong>qua:</strong></span> <span class='ocrx_word' id='word_1_903' title='bbox 2454 4940 2580 4996; x_wconf 85' lang='lat' dir='ltr'><strong>cum</strong></span> <span class='ocrx_word' id='word_1_904' title='bbox 2632 4927 3062 4995; x_wconf 67' lang='lat' dir='ltr'><strong>praecedentibus</strong></span> <span class='ocrx_word' id='word_1_905' title='bbox 3122 4925 3305 4980; x_wconf 90' lang='lat' dir='ltr'><strong>minus</strong></span> <span class='ocrx_word' id='word_1_906' title='bbox 3338 4937 3484 4982; x_wconf 88' lang='lat' dir='ltr'><strong>recte</strong></span> <span class='ocrx_word' id='word_1_907' title='bbox 3528 4945 3621 4984; x_wconf 87' lang='lat' dir='ltr'><strong>co-</strong></span> 
     </span>
    </p>
   </div>
   <div class='ocr_carea' id='block_1_126' title="bbox 2052 4995 3622 5068">
    <p class='ocr_par' dir='ltr' id='par_1_126' title="bbox 2052 4995 3622 5068">
     <span class='ocr_line' id='line_1_129' title="bbox 2052 4995 3622 5068; baseline 0 -14"><span class='ocrx_word' id='word_1_908' title='bbox 2052 5001 2278 5062; x_wconf 83' lang='lat' dir='ltr'><strong>haerent,</strong></span> <span class='ocrx_word' id='word_1_909' title='bbox 2314 4995 2470 5051; x_wconf 72' lang='lat' dir='ltr'><strong>versa</strong></span> <span class='ocrx_word' id='word_1_910' title='bbox 2494 4995 2745 5068; x_wconf 74' lang='lat' dir='ltr'><strong>videntur</strong></span> <span class='ocrx_word' id='word_1_911' title='bbox 2778 4997 2848 5068; x_wconf 78' lang='lat' dir='ltr'><strong>ab</strong></span> <span class='ocrx_word' id='word_1_912' title='bbox 2881 4996 3173 5068; x_wconf 80' lang='lat' dir='ltr'><strong>interprete</strong></span> <span class='ocrx_word' id='word_1_913' title='bbox 3196 4996 3292 5068; x_wconf 82' lang='lat' dir='ltr'><strong>qui</strong></span> <span class='ocrx_word' id='word_1_914' title='bbox 3321 5000 3622 5068; x_wconf 73' lang='lat' dir='ltr'><strong>exemplari</strong></span> 
     </span>
    </p>
   </div>
   <div class='ocr_carea' id='block_1_127' title="bbox 2052 5064 3595 5141">
    <p class='ocr_par' dir='ltr' id='par_1_127' title="bbox 2052 5064 3595 5141">
     <span class='ocr_line' id='line_1_130' title="bbox 2052 5064 3595 5141; baseline -0.001 -18"><span class='ocrx_word' id='word_1_915' title='bbox 2052 5069 2314 5141; x_wconf 85' lang='lat' dir='ltr'><strong>mendoso</strong></span> <span class='ocrx_word' id='word_1_916' title='bbox 2343 5083 2474 5122; x_wconf 90' lang='lat' dir='ltr'><strong>usus</strong></span> <span class='ocrx_word' id='word_1_917' title='bbox 2506 5065 2692 5141; x_wconf 54' lang='lat' dir='ltr'><strong>fuerit,</strong></span> <span class='ocrx_word' id='word_1_918' title='bbox 2715 5065 2921 5141; x_wconf 73' lang='lat' dir='ltr'><strong>quique</strong></span> <span class='ocrx_word' id='word_1_919' title='bbox 2947 5064 3332 5141; x_wconf 17' lang='lat' dir='ltr'><strong>sicilegeritjbc</strong></span> <span class='ocrx_word' id='word_1_920' title='bbox 3363 5064 3595 5141; x_wconf 62' lang='grc' dir='ltr'>δῃμιουρ</span> 
     </span>
    </p>
   </div>
   <div class='ocr_carea' id='block_1_128' title="bbox 2049 5133 3620 5210">
    <p class='ocr_par' dir='ltr' id='par_1_128' title="bbox 2049 5133 3620 5210">
     <span class='ocr_line' id='line_1_131' title="bbox 2049 5133 3620 5210; baseline -0.001 -16"><span class='ocrx_word' id='word_1_921' title='bbox 2049 5139 2151 5209; x_wconf 81' lang='grc' dir='ltr'>γοῦ</span> <span class='ocrx_word' id='word_1_922' title='bbox 2176 5140 2269 5192; x_wconf 71' lang='grc' dir='ltr'><strong>καὶ</strong></span> <span class='ocrx_word' id='word_1_923' title='bbox 2308 5133 2637 5210; x_wconf 74' lang='grc' dir='ltr'>στρατηγοῦ,</span> <span class='ocrx_word' id='word_1_924' title='bbox 2680 5133 2805 5210; x_wconf 64' lang='lat' dir='ltr'><strong>cum</strong></span> <span class='ocrx_word' id='word_1_925' title='bbox 2833 5133 3035 5190; x_wconf 60' lang='lat' dir='ltr'><strong>luisset</strong></span> <span class='ocrx_word' id='word_1_926' title='bbox 3062 5133 3349 5210; x_wconf 70' lang='lat' dir='ltr'><strong>legendum</strong></span> <span class='ocrx_word' id='word_1_927' title='bbox 3479 5133 3620 5210; x_wconf 81' lang='grc' dir='ltr'>δημ-</span> 
     </span>
    </p>
   </div>
   <div class='ocr_carea' id='block_1_129' title="bbox 2050 5205 3623 5282">
    <p class='ocr_par' dir='ltr' id='par_1_129' title="bbox 2050 5205 3623 5282">
     <span class='ocr_line' id='line_1_132' title="bbox 2050 5205 3623 5282; baseline 0.001 -19"><span class='ocrx_word' id='word_1_928' title='bbox 2050 5205 2220 5282; x_wconf 80' lang='grc' dir='ltr'>ἆρχου</span> <span class='ocrx_word' id='word_1_929' title='bbox 2283 5205 2386 5262; x_wconf 62' lang='grc' dir='ltr'>καῖ</span> <span class='ocrx_word' id='word_1_930' title='bbox 2437 5205 2792 5282; x_wconf 73' lang='grc' dir='ltr'>στρατηγοῦε</span> <span class='ocrx_word' id='word_1_931' title='bbox 2863 5221 2985 5276; x_wconf 61' lang='lat' dir='ltr'><strong>quae</strong></span> <span class='ocrx_word' id='word_1_932' title='bbox 3035 5205 3482 5282; x_wconf 67' lang='lat' dir='ltr'><strong>proindeverba</strong></span> <span class='ocrx_word' id='word_1_933' title='bbox 3517 5205 3623 5265; x_wconf 78' lang='lat' dir='ltr'><strong>hoc</strong></span> 
     </span>
    </p>
   </div>
   <div class='ocr_carea' id='block_1_130' title="bbox 2051 5274 3622 5350">
    <p class='ocr_par' dir='ltr' id='par_1_130' title="bbox 2051 5274 3622 5350">
     <span class='ocr_line' id='line_1_133' title="bbox 2051 5274 3622 5350; baseline -0.01 -15"><span class='ocrx_word' id='word_1_934' title='bbox 2051 5274 2210 5350; x_wconf 65' lang='lat' dir='ltr'><strong>pacto</strong></span> <span class='ocrx_word' id='word_1_935' title='bbox 2250 5274 2516 5334; x_wconf 74' lang='lat' dir='ltr'><strong>vertenda</strong></span> <span class='ocrx_word' id='word_1_936' title='bbox 2539 5274 2772 5350; x_wconf 62' lang='lat' dir='ltr'><strong>essent,</strong></span> <span class='ocrx_word' id='word_1_937' title='bbox 2802 5286 2863 5330; x_wconf 91' lang='lat' dir='ltr'><strong>ut</strong></span> <span class='ocrx_word' id='word_1_938' title='bbox 2881 5274 3010 5350; x_wconf 52' lang='lat' dir='ltr'><strong>&#39;pro</strong></span> <span class='ocrx_word' id='word_1_939' title='bbox 3035 5274 3328 5350; x_wconf 12' lang='lat' dir='ltr'><strong>irartilicis</strong></span> <span class='ocrx_word' id='word_1_940' title='bbox 3351 5294 3370 5327; x_wconf 76' lang='grc' dir='ltr'><strong>ι</strong></span> <span class='ocrx_word' id='word_1_941' title='bbox 3409 5276 3622 5350; x_wconf 65' lang='lat' dir='ltr'><strong>legam.-</strong></span> 
     </span>
    </p>
   </div>
   <div class='ocr_carea' id='block_1_131' title="bbox 2055 5346 3620 5420">
    <p class='ocr_par' dir='ltr' id='par_1_131' title="bbox 2055 5346 3620 5420">
     <span class='ocr_line' id='line_1_134' title="bbox 2055 5346 3620 5420; baseline 0 -17"><span class='ocrx_word' id='word_1_942' title='bbox 2055 5346 2355 5420; x_wconf 66' lang='lat' dir='ltr'><strong>iprincipis</strong></span> <span class='ocrx_word' id='word_1_943' title='bbox 2395 5347 2574 5417; x_wconf 89' lang='lat' dir='ltr'><strong>p0puli</strong></span> <span class='ocrx_word' id='word_1_944' title='bbox 2605 5366 2624 5397; x_wconf 77' lang='grc' dir='ltr'><strong>ι</strong></span> <span class='ocrx_word' id='word_1_945' title='bbox 2680 5347 2792 5401; x_wconf 90' lang='lat' dir='ltr'><strong>sive</strong></span> <span class='ocrx_word' id='word_1_946' title='bbox 2851 5365 2868 5420; x_wconf 66' lang='grc' dir='ltr'><strong>ι</strong></span> <span class='ocrx_word' id='word_1_947' title='bbox 2895 5346 3119 5411; x_wconf 86' lang='lat' dir='ltr'><strong>tribuni,</strong></span> <span class='ocrx_word' id='word_1_948' title='bbox 3145 5365 3164 5396; x_wconf 75' lang='grc' dir='ltr'><strong>ι</strong></span> <span class='ocrx_word' id='word_1_949' title='bbox 3199 5353 3254 5400; x_wconf 90' lang='lat' dir='ltr'><strong>et</strong></span> <span class='ocrx_word' id='word_1_950' title='bbox 3281 5360 3379 5420; x_wconf 79' lang='lat' dir='ltr'><strong>pro</strong></span> <span class='ocrx_word' id='word_1_951' title='bbox 3408 5364 3427 5397; x_wconf 81' lang='grc' dir='ltr'><strong>ι</strong></span> <span class='ocrx_word' id='word_1_952' title='bbox 3449 5349 3620 5420; x_wconf 85' lang='lat' dir='ltr'><strong>bello-</strong></span> 
     </span>
    </p>
   </div>
   <div class='ocr_carea' id='block_1_132' title="bbox 2050 5417 3616 5489">
    <p class='ocr_par' dir='ltr' id='par_1_132' title="bbox 2050 5417 3616 5489">
     <span class='ocr_line' id='line_1_135' title="bbox 2050 5417 3616 5489; baseline 0.001 -15"><span class='ocrx_word' id='word_1_953' title='bbox 2050 5417 2171 5478; x_wconf 80' lang='lat' dir='ltr'><strong>rum</strong></span> <span class='ocrx_word' id='word_1_954' title='bbox 2196 5417 2353 5475; x_wconf 70' lang='lat' dir='ltr'><strong>duCis</strong></span> <span class='ocrx_word' id='word_1_955' title='bbox 2380 5438 2396 5468; x_wconf 79' lang='grc' dir='ltr'><strong>ι</strong></span> <span class='ocrx_word' id='word_1_956' title='bbox 2432 5420 2638 5489; x_wconf 81' lang='lat' dir='ltr'><strong>legatur</strong></span> <span class='ocrx_word' id='word_1_957' title='bbox 2678 5436 2696 5468; x_wconf 84' lang='grc' dir='ltr'><strong>ι</strong></span> <span class='ocrx_word' id='word_1_958' title='bbox 2721 5417 3099 5489; x_wconf 85' lang='lat' dir='ltr'><strong>magistratum</strong></span> <span class='ocrx_word' id='word_1_959' title='bbox 3123 5417 3382 5486; x_wconf 80' lang='lat' dir='ltr'><strong>gerentis,</strong></span> <span class='ocrx_word' id='word_1_960' title='bbox 3411 5434 3432 5466; x_wconf 72' lang='grc' dir='ltr'><strong>ι</strong></span> <span class='ocrx_word' id='word_1_961' title='bbox 3461 5417 3616 5486; x_wconf 84' lang='lat' dir='ltr'><strong>juxta</strong></span> 
     </span>
    </p>
   </div>
   <div class='ocr_carea' id='block_1_133' title="bbox 2051 5487 3617 5559">
    <p class='ocr_par' dir='ltr' id='par_1_133' title="bbox 2051 5487 3617 5559">
     <span class='ocr_line' id='line_1_136' title="bbox 2051 5487 3617 5559; baseline 0 -15"><span class='ocrx_word' id='word_1_962' title='bbox 2051 5495 2157 5545; x_wconf 88' lang='lat' dir='ltr'><strong>vim</strong></span> <span class='ocrx_word' id='word_1_963' title='bbox 2186 5492 2332 5544; x_wconf 89' lang='lat' dir='ltr'><strong>vocis</strong></span> <span class='ocrx_word' id='word_1_964' title='bbox 2360 5487 2662 5559; x_wconf 75' lang='grc' dir='ltr'>στρατηγός</span> <span class='ocrx_word' id='word_1_965' title='bbox 2687 5527 2704 5554; x_wconf 86' lang='grc'>,</span> <span class='ocrx_word' id='word_1_966' title='bbox 2732 5488 3105 5559; x_wconf 63' lang='lat' dir='ltr'><strong>quiequidem</strong></span> <span class='ocrx_word' id='word_1_967' title='bbox 3132 5501 3242 5559; x_wconf 85' lang='lat' dir='ltr'><strong>non</strong></span> <span class='ocrx_word' id='word_1_968' title='bbox 3271 5495 3484 5559; x_wconf 79' lang='lat' dir='ltr'><strong>tantum</strong></span> <span class='ocrx_word' id='word_1_969' title='bbox 3514 5492 3617 5545; x_wconf 88' lang='lat' dir='ltr'><strong>mi-</strong></span> 
     </span>
    </p>
   </div>
   <div class='ocr_carea' id='block_1_134' title="bbox 2050 5555 3620 5626">
    <p class='ocr_par' dir='ltr' id='par_1_134' title="bbox 2050 5555 3620 5626">
     <span class='ocr_line' id='line_1_137' title="bbox 2050 5555 3620 5626; baseline 0 -11"><span class='ocrx_word' id='word_1_970' title='bbox 2050 5564 2204 5617; x_wconf 88' lang='lat' dir='ltr'><strong>litare</strong></span> <span class='ocrx_word' id='word_1_971' title='bbox 2258 5555 2478 5623; x_wconf 82' lang='lat' dir='ltr'><strong>inuiius,</strong></span> <span class='ocrx_word' id='word_1_972' title='bbox 2513 5555 2608 5615; x_wconf 80' lang='lat' dir='ltr'><strong>sed</strong></span> <span class='ocrx_word' id='word_1_973' title='bbox 2641 5555 2804 5612; x_wconf 84' lang='lat' dir='ltr'><strong>etiam</strong></span> <span class='ocrx_word' id='word_1_974' title='bbox 2829 5555 2989 5612; x_wconf 69' lang='lat' dir='ltr'><strong>civile</strong></span> <span class='ocrx_word' id='word_1_975' title='bbox 3024 5557 3224 5612; x_wconf 87' lang='lat' dir='ltr'><strong>innuit.</strong></span> <span class='ocrx_word' id='word_1_976' title='bbox 3275 5555 3440 5626; x_wconf 83' lang='lat' dir='ltr'><strong>quue</strong></span> <span class='ocrx_word' id='word_1_977' title='bbox 3491 5574 3620 5615; x_wconf 84' lang='lat' dir='ltr'><strong>con-</strong></span> 
     </span>
    </p>
   </div>
   <div class='ocr_carea' id='block_1_135' title="bbox 2049 5625 3615 5701">
    <p class='ocr_par' dir='ltr' id='par_1_135' title="bbox 2049 5625 3615 5701">
     <span class='ocr_line' id='line_1_138' title="bbox 2049 5625 3615 5701; baseline 0.001 -15"><span class='ocrx_word' id='word_1_978' title='bbox 2049 5632 2252 5686; x_wconf 89' lang='lat' dir='ltr'><strong>tirmari</strong></span> <span class='ocrx_word' id='word_1_979' title='bbox 2291 5638 2468 5701; x_wconf 86' lang='lat' dir='ltr'><strong>potest</strong></span> <span class='ocrx_word' id='word_1_980' title='bbox 2491 5631 2816 5701; x_wconf 80' lang='lat' dir='ltr'><strong>auctoritate</strong></span> <span class='ocrx_word' id='word_1_981' title='bbox 2841 5627 3018 5701; x_wconf 65' lang='lat' dir='ltr'><strong>Plauti</strong></span> <span class='ocrx_word' id='word_1_982' title='bbox 3054 5629 3109 5681; x_wconf 88' lang='lat' dir='ltr'><strong>in</strong></span> <span class='ocrx_word' id='word_1_983' title='bbox 3135 5625 3482 5701; x_wconf 67' lang='lat' dir='ltr'><strong>Curculione,</strong></span> <span class='ocrx_word' id='word_1_984' title='bbox 3505 5641 3615 5687; x_wconf 87' lang='lat' dir='ltr'><strong>act.</strong></span> 
     </span>
    </p>
   </div>
   <div class='ocr_carea' id='block_1_136' title="bbox 2049 5697 3618 5766">
    <p class='ocr_par' dir='ltr' id='par_1_136' title="bbox 2049 5697 3618 5766">
     <span class='ocr_line' id='line_1_139' title="bbox 2049 5697 3618 5766; baseline -0.001 -10"><span class='ocrx_word' id='word_1_985' title='bbox 2049 5704 2114 5765; x_wconf 87' lang='lat' dir='ltr'><strong>ll,</strong></span> <span class='ocrx_word' id='word_1_986' title='bbox 2147 5697 2307 5756; x_wconf 62' lang='lat' dir='ltr'><strong>scen.</strong></span> <span class='ocrx_word' id='word_1_987' title='bbox 2347 5716 2432 5766; x_wconf 82' lang='grc' dir='ltr'>ιιι,</span> <span class='ocrx_word' id='word_1_988' title='bbox 2467 5717 2522 5753; x_wconf 88' lang='lat' dir='ltr'><strong>v.</strong></span> <span class='ocrx_word' id='word_1_989' title='bbox 2582 5701 2637 5763; x_wconf 88' lang='grc'><strong>6,</strong></span> <span class='ocrx_word' id='word_1_990' title='bbox 2676 5700 2728 5765; x_wconf 86' lang='lat'><strong>7,</strong></span> <span class='ocrx_word' id='word_1_991' title='bbox 2762 5698 2856 5753; x_wconf 91' lang='lat' dir='ltr'><strong>ubi</strong></span> <span class='ocrx_word' id='word_1_992' title='bbox 2904 5709 3135 5766; x_wconf 85' lang='lat' dir='ltr'><strong>utraque</strong></span> <span class='ocrx_word' id='word_1_993' title='bbox 3178 5697 3294 5751; x_wconf 64' lang='lat' dir='ltr'><strong>haec</strong></span> <span class='ocrx_word' id='word_1_994' title='bbox 3340 5713 3456 5755; x_wconf 57' lang='lat' dir='ltr'><strong>vox,</strong></span> <span class='ocrx_word' id='word_1_995' title='bbox 3490 5705 3618 5756; x_wconf 83' lang='lat' dir='ltr'><strong>cum</strong></span> 
     </span>
    </p>
   </div>
   <div class='ocr_carea' id='block_1_137' title="bbox 3058 5775 3619 5840">
    <p class='ocr_par' dir='ltr' id='par_1_137' title="bbox 3058 5775 3619 5840">
     <span class='ocr_line' id='line_1_140' title="bbox 3058 5775 3619 5840; baseline 0.005 -16"><span class='ocrx_word' id='word_1_996' title='bbox 3058 5785 3114 5824; x_wconf 86' lang='lat' dir='ltr'><strong>ec</strong></span> <span class='ocrx_word' id='word_1_997' title='bbox 3143 5775 3502 5840; x_wconf 60' lang='grc' dir='ltr'><strong>εἰνατέρων..</strong></span> <span class='ocrx_word' id='word_1_998' title='bbox 3527 5787 3619 5827; x_wconf 63' lang='grc' dir='ltr'>ιισα</span> 
     </span>
    </p>
   </div>
   <div class='ocr_carea' id='block_1_138' title="bbox 3111 5932 3190 5996">
    <p class='ocr_par' dir='ltr' id='par_1_138' title="bbox 3111 5932 3190 5996">
     <span class='ocr_line' id='line_1_141' title="bbox 3111 5932 3190 5996; baseline 0 0"><span class='ocrx_word' id='word_1_999' title='bbox 3111 5932 3190 5996; x_wconf 71' lang='grc' dir='ltr'><strong>ω</strong></span> 
     </span>
    </p>
   </div>
   <div class='ocr_carea' id='block_1_139' title="bbox 2048 5770 2971 5842">
    <p class='ocr_par' dir='ltr' id='par_1_139' title="bbox 2048 5770 2971 5842">
     <span class='ocr_line' id='line_1_142' title="bbox 2048 5770 2971 5842; baseline -0.003 -15"><span class='ocrx_word' id='word_1_1000' title='bbox 2048 5775 2171 5827; x_wconf 83' lang='lat' dir='ltr'><strong>aliis</strong></span> <span class='ocrx_word' id='word_1_1001' title='bbox 2191 5771 2395 5842; x_wconf 85' lang='lat' dir='ltr'><strong>muniis</strong></span> <span class='ocrx_word' id='word_1_1002' title='bbox 2418 5771 2670 5828; x_wconf 89' lang='lat' dir='ltr'><strong>civilibus</strong></span> <span class='ocrx_word' id='word_1_1003' title='bbox 2686 5770 2934 5842; x_wconf 80' lang='lat' dir='ltr'><strong>jungitur</strong></span> <span class='ocrx_word' id='word_1_1004' title='bbox 2957 5787 2971 5824; x_wconf 89' lang='lat'><strong>:</strong></span> 
     </span>
    </p>
   </div>
   <div class='ocr_carea' id='block_1_140' title="bbox 2047 5841 2512 5909">
    <p class='ocr_par' dir='ltr' id='par_1_140' title="bbox 2047 5841 2512 5909">
     <span class='ocr_line' id='line_1_143' title="bbox 2047 5841 2512 5909; baseline -0.002 -13"><span class='ocrx_word' id='word_1_1005' title='bbox 2047 5841 2379 5909; x_wconf 76' lang='lat' dir='ltr'><strong>demarchus,</strong></span> <span class='ocrx_word' id='word_1_1006' title='bbox 2407 5849 2512 5898; x_wconf 87' lang='lat' dir='ltr'><strong>etc.</strong></span> 
     </span>
    </p>
   </div>
  </div>
