4090 6404
423 373 556 428 ³1451

1429 370 1609 424 ACTA
1650 371 2168 426 DlSPUTATlONiS
2209 373 2268 428 S.
2317 371 2661 428 ARCHELAI

3524 374 3662 428 “39.

425 491 547 543 vehi
604 489 656 542 in
690 503 809 540 eum
862 488 1044 541 animo
1095 487 1385 556 urgebatur
1439 503 1504 539 ex
1554 488 1670 556 ipso
1716 487 1899 539 habitu
1928 503 1990 542 ac
2019 511 2060 560 Α
2091 488 2359 542 discerent
2413 503 2516 540 non
2563 487 3052 556 blasphemare’p
3087 487 3162 542 ita
3218 497 3272 541 et
3322 504 3417 558 vos
3460 504 3656 543 omnes

426 582 607 650 specie
656 581 796 649 ejus,
829 591 882 632 et
928 581 1160 632 maxime
1205 579 1422 647 quidem
1461 579 1595 647 (Gl),
1622 580 1763 646 quod
1795 589 1846 631 ct.
1872 596 1993 647 qua:

428 669 686 724 Turbone
747 669 1007 722 referente
1068 677 1427 735 cognoverat;
1471 668 1734 720 secretius
1791 667 1990 721 factum

427 764 568 831 apud
613 761 959 828 semetipsum
1016 769 1422 822 retractaverat,
1455 768 1510 811 et
1537 760 1820 828 diligenter
1865 776 1995 827 prie-

429 866 650 922 paratus
721 853 1030 904 advenerat.
1089 851 1157 902 At
1192 867 1318 903 vero
1365 852 1816 919 prudentissin'tus
1851 850 1994 902 Mar-

428 946 597 998 rellns
626 945 773 997 omni
830 943 1248 997 contentionum
1299 944 1479 995 studio
1524 943 1756 1004 sublato,
1794 953 1998 996 utrum-

432 1051 537 1105 que
583 1036 770 1087 audire
809 1034 1052 1088 decernit
1085 1035 1214 1103 (6'3),
1260 1034 1500 1086 invitatis
1549 1035 1679 1087 viris
1720 1034 1993 1102 primariis

428 1129 698 1190 civitazis;
735 1142 798 1178 ex
833 1128 1032 1194 quibus
1062 1126 1274 1193 judices
1309 1126 1487 1194 elegit,
1524 1126 1782 1194 religione
1829 1125 1997 1195 genti-

431 1221 530 1281 les,
577 1228 811 1287 quatuor
852 1233 1102 1278 ninncro,
1148 1233 1379 1285 quorum
1416 1218 1528 1269 haec
1577 1226 1704 1270 sunt
1727 1218 1990 1271 nomina:

437 1311 725 1379 Manippus
753 1311 1117 1379 grammatica:
1139 1309 1272 1363 artis
1297 1319 1350 1362 et
1381 1309 1680 1377 disciplinae
1703 1309 1989 1362 rhetoricze

427 1404 814 1474 peritissimus,
857 1401 1136 1472 {Egialcus
1174 1401 1282 1470 (65)
1315 1402 1586 1456 archiater
1621 1402 1994 1456 nobilissimus

426 1507 479 1550 et
512 1496 706 1549 litteris
739 1497 982 1563 apprime
1014 1494 1281 1559 eruditus,
1309 1494 1572 1548 Claudius
1609 1505 1662 1549 et
1704 1493 1996 1554 Cleobolus

426 1590 534 1642 duo
558 1587 756 1640 fratres
797 1587 999 1656 egregii
1043 1589 1290 1641 rhetores
1327 1585 1462 1656 (64).
1503 1585 1590 1639 Fit
1615 1601 1746 1656 ergo
1779 1589 1995 1658 magni-

428 1682 563 1734 licus
614 1688 945 1745 conventus;
977 1680 1048 1732 ita
1092 1689 1152 1731 ut
1196 1681 1395 1733 domus
1422 1677 1682 1742 Marcelli,
1715 1694 1838 1748 quae
1879 1687 1998 1733 erat

427 1773 720 1836 immensa,
769 1772 1067 1841 repleretur
1101 1787 1165 1826 ex
1197 1771 1283 1825 his
1308 1771 1400 1841 qui
1433 1770 1498 1825 ad
1526 1771 1850 1825 audiendum
1875 1770 1994 1826 fue-

2095 596 2376 649 poenarum
2423 579 2649 649 principi
2699 578 3005 643 trademini,
3035 595 3133 648 pro
3179 594 3244 633 eo
3277 581 3423 649 quod
3460 596 3658 634 manus

2095 674 2357 742 iujecistis
2389 675 2441 726 in
2473 672 2684 726 Patrem
2718 671 2936 735 Christi,
2981 687 3102 725 eum
3147 687 3269 725 eum
3311 672 3492 726 dicitis
3531 689 3660 726 cau-

2095 781 2212 818 sam
2249 780 2369 818 esse
2413 765 2656 816 omnium
2709 764 2997 826 malorum,
3029 773 3081 817 et
3123 764 3460 817 conditorem
3518 765 3662 832 inju-

2093 858 2268 921 stitie,
2307 865 2365 910 et
2408 856 2576 909 totius
2631 855 2934 922 iniquitatis
2993 865 3313 921 creatorem,
3371 871 3440 908 ex
3469 856 3659 908 eodem

2105 945 2252 1000 fonte
2276 945 2487 1000 dulcem
2511 954 2563 999 et
2593 961 2830 1010 amaram
2864 945 3216 1012 producentes
3247 963 3440 1014 aquam
3469 965 3482 999 :
3514 947 3659 1014 quod

2095 1036 2207 1088 fieri
2258 1045 2351 1089 aut
2391 1036 2614 1105 intelligi
2660 1035 2808 1089 nulla
2867 1036 3077 1088 ratione
3123 1037 3380 1104 possibile
3429 1046 3534 1090 est.
3557 1037 3660 1090 Cui

2093 1125 2234 1178 enim
2259 1132 2470 1194 oportet
2495 1125 2683 1178 credi?
2714 1125 2988 1194 magistris
3010 1127 3204 1180 vestris
3240 1126 3381 1191 istis,
3412 1128 3505 1195 qui
3540 1143 3663 1180 car-

2095 1217 2255 1270 nibus
2281 1227 2573 1270 vescuntur
2599 1229 2650 1270 et
2677 1217 3103 1272 alﬂucntissimis
3129 1218 3340 1272 deliciis
3369 1220 3664 1288 perfruun-

2099 1319 2186 1362 tur
2219 1327 2235 1365 :
2276 1319 2370 1362 aut
2399 1307 2663 1362 Salvatori
2693 1309 2910 1362 Christo
2936 1308 3060 1362 Jrsu
3097 1309 3320 1376 dicenti,
3350 1312 3488 1365 sicut
3524 1313 3663 1366 scri-

2093 1410 2243 1470 plum
2283 1409 2365 1453 est
2403 1401 2455 1452 in
2507 1400 2918 1469 Evangeliorum
2951 1402 3087 1455 libro
3119 1417 3132 1453 :
3165 1420 3182 1452 ι
3210 1400 3325 1456 Non
3361 1413 3538 1473 potest
3569 1420 3660 1457 ar-

2094 1494 2194 1546 bor
2230 1492 2370 1545 bona
2406 1492 2579 1545 malos
2612 1491 2822 1546 fructus
2867 1491 3068 1556 facere,
3116 1509 3293 1563 neque
3330 1495 3492 1549 arbor
3516 1497 3659 1552 mala

2096 1583 2270 1637 boeos
2324 1582 2530 1636 fructus
2581 1581 2856 1650 facere”;
2885 1601 2906 1635 ι
2948 1594 3002 1638 et
3052 1583 3160 1638 alio
3188 1585 3242 1637 in
3274 1583 3415 1647 loco,
3451 1597 3660 1654 patrem

2097 1675 2382 1739 diaboli“,
2421 1674 2732 1728 mendacem
2767 1685 2820 1728 et
2877 1673 3203 1728 homicidam
3247 1675 3315 1729 ab
3351 1677 3507 1730 initio
3537 1693 3660 1733 esse

2099 1765 2384 1820 conﬁrmat
2409 1782 2423 1830 ;
2458 1781 2676 1819 rursum
2701 1765 3032 1819 desiderium
3059 1765 3230 1820 fuisse
3258 1768 3497 1822 tenebris
3519 1768 3656 1841 (70),

437 1871 557 1916 rant
606 1861 780 1916 vocati
823 1862 934 1932 (65)
963 1878 976 1913 :
1007 1873 1059 1916 et
1109 1877 1232 1916 ctun
1283 1862 1338 1915 in
1397 1874 1688 1931 conspectu
1747 1863 1990 1918 omnimn
2023 1852 2067 1911 Β
2097 1865 2153 1910 ul
2185 1858 2598 1926 insequerentur
2633 1857 2785 1921 illud,
2819 1857 2963 1927 quod
3011 1859 3078 1913 de
3125 1858 3246 1912 luce
3288 1858 3446 1914 initio
3476 1859 3660 1916 fuerat

427 1953 801 2005 constitissent
849 1953 885 2005 ii
939 1953 1031 2020 qui
1085 1953 1371 2005 adversum
1404 1967 1463 2006 se
1497 1953 1676 2007 dicere
1726 1968 1996 2022 propone-

428 2043 579 2106 bant,
630 2051 760 2094 tunc
804 2040 879 2093 illi
931 2041 1084 2094 electi
1134 2041 1347 2109 judices
1375 2041 1702 2097 excelsiores
1740 2043 1995 2097 omnibus

427 2135 814 2199 consederunt,
852 2142 1013 2202 atque
1067 2131 1235 2186 Mante
1291 2132 1504 2186 dicendi
1560 2133 1773 2187 initium
1807 2133 1991 2188 datum

426 2237 530 2280 est.
565 2225 789 2279 Silentio
811 2224 973 2295 igitur
1003 2222 1166 2288 facto,
1198 2223 1432 2293 primum
1465 2221 1576 2294 (66)
1599 2238 1884 2294 aggressus
1912 2233 1995 2280 est

429 2317 532 2371 hoc
556 2317 736 2372 modo:

497 2408 634 2462 Xlll.
673 2410 783 2480 (67)
815 2407 948 2480 Ego,
979 2408 1080 2464 viri
1113 2407 1331 2472 fratres.
1375 2407 1576 2464 Christi
1622 2407 1840 2479 quidem
1872 2426 1990 2466 sum

429 2503 747 2570 discipulus,
782 2501 1061 2570 apostolus
1091 2517 1220 2555 vero
1252 2499 1414 2566 Jesu;
1447 2515 1546 2568 pro
1594 2499 1761 2555 nimia
1810 2509 1992 2556 autem

429 2596 765 2649 humanitate
823 2593 1061 2647 Marcelli
1115 2595 1306 2648 adesse
1364 2593 1637 2662 festinavi,
1673 2604 1730 2650 ut
1758 2596 1994 2665 qualiter

433 2695 688 2758 oporteat
729 2687 1018 2740 observare
1055 2686 1272 2739 modum
1315 2685 1508 2740 divinae
1542 2687 1840 2756 religionis,
1868 2702 1992 2740 eum

427 2778 682 2831 edoceam
712 2793 724 2829 :
755 2792 820 2830 ne
855 2777 998 2830 sicut
1032 2787 1175 2831 muta
1228 2778 1508 2844 animalia,
1552 2793 1673 2847 quae
1719 2777 1992 2832 intellectu

427 2874 612 2917 carent
642 2878 740 2916 nec
766 2864 895 2932 quid
929 2873 1098 2935 agunt
1128 2866 1437 2930 advertunt,
1472 2865 1546 2919 ita
1578 2867 1738 2920 etiam
1763 2864 1994 2919 Marcel-

427 2954 534 3018 ius,
563 2956 656 3024 qui
684 2973 828 3011 nunc
877 2973 934 3012 se
977 2959 1122 3012 velut
1163 2959 1467 3014 dedititium
1501 2960 1766 3014 doctrina:
1793 2961 1996 3015 Arche-

428 3047 500 3102 lai
531 3048 858 3118 subjugavit,
885 3049 951 3102 ad
980 3051 1230 3106 ultimum
1263 3052 1464 3106 damno
1507 3052 1702 3106 animae
1746 3052 1991 3114 feriatur,

427 3155 552 3194 cum
600 3142 963 3208 praeparanda:
1008 3143 1176 3197 divini
1225 3143 1407 3198 cultus
1451 3144 1815 3198 observantia:
1851 3145 1990 3198 ultra

427 3246 537 3285 non
562 3231 812 3286 habuerit
843 3230 1174 3289 facultatem.
1208 3233 1334 3291 Scio
1355 3245 1534 3290 autem
1564 3244 1617 3289 et
1638 3247 1817 3290 certus
1847 3251 1990 3299 sum,

432 3324 579 3396 quod
627 3326 916 3381 emendato
971 3323 1082 3395 (68)
1131 3325 1407 3394 Marcello,
1448 3329 1608 3382 etiam
1658 3342 1754 3382 vos
1808 3342 1993 3380 omnes

427 3421 560 3475 salvi
596 3435 715 3476 esse
762 3421 1041 3491 poteritis;
1077 3418 1247 3488 ipsius
1295 3418 1671 3487 enimjudicio
1722 3434 1992 3486 suspensa

427 3513 622 3581 pendet
650 3512 780 3566 urbs
811 3520 987 3565 vestra
1020 3509 1197 3579 :quod
1226 3510 1270 3563 si
1295 3509 1364 3562 ab
1390 3524 1717 3579 unoquoque
1752 3518 1990 3562 vestrum

429 3603 716 3672 abjiciatur
745 3617 886 3655 vana
932 3601 1305 3671 praesumptio,
1335 3608 1389 3654 et
1431 3615 1495 3654 ea
1525 3615 1647 3668 quae
1679 3600 1929 3653 dicentur
1961 3614 1990 3651 a

430 3707 537 3757 me,
577 3693 687 3746 veri
719 3707 906 3746 amore
943 3693 1255 3756 audiantur,
1285 3689 1455 3744 futuri
1485 3689 1668 3744 saeculi
1709 3690 1994 3744 haeredita-

429 3793 560 3846 tem,
584 3784 844 3838 caelorum
881 3797 1045 3853 regna
1077 3782 1321 3851 capietis.
1350 3781 1480 3835 Sum
1507 3782 1726 3850 quidem
1755 3797 1855 3851 ego
1888 3781 1992 3834 Pa-

431 3873 687 3936 racletus,
725 3872 818 3942 qui
858 3872 926 3926 ab
954 3870 1081 3926 Jesu
1112 3871 1251 3924 mitti
1283 3869 1572 3940 praedictus
1605 3885 1747 3934 sum,
1769 3871 1870 3922 «ad
1907 3885 1996 3923 ar-

428 3965 696 4036 guendum
717 3964 976 4018 mundum
996 3963 1062 4018 de
1077 3973 1302 4033 peccato
1319 3971 1368 4015 et
1393 3962 1458 4016 de
1473 3963 1735 4031 injustitia
1763 3963 1780 3992 ⁷
1798 3963 1930 4032 (69).
1963 3982 1981 4015 ι

429 4057 582 4111 Sicut
602 4064 654 4110 et
684 4055 780 4125 qui
819 4063 944 4109 ante
972 4069 1060 4109 me
1091 4053 1293 4108 missus
1321 4064 1405 4109 est
1436 4053 1663 4120 Paulus,
1696 4073 1714 4106 ‹
1737 4069 1802 4108 ex
1835 4063 1992 4124 parte

426 4147 586 4214 scire,
618 4156 672 4202 et
700 4162 766 4201 ex
799 4155 951 4217 parte
978 4146 1340 4215 prophetare"
1371 4165 1390 4198 ι
1427 4161 1485 4200 se
1512 4146 1668 4211 dixit,
1711 4146 1848 4200 mihi
1903 4161 1992 4202 re-

426 4254 651 4293 servans
680 4238 826 4308 quod
861 4235 1161 4308 perfectum
1191 4245 1294 4303 est,
1328 4246 1388 4290 ut
1414 4238 1518 4292 hoc
1556 4238 1701 4307 quod
1730 4253 1794 4292 ex
1842 4246 1996 4306 parte

424 4341 510 4386 est
538 4331 836 4385 destruam.
873 4329 1114 4382 Tertium
1163 4343 1293 4398 ergo
1340 4328 1713 4382 testimonium
1742 4330 1990 4397 accipite,

425 4421 732 4491 apostolum
768 4436 854 4474 me
876 4435 996 4475 esse
1023 4419 1224 4474 Christi
1249 4420 1482 4474 electum
1502 4439 1514 4472 ;
1534 4428 1587 4474 et
1614 4421 1656 4474 si
1682 4420 1844 4473 vultis
1874 4435 1990 4474 mea

2095 1951 2366 2020 prolatum
2393 1948 2651 2015 Verbum,
2680 1958 2735 2004 et
2767 1949 3050 2003 inimicum
3097 1950 3374 2005 hominem
3412 1951 3654 2006 zizanio-

2097 2057 2216 2093 rum
2265 2040 2645 2094 semiuatorem
2675 2041 2737 2106 1’,
2787 2049 2840 2094 et
2889 2040 3184 2110 principem
3240 2042 3426 2096 saeculi
3469 2044 3658 2096 mundi

2097 2130 2258 2198 hujus
2288 2128 2456 2183 Deum
2482 2130 2544 2192 ’³,
2576 2130 2666 2199 qui
2717 2131 2996 2184 hominum
3051 2139 3260 2186 mentes
3317 2142 3573 2198 excaecat,
3601 2146 3661 2186 ut

2096 2222 2149 2275 in
2199 2220 2489 2289 Evangelio
2541 2221 2742 2275 Christi
2799 2222 3146 2276 deserviant?
3203 2221 3389 2278 Bonus
3425 2233 3508 2279 cst
3555 2225 3662 2279 iste

2097 2312 2258 2374 Deus,
2290 2311 2382 2380 qui
2432 2326 2562 2366 suos
2611 2311 2860 2365 homines
2911 2312 3109 2365 salvari
3163 2328 3271 2366 non
3304 2313 3453 2367 vult?
3479 2313 3564 2378 Et,
3601 2324 3660 2367 ut.

2096 2420 2164 2458 ne
2194 2406 2362 2458 multa
2396 2404 2498 2457 alia
2541 2404 2813 2458 revolvam
2840 2411 2897 2458 et
2932 2406 3169 2473 spatium
3201 2407 3463 2474 temporis
3496 2407 3645 2460 obte-

2093 2512 2233 2562 ram,
2287 2511 2428 2550 νει-ω
2475 2494 2738 2550 doctrinae
2795 2495 3049 2551 diﬂ‘erens
3093 2497 3204 2568 (71)
3264 2507 3496 2567 tempus,
3545 2498 3662 2552 hac

2095 2587 2298 2642 dixisse
2321 2587 2572 2650 sulﬁciat,
2603 2595 2656 2641 et
2681 2585 2747 2641 ad
2780 2588 3120 2657 propositum
3155 2581 3396 2654 redeam,
3425 2598 3482 2643 ut
3505 2604 3662 2643 com-

2094 2685 2335 2748 petenter
2359 2678 2638 2732 ostendam
2685 2677 2916 2732 istorum
2953 2679 3247 2733 absurdam
3279 2695 3401 2734 esse
3448 2679 3661 2735 doctri-

2095 2785 2244 2832 nam,
2290 2785 2390 2824 nec
2440 2770 2735 2839 quidquam
2787 2768 2898 2825 Deo
2929 2779 2982 2824 et
3033 2769 3180 2826 Patri
3240 2771 3454 2826 Domini
3487 2774 3661 2828 nostri

2097 2862 2394 2916 Salvatoris
2433 2863 2836 2931 ascribendum,
2889 2865 2981 2919 sed
3028 2865 3294 2918 malorum
3347 2875 3658 2920 nostrorum

2095 2969 2316 3009 causam
2366 2956 2610 3026 accipere
2660 2955 2916 3010 Satanam
2949 2973 2961 3007 :
2990 2957 3044 3010 in
3091 2958 3267 3026 ipsum
3298 2958 3496 3012 etenim
3526 2960 3662 3029 reji-

2095 3045 2368 3112 ciendum,
2394 3048 2538 3117 quod
2583 3050 2765 3102 omnia
2819 3049 3198 3119 hujuscemodi
3239 3049 3381 3103 mala
3425 3051 3492 3104 ab
3539 3051 3665 3121 ipso

2096 3151 2438 3211 generentur.
2463 3142 2567 3197 Sed
2591 3151 2644 3197 et
2670 3159 2732 3196 ea
2763 3159 2884 3213 quae
2915 3144 2968 3196 in
2995 3144 3272 3214 prephetis
3297 3155 3352 3198 et
3387 3145 3502 3215 lege
3526 3147 3661 3201 scri-

2095 3241 2186 3302 pta
2220 3242 2366 3300 sunt,
2423 3233 2528 3303 ipsi
2577 3234 2933 3288 nihilominus
2981 3235 3300 3290 ascribenda
3349 3248 3508 3304 sunt;
3544 3239 3665 3308 ipse

2094 3339 2177 3380 e5t
2209 3326 2377 3392 enim,
2401 3327 2494 3396 qui
2540 3327 2594 3380 in
2630 3328 2907 3397 prophetis
2935 3336 3063 3382 tunc
3108 3328 3322 3384 locutus
3349 3340 3452 3396 est,
3486 3331 3663 3401 pluri-

2096 3428 2214 3467 mas
2253 3413 2333 3467 eis
2369 3415 2435 3468 de
2485 3413 2596 3469 Deo
2636 3417 2968 3486 ignorautias
3013 3425 3327 3488 suggerens.
3381 3430 3435 3475 et
3484 3430 3663 3476 tenta-

2095 3503 2292 3570 tiones,
2316 3516 2369 3558 et
2391 3508 2884 3575 concupiscentias.
2911 3507 3014 3562 Sed
3053 3518 3106 3563 et
3133 3511 3508 3566 devoratorem
3533 3530 3660 3567 eum

2097 3598 2381 3665 sanguinis
2401 3608 2454 3652 et
2484 3601 2664 3654 carnis
2691 3601 3016 3668 ostendunt;
3047 3618 3169 3672 quae
3198 3606 3380 3659 omnia
3417 3605 3482 3660 ad
3532 3624 3660 3661 cum

2099 3686 2364 3754 pertinent
2393 3687 2650 3743 Satanam
2677 3701 2730 3744 et
2756 3692 2819 3745 ad
2841 3695 3138 3762 prophetas
3169 3696 3308 3765 ejus,
3327 3713 3448 3766 quae
3475 3706 3660 3754 trans-

2097 3776 2334 3832 l'ormare
2375 3780 2546 3834 voluit
2575 3781 2626 3834 in
2661 3781 2874 3838 Patrem
2914 3786 3138 3852 Christi,
3169 3799 3222 3842 et
3251 3790 3488 3845 scribere
3523 3807 3663 3861 pau-

2095 3884 2156 3923 ca
2191 3871 2437 3939 quaedam
2484 3888 2631 3937 vera,
2669 3885 2727 3928 ut
2775 3891 2872 3945 per
2920 3877 3033 3932 hate
3081 3882 3243 3934 etiam
3295 3892 3488 3936 extera
3537 3900 3665 3952 quae

2095 3969 2224 4012 sunt
2270 3958 2426 4024 falsa,
2475 3964 2845 4020 crederentur.
2879 3965 3033 4022 Unde
3056 3969 3259 4024 bonum
3291 3972 3450 4027 nobis
3483 3984 3566 4028 est
3591 3991 3659 4029 ex

2094 4051 2349 4107 omnibus
2381 4069 2501 4122 quae
2542 4071 2715 4124 usque
2749 4058 2813 4111 ad
2847 4056 3111 4114 Joannem
3143 4062 3344 4130 scripta
3385 4075 3535 4126 sunt,
3573 4066 3660 4118 ni-

2095 4145 2170 4198 hil
2217 4148 2440 4202 omnino
2477 4150 2775 4219 suscipere,
2813 4167 2843 4205 a
2878 4152 3072 4208 diebus
3116 4170 3245 4209 vero
3274 4157 3394 4225 ejus
3430 4173 3662 4229 evange-

2093 4236 2316 4290 lizatum
2353 4253 2578 4310 regnum
2628 4241 2890 4295 ctelorum
2928 4244 3102 4297 solum
3137 4247 3386 4314 amplecti
3419 4267 3432 4301 :
3462 4262 3662 4302 semet-

2094 4327 2243 4397 ipsos
2275 4331 2419 4383 enim
2468 4331 2777 4397 miserunt,
2808 4335 3038 4388 ridicula
3071 4345 3123 4388 et
3159 4338 3366 4392 ludicra
3402 4339 3656 4394 introdu-

2095 4430 2299 4483 centes,
2323 4422 2536 4490 exigui-5
2568 4425 2892 4492 quibusdam
2921 4427 3098 4480 verbis
3123 4429 3174 4481 in
3213 4430 3325 4498 lege
3363 4431 3660 4487 adumbra-

425 4515 587 4566 wrha
635 4513 930 4582 suscipere,
962 4512 1248 4567 invenietis
1280 4512 1546 4578 salutem;
1597 4513 1844 4566 nolentes
1891 4527 1990 4565 au-
2021 4526 2063 4580 υ
2094 4509 2183 4576 tis,
2211 4511 2524 4579 ignorantes
2574 4516 2699 4582 quia
2747 4517 2904 4571 malis
2933 4519 2976 4570 si
3016 4519 3448 4576 admiscerentur
3487 4524 3656 4591 bona,

425 4614 556 4666 tem,
581 4617 678 4656 vos
708 4613 944 4656 azternus
974 4602 1113 4674 ignis
1135 4604 1424 4659 absumere
1448 4604 1629 4658 habet.
1662 4603 1816 4658 Sicut
1839 4604 1985 4658 enim

423 4693 747 4766 Hymenaeus
788 4702 843 4748 ct
886 4693 1190 4748 Alexander
1222 4714 1240 4746 ι
1269 4697 1449 4750 traditi
1487 4704 1616 4750 sunt
1658 4693 1894 4759 Satanae,
1925 4702 1985 4748 ut

490 4815 512 4846 ⁷
538 4812 696 4868 Joan.
721 4811 919 4883 “1.8.
1018 4813 1040 4844 ⁸
1073 4812 1091 4867 l
1118 4814 1244 4869 Cor.
1272 4830 1391 4883 xm,
1417 4816 1470 4873 9.

419 4898 542 4951 ιιιι,
575 4883 666 4940 25.
743 4884 787 4915 ¹³
811 4882 1011 4954 Ephes.
1035 4899 1110 4950 vi,
1138 4885 1226 4940 ιε.

490 5003 604 5076 (61)
631 5004 807 5076 Codex
840 5003 1127 5076 Bobiensis
1158 5020 1265 5058 non
1296 5005 1479 5072 habet,
1511 5024 1530 5057 ι
1553 5006 1796 5076 quidem.
1821 5024 1840 5063 υ

492 5074 606 5147 (ϐξ)
636 5074 818 5147 Codex
847 5074 1164 5147 Casinensis
1190 5076 1352 5140 male,
1387 5094 1406 5126 ε
1429 5074 1621 5147 cernit.
1649 5095 1667 5128 ι

490 5144 604 5217 (65)
641 5145 825 5217 Codex
847 5144 1167 5217 Bobiensia,
1195 5163 1214 5196 ί
1240 5146 1631 5217 ειοδιιιιηειιὶῳε
1659 5159 1711 5200 et
1742 5145 1988 5217 discipli-

421 5214 510 5270 me
531 5215 815 5270 rhetoricae
844 5215 978 5268 artis
1015 5214 1399 5283 peritissimus,
1441 5227 1495 5269 et
1524 5214 1801 5284 Egidius.
1830 5235 1849 5266 ι
1880 5214 1989 5269 llo-

419 5300 540 5339 rum
576 5295 757 5356 autem
805 5285 1054 5354 jndicum
1094 5287 1356 5354 primum,
1406 5287 1688 5353 gentilium
1737 5287 1982 5356 philoso-

425 5356 568 5425 phiae
623 5354 1010 5424 professmem,
1068 5356 1367 5408 secundum
1417 5357 1707 5425 medicum,
1741 5354 1986 5410 'tertium

424 5423 867 5546 grammaticum,
901 5433 1157 5492 quartum
1187 5427 1460 5478 rhetorem
1492 5426 1620 5480 facit
1653 5423 1986 5495 Epiphanius

424 5509 571 5546 num.
680 5533 690 5544 .
1492 5545 1495 5546 ν

419 5509 571 5547 num.
607 5498 690 5546 10.
1492 5545 1495 5549 .

493 5563 603 5631 (64)
634 5563 814 5617 Codex
839 5562 1176 5629 Casinensis,
1221 5581 1241 5614 ι
1269 5574 1529 5618 rectores.
1555 5583 1575 5614 ›

489 5632 602 5700 (65)
640 5631 822 5684 Codex
849 5631 1150 5697 Bobiensia,
1190 5651 1210 5684 ο
1229 5636 1534 5688 convocati.
1555 5652 1575 5684 ι

491 5702 602 5772 tuo)
634 5701 817 5772 Codex
843 5703 1180 5772 Casinepsis,
1222 5721 1240 5752 ε
1265 5703 1522 5772 plurima.
1550 5721 1569 5754 ι

485 5763 602 5839 (67)
633 5767 751 5823 Huc
807 5784 982 5837 usque
1042 5763 1282 5825 Valesius
1337 5771 1504 5826 edidit
1539 5788 1603 5827 ex
1653 5771 1975 5828 codiceBo-

1537 4884 1542 4891 _
1583 4817 1603 4848 ’
1635 4813 1656 4868 ι
1685 4813 1828 4870 Tim.
1859 4830 1955 4880 vti,
1991 4815 2080 4870 50.

2095 4603 2357 4656 malorum
2397 4607 2745 4674 corruptione
2772 4607 2937 4678 etiam
2970 4625 3091 4678 qua:
3122 4611 3263 4664 bona
3292 4626 3441 4677 sunt,
3467 4627 3652 4670 exter-

2093 4696 2388 4748 Iuinantur.
2421 4695 2484 4748 Et
2515 4696 2561 4750 si
2608 4697 2823 4765 quidem
2867 4710 2949 4754 est
2999 4701 3309 4770 quisquam,
3347 4707 3440 4774 qui
3482 4711 3658 4775 possit

2188 4814 2228 4845 ¹⁰
2260 4813 2448 4870 Matth.
2478 4831 2574 4882 vit,
2602 4816 2687 4870 18.
2814 4818 2856 4848 ¹²
2887 4816 3043 4874 Joan.
3071 4835 3185 4884 vin,
3210 4822 3299 4876 44.
3390 4823 3432 4855 ¹⁹
3461 4823 3652 4880 Matth.

2096 4999 2291 5060 biensn.

2165 5075 2276 5148 (68)
2308 5073 2368 5148 in
2395 5078 2583 5132 codice
2615 5077 2921 5140 Casinensi,
2961 5096 2981 5131 ι
3005 5080 3150 5134 enim
3173 5078 3320 5135 dato.
3348 5099 3367 5134 ι

2166 5145 2279 5215 (69)
2307 5145 2532 5207 Videtur
2562 5149 2648 5202 hic
2678 5150 2830 5202 locus
2852 5163 2883 5222 a
2906 5149 3132 5215 Manete,
3165 5151 3250 5204 vel
3291 5153 3361 5205 ab
3397 5152 3654 5222 imperito

2091 5215 2315 5291 librario
2347 5227 2666 5291 corruptus;
2701 5233 2826 5271 nam
2860 5219 2928 5291 in_
2945 5234 3104 5273 sacro
3135 5229 3303 5286 textu,
3340 5239 3359 5273 ς
3379 5215 3646 5291 justitia,»

2092 5287 2352 5341 scribitur
2371 5288 2647 5341 contrario
2679 5303 2866 5342 sensu.
2890 5287 3047 5342 Varia
3082 5299 3265 5344 autem
3312 5287 3482 5348 sacra:
3501 5287 3653 5350 Scri-

2129 5368 2263 5433 turte
2318 5358 2440 5433 loca
2483 5359 2672 5433 dolose
2725 5357 3112 5433 interpolasse,
3143 5368 3307 5433 atque
3339 5365 3654 5433 corrupisse

2146 5435 2358 5502 arietem
2391 5427 3129 5502 diserteﬁrcheausasserit
3154 5427 3294 5502 infra
3317 5446 3440 5502 cap.
3473 5427 3564 5499 53,
3597 5444 3653 5491 et

2089 5512 2155 5550 ex
2187 5495 2490 5567 Epiphanio
2512 5497 2782 5567 colligitur
2813 5498 2866 5550 in
2887 5497 3132 5566 ejusdem
3162 5500 3352 5555 haeresi
3385 5495 3646 5561 num.’56.

2160 5563 2540 5640 t7U)’V_idetur
2568 5563 2841 5636 respicere
2873 5563 3058 5640 Manes
3079 5570 3146 5624 ad
3178 5569 3269 5624 illa
3297 5568 3459 5626 Joan.
3496 5589 3534 5640 ι,
3559 5573 3596 5632 5
3631 5591 3649 5631 :

2093 5651 2114 5685 ι
2138 5633 2210 5706 Et
2234 5637 2468 5706 tenebrat
2494 5651 2616 5690 eum
2651 5633 2758 5690 non
2795 5637 3343 5706 comprehenderunt.
3372 5659 3391 5692 ι

2155 5703 2266 5774 (71)
2295 5704 2351 5758 lu
2381 5707 2567 5761 codice
2591 5707 2899 5772 Casinensi,
2920 5703 2962 5760 “‹
2983 5708 3255 5766 disserens
3275 5727 3296 5762 ι
3324 5709 3541 5784 legitur.
