4090 6396
405 351 548 409 H55

1545 348 1690 406 CUM
1726 348 2010 403 MANETE
2050 349 2594 408 HIERESIARCHA.
3527 348 3665 402 ΗΜ

405 472 716 539 ostendere.
764 473 935 543 legem
996 471 1130 526 1⁸80ιὶ
1195 477 1467 525 tenentem
1505 485 1649 536 esse.
1685 470 1845 526 debet
1875 486 1976 524 ου·
2012 477 2058 531 Α
2085 472 2323 528 dicimus
2354 473 2731 529 monarchiam
2766 473 2927 526 unius
2949 481 3178 536 naturw,
3206 479 3259 524 et
3287 469 3468 525 omnia
3498 469 3661 524 Deum

407 564 633 630 stodiri;
667 564 751 618 sin
797 573 979 618 autem
1024 563 1223 617 malam
1275 562 1584 627 ostendere,
1619 562 1977 618 interimenda

405 663 567 712 estet
605 655 936 724 abjicienda,
977 655 1178 724 quippe
1210 669 1331 724 quae
1355 653 1551 708 mortis
1584 653 1696 725 (72)
1733 654 1980 708 ministe—

409 748 553 804 rium
616 748 858 802 continet
914 745 1267 800 informatum
1294 745 1360 810 υ,
1390 762 1510 815 quae
1555 746 1736 800 vultus
1809 746 1978 818 Moysi

405 837 657 910 gloriam,
691 847 1004 907 contegens,
1039 837 1326 892 destruxit.
1363 838 1477 892 Non
1534 849 1619 895 est
1659 842 1825 912 igitur
1859 844 1978 898 sine

403 928 648 998 periculo
675 928 929 996 cuiquam
957 937 1196 983 vestrum
1234 930 1438 998 pariter
1468 945 1594 984 eum
1628 932 1741 1001 lege
1769 944 1824 988 et
1852 948 1980 1002 pro-

403 1017 581 1088 phetis
630 1033 830 1071 novum
867 1015 1301 1084 Testamentum,
1358 1029 1617 1090 tanquam
1653 1022 1767 1092 (73)
1815 1025 1979 1080 unius

401 1112 514 1166 sint
556 1119 809 1180 utraque,
856 1110 1087 1176 docere,
1123 1111 1322 1180 quippe
1365 1127 1488 1166 cum
1544 1125 1771 1168 renovet
1801 1115 1867 1168 de
1892 1115 1978 1171 die

402 1203 458 1258 in
510 1202 652 1258 diem
704 1201 1006 1257 Salvator-is
1037 1203 1208 1257 nostri
1232 1203 1496 1270 eruditio;
1533 1205 1621 1258 illa
1664 1221 1795 1260 vero
1828 1219 1976 1261 vete-

404 1310 630 1350 raseens
655 1306 708 1348 et
735 1309 1028 1348 senescens
1065 1311 1233 1366 prope
1259 1296 1642 1350 exterminium
1669 1297 1782 1351 ﬁat.
1818 1296 1977 1364 Quod

401 1386 757 1443 manifestum
795 1396 878 1442 est
921 1388 1026 1451 his,
1064 1390 1156 1457 qui
1198 1389 1582 1442 discretionem
1617 1389 1818 1445 habere
1849 1406 1978 1460 pos-

402 1485 566 1544 sunt;
599 1479 728 1547 quia
784 1479 926 1533 sicut
977 1479 1192 1532 arboris
1222 1494 1344 1532 cum
1381 1478 1664 1532 senuerint
1702 1480 1861 1546 rami,
1895 1482 1976 1535 vel

399 1581 626 1625 truncus
651 1569 886 1624 fructum
914 1571 1054 1625 ultra
1094 1586 1200 1624 non
1236 1570 1408 1633 aﬁ‘ert,
1432 1569 1524 1624 sed
1559 1571 1974 1638 abscinduntur,

399 1671 455 1719 et
487 1664 728 1717 membra
762 1678 1054 1732 corporum
1090 1680 1213 1718 cum
1248 1673 1507 1734 corrupta
1532 1661 1754 1729 fuerint,
1787 1680 1979 1734 ampu-

399 1763 589 1809 tantur
621 1773 636 1808 :
667 1755 1036 1824 corruptionis
1068 1754 1212 1808 enim
1257 1754 1408 1809 virus
1452 1769 1520 1808 ex
1573 1755 1832 1811 membris
1883 1772 1979 1826 per

400 1858 562 1896 omne
595 1857 795 1912 corpus
830 1843 1155 1908 infunditur,
1191 1853 1245 1898 et
1282 1843 1388 1898 nisi
1433 1844 1657 1899 artiﬁcis
1696 1845 1976 1915 diligentia
2009 1828 2051 1882 Β

401 1935 705 1988 remedium
728 1935 953 1989 morbus
980 1936 1272 2005 acceperit,
1302 1952 1501 2006 corpus
1531 1952 1692 1993 omne
1716 1939 1974 2006 vitiatur;

403 2028 476 2081 ita
508 2042 635 2097 ergo
669 2036 722 2081 et
751 2027 1075 2097 recipientes
1103 2028 1300 2098 legem,
1339 2029 1446 2083 nisi
1473 2031 1842 2100 cognoveritis
1879 2049 1977 2087 cu-

395 2119 486 2190 jus
512 2118 603 2185 sit,
630 2119 843 2173 animas
890 2135 1015 2174 cum
1049 2121 1223 2176 salute
1255 2122 1512 2190 pcrdetis.
1559 2143 1576 2175 ‹
1605 2122 1714 2177 Lex
1743 2126 1887 2178 enim
1923 2135 1976 2180 et

399 2213 675 2282 propheta:
707 2227 878 2281 usque
905 2211 972 2266 ad
999 2209 1264 2266 Joannem
1291 2211 1590 2284 Baptistam
1617 2217 1682 2278 ¹⁸,
1716 2235 1734 2267 ι
1762 2231 1792 2270 a
1811 2215 1978 2270 Joan-

399 2321 468 2360 ne
494 2319 623 2360 vero
656 2305 740 2359 lex
775 2305 1043 2369 veritatis,
1075 2305 1160 2359 lex
1193 2307 1644 2376 promissionum,
1673 2309 1758 2363 lex
1809 2310 1978 2364 caelo.

401 2415 550 2463 rum,
587 2399 673 2453 lex
708 2401 1067 2454 annuntiatur
1104 2399 1346 2454 humano
1384 2402 1571 2470 generi
1601 2418 1761 2458 nova.
1807 2401 1976 2473 Equi-

397 2493 520 2548 dem
553 2492 724 2548 donec
751 2508 861 2546 non
913 2501 1034 2547 erat
1062 2492 1154 2563 qui
1178 2492 1516 2548 verissimam
1567 2495 1848 2550 scientiam
1873 2495 1977 2549 Do-

397 2587 532 2642 mini
585 2587 759 2658 nostri
801 2583 930 2641 Jesu
981 2585 1138 2640 vobis
1180 2587 1517 2652 ostenderet,
1549 2596 1838 2658 peccatum
1865 2603 1973 2641 non

398 2677 684 2734 habebatis
721 2696 734 2732 :
767 2677 914 2733 nunc
946 2687 1129 2733 autem
1155 2686 1210 2733 et
1240 2678 1456 2743 videtis,
1493 2689 1547 2734 et
1569 2678 1792 2746 auditis,
1826 2688 1880 2734 et
1918 2679 1972 2734 in

397 2771 648 2849 inscitias
682 2771 794 2843 (74)
819 2773 896 2828 ire
929 2772 1118 2836 vultis,
1143 2781 1204 2827 ut
1236 2772 1410 2843 legem
1439 2788 1562 2843 quae
1587 2774 1864 2829 destructa
1892 2781 1976 2828 est

397 2873 453 2920 et
477 2865 686 2932 relicta,
712 2865 824 2936 (75)
860 2866 1002 2920 sicut
1030 2863 1234 2921 Paulus
1255 2865 1349 2936 qui
1380 2864 1524 2936 apud
1568 2879 1666 2920 vos
1700 2864 1974 2936 probatis-

397 2956 577 3012 simus
614 2956 867 3023 habetur,
912 2957 989 3010 ait
1039 2957 1092 3010 in
1142 2955 1378 3026 quadam
1434 2955 1675 3027 Epistola
1731 2971 1831 3012 sua
1869 2956 1974 3012 hoc

395 3047 562 3104 modo
595 3063 610 3101 :
652 3066 671 3099 ι
703 3047 761 3102 Si
787 3048 931 3103 enim
961 3063 1083 3119 quae
1113 3048 1357 3103 destruxi
1403 3048 1519 3103 haec
1544 3048 1742 3103 iterum
1775 3047 1971 3103 remdi-

397 3137 522 3206 ﬁco,
561 3139 1037 3210 praevaricatorem
1070 3155 1156 3195 me
1188 3140 1468 3195 constituo
1494 3140 1556 3196 η.
1579 3158 1598 3192 ι
1637 3138 1752 3196 Hoc
1781 3148 1964 3194 autem

397 3231 550 3296 dicit,
583 3232 816 3304 gentiles
844 3246 940 3287 eos
977 3231 1254 3302 judicans,
1293 3241 1514 3302 propter
1548 3231 1696 3303 quod
1731 3233 1834 3288 sub
1863 3233 1972 3288 ele-

397 3326 598 3381 mentis
641 3325 832 3380 mundi
890 3326 1165 3392 essent”,
1201 3333 1520 3396 priusquam
1555 3327 1766 3382 venerit
1805 3327 1976 3397 pleni-

398 3415 534 3472 tudo
567 3415 714 3481 ﬁdei,
744 3416 1030 3472 credentes
1051 3416 1103 3470 in
1140 3415 1258 3486 lege
1285 3423 1340 3469 et
1369 3417 1669 3486 praphetis.

465 3506 605 3562 XIV.
646 3506 862 3562 Iudices
912 3507 1208 3562 dixerunt:
1253 3505 1308 3560 Si
1359 3507 1488 3576 quid
1528 3508 1707 3562 adhuc
1742 3507 1976 3563 manife-

397 3599 537 3654 stius
579 3597 768 3664 babes,
811 3598 900 3652 dic
949 3599 1016 3653 de
1063 3596 1325 3652 doctrinae
1371 3605 1476 3652 tuae
1525 3598 1705 3663 modo,
1757 3608 1811 3654 et
1854 3600 1975 3654 ﬁdei

396 3691 576 3746 titulo.
611 3689 793 3744 Manes
829 3691 1011 3746 dicit:
1053 3689 1165 3762 Ego
1211 3690 1348 3745 duas
1397 3699 1622 3746 naturas
1665 3706 1788 3747 esse
1831 3692 1974 3754 dico,

397 3799 564 3838 unam
604 3784 825 3847 bonam,
871 3793 924 3838 et
963 3783 1189 3838 alteram
1229 3782 1465 3849 malam;
1501 3795 1553 3838 et
1590 3799 1710 3838 eam
1756 3783 1975 3853 quidem

397 3891 520 3946 qua:
570 3876 710 3930 bona
758 3883 861 3939 est,
911 3875 965 3929 in
1011 3875 1338 3945 quibusdam
1390 3875 1639 3945 partibus
1693 3875 1973 3942 habitare;

397 3967 598 4023 malam
631 3982 762 4022 vero
790 3981 912 4022 esse
939 3975 1048 4021 tam
1083 3967 1348 4022 mundum
1387 3967 1552 4032 hunc,
1587 3983 1750 4036 quam
1792 3968 1976 4021 omnia

397 4077 521 4134 quae
555 4061 609 4116 in
645 4076 710 4116 eo
742 4068 889 4126 sunt,
929 4074 1050 4130 quae
1078 4059 1236 4130 quasi
1269 4060 1540 4128 ergastula
1571 4059 1624 4111 in
1665 4066 1816 4128 parte
1856 4075 1974 4112 ma-

397 4152 528 4224 ligni
559 4152 736 4222 posita
765 4159 912 4212 sunt,
950 4149 1094 4206 sicut
1130 4149 1206 4204 ait
1235 4147 1512 4204 Joannes:
1557 4167 1577 4200 ι
1617 4147 1788 4204 Totus
1813 4164 1975 4202 mun-

397 4245 500 4302 dus
553 4245 611 4300 in
652 4245 892 4315 maligno
927 4252 1012 4298 est
1057 4243 1269 4313 positus
1303 4241 1367 4307 ¹⁸,
1410 4260 1429 4292 ι
1471 4249 1527 4296 et
1570 4256 1680 4296 non
1734 4241 1788 4294 in
1845 4240 1971 4296 Deo.

396 4335 687 4408 Propterea
722 4337 831 4391 duo
861 4336 979 4391 loca
1009 4351 1130 4390 esse
1156 4335 1417 4400 diximus,
1453 4350 1622 4388 unum
1664 4335 1890 4401 bonum,
1921 4343 1978 4389 et

397 4431 564 4485 alium
595 4429 690 4499 qui
720 4437 876 4484 extra
902 4443 1026 4483 eum
1056 4435 1162 4494 est,
1190 4435 1249 4481 ut
1277 4427 1331 4481 in
1367 4426 1450 4482 his
1481 4426 1712 4497 spatium
1745 4427 1975 4492 habens,

397 4531 584 4594 posset
624 4522 679 4576 in
724 4537 784 4578 se
814 4521 1092 4592 suscipere
1125 4530 1431 4576 creaturam
1475 4519 1682 4574 mundi.
1735 4517 1791 4573 Si
1831 4520 1976 4575 enim
2009 4539 2054 4594 ι)
2083 4535 2229 4585 cera,
2273 4517 2358 4574 vel
2405 4517 2522 4574 luto
2568 4517 2706 4574 velle
2749 4517 2934 4572 vultus
2989 4517 3074 4572 sui
3121 4516 3462 4585 signaculum
3511 4517 3660 4588 quod
3757 4567 3765 4572 .

471 4669 519 4702 ιδ
543 4668 588 4723 ΙΙ
611 4669 738 4725 Cor.
770 4683 845 4734 Vl,
873 4666 924 4720 7.
1002 4666 1046 4698 ⁸⁸
1071 4664 1203 4721 Luc.
1235 4662 1344 4731 xn,
1376 4664 1462 4719 16.
1541 4663 1586 4698 ¹⁶
1619 4663 1737 4719 Gal.
1771 4681 1830 4732 ιι,
1859 4666 1948 4721 18.

469 4807 581 4877 (72)
612 4807 710 4862 Hic
742 4822 882 4877 unus
907 4822 971 4862 ex
1000 4807 1106 4862 illis
1139 4821 1310 4860 sacrm
1346 4805 1641 4875 Scripturte
1673 4806 1807 4861 locis
1835 4823 1958 4864 esse

397 4876 630 4948 videtur,
657 4894 796 4948 quos
817 4876 1024 4942 Manes,
1058 4876 1331 4948 Archelao
1357 4885 1492 4931 teste
1523 4878 1577 4948 in
1611 4877 1828 4948 cap.755
1851 4879 1958 4932 bu-

395 4950 490 5019 jus
509 4945 999 5019 diSpniationis,ad
1027 4963 1182 5002 suam
1209 4945 1535 5001 fulciendam
1568 4945 1964 5019 haeresimAcor-g

400 5016 548 5087 rupit
575 5016 738 5072 {nam
770 5019 1043 5074 diversum
1083 5032 1304 5072 sensum
1337 5032 1449 5086 pra:
1491 5032 1550 5072 se
1602 5016 1783 5073 ferunt
1809 5017 1966 5074 Pauli

397 5089 565 5144 verba
610 5089 678 5142 ad
719 5103 841 5158 quae
889 5088 1131 5158 respicit,
1177 5097 1288 5142 tam
1347 5089 1407 5158 in;
1431 5088 1647 5158 vulgata
1703 5089 1966 5155 editione,

400 5175 565 5230 quam
593 5157 738 5228 apud
764 5157 1092 5230 Archelaum
1119 5168 1366 5230 nostrum
1394 5157 1539 5230 infra
1565 5172 1688 5226 cap.
1721 5159 1813 5214 45.

472 5228 588 5301 (75)
613 5231 688 5282 Ita
713 5229 917 5301 codicis
941 5229 1258 5284 Casinensis
1285 5228 1572 5301 lectionem
1597 5230 1958 5301 correximus,

403 5301 457 5355 in
484 5299 624 5366 'quo
678 5299 940 5367 scriptum
969 5309 1075 5368 est,
1115 5318 1134 5352 ι
1163 5314 1362 5353 novum
1412 5299 1806 5364 testimonium,
1851 5310 1965 5354 tum

400 5380 685 5427 tanquam.
712 5387 730 5421 ι

497 5386 804 5512 ﬁrmus
834 5447 1163 5512 corruptus:
1192 5437 1350 5512 forte,
1381 5455 1400 5487 ι
1435 5445 1488 5512 et
1512 5436 1742 5512 inficias.
1777 5456 1795 5490 ι

497 5507 588 5582 75)
630 5509 790 5566 Deest
828 5507 1083 5576 fortasse,
1119 5526 1139 5560 ι
1179 5507 1502 5573 observetis,
1531 5524 1550 5558 ι
1597 5509 1682 5565 vel
1722 5509 1852 5578 quid
1897 5509 1973 5565 si-

400 5581 550 5638 mile.
1268 5637 1270 5639 ,

499 5649 587 5719 76)
623 5648 685 5704 In
713 5649 902 5705 codice
926 5647 1216 5716 Casipensi
1251 5654 1356 5719 est,
1393 5666 1422 5719 c_
1452 5657 1896 5719 consequontem.
1944 5669 1965 5702 ι

499 5653 566 5706 76
624 5653 685 5704 In
713 5653 902 5705 codice
926 5653 1216 5716 Casipensi
1251 5654 1356 5712 est,
1393 5666 1412 5699 ι
1452 5657 1896 5719 consequontem.
1944 5669 1965 5702 ι

471 5653 587 5796 (77)
623 5719 892 5790 Antiquos
921 5720 1138 5784 annuiis
1167 5718 1362 5796 omnia
1381 5717 1648 5796 signasse,
1665 5735 1788 5788 qua:
1812 5735 1844 5774 a
1872 5722 1970 5774 do-

403 5787 837 5850 mesti'corum‘et
863 5804 1148 5848 servorum
1193 5787 1398 5857 rapinis
1440 5787 1716 5844 vindicare
1756 5800 1969 5860 satage-

2084 566 2311 634 replere,
2339 574 2390 620 et
2416 565 2622 619 nullum
2657 579 2780 618 esse
2805 573 2958 619 extra
3002 578 3126 617 eum
3169 562 3370 623 locum,
3398 561 3523 630 quis
3563 562 3669 618 erit

2081 665 2343 710 creaturae
2391 655 2712 726 susceptor?
2747 654 2836 708 ubi
2877 653 3122 723 gehenna
3166 651 3344 723 ignis?
3378 651 3466 705 ubi
3516 661 3668 707 tene-

2081 746 2192 802 brae
2219 746 2556 802 exteriores?
2588 748 2677 800 ubi
2711 747 2909 800 ﬁctus?
2937 744 2992 798 In
3045 744 3163 813 ipso
3210 743 3430 798 dicam?
3471 744 3664 809 Absit;

2079 838 2320 907 alioquin
2357 837 2524 891 etiam
2555 837 2670 907 ipse
2703 838 2756 890 in
2797 836 2880 890 his
2912 834 3113 904 pariter
3148 833 3503 889 cruciabitur.
3546 831 3666 888 Non

2080 929 2185 984 ista
2216 929 2464 983 sentiatis
2499 937 2813 999 quicunque
2841 927 3034 982 salutis
3066 935 3259 981 vestra:
3293 940 3478 981 curam
3525 926 3668 996 geri-

2081 1024 2183 1089 tis;
2219 1023 2526 1092 excmplnm
2572 1022 2716 1076 enim
2756 1021 2906 1074 vobis
2938 1019 3139 1086 dicam,
3169 1029 3227 1073 ut
3260 1019 3475 1088 plenius
3505 1018 3666 1073 intel-

2080 1114 2279 1185 ligatis.
2309 1113 2492 1169 Unum
2529 1130 2622 1168 vas
2651 1121 2734 1167 est
2763 1112 3030 1179 mundus;
3065 1111 3208 1182 quod
3239 1110 3334 1165 Dei
3363 1111 3665 1166 substantia

2081 1217 2252 1262 totum
2307 1207 2411 1261 hoc
2455 1223 2550 1260 vas
2595 1205 2855 1274 replevit,
2909 1203 3183 1275 quomodo
3222 1203 3335 1272 jam
3387 1211 3565 1272 potest
3610 1204 3665 1257 in

2081 1298 2201 1369 ipso
2231 1312 2360 1351 vase
2390 1296 2597 1366 aliquid
2629 1296 2865 1365 amplius
2901 1296 3125 1366 reponi?
3157 1294 3214 1349 Si
3253 1294 3514 1364 repletum
3559 1303 3664 1358 est,

2078 1389 2354 1458 quomodo
2415 1387 2677 1455 suscipiet
2728 1387 2872 1456 quod
2927 1387 3167 1456 ponitur,
3222 1387 3327 1439 nisi
3372 1396 3666 1440 evacuetur

2078 1481 2145 1535 de
2175 1497 2303 1536 vase
2337 1496 2460 1550 pars
2501 1480 2718 1549 aliqua?
2761 1479 2870 1534 Aut
2918 1495 3027 1550 quo
3073 1479 3320 1548 proficiet
3363 1479 3507 1548 quod
3539 1494 3667 1534 eva-

2078 1573 2352 1638 cuabitur,
2403 1588 2527 1626 cum
2572 1573 2722 1626 locus
2770 1587 2878 1626 non
2915 1571 3020 1625 sit?
3056 1571 3154 1627 Ubi
3195 1571 3376 1626 terra?
3417 1571 3508 1625 ubi
3549 1586 3665 1625 εω-

2079 1667 2231 1721 lum?
2273 1667 2364 1720 ubi
2399 1665 2670 1736 abyssus?
2698 1665 2786 1720 ubi
2820 1665 3027 1719 stellae?
3065 1665 3158 1720 ubi
3193 1665 3386 1720 sedes?
3433 1665 3525 1719 ubi
3563 1680 3664 1734 po—

2079 1757 2340 1814 testates?
2389 1759 2478 1813 ubi
2535 1757 2841 1829 principes?
2888 1757 2980 1812 tibi
3039 1757 3274 1812 tenebrae
3326 1758 3670 1814 exteriores?

2081 1852 2206 1922 quis
2236 1860 2321 1906 est
2350 1852 2444 1921 qui
2471 1851 2668 1905 horum
2699 1851 2884 1920 posuit
2913 1849 3287 1914 fundamenta,
3310 1857 3366 1906 et
3393 1851 3522 1906 ubi?
3543 1850 3662 1906 Non

2079 1949 2258 2012 potest
2299 1939 2498 2011 aliquis
2537 1941 2738 2003 dicere,
2783 1941 2887 1995 nisi
2923 1939 3062 1995 forte
3110 1940 3466 2011 blasphemet.
3518 1940 3668 2008 Quo-

2080 2032 2244 2087 modo
2267 2040 2451 2086 autem
2480 2041 2534 2086 et
2558 2032 2795 2087 condere
2826 2033 3002 2102 potuit
3030 2041 3309 2088 creaturas
3338 2049 3447 2088 non
3482 2034 3666 2089 subsi-

2078 2132 2255 2178 stente
2284 2119 2628 2176 materia?Si
2662 2122 2806 2176 enim
2837 2121 2903 2176 de
2932 2137 3038 2175 non
3070 2122 3434 2189 exstantibus,
3468 2139 3667 2178 conse-

2077 2224 2277 2285 quetur
2321 2213 2433 2285 (76)
2472 2214 2571 2268 has
2631 2213 2876 2268 visibiles
2910 2222 3188 2270 creaturas
3227 2216 3480 2271 meliores
3518 2231 3663 2281 esse,

2076 2317 2130 2362 et
2165 2307 2418 2361 omnibus
2448 2305 2741 2360 virtutibus
2774 2305 2983 2375 plenas.
3035 2304 3189 2372 Quod
3227 2307 3274 2361 si
3307 2307 3515 2362 malitia
3557 2316 3660 2370 est,

2077 2410 2132 2456 et
2159 2414 2309 2455 mors
2356 2399 2410 2452 in
2443 2396 2544 2463 eis,
2588 2406 2641 2452 et
2672 2399 2972 2467 corruptio,
3013 2407 3068 2453 et
3096 2398 3144 2452 si
3187 2399 3318 2470 quid
3359 2399 3504 2455 bono
3532 2415 3666 2456 con-

2078 2495 2305 2548 trarium
2350 2501 2469 2556 est;
2507 2489 2786 2561 quomodo
2836 2505 2902 2546 ex
2954 2491 3058 2546 alia
3100 2499 3294 2547 natura
3332 2491 3505 2549 factas
3545 2507 3666 2548 esse

2075 2602 2170 2642 eas
2197 2586 2470 2641 dicimus?
2515 2585 2573 2639 Si
2623 2599 2750 2638 vero
2781 2582 3136 2638 consideretis
3184 2585 3461 2654 quomodo
3501 2599 3666 2654 gene-

2077 2687 2271 2734 rentur
2305 2678 2400 2732 ﬁlii
2432 2677 2740 2741 hominum,
2769 2675 3057 2731 invenietis
3086 2691 3194 2730 non
3223 2691 3344 2731 esse
3374 2675 3665 2733 Dominum

2077 2772 2317 2827 hominis
2345 2780 2686 2835 creatorem;
2720 2769 2814 2824 sed
2845 2769 3035 2832 alium,
3060 2769 3155 2839 qui
3182 2777 3238 2824 et
3271 2769 3388 2839 ipse
3413 2769 3668 2840 ingenita

2075 2873 2159 2917 est
2197 2869 2426 2926 naturae,
2462 2860 2622 2930 cujus
2648 2857 2901 2915 conditor
2932 2858 3138 2924 nullus,
3169 2874 3269 2914 nec
3297 2867 3532 2925 creator,
3563 2875 3660 2915 nec

2076 2954 2247 3010 factor
2277 2964 2382 3018 est,
2414 2953 2507 3008 sed
2541 2952 2655 3006 sola
2690 2951 2898 3005 malitia
2935 2965 3034 3006 sua
3061 2950 3222 3005 talem
3255 2965 3377 3006 eum
3410 2950 3661 3021 protulit.

2075 3045 2172 3099 Est
2210 3045 2375 3114 igitur
2412 3045 2566 3098 vobis
2609 3042 2925 3098 hominibus
2969 3043 3279 3099 commistio
3311 3059 3435 3098 cum
3476 3046 3664 3100 uxori-

2077 3135 2180 3189 bus
2205 3134 2424 3198 vestris,
2459 3139 2525 3187 de
2561 3132 2939 3202 hujuscemodi
2973 3133 3263 3189 occasione
3300 3134 3659 3190 descendens.

2077 3225 2212 3280 Cum
2254 3225 2378 3294 quis
2419 3233 2656 3278 vestrum
2697 3223 3008 3280 carnalibus
3043 3225 3274 3296 aliisque
3321 3225 3459 3282 cibis
3498 3225 3664 3281 fuenit

2077 3318 2330 3381 satiatus,
2363 3327 2491 3371 tunc
2518 3317 2567 3370 ei
2599 3315 3054 3385 concupiscentiae
3096 3316 3345 3371 oboritur
3390 3318 3660 3384 incitatio,

2078 3421 2133 3467 et
2183 3413 2256 3467 ita
2292 3409 2590 3481 generandi
2636 3408 2734 3463 ﬁlii
2788 3408 3002 3463 fructus
3040 3418 3290 3480 augetur,
3339 3418 3400 3466 ut
3446 3425 3554 3464 non
3593 3426 3661 3467 ex

2078 3509 2278 3563 virtute
2307 3507 2513 3577 aliqua,
2550 3521 2652 3561 nec
2679 3521 2744 3560 ex
2780 3506 3144 3576 philosophia,
3175 3522 3277 3563 nec
3307 3522 3374 3563 ex
3415 3509 3523 3563 alio
3551 3509 3663 3566 ullo

2081 3600 2393 3666 intellectu;
2430 3598 2524 3654 sed
2551 3614 2619 3653 ex
2645 3598 2762 3653 sola
2812 3597 3061 3653 ciborum
3093 3598 3362 3667 satietate,
3401 3609 3455 3656 et
3481 3600 3665 3657 libidi-

2081 3708 2169 3760 ne,
2209 3702 2264 3748 et
2317 3691 2698 3747 fornicatione.
2747 3690 2814 3746 Et
2857 3692 3134 3762 quomodo
3185 3693 3318 3747 mihi
3369 3695 3660 3766 quisquam

2079 3785 2240 3849 dicet,
2272 3783 2399 3852 quia
2434 3781 2502 3836 ad
2537 3782 2827 3854 imaginem
2851 3781 2948 3838 Dei
2978 3783 3154 3839 factus
3183 3792 3266 3838 est
3293 3793 3444 3854 pater
3475 3798 3662 3842 noster

2079 3879 2272 3944 Adam,
2301 3888 2354 3932 et
2390 3876 2458 3931 ad
2503 3875 2943 3944 similitudinem,
2995 3886 3051 3931 et
3095 3877 3289 3932 similis
3342 3888 3426 3932 est
3474 3877 3523 3932 ei
3567 3879 3662 3948 qui

2079 3968 2209 4025 fecit
2276 3970 2440 4024 eum?
2488 3968 2773 4034 Quomodo
2826 3983 3015 4024 omnes
3057 3967 3266 4038 quiﬁex
3310 3982 3377 4022 eo
3421 3970 3663 4040 generati

2079 4076 2290 4128 sumus,
2327 4059 2534 4115 similes
2562 4061 2612 4114 ei
2642 4059 2870 4114 sumus?
2895 4060 3004 4113 imo
3034 4075 3165 4114 vero
3193 4061 3507 4114 econtrario
3537 4061 3663 4130 plu-

2078 4153 2234 4208 rimae
2281 4151 2443 4206 nobis
2487 4159 2615 4206 sunt
2663 4150 2888 4215 formae,
2937 4150 3138 4205 diversi
3192 4151 3377 4206 vultus
3425 4150 3662 4207 ferentes

2078 4241 2346 4314 efﬁgiem?
2374 4240 2532 4306 Quod
2567 4255 2732 4312 quam
2771 4255 2960 4294 verum
3002 4241 3106 4307 sit,
3143 4240 3530 4295 demonstrabo
3567 4256 3664 4296 vo-

2079 4335 2163 4390 bis
2193 4333 2248 4388 in
2281 4332 2577 4404 parabolis.
2620 4330 2911 4391 Intuemini
2943 4332 3077 4386 mihi
3116 4331 3353 4400 aliquem
3388 4332 3659 4388 volentem

2081 4429 2399 4484 thesaurum
2427 4435 2522 4481 aut
2544 4425 2748 4496 aliquid
2778 4425 2926 4479 aliud
2959 4425 3176 4497 signare
3201 4423 3333 4494 (77),
3363 4434 3418 4480 et
3438 4435 3659 4495 accepta

2027 4669 2068 4700 ¹⁷
2109 4667 2230 4723 Gal.
2259 4664 2411 4730 tv,'5.
2487 4661 2534 4695 ³⁸
2573 4661 2594 4716 Ι
2635 4660 2795 4718 Joan.
2834 4678 2888 4728 v,
2924 4661 3011 4718 19.

2063 4809 2215 4872 bant,
2272 4819 2452 4868 arcas,
2505 4803 2764 4866 armaria,
2814 4802 3145 4872 amphoras,
3195 4817 3393 4871 penum
3439 4803 3658 4874 aliaque

2063 4877 2210 4932 furto
2240 4891 2304 4930 ac
2331 4875 2536 4943 rapinae
2561 4875 2820 4939 obnoxia,
2857 4888 2944 4928 res
2974 4874 3266 4943 notissima
3293 4881 3379 4928 est
3413 4873 3656 4943 antiqui-

2066 4948 2196 5002 tatis
2237 4942 2496 4999 Romanae
2532 4954 2588 4999 et
2627 4943 2830 4998 Graecae
2866 4942 3150 5013 studiosis,
3200 4943 3381 5013 deque
3422 4957 3486 4996 ea
3533 4942 3660 5013 post

2070 5017 2208 5074 alios
2222 5017 2326 5070 late
2351 5015 2463 5085 agit
2478 5013 2880 5074 Kirehmannus
2895 5012 2975 5085 De
2989 5013 3227 5085 annalis,
3255 5011 3306 5066 c.
3327 5011 3648 5085 1035mm“

2068 5089 2137 5164 ad
2169 5087 2274 5164 hoc
2302 5078 2453 5146 facii,
2480 5084 2783 5164 signgtorii,
2809 5092 2863 5138 et
2901 5083 3235 5164 sigillat‘orii,
3268 5091 3333 5164 et.
3353 5097 3383 5136 a
3415 5078 3654 5164 Yopisco

2072 5158 2127 5212 in
2157 5151 2775 5225 AuasLunosigiuatitii
2803 5151 3218 5225 nuncupantur;
3243 5151 3373 5223 quin
3401 5151 3659 5225 etsigna-

2075 5229 2218 5292 cuia,
2249 5238 2307 5281 ut
2338 5222 2585 5279 Are/talin
2622 5224 3012 5294 disputationis
3042 5223 3311 5294 interpres
3340 5223 3520 5294 vertit,
3533 5222 3654 5278 "dici

2075 5289 2239 5368 posse
2268 5297 2404 5353 scite
2440 5295 2606 5368 tradit
2637 5289 2940 5368 Salmasius
2975 5289 3052 5347 De
3073 5289 3462 5368 subsignandis
3495 5303 3660 5348 testa-

2079 5363 2300 5434 mentis,
2354 5381 2476 5436 cap.
2528 5365 2616 5419 19.
2663 5363 2801 5436 Cera
2843 5375 3025 5436 autem
3071 5363 3124 5436 in
3179 5363 3486 5436 lignei-em
3524 5378 3657 5436 usos

2078 5436 2248 5492 fuisse
2279 5431 2488 5492 veteres
2536 5436 2644 5491 late
2689 5435 2884 5504 probat
2929 5431 3158 5489 Vossius
3203 5432 3289 5504 De,
3319 5431 3657 5504 idololatriq,

2082 5507 2178 5561 lib.
2207 5523 2282 5570 tv,
2313 5522 2434 5576 cap.
2461 5506 2551 5560 9|.
2584 5504 2659 5560 De
2683 5503 2855 5568 creta,
2883 5519 3047 5573 quam
3082 5504 3251 5576 lutum
3279 5503 3420 5576 idem
3447 5503 3661 5576 Arche-

2081 5577 2154 5638 lai
2196 5573 2465 5646 interpres
2519 5584 2711 5642 vocat,
2766 5576 2920 5646 test_is
2968 5584 3051 5629 est
3095 5573 3323 5646 Servius
3363 5574 3419 5628 in
3464 5573 3656 5646 lib.‘tv

2074 5642 2360 5712 Afueidos,
2389 5647 2457 5702 ad
2493 5647 2584 5701 illa
2613 5646 2779 5702 verba
2807 5663 2822 5699 :
2849 5644 3111 5713 Longqva
3140 5645 3408 5708 sacerdos,
3445 5644 3536 5699 ubi
3570 5642 3657 5698 Si-

2075 5717 2230 5789 bylla
2258 5717 2405 5789 apud
2446 5716 2650 5789 Cumas
2689 5716 2871 5788 agenti
2910 5716 2980 5789 ab
3023 5714 3332 5789 Erythraeis
3361 5714 3650 5784 epistolam

2075 5783 2308 5844 missam
2334 5787 2503 5843 fuisse
2541 5783 2748 5852 refert;
2773 5804 2792 5838 ι
2823 5788 3048 5856 antiquo
3097 5783 3247 5840 more
3288 5783 3576 5854 signatam.
3611 5802 3634 5836 ι
