4090 6396
423 374 448 427 1
458 371 561 427 455

1410 371 1592 427 ACTA
1661 370 2192 430 DISPUTATIONIS
2234 371 2293 428 S.
2343 370 2694 427 ARCHELAI

3540 366 3685 424 “56

421 493 578 564 gerit,
607 492 950 563 exprimere;
981 496 1126 563 quod
1159 494 1202 549 si
1249 494 1389 549 alius
1430 511 1649 566 quoque
1690 496 1873 553 vultus
1912 497 1996 551 sui
2029 504 2069 558 ι
2100 496 2343 551 ressario
2369 502 2584 565 evpetet
2617 492 2761 566 .(82).
2802 493 3012 548 lnterea
3059 466 3351 562 aliquando
3400 488 3685 561 respondit

424 589 655 657 tignram
687 584 936 640 similiter
956 586 1305 655 expresserit,
1333 586 1579 657 nunquid
1611 587 1793 643 simile
1810 589 1999 659 signa-

422 676 608 731 culum
645 670 964 745 apparehit?
993 671 1370 743 Nequaquam.
1407 675 1622 731 etiamsi
1656 691 1752 733 vos
1790 678 1997 741 nolitis,

419 766 565 837 quod
599 779 785 819 verum
820 772 922 830 est,
952 765 1220 833 conﬁteri.
1267 764 1422 832 Quod
1466 769 1513 823 si
1550 783 1660 824 non
1704 784 1895 823 smnus
1925 768 2000 823 si—

421 856 577 913 miles
626 856 680 910 in
728 856 1032 927 signaculo,
1085 858 1176 912 sed
1225 867 1309 913 est
1362 858 1418 912 in
1470 861 1630 915 nobis
1674 859 1995 925 diﬂ‘erentia,

418 947 699 1021 quomodo
734 962 841 1001 non
879 947 1143 1017 probatur
1175 948 1479 1019 principum
1516 966 1641 1015 nos,
1676 960 1729 1006 et
1759 953 2000 1006 materiae

416 1058 539 1098 esse
572 1042 881 1097 facturam:
912 1043 1211 1098 secundum
1259 1043 1402 1098 enim
1444 1043 1555 1115 (78)
1602 1044 1844 1114 ipsorum
1889 1045 2001 1101 for-

412 1150 586 1200 mam,
611 1144 666 1190 et
688 1135 1123 1201 similitudinem,
1148 1146 1203 1191 et
1232 1135 1522 1206 imaginem
1545 1137 1709 1192 etiam
1733 1152 1832 1194 nos
1858 1138 2002 1193 exsi-

408 1229 616 1284 stimus
648 1226 838 1282 formae
879 1226 1128 1284 diversae.
1157 1227 1311 1294 Quod
1350 1227 1396 1282 si
1428 1242 1546 1282 eam
1577 1243 1700 1298 quae
1735 1243 1802 1284 ex
1841 1228 2002 1284 initio

409 1318 563 1373 facta
614 1317 929 1373 commistio
975 1327 1078 1383 est,
1114 1327 1169 1373 et
1214 1318 1455 1389 qualiter
1508 1318 1650 1375 facta
1700 1320 1792 1385 sit,
1836 1321 2001 1377 vultis

417 1411 682 1472 ediscere,
713 1411 944 1464 edicam.

489 1498 604 1555 XV.
645 1500 860 1555 Judices
881 1502 1135 1575 dixerunt
1163 1519 1183 1558 :
1213 1500 1331 1556 Non
1366 1503 1517 1571 prius
1553 1503 1819 1574 quaeritur
1860 1517 1999 1573 quo-

418 1596 581 1649 modo
614 1593 754 1649 facta
803 1594 875 1649 sit
917 1594 1091 1664 prima
1139 1594 1474 1660 commistio,
1503 1595 1614 1650 nisi
1660 1596 1813 1666 prius
1844 1595 2004 1651 detur

418 1689 580 1755 ratio,
608 1690 718 1743 duo
753 1702 873 1745 esse
904 1688 1169 1759 principia
1202 1689 1496 1743 naturalia.
1538 1687 1677 1744 Cum
1710 1690 1858 1745 enim
1891 1690 2004 1744 cla-

416 1783 588 1838 ruerit
624 1784 733 1837 duo
766 1796 889 1838 esse
933 1781 1191 1853 ingenita,
1225 1791 1355 1837 tunc
1396 1781 1558 1837 etiam
1593 1783 1804 1852 reliqua
1841 1782 2000 1837 [idem

415 1874 655 1945 capient,
688 1874 850 1929 etiam
890 1875 934 1930 si
973 1889 1099 1945 pars
1136 1875 1317 1944 aliqua
1362 1888 1470 1930 non
1511 1875 2004 1931 accommodaverit

418 1980 706 2021 assensum
739 1965 1056 2036 :judicandi
1082 1968 1226 2021 enim
1260 1967 1418 2022 nobis
1447 1976 1711 2037 potestate
1735 1969 2001 2039 permissa

418 2061 685 2123 dicemus,
735 2061 879 2129 quod
932 2072 1132 2114 nostra:
1179 2059 1424 2130 opinioni
1474 2060 1755 2116 claruerit.
1798 2061 2002 2117 Demus

420 2159 602 2206 tamen
644 2159 698 2205 et
730 2150 995 2205 Archelao
1034 2151 1248 2207 dicendi
1297 2151 1611 2207 facultatem
1660 2152 1727 2208 ad
1774 2153 1909 2220 haec,
1944 2161 2003 2208 ut

416 2252 542 2315 quae
570 2242 640 2298 ab
675 2252 906 2314 utroque
931 2242 1075 2296 dicta
1105 2242 1309 2297 fuerint
1336 2250 1743 2313 comparantes,
1775 2258 1875 2313 pro
1911 2258 2003 2299 ve-

420 2338 579 2390 ritate
607 2335 882 2406 possimus
923 2333 1064 2390 ferre
1105 2336 1454 2390 sententiam.
1489 2334 1778 2390 Archelaus
1815 2335 2001 2390 dixit:

419 2424 660 2481 Tametsi
690 2426 924 2499 ingentis
953 2426 1214 2492 audaciae,
1255 2432 1309 2482 et
1338 2427 1692 2499 blasphemia:
1732 2429 1887 2498 plena
1919 2437 2003 2483 est

421 2519 651 2575 intentio
698 2518 1018 2573 adversarii.
1067 2516 1253 2574 Manes
1303 2519 1480 2575 dixit:
1510 2518 1726 2587 Audite,
1767 2520 1999 2590 judices,

419 2608 549 2679 quid
578 2607 778 2663 dixerit
818 2607 952 2674 (79),
1002 2606 1347 2663 adversarii?
1385 2607 1528 2678 Ergo
1565 2609 1688 2663 dua;
1720 2624 1808 2664 res
1852 2622 1998 2664 sunt.

418 2698 708 2754 Archelaus
758 2699 897 2753 dixit
939 2713 959 2752 :
1004 2699 1233 2755 Insania!
1275 2700 1449 2770 magis
1493 2716 1657 2769 quam
1705 2702 2003 2771 prudentiae

418 2791 636 2846 videtur
657 2787 793 2843 mihi
834 2788 1029 2859 plenus
1059 2788 1182 2856 iste,
1213 2787 1307 2859 qui
1339 2788 1473 2843 mihi
1497 2788 1657 2844 hodie
1687 2799 2005 2844 controver-

422 2883 563 2939 siam
594 2890 798 2946 movet,
829 2882 958 2952 quia
990 2881 1184 2937 dixero
1218 2881 1542 2946 adversarii,
1577 2882 1671 2937 sed
1703 2882 1880 2937 ablata
1905 2883 2001 2938 tibi

418 2982 506 3031 est
534 2976 588 3030 in
622 2974 836 3029 modico
859 2986 1112 3030 sermone
1143 2972 1379 3044 obiectio
1402 2992 1416 3028 :
1441 2974 1658 3029 tametsi
1688 2974 1905 3044 quidem
1936 2989 2001 3030 ex

422 3066 528 3122 hoc
560 3066 856 3122 arbitratus
885 3080 946 3120 es
973 3079 1060 3120 me
1090 3063 1485 3120 aliirmaturum
1536 3062 1649 3133 (80)
1696 3063 1835 3120 duas
1881 3079 2005 3120 esse

2103 588 2287 643 Manes
2313 607 2324 641 :
2360 586 2795 642 inconvertibiles
2816 585 3033 657 quidem
3059 595 3188 640 sunt
3219 593 3482 653 utraeque,
3506 596 3685 654 quan--

2102 692 2216 735 tum
2254 687 2459 748 spectat
2507 677 2621 749 (85)
2676 677 2742 732 ad
2773 677 3083 732 contraria:
3114 675 3499 731 convertibiles
3525 688 3686 739 vero,

2101 772 2246 841 quod
2291 778 2498 839 sp-'ctat
2535 769 2602 824 ad
2646 769 2888 839 propria.
2928 767 3219 822 Archelaus
3265 767 3406 820 dixit
3454 782 3473 819 :
3520 762 3688 820 Vide-

2104 865 2179 918 ris
2205 862 2339 917 mihi
2370 862 2574 917 delirus
2608 875 2754 927 esse,
2787 869 2842 915 et
2875 860 3206 915 obliviscens
3247 858 3685 928 Propositionum

2104 966 2351 1022 tuarum;
2384 954 2478 1010 sed
2507 968 2574 1009 ne
2603 967 2794 1008 eorum
2837 952 3054 1023 quidem
3102 966 3225 1022 quae
3265 950 3504 1007 didicisti
3549 949 3686 1021 (84),

2104 1051 2396 1105 verborum
2424 1048 2655 1103 virtutes
2684 1047 2767 1101 vel
2798 1045 3093 1115 qualitates
3139 1059 3457 1116 agnoscere.
3499 1041 3692 1113 Neque

2101 1141 2246 1194 enim
2275 1140 2560 1194 conversio
2603 1138 2730 1209 quid
2784 1138 2856 1193 sit
2898 1137 3175 1208 agnoscis,
3219 1150 3398 1205 neque
3446 1118 3578 1204 quid
3617 1134 3695 1189 sit

2102 1233 2421 1302 ingenitum,
2451 1240 2546 1286 aut
2576 1230 2704 1301 quid
2738 1229 2997 1293 dualitas,
3029 1244 3138 1283 non
3166 1227 3297 1298 quid
3330 1226 3691 1297 praeteritum,

2102 1325 2187 1379 vel
2226 1324 2355 1394 quid
2389 1339 2649 1393 praesens,
2680 1324 2878 1395 quidve
2909 1322 3153 1377 futurum
3204 1324 3295 1387 sit,
3334 1320 3476 1374 sicut
3502 1333 3567 1373 ex
3602 1317 3692 1372 his

2102 1433 2225 1488 quze
2255 1433 2283 1471 a
2314 1426 2367 1471 te
2401 1432 2544 1471 nunc
2575 1417 2718 1471 dicta
2764 1426 2913 1484 sunt,
2956 1413 3182 1469 adverti.
3214 1410 3692 1468 lnconvertibilem

2102 1509 2248 1563 enim
2292 1523 2413 1563 esse
2452 1505 2732 1561 aﬂirmasti
2769 1515 3057 1576 utramque
3096 1515 3371 1569 naturam,
3417 1508 3691 1572 quantum

2103 1600 2170 1654 ad
2233 1599 2506 1654 contraria
2562 1607 2770 1668 spectat
2822 1598 2978 1668 (85);
3047 1596 3455 1651 convertibilem
3518 1609 3687 1659 vero,

2103 1698 2365 1762 quantum
2411 1691 2475 1743 ad
2525 1690 2767 1759 propria.
2814 1688 2927 1759 Ego
2972 1690 3101 1743 vero
3137 1688 3280 1753 dico,
3325 1688 3455 1756 quia
3499 1686 3594 1756 qui
3632 1684 3690 1739 in

2104 1782 2338 1851 propriis
2399 1784 2647 1844 vertitur,
2707 1796 2813 1835 non
2863 1780 3079 1835 excedit
3124 1794 3154 1833 a
3201 1795 3292 1840 se,
3349 1777 3441 1832 sed
3489 1788 3575 1831 est
3633 1777 3688 1830 in

2103 1875 2334 1940 eisdem,
2366 1873 2567 1944 quibus
2603 1889 2815 1941 semper
2839 1882 2923 1927 est
2950 1870 3412 1932 inconvertibilis;
3439 1869 3533 1937 qui
3557 1882 3691 1922 vero

2102 1966 2289 2035 recipit
2316 1966 2848 2030 eonvertibilitatcm,
2877 1964 2966 2019 hic
2997 1971 3151 2019 extra
3182 1963 3403 2033 propria
3434 1958 3690 2023 effectus,

2102 2058 2318 2112 devenit
2356 2058 2409 2111 in
2440 2058 2638 2113 aliena.

2173 2147 2312 2203 XVI.
2353 2146 2572 2203 Judices
2602 2150 2849 2203 dixerunt
2881 2162 2898 2200 :
2946 2145 3392 2201 Convertihilitas
3419 2143 3574 2199 illum
3600 2141 3694 2199 cui

2104 2241 2320 2307 accidit,
2359 2241 2618 2296 transfert
2649 2242 2700 2294 in
2735 2241 2937 2304 alium;
2980 2241 3108 2295 ut‘si
3139 2239 3408 2304 dicamus,
3443 2235 3691 2304 Iudaeus,

2105 2332 2149 2385 si
2196 2331 2327 2384 velit
2369 2330 2484 2385 lleri
2528 2329 2896 2396 Christianus,
2943 2341 3037 2383 aut
3077 2329 3125 2384 si
3175 2326 3524 2383 Christianus
3560 2326 3698 2381 velit

2103 2437 2224 2478 esse
2269 2422 2505 2493 gentilis,
2557 2422 2673 2476 haec
2718 2422 2930 2491 species
2978 2429 3061 2476 est
3110 2417 3603 2478 convertibilitatis.
3636 2427 3695 2473 et

2104 2530 2291 2570 causa.
2325 2513 2512 2585 Neque
2542 2528 2670 2569 vero
2693 2514 2738 2568 si
2772 2515 3011 2583 gentilis,
3038 2529 3161 2568 cum
3196 2514 3250 2567 in
3277 2511 3533 2567 omnibus
3561 2526 3695 2582 pro-

2104 2610 2240 2681 priis
2270 2611 2386 2665 suis
2415 2620 2653 2675 maneat,
2689 2624 2754 2662 ac
2783 2608 2888 2663 diis
2922 2609 3038 2663 suis
3074 2606 3284 2663 hostias
3314 2605 3530 2669 oderat,
3555 2615 3699 2659 tem-

2106 2702 2317 2773 plisque
2356 2717 2423 2757 ex
2477 2715 2629 2755 more
2677 2699 2992 2764 deserviat,
3044 2699 3219 2754 donec
3266 2704 3581 2769 perseverat
3635 2695 3694 2750 in

2106 2794 2363 2863 propriis,
2401 2808 2465 2848 ac
2492 2792 2726 2862 prolicit,
2759 2790 3005 2860 nunquid
3039 2790 3145 2845 dici
3184 2799 3363 2860 potest
3408 2802 3532 2845 esse
3561 2802 3700 2843 con-

2107 2886 2332 2943 versus?
2369 2885 2510 2953 Quid
2546 2886 2710 2957 igitur
2748 2883 2926 2940 dicis?
2959 2883 3230 2953 recipiunt
3260 2882 3697 2939 convertibiiita—

2108 2991 2212 3035 tem
2243 2994 2310 3035 an
2341 2978 2485 3034 non?
2522 2968 2599 3031 'Et
2642 2979 2958 3031 immoranle
2999 2975 3159 3029 Mane
3181 3017 3196 3042 ,
3241 2974 3535 3031 Archelaus
3569 2975 3699 3036 ait:

2109 3069 2165 3124 Si
2200 3070 2417 3142 quidem
2460 3067 2845 3124 convertibiles
2889 3080 3013 3122 esse
3054 3065 3187 3120 dicit
3230 3075 3494 3135 utrasque
3531 3075 3700 3121 natu-

423 3165 670 3211 naturas.
703 3153 980 3227 Ingentem
1014 3153 1321 3210 doctrinam
1350 3153 1530 3210 ferens
1555 3155 1715 3221 ades;
1747 3164 2000 3210 neutrum
2030 3190 2072 3250 ο
2109 3177 2218 3227 ras,
2253 3159 2385 3231 quid
2430 3168 2511 3215 est
2551 3156 2694 3229 quod
2753 3157 3032 3226 impediat,
3080 3156 3156 3210 uti
3199 3172 3266 3211 ne
3309 3172 3480 3211 unum
3527 3166 3699 3227 atque

420 3249 568 3305 enim
619 3262 811 3305 eorum
858 3262 981 3318 quae
1013 3248 1239 3314 asseris,
1267 3257 1392 3303 stat.
1430 3245 1617 3304 Potest
1642 3247 1785 3303 enim
1817 3249 1865 3304 is
1908 3248 2002 3318 qui

418 3354 529 3397 non
562 3348 778 3407 natura,
820 3341 913 3395 sed
963 3339 1244 3410 proposito
1287 3338 1633 3395 adversarius
1661 3348 1765 3407 est,
1795 3338 2006 3395 amicus

419 3433 666 3500 eﬂectus,
695 3446 808 3488 non
857 3446 981 3487 esse
1031 3430 1400 3498 adversarius,
1431 3440 1488 3486 et
1531 3433 1606 3487 ita
1651 3446 1776 3487 cum
1817 3431 2006 3487 altere

420 3528 584 3584 nobis
615 3523 773 3580 alteri
805 3524 1158 3595 acquieverit,
1197 3538 1367 3578 unum
1403 3530 1567 3594 atque
1605 3524 1748 3579 idem
1780 3533 2007 3594 uterque

422 3614 740 3688 apparebit;
771 3628 893 3684 qua:
914 3626 1080 3667 causa
1115 3611 1320 3667 indicat
1347 3620 1626 3667 creaturas
1654 3609 2007 3666 rationabiles

421 3706 595 3763 libero
619 3704 853 3766 arbitrio,
877 3716 997 3759 esse
1015 3701 1336 3773 permissas,
1371 3702 1515 3757 unde
1536 3709 1591 3756 et
1621 3701 2009 3758 conversiones

423 3798 715 3870 recipiunt,
761 3806 814 3852 et
853 3796 974 3852 ideo
1008 3796 1265 3866 ingenitae
1299 3802 1511 3849 naturae
1541 3802 1664 3850 esse
1714 3808 1824 3849 non
1875 3809 2007 3863 pos-

424 3900 554 3948 sunt
581 3891 715 3962 (Si).
768 3888 910 3957 Quid
943 3903 1073 3960 ergo
1121 3886 1242 3941 ais?
1281 3887 1400 3942 dum
1433 3887 1551 3942 ista:
1578 3895 1786 3942 natura
1813 3886 2006 3940 incon‘

420 3984 703 4041 vertibiles
749 3990 908 4044 sunt,
951 3996 1019 4036 an
1064 3980 1470 4047 convertibiles,
1522 3984 1618 4034 aut
1669 3994 1774 4034 una
1815 3992 2002 4035 eorum

424 4076 796 4136 convertitur?
846 4075 916 4130 At
965 4091 1091 4131 vero
1148 4074 1333 4130 Manes
1379 4082 1691 4130 remoratus
1731 4081 1843 4139 est,
1896 4087 2005 4128 non

426 4166 752 4226 inveniendo
780 4182 1141 4238 responsum;
1188 4165 1502 4221 intuebatur
1546 4165 1691 4221 enim
1740 4164 1887 4235 quod
1939 4176 2006 4220 cx

425 4271 659 4333 utroque
692 4261 1134 4323 concluderetur,
1159 4267 1463 4315 retractans
1499 4256 1677 4325 :Quia
1729 4257 1775 4312 si
1826 4256 2003 4311 dicam

426 4352 675 4409 converti
703 4368 814 4417 eas,
850 4350 1204 4422 respondebit
1228 4350 1364 4404 mihi
1391 4349 1547 4417 illud,
1574 4347 1720 4420 quod
1752 4348 1807 4402 in
1829 4346 2006 4403 Evan~

426 4446 568 4517 gelio
591 4445 850 4515 scriptum
875 4443 1049 4500 estde
1070 4443 1397 4508 arboribus;
1422 4442 1569 4513 quod
1594 4442 1640 4497 si
1670 4456 1859 4512 negem
1885 4454 2007 4497 esse

2108 3256 2249 3311 idem
2279 3270 2374 3310 eas
2404 3268 2528 3309 esse
2581 3251 2901 3322 opinemur?
2947 3250 3003 3305 Si
3053 3250 3198 3304 enim
3245 3251 3700 3308 inconvertibiles

2106 3357 2268 3414 sunt,
2315 3362 2423 3402 non
2465 3354 2549 3401 est
2592 3345 2646 3399 in
2702 3344 2788 3400 his
2818 3346 3031 3399 naturis
3071 3360 3193 3414 qua;
3218 3344 3471 3400 similiter
3501 3347 3705 3402 incon-

2107 3442 2384 3497 vertibiles
2418 3450 2543 3495 sunt
2578 3446 2632 3492 et
2658 3437 2913 3492 similiter
2942 3438 3214 3508 ingenitae,
3248 3436 3357 3490 ulla
3406 3436 3696 3501 discretio,

2106 3547 2282 3602 neque
2328 3531 2497 3586 altera
2544 3544 2613 3584 ex
2672 3529 2759 3584 his
2820 3527 2961 3582 bona
3027 3528 3342 3597 agnoscitur
3388 3536 3483 3582 aut
3525 3529 3696 3586 mala.

2102 3623 2261 3691 Quod
2294 3623 2339 3678 si
2375 3620 2755 3677 convertibilcs
2777 3629 2924 3684 sunt,
2949 3618 3162 3674 scilicet
3184 3620 3471 3688 provenire
3488 3628 3696 3689 potest,

2105 3722 2161 3768 ct
2188 3713 2392 3767 bonum
2420 3709 2557 3766 eﬂici
2594 3709 2822 3775 malum,
2854 3717 2910 3762 et
2937 3708 3141 3764 malum
3187 3709 3414 3764 bonum.
3443 3707 3501 3764 Si
3543 3712 3696 3764 enim

2108 3806 2211 3860 hoc
2247 3803 2532 3875 provenire
2562 3800 2817 3872 possibile
2847 3808 2951 3866 est,
2983 3816 3155 3870 quare
3187 3817 3295 3855 non
3333 3815 3502 3855 unum
3534 3799 3699 3856 dica-

2107 3912 2230 3951 mus
2260 3894 2583 3965 iugenitum,
2615 3890 2761 3962 quod
2799 3892 3100 3964 intelligere
3148 3894 3323 3963 magis
3351 3890 3576 3964 dignum
3609 3901 3701 3950 est

2101 3989 2258 4061 juxta
2284 3989 2547 4043 rationem
2578 3984 2862 4040 veritatis?
2882 3985 3087 4041 Intueri
3117 3987 3261 4041 enim
3293 3995 3529 4055 oportet,
3553 4001 3701 4057 quo-

2108 4078 2270 4133 modo
2304 4076 2480 4133 malus
2510 4077 2601 4132 ille
2637 4076 2802 4131 fuerit
2841 4077 2909 4131 ab
2950 4077 3130 4141 initio,
3165 4085 3259 4132 aut
3298 4076 3352 4131 in
3391 4093 3531 4147 quos
3572 4093 3701 4133 ma-

2106 4171 2277 4224 litiam
2305 4170 2616 4225 exercuerit
2656 4179 2782 4224 ante
2823 4169 3013 4224 mundi
3054 4170 3522 4225 constitutionem.
3551 4169 3696 4227 Cum

2106 4264 2305 4318 cretum
2335 4261 2578 4316 nondum
2613 4261 2936 4327 esstitisset,
2959 4269 3012 4315 et
3062 4261 3303 4316 nondum
3335 4269 3479 4317 terra
3510 4260 3699 4319 subsi-

2107 4362 2292 4414 steret,
2321 4368 2428 4407 non
2458 4353 2642 4418 homo,
2685 4367 2792 4405 non
2832 4351 3067 4415 animal;
3117 4350 3170 4405 in
3219 4366 3361 4422 quos
3406 4357 3700 4409 exercebat

2108 4442 2410 4498 malitiam?
2432 4457 2594 4513 quem
2627 4441 2972 4513 Opprimehat
2997 4442 3235 4513 injuste?
3255 4456 3419 4512 quem
3447 4443 3699 4514 spoliatis

426 4537 837 4604 convertibiles,
885 4535 1257 4608 permistionls
1300 4545 1502 4591 statum
1550 4545 1606 4592 et
1646 4550 1869 4591 causam
1902 4548 2000 4590 ned-
2034 4534 2083 4595 D
2107 4533 2337 4590 occidit?
2368 4532 2523 4600 Quod
2562 4532 2609 4588 si
2646 4534 2775 4607 suis
2802 4533 2927 4588 eum
2978 4534 3129 4590 dicas
3165 4533 3441 4590 exstitisse
3462 4535 3699 4606 malum,

430 4670 678 4727 Meminit
720 4668 1027 4741 Herodotus
1064 4670 1116 4724 in
1154 4664 1413 4741 Euterpe,
1461 4667 1564 4741 γῆς
1614 4662 2003 4741 aquarii-pisse,

433 4763 455 4795 ι
488 4751 648 4796 terra:
684 4740 1023 4811 signatricis;
1057 4759 1076 4791 ι
1104 4748 1160 4794 et
1192 4737 1405 4811 Cicero,
1430 4737 1569 4793 orat.
1608 4737 1745 4792 tv‘i’u
1771 4737 2003 4811 Verrem,

427 4811 672 4882 epistola:
701 4808 904 4864 cretata
932 4809 1383 4882 signatae.__Cujus
1410 4818 1592 4882 autem
1621 4809 1838 4882 generis
1861 4819 2008 4864 esset

427 4878 546 4939 hinc
578 4878 743 4949 terra,
788 4896 853 4934 ex
906 4878 1097 4935 eodem
1154 4878 1419 4934 Cicerone
1464 4878 1643 4949 liquet
1676 4880 1730 4933 in
1778 4893 1860 4933 or.
1911 4895 2007 4948 pro

430 4947 649 5017 Flacco,
675 4951 766 5005 ubi
797 4952 877 5004 sic
909 4950 986 5004 ait
1016 4969 1029 5004 :
1062 4962 1079 5001 ο
1116 4949 1239 5003 Haec
1262 4964 1384 5019 quae
1409 4964 1439 5002 a
1467 4947 1626 5003 uehis
1654 4950 1858 5019 prolata
1887 4947 2006 5019 lau-

425 5025 577 5078 datio
622 5021 907 5091 obsiguata
950 5024 1067 5074 erat
1103 5031 1251 5075 creta
1284 5018 1383 5072 illa
1420 5018 1682 5083 Asiatica,
1728 5033 1851 5089 qum
1894 5018 2008 5073 fere

429 5103 516 5149 est
552 5092 811 5147 erunibus
856 5098 986 5145 nota
1019 5091 1200 5153 nobis,
1240 5104 1351 5159 qua
1398 5096 1626 5145 utuntur
1664 5103 1857 5144 omnes
1882 5100 2006 5159 non

420 5164 596 5219 modo
626 5165 682 5217 in
721 5161 975 5233 publiCis,
1006 5162 1099 5233 sed
1128 5166 1184 5233 et
1221 5158 1276 5214 in
1306 5159 1532 5229 privatis
1571 5160 1794 5233 litteris.
1820 5176 1839 5211 ι
1878 5158 2008 5233 Pin-

467 5235 554 5289 uis
578 5227 747 5298 enim,
774 5232 917 5287 lenta
951 5236 1005 5286 et
1030 5227 1414 5303 glutinosa—est
1444 5238 1598 5303 creta
1626 5230 1735 5303 illa.
1762 5227 2007 5300 Denique

467 5252 554 5289 ms
578 5252 747 5298 enim,
776 5252 917 5287 lenta
951 5252 1005 5286 ev
1030 5252 1307 5303 glutinosa
1328 5252 1414 5284 es:
1449 5252 1598 5286 creta
1626 5252 1735 5283 tua.
1762 5252 2007 5300 namque

429 5252 497 5359 se
525 5303 727 5374 proprii
750 5303 933 5357 vultus
955 5301 1261 5374 imaginem
1278 5301 1508 5374 annalis
1526 5301 1794 5354 interdum
1811 5314 2008 5371 repue-

428 5369 663 5439 settiata,
689 5376 841 5427 locus
874 5380 957 5428 est
985 5369 1159 5426 Plauti
1185 5373 1238 5424 in
1273 5369 1556 5434 Pseudolo,
1590 5384 1739 5425 scen.
1766 5385 1785 5425 ι
1812 5384 1826 5420 :

570 5443 650 5497 Ea
676 5458 839 5498 causa
866 5442 1017 5496 miles
1044 5442 1129 5495 hic
1155 5442 1364 5512 reliquit
1391 5439 1703 5510 symbolum,

572 5512 890 5581 Expressae:
916 5512 969 5565 in
994 5527 1113 5566 cera
1141 5525 1207 5565 ea:
1228 5509 1390 5565 anulo
1413 5509 1565 5566 suam
1585 5509 1889 5580 imaginem.

498 5580 766 5636 Caeterum
786 5584 1029 5636 thesauri
1053 5582 1232 5651 sigillo
1253 5581 1521 5648 obsig‘nati
1541 5588 1746 5635 lncutto
1761 5590 1845 5635 est
1865 5581 2007 5651 apud

431 5647 834 5722 Theodoretum
864 5647 1158 5722 inoratfs
1196 5651 1272 5705 De
1301 5647 1653 5722 providentia,
1693 5652 1835 5705 haud
1876 5647 2006 5721 pro.

431 5721 619 5790 culpab
643 5720 939 5790 inltio,uhi
966 5723 1031 5775 de
1055 5722 1266 5790 apibus.

506 5787 623 5860 (78)
662 5790 718 5842 ln
742 5789 927 5844 codice
950 5787 1234 5845 Casinemi
1256 5799 1395 5857 erat,
1424 5808 1443 5843 ε
1471 5791 1564 5846 sed
1586 5790 1757 5848 Deum
1781 5791 1951 5859 enim,
1981 5809 2001 5841 ι

2110 4667 2260 4750 nullo
2293 4680 2458 4722 sensu
2488 4683 2501 4721 :
2528 4681 2629 4723 nos
2669 4681 2738 4721 ex
2780 4654 3024 4737 ingenio,
3071 4675 3134 4721 ut
3174 4667 3379 4722 editum
3428 4666 3533 4735 est,
3569 4682 3698 4724 cor—

2111 4753 2374 4793 rexrmus.

2206 4808 2294 4878 79)
2333 4805 2514 4878 Forte,
2548 4820 2568 4858 α
2597 4807 2741 4878 quod
2781 4805 3002 4871 dixerit,
3035 4825 3054 4861 ι
3085 4807 3169 4861 vel
3198 4826 3218 4859 r
3247 4809 3377 4878 quia
3415 4808 3638 4865 dixerit.
3671 4829 3694 4863 ι

2206 4811 2271 4862 '19
2334 4811 2514 4871 Forte,
2548 4820 2568 4858 α
2597 4811 2741 4931 q'uod
2781 4811 3002 4871 dixerit,
3035 4825 3054 4861 ι
3085 4811 3169 4861 vel
3198 4826 3218 4859 r
3247 4811 3377 4878 quia
3415 4811 3638 4865 dixerit.
3671 4829 3694 4863 ι

2203 4811 2294 4949 80;
2335 4876 2411 4932 ita
2443 4878 2588 4932 hunc
2641 4878 3205 4949 ocumrestituimus;
3250 4894 3373 4932 nam
3417 4881 3471 4934 in
3503 4881 3699 4936 codice

2108 4947 2409 5018 legebatur,
2440 4964 2458 4997 ε
2491 4956 2600 5001 tam
2632 4949 2679 5001 si
2708 4947 2928 5018 quidem
2963 4962 3029 5003 ex
3067 4951 3173 5003 hoc
3198 4950 3497 5004 arbitratus
3527 4961 3612 5005 est
3634 4968 3699 5007 se

2110 5019 2535 5084 allirmaturum;
2569 5036 2588 5069 ι
2617 5019 2713 5072 sed
2750 5032 2916 5088 supra
2952 5032 3141 5074 vocem
3174 5029 3303 5083 tam,
3337 5021 3589 5089 quaedam
3625 5021 3701 5076 li-

2110 5089 2266 5144 neola
2312 5089 2506 5160 litterae
2549 5105 2577 5142 ο
2618 5089 2815 5143 similis
2856 5090 3173 5157 apparebat,
3207 5105 3375 5160 quam
3413 5091 3700 5160 particulae

2109 5169 2164 5213 et
2187 5159 2564 5229 compendium
2589 5173 2713 5214 esse
2734 5160 3065 5229 putavimus.

2180 5227 2516 5300 (8l)’Forte,
2543 5247 2562 5280 ι
2593 5238 2647 5284 et
2685 5227 2808 5284 ideo
2854 5230 2976 5283 duae
3018 5230 3272 5299 ingenita:
3316 5241 3528 5288 natura:
3569 5246 3698 5290 esse

2110 5315 2219 5353 non
2249 5308 2497 5354 ιιοεειιιιι.
2528 5316 2550 5350 ι

2183 5367 2295 5441 (82)
2337 5368 2394 5441 in
2423 5369 2609 5424 codice
2631 5367 2919 5423 Casincnsi
2949 5378 3086 5433 erat,
3115 5388 3134 5421 ‹
3168 5371 3390 5440 expetit.
3422 5389 3444 5423 ο

2181 5438 2296 5509 (85)
2335 5438 2392 5492 In
2424 5444 2614 5513 eodem
2636 5441 2824 5513 codice
2847 5450 2957 5492 tam
2986 5441 3040 5492 in
3077 5442 3179 5496 hoc
3208 5438 3500 5509 commate,
3520 5457 3697 5513 quam

2108 5510 2163 5564 in
2191 5512 2461 5578 sequenti,
2485 5520 2765 5578 perperam
2800 5511 3014 5578 legitur,
3038 5526 3063 5560 ι
3086 5514 3389 5582 exspectat.
3424 5532 3444 5563 ι

2179 5580 2291 5649 (84)
2335 5580 2511 5649 Forte,
2545 5597 2564 5630 ι
2596 5580 2802 5634 dixisti.
2835 5597 2853 5631 ι
3040 5594 3045 5611 τ

2376 5594 2511 5639 orte,
2545 5597 2564 5630 ι
2596 5594 2802 5634 αιχιειι.
2835 5597 2853 5631 ι
3040 5594 3045 5611 ί

2181 5648 2295 5720 (85)
2335 5648 2403 5703 Et
2448 5650 2538 5704 hic
2583 5653 2722 5705 male
2768 5649 2965 5721 legitur
3012 5650 3068 5706 in
3113 5651 3301 5708 codice
3354 5651 3695 5721 Casinensi.

2112 5738 2137 5772 ι
2161 5729 2459 5790 “Spectat.
2490 5738 2509 5773 ο
3564 5756 3569 5764 .
