2045 3193
221 273 233 300 1
239 272 289 300 εδθ

728 260 821 288 ACTA
840 254 1106 286 DlSPUTATlONIS
1126 253 1155 281 S.
1173 239 1347 279 ΑιιριιειΑι

1775 240 1848 270 “60

219 340 252 361 eo
277 328 447 365 concupivit?
469 327 493 355 si
510 331 591 353 omne
612 329 712 358 corpus
738 328 795 349 suae
814 320 924 347 factura:
939 321 1007 350 erat,
1022 322 1045 349 Α
1060 320 1176 349 persona
1193 309 1326 339 subsistit.
1349 306 1410 334 Non
1419 303 1492 333 enim
1511 307 1631 329 animam
1646 301 1765 330 dicimus
1779 299 1849 328 sub.

977 364 982 365 ν
1078 364 1081 365 ν
1124 359 1139 365 γ·
1228 356 1233 362 ·
1259 363 1267 365 ~
1288 361 1344 365 --υ
1359 359 1418 365 mm
1435 356 1548 365 “nam
1571 348 1617 365 ωτι
1631 347 1732 365 lunt...
1744 352 1849 365 unum-

221 380 285 416 quid
299 364 402 406 zelatus
417 375 477 403 est?
490 373 542 407 Qui
554 372 627 400 enim
645 370 748 397 zelatur
764 373 811 395 aut
828 364 1007 399 concupiscit,

221 410 333 453 meliora
350 425 377 449 et
398 421 485 448 aliena
505 415 684 452 concupiscit.
702 414 731 441 Si
751 420 816 448 ergo
832 419 865 439 ex
878 418 910 437 eo
925 410 1009 436 homo

221 476 273 503 est,
290 469 361 497 mala
376 472 484 499 natura,
496 466 701 493 demonstratur
713 459 851 496 quomodo
865 464 932 485 suus
947 455 1008 487 fuit,

223 516 294 543 sicut
319 513 475 548 frequenter
497 509 616 541 ostendi,
633 508 725 534 homo.
742 505 770 532 Si
782 503 854 541 enim
871 509 938 530 suus
951 504 1011 528 erat

223 562 315 593 homo,
333 547 420 586 malus
434 560 493 584 erat
503 556 585 583 etiam
599 554 666 588 ipse,
679 558 808 586 tanquam
827 549 889 576 talis
904 547 1010 575 arboris

223 607 328 634 fructus
342 614 350 638 ;
365 604 436 631 mala
447 603 519 631 enim
538 601 630 633 arbor,
646 600 716 627 sicut
729 598 780 629 ais,
797 596 884 624 malos
904 594 1011 621 fructus

222 652 298 680 facit.
316 651 384 679 Cum
397 657 492 677 omnes
505 647 578 675 enim
596 646 660 673 mali
675 648 776 675 essent,
791 641 856 677 quid
873 640 1011 668 desidera-

222 697 271 729 vit,
285 699 332 723 aut
346 695 418 721 unde
434 693 541 721 initium
567 690 677 718 malitiae
702 688 830 719 ostendit,
854 687 877 714 si
891 694 924 713 ex
942 689 1010 712 tem-

223 749 289 776 pore
301 740 425 776 plasmati
439 738 558 766 hominis
571 737 680 764 malitia:
694 735 754 770 ejus
765 735 847 761 homo
859 739 940 760 causa
953 730 1012 757 est?

224 788 295 823 Lege
314 791 405 814 autem
430 793 463 812 ac
483 788 617 819 praecepto
642 782 694 810 sibi
709 781 784 813 dato,
805 780 887 806 homo
906 780 1012 812 poterat

223 841 396 868 nequaquam
414 832 601 866 obtemperare
622 827 741 863 serpenti
753 832 780 854 et
798 826 840 852 his
855 832 916 860 qum
932 824 966 850 ab
980 830 1012 849 eo

223 878 394 909 dicebantur,
411 876 455 903 cui
467 875 489 903 si
505 883 558 902 non
572 874 788 907 obtemperasset
802 871 895 902 homo,
912 876 965 904 qua
979 876 1012 895 ex

224 931 306 951 causa
322 923 409 950 tnalus
423 921 537 949 fuisset?
548 920 626 953 Quod
642 919 665 946 si
677 918 826 954 ingenitum
843 920 884 943 est
898 915 1012 946 malum,

223 972 251 995 et
264 966 402 1003 quomodo
414 966 550 993 interdum
572 965 652 992 homo
680 963 775 990 fortior
798 962 845 988 illo
860 959 1013 990 invenitur?

224 1013 422 1048 Obtemperans
448 1012 520 1040 enim
548 1010 678 1038 mandato
690 1009 737 1036 Dei
753 1008 909 1043 frequenter
923 1006 1013 1033 vincet

225 1067 335 1087 omnem
351 1059 462 1086 malitiae
478 1058 596 1085 radicem
610 1066 617 1087 :
644 1061 671 1084 et
695 1055 840 1083 ridiculum
852 1058 904 1086 est,
921 1053 944 1080 si
961 1053 1013 1080 iste

225 1107 273 1143 qui
289 1106 393 1134 factura
404 1110 456 1137 est,
477 1105 575 1132 fortior
598 1103 753 1131 inveniatur
778 1100 910 1135 ingenito.
927 1099 1013 1135 Cujus

227 1158 317 1180 autem
329 1158 371 1180 est
388 1152 431 1179 lex
447 1156 473 1178 et
489 1150 657 1180 mandatum,
672 1148 737 1175 illud
751 1148 826 1179 dico,
839 1146 910 1181 quod
925 1145 1014 1173 homio

227 1200 254 1226 ni
269 1199 363 1226 datum
381 1197 441 1225 est?
457 1197 521 1223 Sine
537 1196 620 1223 dubio
634 1194 808 1222 confitebitur
830 1192 878 1219 Dei
892 1199 962 1219 esse.
981 1190 1015 1217 Et

227 1244 365 1280 quomodo
386 1248 475 1279 potest
496 1242 554 1270 dari
580 1243 623 1269 lex
638 1241 738 1274 alieno,
764 1243 811 1266 aut
825 1238 936 1265 inimico
952 1237 1015 1272 quis

226 1296 316 1327 potest
327 1293 392 1318 dare
411 1288 597 1325 praeceptum?
611 1288 665 1314 Aut
686 1287 730 1314 ille
744 1286 791 1322 qui
803 1284 901 1319 accipit
912 1291 1014 1319 praece-

227 1344 315 1374 ptum,
337 1337 476 1373 quomodo
497 1339 587 1370 potest
609 1334 740 1361 adversus
754 1332 903 1364 diaboltnn,
922 1331 948 1358 id
962 1335 1014 1362 est,

228 1385 359 1412 adversus
371 1386 521 1410 creatorem
534 1388 614 1408 suum
624 1387 755 1415 pugnare,
765 1383 894 1413 tanquam
908 1376 932 1405 si
944 1376 1016 1408 filius

228 1429 309 1464 patri,
328 1435 392 1455 cum
408 1426 603 1454 beneficiorum
622 1424 729 1452 debitor
743 1424 789 1456 sit,
817 1422 938 1456 irrogare
953 1420 1017 1448 velit

229 1474 362 1510 injurias?
379 1472 418 1500 Ita
443 1472 471 1499 in
485 1473 536 1499 hac
551 1475 625 1506 parte
644 1470 818 1497 inutilitatem
837 1467 956 1495 hominis
968 1467 1016 1494 de-

229 1523 333 1558 signas,
358 1519 381 1548 si
408 1527 456 1554 per
481 1519 565 1554 legem
588 1522 616 1545 et
634 1516 793 1545 mandatum
808 1515 939 1543 adversus
954 1521 1016 1542 eum

229 1571 276 1607 qui
292 1569 479 1606 plasmaverit,
496 1568 581 1601 dicat,
598 1572 680 1602 atque
690 1574 753 1594 eum
769 1565 878 1593 vincere
893 1568 1017 1592 conetur.

230 1618 259 1645 In
280 1622 385 1644 tantum
399 1616 471 1643 enim
485 1614 644 1643 stoliditatis
659 1619 835 1648 progressum
851 1618 912 1639 esse
927 1610 1017 1645 ipsum

229 1664 369 1692 diabolum
394 1662 562 1697 putabimus,
578 1660 650 1695 quod
668 1659 812 1686 adversum
830 1665 860 1685 se
880 1655 1017 1684 hominem
1032 1664 1053 1692 ρ

230 1710 329 1738 fecisse
346 1717 401 1736 non
425 1707 553 1740 senserit,
575 1714 625 1734 nec
641 1703 862 1732 animadverterit.
871 1702 937 1738 quid
950 1701 1020 1728 futu-

231 1764 294 1784 rum
316 1755 476 1788 esset,'nec
499 1751 648 1788 providerit
669 1751 734 1786 quid
751 1749 933 1785 sequebatur;
957 1754 1019 1774 cum

232 1802 314 1829 etiam
331 1800 358 1828 in
373 1799 452 1827 nobis
466 1798 513 1833 qui
539 1797 644 1825 factura
671 1803 778 1829 sumus,
804 1794 841 1822 sit
864 1794 955 1828 aliqua
978 1792 1021 1819 vel

232 1854 316 1883 parva
330 1846 453 1876 scientia,
468 1844 538 1871 inest
554 1848 581 1871 et
596 1842 698 1878 aliquid
711 1840 872 1877 prudentiae,
886 1844 914 1867 et
928 1838 1022 1867 existi-

232 1893 362 1922 mationis
379 1899 576 1926 nonnunquam
592 1894 683 1918 certae.
699 1888 733 1916 Et
747 1887 885 1923 quomodo
901 1885 1022 1921 ingenito

233 1948 268 1968 ne
291 1939 419 1974 exiguum
432 1937 545 1972 quidem
565 1935 743 1971 providentia:
765 1934 850 1961 fuisse
873 1932 1021 1963 credimus,

234 1994 324 2022 neque
339 1983 560 2016 existimationis,
584 1987 631 2009 aut
646 1982 816 2012 intellectus;
833 1979 879 2007 sed
894 1977 1021 2006 brutissi-

233 2040 296 2061 mus
314 2039 412 2064 sensu,
429 2035 455 2058 et
472 2028 641 2057 obtusissimi
651 2027 753 2059 cordis,
771 2031 798 2053 et
816 2031 919 2053 naturae
939 2030 1020 2059 peco-

233 2080 273 2107 ris
284 2078 432 2110 invenitur,
444 2076 594 2104 secundum
604 2074 782 2102 assertionem
797 2072 920 2099 videlicet
932 2070 1022 2097 tuam?

233 2125 312 2159 Quod
333 2124 357 2152 si
370 2125 406 2152 ita
419 2130 471 2156 est,
494 2121 633 2157 quomodo
655 2120 737 2147 homo
748 2119 793 2154 qui
815 2118 924 2153 ingenio
941 2121 1023 2151 atque

234 2171 350 2200 scientia
365 2178 418 2198 non
437 2176 533 2204 parum
556 2168 650 2203 pollet,
679 2167 713 2193 ab
729 2173 762 2193 eo
776 2165 822 2200 qui
838 2165 949 2199 ignarus
964 2171 1023 2190 om-

234 2217 311 2245 nium
331 2221 413 2251 atque
436 2215 520 2241 hebes
536 2221 618 2241 sensu
638 2217 690 2245 est,
703 2211 792 2247 potuit
806 2210 944 2245 accepisse
958 2209 1024 2236 sub-

235 2262 381 2291 stantiam?
394 2261 535 2294 Quomodo
553 2258 741 2294 hujuscem_odi
753 2257 872 2285 auctoris
883 2263 952 2291 opus
964 2262 1023 2283 esse

235 2308 374 2335 hominem
390 2307 506 2334 audebit.
516 2292 615 2341 aliquis
637 2292 778 2332 confiteri?
801 2303 879 2336 Quod
897 2302 918 2329 si
940 2303 1022 2329 homo

234 2354 327 2380 anima
339 2357 380 2380 est
391 2357 418 2380 et
434 2360 543 2387 corpus,
564 2355 591 2378 et
607 2359 661 2379 non
681 2351 768 2378 solum
782 2357 881 2384 corpus
892 2349 950 2376 sine
962 2349 1022 2376 ani-
1038 2344 1061 2372 ῐ)

235 2408 291 2434 ma,
310 2407 371 2435 qua:
388 2399 446 2426 sine
460 2408 489 2426 se
504 2398 654 2426 subsistere
671 2405 724 2425 non
742 2401 876 2431 possunt;
894 2403 979 2431 quare
990 2402 1022 2422 ea

235 2446 345 2473 inimica
371 2445 480 2473 sibimet
502 2445 577 2472 dices
596 2449 623 2471 et
647 2443 802 2471 contraria?
823 2441 934 2469 Videtur
948 2441 1021 2468 enim

234 2493 301 2520 mihi
318 2491 450 2519 Dominus
463 2495 555 2518 noster
568 2489 648 2516 Jesus
659 2488 784 2516 Christus
798 2488 831 2514 de
854 2487 897 2515 his
919 2487 1023 2514 dixisse

234 2546 282 2573 per
295 2537 454 2573 parabolas:
471 2545 479 2562 ι
491 2535 579 2563 Nemo
592 2540 679 2569 potest
691 2536 782 2561 vinum
796 2540 895 2560 novum
907 2532 933 2559 in
948 2537 1023 2559 utres

232 2589 339 2612 veteres
350 2583 468 2616 mittere,
484 2582 605 2617 alioquin
616 2584 779 2615 rumpentur
793 2584 879 2612 utres,
890 2583 917 2606 et
931 2578 1024 2605 vinum

233 2636 388 2665 effundetttr
403 2635 437 2662 ¹¹.
457 2643 466 2660 ι
494 2633 547 2661 Sed
564 2633 658 2660 vinum
674 2639 773 2659 novum
798 2631 825 2658 in
850 2634 926 2658 utres
939 2636 1026 2657 novos

232 2686 397 2715 mittendum
414 2687 467 2717 est,
479 2684 610 2719 quoniam
624 2682 734 2717 quidem
750 2681 820 2708 idem
837 2680 971 2707 Dominus
985 2685 1027 2707 est

233 2739 341 2767 utriset
357 2737 424 2771 vini,
446 2744 510 2764 nam
532 2736 584 2764 etsi
605 2735 713 2763 diversa
740 2732 894 2761 substantia
913 2732 958 2764 sit,
979 2732 1025 2759 sed

233 2787 421 2815 dominatione
437 2791 464 2815 et
480 2785 660 2814 observantiae
679 2792 729 2813 usu
747 2791 778 2811 ex
796 2782 840 2811 liis
850 2783 957 2810 duabus
970 2791 1024 2811 una

270 2855 400 2883 "usus.
418 2863 456 2890 ιι,
474 2856 518 2884 ιτ.
570 2855 670 2885 "ibid.
689 2855 732 2883 ιθ.

781 2856 804 2872 ’⁸
818 2854 898 2882 lCor.
922 2860 971 2887 xtl,
993 2855 1035 2883 18.

1060 347 1167 387 stantia
1188 356 1270 384 unius
1285 361 1345 382 esse
1357 359 1418 381 cum
1433 356 1559 386 corpore,
1571 348 1618 376 sed
1631 347 1733 375 habere
1744 352 1849 374 unum-

1060 403 1189 441 quodque
1207 401 1364 438 qualitatem
1389 404 1484 430 suam;
1501 399 1528 423 et
1554 399 1685 430 tanquam
1708 392 1743 420 ad
1759 397 1849 419 unum

1059 436 1146 486 genus
1156 436 1236 483 atque
1249 453 1332 475 unam
1343 443 1460 479 speciem
1473 440 1625 471 hominum,
1636 443 1697 466 uter
1706 446 1739 466 ac
1752 436 1849 465 vinum

1061 483 1245 531 comparatur,
1270 493 1307 521 ita
1323 492 1357 519 ab
1372 498 1426 517 uno
1442 488 1497 516 Deo
1510 486 1647 514 hominem
1661 484 1763 512 editum
1777 483 1850 510 ratio

1060 543 1164 578 expetit
1179 540 1323 569 veritatis:
1342 537 1440 574 gaudet
1463 534 1536 562 enim
1559 531 1649 559 anima
1675 537 1799 565 corpore,
1820 533 1850 557 et

1061 573 1147 623 diligit
1155 591 1181 614 et
1190 586 1255 614 colit
1262 584 1327 612 illud
1338 573 1537 616 {nihilominus
1548 577 1629 604 etiam
1636 582 1735 610 corpus
1749 573 1851 610 gaudet

1061 635 1095 663 ab
1106 619 1195 661 anima
1211 639 1240 658 se
1257 628 1433 656 viviticatum.
1446 623 1524 657 Quod
1536 623 1558 650 si
1567 620 1678 656 maligni
1692 627 1761 654 opus
1774 619 1854 647 dicat

1061 687 1121 708 esse
1145 677 1205 713 quis
1226 681 1343 709 corpus,
1364 677 1425 698 cum
1451 669 1486 696 sit
1509 672 1536 694 et
1558 664 1733 699 corruptibile
1752 670 1785 690 ac
1801 668 1852 690 vo-

1063 708 1167 752 tustum
1182 727 1262 756 atque
1275 708 1466 747 deterrimum,
1481 721 1534 740 non
1551 715 1639 747 potest
1652 710 1724 737 ferre
1735 708 1853 744 spiritus

1062 773 1201 800 virtutem,
1218 774 1268 794 rrec
1286 765 1384 792 anima:
1406 760 1619 789 commotionem
1636 761 1663 784 et
1682 755 1742 791 ejus
1758 753 1854 789 splen-

1063 816 1232 845 didissimam
1249 815 1416 841 creaturam.
1443 807 1519 835 Sicut
1533 805 1605 832 enim
1621 803 1643 830 si
1660 805 1852 830 assumentum

1062 862 1145 899 panni
1159 861 1235 888 rudis
1252 863 1347 886 assuat
1363 857 1425 891 quis
1439 854 1601 882 vestimento
1615 848 1699 877 veteri
1711 848 1744 880 ’³,
1762 846 1854 881 major

1063 894 1181 936 scissura
1205 905 1252 937 fit;
1268 904 1305 931 ita
1321 903 1403 930 etiam
1417 907 1527 935 corpus,
1540 897 1561 925 si
1574 894 1783 932 praeclarissimo
1791 898 1856 926 ope-

1064 955 1098 987 ri,
1114 953 1212 981 animat
1234 949 1398 978 associatum
1423 946 1514 978 fuerit,
1530 943 1659 971 interiret.
1680 939 1811 967 Similiter
1826 942 1855 966 et

1065 1000 1087 1028 si
1098 999 1160 1035 quis
1175 997 1273 1025 inferat
1284 996 1403 1023 lucernae
1413 993 1504 1019 lumen
1519 991 1546 1017 in
1562 990 1652 1017 locum
1664 985 1854 1016 tenebrosum,

1065 1030 1191 1082 fugantur
1209 1043 1339 1071 continuo
1354 1040 1481 1072 tenebrae,
1492 1045 1542 1065 nec
1553 1038 1701 1071 apparent;
1721 1033 1759 1060 ita
1773 1030 1856 1058 intel-

1064 1078 1202 1128 ligendum
1221 1094 1272 1121 est,
1288 1088 1376 1115 anima
1402 1084 1510 1120 corpori
1528 1084 1640 1113 inserta,
1664 1078 1796 1107 continuo
1814 1080 1857 1104 te-

1065 1126 1164 1166 nebras
1178 1136 1321 1172 effngatas,
1346 1138 1374 1160 et
1397 1139 1480 1159 unam
1493 1130 1549 1165 jam
1562 1127 1684 1156 effectam
1700 1132 1762 1153 esse
1776 1126 1857 1151 natu-

1065 1191 1135 1215 ram,
1150 1170 1332 1216 atquevunum
1353 1176 1493 1205 hominem
1509 1175 1536 1202 ir.
1553 1179 1636 1201 unam
1653 1170 1771 1206 speciem
1788 1175 1857 1196 con-

1065 1229 1191 1256 stitutum
1206 1235 1213 1254 :
1230 1230 1257 1253 et
1273 1225 1310 1252 ita
1323 1222 1466 1252 conveniet
1486 1222 1666 1248 consonanter
1689 1216 1782 1243 vinum
1803 1221 1857 1241 no-

1065 1283 1129 1303 vum
1145 1281 1207 1302 esse
1230 1272 1345 1300 missum
1361 1270 1388 1297 in
1404 1275 1480 1296 utres
1497 1273 1595 1299 novos,
1617 1269 1644 1292 et
1665 1265 1855 1291 assumentum

1066 1321 1148 1357 panni
1172 1319 1248 1347 rudis
1272 1321 1395 1346 assutnm
1413 1322 1468 1342 non
1488 1319 1548 1340 esse
1570 1309 1654 1338 veteri
1679 1307 1856 1336 vestimento.

1068 1352 1121 1393 Sed
1134 1373 1168 1392 ex
1186 1364 1239 1391 hoc
1255 1361 1398 1390 ostendere
1412 1364 1559 1394 possumus
1574 1352 1782 1383 consonantiam
1794 1356 1858 1378 esse

1067 1412 1199 1439 virtutum
1215 1410 1243 1437 in
1259 1414 1384 1443 utraque,
1401 1405 1427 1432 id
1441 1408 1493 1435 est,
1521 1401 1645 1436 corporis
1658 1405 1740 1433 atque
1756 1396 1858 1424 anima

1068 1456 1230 1491 substantia,
1247 1455 1273 1482 in
1286 1442 1338 1489 qua
1347 1452 1385 1479 ait
1399 1450 1602 1485 Scripturarum
1617 1446 1713 1473 doctor
1720 1442 1859 1471 maximus

1068 1503 1179 1535 Paulus,
1197 1501 1281 1529 Deum
1310 1499 1337 1526 in
1362 1503 1477 1532 corpore
1491 1494 1525 1527 ",
1549 1495 1621 1521 sicut
1641 1490 1738 1524 voluit,
1756 1495 1860 1516 unum-

1069 1548 1198 1585 quodque
1214 1545 1368 1574 membrum
1385 1539 1521 1577 posuisse.

1103 1576 1176 1618 xrx.
1197 1588 1276 1624 Quod
1293 1588 1316 1615 si
1334 1576 1429 1614 uaria
1444 1582 1551 1611 difficile
1576 1579 1684 1608 videtur
1706 1576 1859 1609 intellectu,

1070 1645 1120 1665 nec
1133 1621 1284 1671 acquiescis
1303 1632 1345 1660 his
1361 1631 1453 1663 dictis,
1470 1628 1565 1657 saltem
1583 1624 1723 1670 exemplis.
1727 1622 1776 1651 tibi
1786 1621 1861 1650 alr-

1071 1662 1294 1712 inaboflntuere
1318 1662 1456 1706 hominem
1478 1674 1608 1710 templum
1628 1678 1691 1699 esse
1707 1662 1860 1705 quoddam,

1070 1730 1142 1758 sicut
1156 1728 1287 1762 scriptum
1299 1729 1340 1752 est
1351 1724 1391 1757 ";
1404 1721 1518 1758 spiritus
1530 1724 1621 1748 autem
1632 1717 1678 1753 qui
1691 1717 1719 1744 in
1734 1715 1796 1751 ipso
1804 1717 1860 1747 est,

1071 1775 1171 1802 referat
1185 1775 1245 1808 ejus
1259 1771 1387 1803 fortnam,
1402 1769 1449 1804 qui
1465 1767 1598 1795 inhabitat
1609 1763 1756 1798 templum;
1771 1768 1862 1796 neque

1071 1828 1135 1856 ergo
1146 1806 1275 1854 templum
1287 1815 1415 1845 constitui
1430 1817 1528 1849 potest,
1546 1819 1600 1838 non
1614 1809 1705 1845 agnito
1720 1807 1798 1843 prius
1810 1806 1864 1834 ba-

1072 1851 1320 1899 bii'atore-templi,
1344 1869 1434 1896 neque
1458 1858 1625 1886 inhabitator
1647 1854 1808 1886 collocatur,
1837 1851 1863 1880 si

1074 1912 1205 1947 templum
1220 1918 1273 1937 non
1293 1909 1329 1937 sit
1343 1911 1521 1936 exstrucmm.
1546 1904 1614 1931 Cum
1630 1908 1696 1937 ergo
1713 1905 1864 1934 utrumque

1073 1945 1175 1986 una—ac
1191 1957 1293 1993 pariter
1312 1955 1470 1985 dedicetur;
1495 1949 1633 1986 quomodo
1655 1948 1682 1975 in
1707 1947 1751 1974 his
1768 1945 1864 1973 inimi-

1073 2013 1135 2033 cum
1154 2003 1256 2040 aliquid
1273 2005 1321 2029 aut
1339 1999 1508 2029 contrarium
1525 1994 1639 2024 inveniri
1652 1997 1752 2029 potest,
1767 1995 1795 2019 et
1806 1998 1864 2018 non

1073 2051 1163 2087 potius
1178 2050 1212 2077 ab
1230 2048 1327 2076 amicis
1350 2051 1432 2081 atque
1453 2045 1524 2072 idem
1547 2040 1700 2070 volentibus
1715 2043 1865 2072 utrumque

1073 2082 1180 2123 videtur
1194 2092 1338 2122 effectum?
1352 2091 1385 2118 Et
1400 2094 1430 2117 ut
1453 2089 1535 2120 scias,
1554 2085 1684 2122 quoniam
1699 2088 1727 2111 et
1742 2082 1865 2110 amicitia

1073 2148 1100 2171 et
1116 2149 1215 2178 genere
1236 2138 1375 2174 c0njuncli
1392 2140 1465 2169 sunt,
1481 2134 1528 2171 qui
1546 2134 1598 2162 scit
1617 2137 1644 2160 et
1667 2130 1764 2159 audit:
1782 2139 1792 2156 ‹
1810 2128 1866 2156 Fa-

1074 2188 1180 2216 ciamus
1191 2186 1341 2217 hominem,
1357 2193 1366 2209 ι
1381 2187 1408 2210 et
1422 2182 1538 2216 reliqua,
1555 2178 1705 2214 respondit.
1724 2176 1775 2204 Hic
1788 2175 1865 2203 enim

1074 2234 1120 2269 qui
1135 2232 1265 2267 templum
1282 2229 1398 2257 exstruit
1411 2227 1479 2263 (89),
1497 2227 1648 2260 interrogat
1662 2224 1739 2251 illum
1755 2222 1803 2257 qui
1819 2222 1864 2249 in-

1076 2279 1177 2307 format
1197 2277 1388 2308 simulacrum,
1414 2279 1613 2306 mensurasque
1627 2271 1708 2298 etiam
1727 2269 1867 2305 magnituo

1076 2324 1148 2353 dinis
1166 2331 1197 2351 ac
1219 2321 1373 2350 latitudinis
1391 2318 1582 2353 vastitatisque
1605 2315 1748 2352 perquirit,
1772 2319 1804 2342 ut
1826 2314 1866 2342 ita

1074 2370 1314 2398 fundamentorum
1337 2366 1425 2401 spatia
1452 2364 1603 2397 describat;
1633 2369 1721 2397 neque
1741 2361 1814 2389 enim
1836 2360 1866 2388 in

1074 2423 1176 2443 vanum
1192 2414 1253 2450 quis
1268 2413 1398 2448 templum
1413 2410 1540 2443 exstruit,
1556 2409 1610 2437 nisi
1622 2414 1765 2436 mensuras
1779 2406 1867 2434 collo-

1074 2462 1154 2491 candi
1175 2460 1303 2489 didicerit
1313 2458 1462 2487 simulacri.
1479 2457 1611 2485 Similiter
1626 2455 1708 2491 igitur
1729 2453 1868 2490 perquiri-

1076 2513 1120 2535 tur
1140 2507 1238 2534 modus
1257 2505 1380 2540 corporis
1397 2509 1478 2539 atque
1493 2509 1632 2536 mensura,
1655 2505 1686 2529 ut
1700 2501 1788 2536 possit
1803 2504 1868 2535 apte

1078 2553 1106 2580 in
1118 2560 1151 2580 eo
1163 2552 1253 2579 anima
1268 2549 1396 2578 collocari
1408 2551 1441 2576 ab
1455 2548 1559 2576 artifice
1572 2547 1694 2574 omnium
1707 2545 1774 2573 Deo.
1785 2544 1868 2578 Quod

1078 2600 1101 2627 si
1115 2599 1190 2627 dicat
1207 2598 1269 2633 quis
1292 2598 1435 2625 inimicum
1459 2603 1520 2623 eSSe
1535 2602 1608 2626 eum,
1626 2593 1672 2629 qui
1688 2591 1869 2628 plasmaverit

1078 2652 1194 2680 corpus;
1219 2643 1291 2671 Deus
1312 2641 1368 2676 (90)
1392 2640 1440 2676 qui
1463 2644 1570 2667 creator
1599 2643 1641 2667 est
1660 2638 1760 2665 animat
1786 2643 1868 2669 mea,

1078 2690 1217 2726 quomodo
1234 2696 1300 2722 non,
1313 2689 1378 2715 dum
1393 2686 1470 2713 alteri
1487 2685 1599 2718 invidet,
1614 2683 1727 2711 alterius
1741 2681 1816 2717 operi
1829 2682 1855 2708 ir

1079 2735 1184 2772 rogavit
1201 2734 1354 2766 infamiam,
1373 2737 1402 2760 ut
1414 2737 1461 2759 aut
1473 2731 1570 2766 illequi
1591 2729 1721 2765 templum
1737 2727 1868 2760 exstruit,

1079 2785 1224 2818 angustum
1239 2781 1332 2812 faciat,
1347 2780 1384 2807 ita
1402 2783 1432 2806 ut
1444 2785 1542 2813 capere
1554 2785 1608 2805 non
1623 2776 1712 2812 possit
1728 2774 1802 2812 quod
1811 2773 1870 2803 eot-

1097 2856 1119 2871 ²³
1134 2856 1142 2881 l
1157 2853 1220 2882 Cor.
1241 2861 1282 2887 ιιι,
1298 2853 1346 2886 Π;
1367 2851 1386 2878 ll
1399 2851 1464 2878 Cor.
1479 2859 1517 2884 vr,
1535 2850 1578 2878 Ιϐ.

350 2947 468 2989 fortia":
484 2948 524 2989 sic
533 2948 606 2988 enim
620 2949 666 2989 qui
681 2949 809 2989 templum
822 2949 948 2977 exstruit.
966 2958 975 2976 ι
991 2948 1019 2976 ln
1040 2948 1132 2976 codice
1147 2947 1219 2975 enim
1233 2951 1303 2979 erat,
1325 2955 1334 2972 ι
1348 2945 1476 2974 exstruis.
1493 2953 1504 2971 ι

277 2983 334 3019 (90)
354 2982 384 3010 In
395 2983 489 3010 codice
504 2982 656 3017 Casineltsi,
676 2993 686 3009 ε
705 2982 798 3011 Deum.
819 2994 827 3010 ι
