4090 6404
383 469 514 528 ηϐι

1498 461 1645 520 CUM
1687 457 1973 516 MANETE
2013 454 2547 514 HAERESIARCHA.

3492 447 3632 503 “62

380 585 628 646 locatur?
647 597 744 642 aut
763 585 852 640 ille
874 582 969 656 qui
997 583 1350 639 simulacrum
1376 580 1525 646 fecit,
1551 580 1828 652 quomodo
1851 594 1955 633 non
1989 583 2028 639 Α
2060 593 2223 647 quam
2243 576 2442 631 audeat
2461 575 2662 636 dicere,
2686 570 2831 643 quod
2853 571 3030 641 ipsum
3062 584 3164 624 nos
3191 567 3422 624 docebat.
3442 581 3630 642 orare,

382 695 545 754 grave
589 677 792 748 aliquid
838 676 1058 745 pertulit
1101 683 1156 731 et
1202 675 1595 746 ponderosum,
1641 690 1750 744 quo
1784 673 1957 728 intro-

382 774 574 840 misso,
624 772 886 854 templum
936 770 1200 826 continuo
1251 768 1598 824 concideret?
1645 767 1958 824 Secundum

383 863 508 927 hoc,
561 862 708 933 quod
753 860 1009 915 novimus
1046 873 1169 915 esse
1208 857 1554 912 inimicorum
1590 854 1793 922 studia,
1826 869 1960 910 con-

384 935 871 1023 templemur'haec,
906 950 952 1007 si
994 965 1101 1004 non
1149 949 1224 1003 ita
1270 963 1330 1003 se
1376 947 1614 1012 habent;
1648 947 1732 1001 sin
1775 953 1956 1000 autem

382 1053 597 1115 oportet
648 1042 832 1099 omnia
885 1042 1076 1098 iisdem
1129 1038 1424 1105 mensuris,
1465 1037 1656 1093 eadem
1703 1038 1958 1107 aequitate

382 1137 620 1208 disponi,
655 1136 931 1205 similique
959 1133 1129 1206 gloria
1153 1132 1332 1189 efferri
1356 1149 1371 1198 ;
1397 1131 1528 1201 quid
1559 1131 1734 1186 adhuc
1763 1131 1829 1184 de
1855 1129 1960 1184 hoc

385 1228 733 1284 dubitamus?
754 1227 1019 1282 Addimus
1051 1233 1283 1292 tantum,
1323 1225 1368 1279 si
1405 1224 1598 1294 placet,
1634 1223 1798 1278 etiam
1827 1223 1958 1276 illud

381 1321 687 1390 exemplum
724 1338 737 1373 :
774 1319 971 1374 similis
1020 1318 1234 1371 videtur
1284 1333 1408 1372 esse
1453 1316 1618 1370 homo
1659 1316 1806 1379 navi,
1839 1331 1960 1384 quae

385 1412 650 1466 instructa
695 1409 762 1463 ab
805 1408 1034 1474 artifice,
1085 1417 1247 1476 atque
1303 1407 1358 1460 in
1407 1421 1558 1460 mare
1590 1404 1822 1460 deducta
1852 1415 1956 1468 est,

383 1518 656 1575 quamque
679 1501 932 1572 navigare
952 1499 1286 1569 impossibile
1307 1508 1390 1554 est
1411 1499 1528 1553 sine
1550 1498 1956 1569 gubernaculis,

383 1597 583 1666 quibus
619 1594 730 1665 regi
765 1603 819 1648 et
847 1593 990 1648 flecti
1036 1592 1208 1663 possit
1254 1592 1306 1647 in
1337 1606 1676 1662 quaecunque
1715 1592 1830 1646 loca
1865 1607 1960 1646 vo-

384 1689 547 1743 luerit
588 1688 918 1759 gubernator
958 1686 1098 1755 ejus.
1136 1685 1202 1740 Et
1244 1686 1374 1755 quia
1415 1686 1606 1740 eodem
1641 1684 1847 1739 artiﬁce
1877 1685 1960 1738 in-

383 1780 564 1848 digeat
588 1792 786 1846 corpus
834 1775 1350 1846 gubernaculorum,
1380 1789 1491 1845 quo
1513 1784 1566 1829 et
1589 1775 1754 1829 totius
1779 1775 1955 1840 navis,

388 1869 521 1923 nulli
553 1869 781 1923 dubium
817 1876 937 1932 est;
979 1868 1095 1922 sine
1124 1868 1506 1936 gubernaculis
1535 1867 1678 1921 enim
1715 1868 1952 1923 otiosum

2062 685 2239 740 neque
2264 670 2410 724 enim
2439 666 2796 722 descenderat
2822 662 3005 728 Jesus,
3037 672 3098 718 ut
3122 662 3372 717 homines
3405 662 3632 731 conjun-

2059 772 2228 834 geret,
2273 771 2327 816 et
2374 759 2756 816 reconciliaret
2798 755 3035 819 Satanae,
3066 753 3198 825 quin
3234 755 3414 822 potius
3447 761 3632 806 conte-

2059 853 2286 908 rendum
2318 866 2443 906 eum
2479 849 2582 906 sub
2609 847 2836 918 pedibus
2866 845 3103 900 ﬁdelium
3132 858 3356 900 suorum
3391 841 3630 897 tradidit.

2062 944 2168 1001 Sed
2221 961 2322 1016 ego
2367 944 2636 999 beatiores
2686 941 2823 995 istos
2853 937 3030 994 dicam
3078 952 3201 992 esse
3240 936 3490 1004 gentiles,
3538 932 3634 1006 qui

2060 1039 2264 1094 multos
2309 1038 2528 1107 quidem
2563 1035 2915 1092 introducunt
2945 1035 3098 1097 deos,
3135 1028 3421 1086 unanimes
3451 1037 3633 1082 tamen

2061 1140 2226 1200 atque
2260 1130 2470 1185 amicos
2499 1145 2597 1184 eos
2622 1127 2978 1191 confitentur;
3023 1126 3112 1179 hic
3137 1138 3266 1179 vero
3295 1122 3434 1176 duos
3461 1119 3634 1173 intro.

2058 1222 2285 1284 ducens,
2317 1221 2631 1276 inimicitias
2673 1219 2811 1273 inter
2843 1233 2939 1274 eos
2975 1215 3384 1282 discordemque
3414 1221 3632 1266 senten-

2060 1314 2188 1367 tiam
2215 1329 2322 1366 non
2355 1312 2628 1367 erubescit
2656 1319 2924 1364 astruere.
2952 1307 3103 1374 Quod
3131 1308 3175 1361 si
3203 1304 3490 1360 simulatos
3521 1300 3632 1371 (94)

2060 1405 2162 1461 sub
2189 1403 2564 1473 hujuscemodi
2586 1403 2897 1458 conditione
2924 1398 3328 1454 introducerent
3346 1394 3458 1463 (95)
3479 1394 3630 1454 deos.

2058 1499 2246 1554 ludum
2267 1499 2378 1568 jam
2407 1496 2792 1567 gladiatorium
2821 1496 2962 1548 inter
2987 1507 3082 1547 eos
3104 1499 3220 1545 erat
3244 1489 3448 1553 videre,
3481 1485 3633 1539 innu-

2059 1607 2240 1647 meras
2271 1590 2532 1644 habentes
2557 1598 2783 1642 naturas
2807 1584 3162 1652 diversasque
3187 1579 3504 1636 sententias.

2132 1683 2276 1737 XXI.
2316 1680 2437 1736 Jam
2485 1695 2616 1734 vero
2650 1679 2716 1732 de
2752 1675 3010 1731 interiore
3050 1683 3212 1743 atque
3238 1670 3507 1727 exteriore
3537 1668 3634 1722 ho~

2061 1778 2208 1832 mine
2254 1775 2386 1845 quid
2433 1788 2520 1827 me
2551 1784 2772 1825 necesse
2804 1777 2891 1823 est
2923 1769 3123 1831 dicere,
3169 1780 3293 1820 eum
3335 1762 3633 1817 Salvatoris

2062 1883 2195 1922 voce
2227 1867 2442 1922 dicatur
2479 1865 2546 1920 ad
2585 1878 2678 1918 eos
2719 1862 2811 1932 qui
2863 1859 3128 1915 camelum
3169 1857 3404 1927 glutiunt
3451 1865 3504 1908 et
3537 1854 3634 1906 de-

385 1961 490 2015 erit
531 1975 692 2014 omne
733 1961 887 2015 navis
913 1975 1072 2029 opus,
1105 1974 1307 2026 corpus
1335 1957 1463 2011 illud
1500 1958 1859 2013 immensum.
1879 1957 1953 2011 ιω
2060 1960 2191 2014 foris
2231 1958 2528 2031 hypocrita!
2552 1963 2702 2016 sunt,
2731 1953 3114 2008 blandimentis
3143 1959 3305 2020 atque
3324 1947 3635 2004 adulatione

383 2066 516 2121 ergo
553 2051 791 2104 animam
845 2050 1090 2120 corporis
1140 2047 1505 2118 gubi.~rnaeula
1551 2048 1819 2115 dicimus;
1872 2065 1956 2103 re-

386 2153 587 2214 guntur
625 2152 806 2197 autem
853 2151 1082 2211 utraque
1127 2141 1337 2195 arbitrii
1382 2151 1545 2211 atque
1575 2141 1771 2195 animae
1801 2141 1962 2195 liber-

385 2247 513 2298 tate,
543 2251 653 2305 quo
682 2233 827 2289 velut
871 2233 1235 2304 gubernatore
1280 2233 1522 2300 utimur;
1555 2247 1676 2302 qua:
1700 2247 1823 2287 eum
1865 2248 1957 2302 per

383 2327 826 2394 coniunctionem
883 2325 996 2396 (9f)
1055 2340 1228 2378 unum
1281 2323 1493 2387 effecta,
1545 2325 1957 2378 consonantiam

385 2416 546 2476 ofﬁcii
594 2417 679 2471 sui
718 2416 999 2470 continent
1023 2415 1088 2468 ad
1117 2427 1281 2468 omne
1312 2428 1470 2482 opus,
1497 2414 1862 2485 quodcunque
1893 2431 1959 2470 ex

385 2505 696 2575 semetipsis
725 2503 984 2572 efficiunt,
1018 2503 1113 2558 uni
1151 2503 1364 2558 auctori
1406 2511 1461 2558 et
1496 2503 1762 2559 conditori
1807 2514 1958 2560 1851.4

386 2597 627 2651 monium
659 2595 864 2651 ferunt.

455 2686 575 2741 XX.
618 2686 714 2742 llis
738 2687 963 2752 auditis,
995 2685 1168 2741 turbae
1187 2700 1309 2756 quae
1339 2685 1587 2753 aderant,
1610 2686 1961 2742 vehementer

385 2778 584 2848 gavisae
616 2786 767 2845 sunt,
801 2776 874 2831 ita
906 2784 965 2830 ut
1015 2789 1152 2845 pene
1199 2789 1394 2830 manus
1443 2775 1729 2846 injicerent
1770 2777 1823 2831 in
1849 2776 1961 2832 Ma-

385 2886 533 2935 nem,
575 2887 713 2942 quos
765 2871 855 2925 vix
905 2868 1205 2924 Archelaus
1251 2869 1514 2924 cohibens
1548 2879 1601 2924 et
1634 2870 1956 2939 reprimens,

385 2964 776 3033 conquiescere
827 2963 974 3017 fecit.
1026 2961 1247 3015 Iudices
1289 2962 1588 3016 dixerunt:
1620 2962 1960 3019 Suﬁicienter

384 3055 621 3111 ostendit
667 3055 967 3110 Archelaus
1021 3055 1261 3109 hominis
1314 3063 1370 3109 et
1421 3069 1623 3124 corpus
1649 3055 1958 3110 etanimam

385 3149 550 3203 unius
581 3163 702 3202 esse
734 3147 975 3212 factoris,
1014 3163 1080 3202 eo
1115 3148 1260 3218 quod
1303 3163 1608 3202 consonare
1640 3151 1692 3200 in
1725 3147 1957 3217 conjun-

383 3240 564 3294 ctione
600 3254 708 3293 nou
749 3239 922 3309 possit
950 3253 1090 3309 opus
1118 3238 1302 3304 unius,
1336 3238 1381 3292 si
1418 3237 1754 3307 propositum
1788 3240 1959 3293 artiﬁ-

381 3332 464 3386 cis
495 3346 526 3384 a
558 3345 617 3386 se
653 3330 967 3385 dissentiret
1008 3329 1253 3384 alterius.
1289 3328 1442 3395 Quod
1473 3331 1518 3384 si
1545 3330 1757 3384 dicatur
1785 3347 1952 3386 unum

381 3422 655 3491 explicare
679 3431 971 3492 utrumque
1002 3421 1229 3475 minime
1277 3423 1537 3490 valuisse,
1582 3423 1953 3478 infirmitatem

381 3513 894 3577 ostenditartiﬁcis;
921 3513 1050 3582 quia
1080 3520 1135 3567 et
1163 3513 1210 3568 si
1233 3513 1378 3568 dicat
1405 3515 1530 3584 quis
1563 3515 1802 3569 animam
1829 3516 1954 3570 boni

383 3606 477 3660 Dei
501 3621 642 3671 esse,
668 3606 904 3660 otiosum
931 3621 1069 3676 opus
1100 3605 1374 3660 invenitur
1399 3607 1636 3662 hominis
1658 3607 1765 3662 nisi
1792 3608 1954 3662 etiam

381 3712 582 3768 corpus
613 3698 902 3767 acceperit.
941 3698 1098 3765 Quod
1126 3697 1174 3753 si
1207 3713 1427 3753 rursum
1460 3713 1661 3769 corpus
1702 3699 1832 3753 mali
1861 3697 1954 3754 Dei

382 3789 596 3845 dicatur
629 3806 750 3845 esse
791 3791 1132 3860 ﬁgmentum,
1167 3792 1405 3846 otiosum
1439 3791 1792 3847 nihilominus
1828 3792 1954 3855 erit,

385 3883 431 3936 si
476 3883 716 3936 animam
764 3897 873 3935 non
925 3883 1196 3952 acceperit
1231 3902 1244 3936 :
1276 3899 1397 3953 qua:
1431 3884 1617 3954 utique
1659 3885 1762 3938 nisi
1808 3901 1958 3939 eom-

382 3975 638 4030 mistione
668 3985 830 4042 atque
860 3973 962 4026 sibi
998 3974 1226 4027 invicem
1264 3974 1431 4028 fuerit
1456 3976 1658 4030 inserta
1687 3991 1811 4030 cum
1834 3991 1957 4030 cor-

381 4081 532 4138 pore,
559 4067 722 4119 homo
745 4080 842 4118 nec
863 4065 985 4128 erit,
1020 4079 1118 4119 nec
1137 4065 1367 4120 dicetur.
1399 4063 1550 4120 Unde
1579 4066 1766 4121 multis
1782 4082 1958 4120 exemo

382 4159 486 4228 plis
527 4156 846 4227 approbavit
890 4155 1214 4222 Archelaus,
1265 4158 1436 4212 totius
1494 4157 1731 4214 hominis
1787 4174 1955 4212 unum

380 4258 543 4317 atque
595 4246 845 4301 eumdem
905 4263 1028 4303 esse
1081 4247 1364 4304 factorem.
1422 4247 1710 4303 Archelaus
1771 4250 1955 4304 dixit:

383 4341 537 4396 Scire
567 4347 620 4395 te
653 4355 760 4394 non
795 4341 1006 4405 dubito,
1040 4339 1248 4405 Manes,
1294 4339 1419 4408 hoc,
1470 4339 1612 4410 quod
1646 4342 1956 4413 generantis

380 4441 475 4486 aut
495 4433 732 4488 creantis
760 4433 903 4488 ﬁlius
937 4433 1136 4488 dicitur
1157 4433 1266 4495 ille,
1298 4433 1392 4504 qui
1422 4442 1582 4488 natus
1611 4443 1771 4488 estet
1799 4449 1956 4489 crea-

380 4533 469 4579 tus
500 4524 633 4595 (9‘2).
689 4523 844 4590 Quod
895 4524 941 4579 si
985 4525 1251 4596 malignus
1283 4525 1556 4579 hominem
1590 4525 1764 4590 ﬁnxit,
1802 4537 1957 4596 pater

377 4616 499 4685 ejus
525 4631 646 4672 esse
671 4617 830 4671 debet
857 4617 1156 4676 secundum
1190 4625 1462 4671 naturam.
1500 4616 1566 4670 Et
1594 4618 1681 4672 cui
1716 4634 1844 4690 ergo
1871 4620 1954 4674 di-

2011 2041 2033 2118 ’χ
2061 2052 2408 2117 circumdati,
2441 2051 2508 2104 ad
2543 2065 2682 2120 quos
2713 2047 2874 2104 Jesus
2907 2049 2982 2102 ait
3013 2065 3027 2100 :
3067 2064 3083 2096 ι
3121 2043 3207 2098 Vae
3234 2042 3390 2096 vobis
3431 2039 3637 2093 Scriba:

2059 2153 2113 2198 et
2143 2143 2404 2207 Pharismi
2431 2142 2724 2212 ltypocritze
2749 2159 2763 2208 ;
2797 2156 2988 2210 quare,
3014 2137 3159 2208 quod
3198 2134 3402 2189 deforis
3431 2139 3515 2186 est
3545 2146 3637 2185 ca-

2063 2235 2183 2296 tini,
2215 2243 2270 2288 et
2307 2233 2494 2289 calicis
2540 2233 2775 2297 lavatis;
2811 2233 2959 2302 quod
3000 2241 3179 2284 autem
3216 2229 3365 2282 intus
3396 2236 3500 2288 est,
3529 2224 3632 2277 im-

2061 2325 2326 2380 munditia
2381 2326 2598 2396 plenum
2642 2325 2762 2379 est?
2787 2325 2895 2377 Aut
2927 2322 3168 2385 nescitis,
3202 2321 3329 2390 quia
3364 2319 3456 2387 qui
3487 2316 3633 2378 fecit,

2060 2417 2202 2488 quod
2234 2417 2365 2472 foris
2392 2427 2494 2480 est,
2521 2424 2575 2470 et
2610 2415 2755 2485 quod
2783 2415 2851 2469 de
2879 2414 3024 2468 intus
3051 2423 3155 2479 est,
3191 2410 3415 2466 fecit”?
3442 2429 3458 2460 ι
3491 2409 3634 2463 Nun-

2063 2508 2194 2578 quid
2225 2509 2292 2562 de
2324 2508 2527 2573 catino,
2575 2516 2627 2561 et
2667 2507 2735 2560 de
2778 2506 2946 2561 calice
2994 2504 3351 2576 loquebatur?
3379 2499 3636 2570 Nunquid

2060 2599 2340 2654 vitriarius
2371 2609 2489 2654 erat
2520 2601 2614 2668 qui
2641 2600 2756 2654 hare
2778 2599 3013 2663 diccbat,
3043 2607 3138 2651 aut
3170 2597 3388 2666 ﬁgulus,
3416 2611 3483 2648 ex
3521 2595 3636 2649 luto

2061 2692 2271 2763 fingens
2306 2692 2468 2747 vasa?
2493 2691 2684 2747 Nonne
2713 2693 2778 2748 de
2803 2707 3032 2761 corpore
3074 2700 3239 2760 atque
3289 2689 3471 2743 anima
3521 2688 3638 2742 evia

2063 2785 2386 2840 dentissime
2421 2785 2783 2855 loquebatur?
2813 2784 3082 2850 Quoniam
3123 2782 3341 2853 quidem
3373 2781 3636 2836 Pharisaei

2060 2875 2206 2930 aneti
2235 2885 2287 2930 et
2320 2876 2510 2931 cimini
2552 2877 2794 2931 decimas
2821 2883 3198 2945 exspectantes
3221 2874 3288 2939 ³ο,
3325 2889 3446 2942 quae
3481 2883 3638 2928 erant

2060 2969 2311 3040 graviora
2343 2969 2478 3041 legis
2504 2969 2906 3038 relinquebant,
2942 2978 2997 3023 et
3033 2968 3116 3022 his
3141 2967 3253 3038 (96)
3285 2981 3407 3036 qua:
3430 2966 3640 3021 extrin-

2061 3076 2222 3116 secus
2273 3073 2430 3116 erant
2473 3061 2796 3115 adhibentes
2823 3060 3184 3130 diligentiam,
3218 3059 3639 3114 contemnebant

2059 3169 2123 3207 ea
2163 3167 2286 3222 quae
2327 3154 2394 3208 ad
2436 3153 2664 3207 salutem
2710 3153 2907 3207 animae
2950 3153 3322 3221 pertinebant;
3353 3160 3637 3220 exspecta-

2061 3245 2191 3300 bant
2221 3245 2384 3300 etiam
2419 3246 2775 3300 salutationes
2803 3246 2855 3298 in
2894 3244 3010 3299 foro
3029 3246 3094 3308 ³⁸,
3127 3255 3179 3300 et
3209 3246 3415 3316 primos
3445 3246 3633 3300 discu-

1983 3307 2026 3367 ο
2057 3336 2204 3393 bitus
2259 3337 2314 3392 in
2360 3339 2557 3403 emnis,
2606 3352 2747 3407 quos
2799 3337 2978 3392 sciens
3030 3307 3294 3391 Dominus
3335 3334 3634 3407 (97)Jesus

2056 3427 2296 3497 perditos
2321 3441 2467 3490 esse,
2503 3425 2719 3480 diccbat
2749 3426 2850 3486 eis,
2879 3426 3008 3495 quia
3039 3425 3125 3480 his
3159 3425 3290 3480 solis
3323 3427 3486 3480 rebus
3509 3441 3634 3496 quae

2055 3517 2256 3574 deforis
2305 3527 2486 3585 erant,
2537 3518 2860 3573 adhiberent
2903 3518 3258 3589 diligentiam,
3305 3529 3359 3573 et
3400 3533 3464 3574 ea
3511 3533 3634 3589 quae

2057 3610 2390 3667 intrinsecus
2420 3618 2578 3665 erant
2614 3619 3031 3664 contemnerent
3063 3609 3209 3665 velut
3243 3609 3440 3668 aliena.
3480 3609 3636 3682 igno-

2057 3714 2240 3761 rantes
2287 3705 2548 3776 quoniam
2601 3705 2694 3775 qui
2734 3720 2937 3775 corpus
2978 3705 3202 3770 fecerat,
3237 3703 3353 3773 ipse
3401 3702 3532 3759 fecit
3581 3713 3636 3760 et

2057 3797 2317 3852 animam.
2353 3796 2418 3852 Et
2450 3797 2573 3867 quis
2604 3798 2675 3851 ita
2707 3797 2952 3866 lapideus
2982 3803 3065 3850 est
3089 3805 3142 3850 et
3165 3795 3414 3860 stolidus,
3446 3800 3641 3850 utnon

2059 3891 2125 3945 ad
2157 3890 2343 3945 omnia
2378 3890 2428 3944 ei
2456 3891 2560 3944 iste
2594 3904 2776 3954 sermo
2811 3887 3077 3942 sufﬁciat?
3109 3887 3208 3942 Cui
3240 3888 3479 3943 sermoni
3505 3902 3637 3942 con-

2059 3996 2264 4038 sonans
2293 3981 2497 4037 Paulus
2528 3981 2624 4046 ait,
2657 3981 3022 4049 interpretans
3049 3995 3111 4033 ea
3138 3981 3261 4049 quae
3285 3979 3337 4031 in
3363 3981 3478 4049 lege
3499 3979 3638 4033 scri-

2057 4081 2149 4142 pta
2182 4080 2333 4138 sunt,
2376 4073 2480 4127 hoc
2507 4072 2670 4126 modo
2699 4090 2712 4125 :
2745 4089 2763 4122 ι
2800 4069 2919 4125 Νοη
2949 4069 3250 4126 infrenabis
3283 4086 3346 4125 os
3377 4071 3502 4125 bovi
3532 4071 3635 4124 tri-

2057 4165 2282 4220 turanti.
2324 4163 2578 4235 Nunquid
2607 4165 2675 4218 de
2704 4164 2882 4219 bobus
2917 4179 3050 4218 cura
3078 4173 3165 4220 est
3189 4162 3337 4220 Deo?
3365 4164 3475 4219 Aut
3507 4179 3635 4233 pro-

2055 4265 2174 4327 pter
2198 4271 2300 4312 nos
2324 4257 2435 4328 (98)
2455 4258 2646 4327 utique
2675 4256 2808 4311 dicit
2828 4256 2911 4310 “‘f
2935 4275 2954 4309 ι
2987 4254 3092 4312 Sed
3123 4255 3254 4327 quid
3277 4257 3636 4312 immoramur

2055 4347 2325 4403 ulterius?
2346 4347 2598 4417 adjiciam
2635 4358 2814 4403 tamen
2848 4363 3022 4418 pauca
3046 4347 3114 4402 de
3136 4347 3404 4418 pluribus.
3437 4345 3492 4402 Si
3526 4344 3637 4403 dno

2056 4451 2185 4497 sunt
2209 4441 2449 4512 ingenita
2474 4450 2528 4496 et
2551 4441 2637 4497 his
2666 4441 2784 4496 loca
2808 4453 2952 4496 certa
2983 4441 3348 4506 decernimus,
3372 4441 3637 4496 dividitur

2056 4533 2220 4598 Deus,
2255 4533 2302 4588 si
2334 4533 2476 4588 intra
2503 4542 2712 4588 certum
2744 4533 2928 4588 locum
2961 4543 3045 4589 est
3075 4543 3132 4589 et
3160 4550 3266 4589 non
3299 4534 3500 4605 ubique
3528 4533 3637 4590 dif-

2060 4623 2324 4691 funditur,
2366 4635 2419 4679 et
2446 4626 2547 4679 erit
2579 4625 2750 4680 multo
2771 4626 2998 4681 inferior
3023 4626 3146 4682 loco
3168 4628 3220 4681 in
3244 4641 3356 4698 quo
3389 4637 3472 4684 est
3495 4627 3636 4699 (ma-

377 4710 535 4764 cebat
569 4708 831 4764 Dominus
857 4708 1040 4777 Jesus,
1067 4711 1268 4765 docens
1297 4726 1454 4764 orare
1482 4710 1734 4766 homines
1762 4730 1776 4766 :
1813 4731 1830 4764 ι
1861 4713 1952 4769 Sic
1988 4708 2026 4724 υ
2050 4717 2143 4788 jus
2169 4717 2280 4786 (99)
2323 4720 2468 4772 enim
2499 4717 2643 4787 quod
2674 4718 2921 4774 continet
2953 4733 3168 4788 semper
3203 4734 3270 4774 eo
3305 4735 3470 4789 quem
3502 4737 3634 4775 con-

377 4802 540 4855 dicite
562 4818 685 4856 cum
711 4803 881 4857 oratis
915 4821 927 4856 :
957 4803 1114 4856 Pater
1145 4811 1352 4868 noster,
1381 4803 1472 4872 qui
1499 4818 1557 4857 es
1589 4803 1643 4856 in
1675 4804 1946 4858 cmlis‘h

378 4887 443 4942 Et
469 4891 666 4944 iterum
693 4909 706 4945 :
740 4911 757 4943 ι
784 4890 945 4944 Orate
973 4890 1186 4945 Patrem
1215 4901 1454 4945 vestrum
1484 4893 1621 4962 (95),
1661 4893 1754 4963 qui
1785 4903 1868 4948 est
1896 4895 1951 4949 in

377 4981 591 5035 occulto
613 4982 678 5036 ’⁷.
711 5001 730 5034 ι
767 4982 840 5038 De
869 4983 1068 5038 Satana
1095 4992 1274 5038 autem
1311 4984 1447 5039 dixit
1471 4985 1672 5040 vidisse
1702 5000 1762 5041 se
1785 5003 1909 5042 eum
1937 5007 1950 5041 :

382 5093 402 5127 ι
435 5072 588 5128 Sicut
625 5073 802 5145 fulgur
842 5078 1125 5132 cadentem
1155 5077 1221 5131 de
1265 5077 1493 5143 cmlo”,
1534 5097 1552 5129 ι
1591 5078 1670 5133 uti
1703 5095 1770 5134 ne
1797 5080 1952 5150 quis-

473 5192 520 5226 ³⁸
561 5190 748 5246 Matth.
789 5211 864 5258 vt,
909 5196 970 5262 9;
1031 5195 1158 5252 Luc.
1191 5213 1267 5259 χι,
1295 5197 1349 5250 2.
1488 5199 1530 5231 ’⁷
1572 5198 1760 5256 Matth.
1786 5218 1861 5263 νι,
1897 5201 1950 5258 6.

376 5262 422 5294 ³⁸
454 5261 586 5318 Luc.
619 5279 696 5330 χι,
733 5265 823 5318 48.
924 5267 963 5297 ³³
993 5267 1122 5322 Luc.
1169 5284 1261 5334 xx,
1312 5270 1414 5334 Mi;
1447 5267 1634 5324 Matth.

411 5405 559 5529 l(9f)
601 5405 656 5460 In
684 5407 870 5462 codice
898 5407 1182 5466 Casinensi
1221 5421 1324 5476 est,
1363 5430 1380 5463 t
1415 5428 1536 5482 quae
1563 5429 1685 5469 cum
1715 5418 1946 5488 conjun-

435 5492 633 5529 ionem.
669 5497 687 5529 ι

374 5491 633 5530 ettoncm.
669 5497 687 5530 ι

447 5545 559 5623 (9g)
600 5546 656 5623 in
682 5549 870 5623 eodem
896 5551 1080 5623 codice
1107 5553 1322 5623 legitur,
1347 5574 1365 5606 ι
1391 5565 1548 5610 natus
1565 5567 1653 5613 est
1672 5569 1944 5614 creatus.»

447 5616 559 5685 (95)
599 5616 792 5699 Melius
848 5621 904 5675 in
957 5616 1204 5693 Vulgata,
1262 5643 1280 5677 ι
1309 5616 1415 5682 ora
1449 5627 1663 5682 Patrem
1705 5639 1856 5684 tuum
1892 5631 1948 5685 in

375 5685 713 5742 abscondito.
746 5710 764 5741 ›

449 5756 562 5835 (ρέ)
598 5757 657 5835 in
689 5761 876 5835 codice
901 5761 1206 5835 Casinensi,
1243 5784 1263 5817 ς
1297 5767 1442 5835 quod
1467 5769 1772 5825 simulatos.
1816 5790 1834 5822 ι

598 5824 676 5907 ln_
709 5829 995 5907 Casiniensi
1046 5824 1233 5907 codice
1284 5824 1388 5902 est,
1440 5857 1460 5890 ι
1503 5824 1888 5896 introduceret.
1921 5861 1942 5892 ι

377 5889 486 5949 Sed
519 5889 606 5954 hic
645 5897 714 5956 de
745 5902 1033 5974 gentilibus
1083 5889 1230 5974 loqui
1266 5889 1444 5976 palam
1479 5889 1946 5982 eéi":'&&§}e"iol

2057 4810 2237 4878 tinet),
2267 4817 2320 4864 et
2343 4809 2577 4864 efﬁcitur
2599 4809 2744 4866 Deus
2766 4810 2887 4880 ejus
2918 4812 3332 4881 magnitudinis,
3358 4814 3518 4884 cujus
3549 4824 3636 4870 est

2053 4900 2208 4954 locus
2237 4899 2289 4952 in
2314 4915 2424 4969 quo
2447 4900 2778 4967 continetur,
2807 4901 2948 4957 sicut
2979 4901 3162 4969 homo,
3187 4901 3233 4958 si
3256 4903 3328 4957 sit
3358 4901 3412 4956 in
3443 4903 3628 4958 domo.

2056 4989 2261 5046 Deinde
2290 4993 2431 5046 ratio
2464 4993 2717 5064 requirit,
2743 4995 2871 5065 quis
2899 5005 3001 5063 est,
3027 4998 3121 5067 qui
3148 4997 3287 5052 inter
3312 5012 3408 5053 eos
3431 4997 3633 5054 divise-

2057 5084 2147 5149 rit,
2189 5093 2285 5138 aut
2307 5085 2430 5155 quis
2456 5086 2537 5141 eis
2564 5098 2746 5142 certos
2784 5090 3049 5144 terminos
3094 5090 3373 5156 statuerit;
3401 5099 3457 5145 et
3483 5091 3635 5145 inve-

2076 5205 2120 5235 ’⁸
2144 5203 2276 5260 Luc.
2341 5205 2512 5261 x.18.
2609 5207 2653 5237 "
2680 5205 2869 5264 Matth.
2922 5224 3078 5274 xxm,
3125 5209 3230 5276 26;
3286 5207 3499 5275 Luem,
3539 5209 3630 5266 59.

1748 5289 1902 5339 χχιιι,
1932 5275 1998 5341 6;
2034 5273 2198 5331 Mare.
2232 5291 2332 5344 xu,
2354 5277 2443 5332 58.
2519 5277 2607 5331 “1
2639 5277 2768 5343 ﬂor.
2800 5294 2877 5341 ιι,
2911 5279 2964 5333 9.

2055 5420 2311 5490 gendum,
2347 5439 2366 5472 ε
2399 5420 2827 5477 introducerent.
2865 5441 2885 5476 υ

2128 5491 2239 5561 (96)
2281 5490 2336 5561 lu
2366 5492 2557 5546 eodem
2591 5493 2798 5557 codice,
2831 5511 2850 5544 ‹
2879 5509 2946 5549 ex
2976 5494 3085 5550 his.
3126 5513 3146 5546 ι

2129 5559 2243 5636 (97)
2285 5559 2384 5636 llic
2433 5562 2569 5636 mire
2601 5563 2924 5636 depravatus
2956 5575 3040 5620 est
3083 5564 3252 5620 codex
3292 5568 3635 5636 Casinensis,

2055 5630 2386 5707 lcg'it_eni_m,
2424 5651 2442 5683 ι
2481 5630 2689 5707 primus
2731 5635 3027 5707 discipulos
3079 5637 3298 5690 subitos
3335 5639 3388 5692 in
3429 5630 3633 5707 caenis,

2056 5703 2203 5785 quod
2237 5703 2471 5784 scientes
2500 5701 2782 5760 Dominus.
2821 5726 2839 5758 ι
2872 5701 2988 5762 Nos
3019 5723 3238 5766 eum-ex
3283 5724 3446 5766 sacro
3482 5701 3658 5767 textu.

2053 5784 2423 5827 resututmus.

2124 5843 2238 5983 298)
2281 5844 2471 5898 Melius
2503 5843 2752 5915 Vulgata,
2787 5867 2804 5899 ι
2837 5865 2904 5904 an
2938 5862 3156 5920 propter
3185 5869 3305 5907 nos.
3344 5872 3361 5903 ι

2147 5913 2237 5981 99)
2277 5912 2334 5968 In
2363 5915 2669 5982 Casittcnst,
2705 5939 2722 5969 ι
2754 5921 2953 5983 malus,
2996 5939 3014 5973 ι
3054 5924 3201 5976 nullo
3232 5944 3357 5982 scus

2147 5913 2237 5981 99)
2277 5912 2334 5968 In
2363 5912 2669 5982 CasinonSr,
2705 5939 2722 5969 I
2754 5912 2953 5985 malus,
2996 5939 3014 5973 ι
3041 5912 3201 5976 ἰιυιιο
3232 5940 3418 5982 sensu.
