4090 6404
442 431 580 491 1463

1474 433 1656 488 ACTA
1695 431 2234 490 DISPUTATIONIS
2269 436 2326 492 S.
2367 436 2731 507 ARCHELAI.

3550 441 3690 496 9483

440 555 592 610 nitur
615 553 731 624 jam
761 561 990 624 uterque
1029 552 1200 608 multo
1227 552 1453 607 inferior
1485 552 1701 608 virtutis
1735 551 2015 607 humanae.
2047 555 2094 612 Δ
2121 553 2270 609 ciens
2303 554 2396 610 lux
2444 557 2716 620 manebat,
2748 571 2873 612 cum
2906 557 3116 613 nullum
3145 573 3346 628 corpus
3376 558 3692 624 exsisteret,

441 645 806 718 Lysimachus
829 646 973 700 enim
1006 654 1060 699 et
1083 645 1386 700 Alexander
1421 645 1590 700 totius
1623 645 1812 699 mundi
1840 644 2015 716 impe-

440 741 584 795 rium
618 748 928 804 tenuerunt,
955 754 1256 809 omnesque
1282 740 1529 795 nationes
1557 739 1820 795 barbaras
1851 748 2014 810 atque

439 848 606 888 omne
647 847 817 900 genus
857 832 1141 886 hominum
1188 831 1457 900 subjicere
1502 839 1814 900 potuerunt,
1849 833 1921 886 ita
1957 843 2016 888 ut

437 939 547 980 non
578 933 722 979 esset
751 925 890 978 alius
935 923 1233 992 imperator
1263 938 1357 991 per
1397 922 1527 976 illud
1561 931 1775 992 tempus
1819 932 2015 993 praeter

392 1012 396 1017 ’
436 1016 586 1085 ipsos
613 1017 715 1071 sub
747 1017 906 1070 caelo.
943 1015 1008 1069 Et
1043 1018 1316 1085 quomodo
1339 1017 1558 1071 audebit
1593 1016 1884 1086 quisquam
1924 1015 2012 1069 di-

434 1121 578 1172 cere,
606 1123 715 1161 non
753 1107 954 1179 ubique
977 1122 1098 1162 esse
1127 1107 1318 1174 Deum,
1356 1108 1450 1178 qui
1483 1116 1567 1162 est
1599 1109 1781 1163 lumen
1820 1124 2011 1164 verum

435 1194 774 1259 indelieiens,
806 1198 963 1266 cujus
987 1205 1070 1253 est
1097 1213 1322 1268 regnum
1349 1208 1601 1252 sanetum
1642 1206 1698 1252 et
1726 1198 2013 1268 sempiter-

435 1302 590 1350 num,
633 1303 732 1342 ceu
768 1288 844 1358 (l)
877 1289 1198 1359 nequissimi
1237 1289 1396 1343 istius
1444 1287 1718 1358 impietas,
1771 1289 1864 1359 qui
1912 1305 2012 1345 nec

435 1371 697 1449 aequalem
738 1382 958 1450 quidem
1006 1381 1084 1452 (2)
1139 1396 1266 1436 cum
1325 1381 1641 1437 hominibus
1687 1391 2009 1453 potestatem

435 1470 792 1538 omnipotenti
820 1470 932 1526 Deo
961 1471 1189 1526 tribuit?

503 1561 664 1616 XXII.
705 1562 921 1618 Indices
966 1563 1215 1616 dixerunt
1264 1578 1282 1616 :
1322 1561 1531 1618 Lumen
1580 1563 1633 1618 in
1685 1571 1796 1617 tota
1844 1561 2009 1618 domo

431 1657 615 1710 lucere
643 1655 869 1719 scimus,
904 1664 959 1711 et
982 1670 1091 1710 non
1119 1657 1174 1708 in
1206 1670 1314 1709 una
1355 1655 1538 1724 aliqua
1572 1663 1748 1724 parte,
1782 1655 1925 1709 sicut
1958 1665 2012 1709 et

430 1745 590 1802 Jesus
619 1747 773 1810 dicit,
803 1747 935 1817 quia
976 1766 995 1799 ι
1023 1761 1184 1802 nemo
1217 1747 1496 1802 lucernam
1533 1746 1835 1802 accendens
1860 1747 2010 1816 ponit

433 1836 537 1893 sub
564 1840 765 1904 modio,
795 1841 890 1895 sed
921 1854 1086 1909 super
1117 1839 1534 1906 candelabrum,
1585 1848 1643 1893 ut
1669 1840 1849 1895 luceat
1890 1856 2008 1894 om-

2119 645 2264 714 quod
2322 645 2572 700 umbram
2616 649 2702 702 sui
2746 647 3048 716 objectione
3098 657 3410 719 generaret;
3462 656 3518 704 et
3564 649 3693 705 ideo

2118 750 2390 804 nusquam
2427 737 2697 805 tenebras,
2745 753 3015 807 nusquam
3067 750 3280 795 noctem
3308 739 3479 796 fuisse
3527 741 3709 811 proli--

2117 828 2342 882 tendum
2393 836 2494 883 est.
2539 827 2674 883 Nam
2711 829 2781 896 si,
2817 830 2964 884 verbi
3015 832 3210 902 gratia,
3249 828 3460 901 placeat
3496 833 3544 888 ei
3599 833 3691 888 cui

2115 927 2356 988 potestas
2384 928 2467 974 est
2493 921 2761 987 omnium,
2806 922 3018 993 plagam
3050 938 3172 992 quae
3205 925 3270 977 ad
3299 939 3554 979 occasum
3584 933 3691 992 est,

2116 1011 2333 1067 auferre
2357 1012 2424 1069 de
2457 1011 2673 1080 medio;
2703 1029 2810 1067 non
2843 1023 3033 1085 agente
3064 1015 3176 1070 sole
3206 1016 3273 1070 ad
3308 1016 3455 1070 illam
3478 1026 3692 1086 partem

2112 1117 2360 1166 cursum,
2395 1117 2670 1172 nusquam
2717 1103 2810 1158 fiet
2863 1119 3084 1174 vespera
3131 1113 3226 1160 aut
3272 1107 3544 1172 tenebrae;
3595 1105 3693 1161 sed

2113 1195 2216 1248 erit
2259 1195 2342 1250 sol
2387 1210 2602 1264 semper
2643 1195 2698 1248 in
2734 1211 2923 1261 cursu,
2958 1213 3058 1252 nec
3090 1214 3331 1268 unquam
3375 1199 3606 1265 occidet,
3635 1209 3694 1256 et

2113 1285 2349 1340 medium
2391 1286 2704 1358 ctelifaxem
2748 1303 2886 1356 pene
2940 1303 3154 1359 semper
3183 1291 3408 1353 tenebit,
3457 1306 3557 1346 nec
3587 1291 3692 1346 ali-

2110 1379 2334 1448 quando
2362 1377 2577 1434 desinet
2605 1394 2866 1449 apparere
2893 1398 2908 1434 :
2939 1390 2990 1434 et
3018 1397 3112 1450 per
3135 1383 3239 1436 hoc
3265 1383 3368 1437 erit
3396 1383 3690 1440 universus

2112 1471 2262 1526 orbis
2294 1479 2569 1525 terrarum
2607 1470 2915 1527 clarissimo
2947 1472 3151 1528 lumine
3190 1473 3454 1538 radiatus,
3484 1491 3551 1528 ex
3574 1490 3691 1544 quo

2111 1565 2212 1617 nec
2241 1562 2346 1616 ulla
2388 1562 2509 1632 ejus
2543 1578 2669 1632 pars
2697 1563 3133 1628 obumbrabitur,
3169 1566 3262 1620 sed
3297 1567 3538 1621 manebit
3567 1568 3691 1622 ubi-

2110 1668 2215 1722 que
2275 1654 2437 1711 unius
2477 1653 2702 1708 luminis
2760 1654 3066 1723 aequalitas.
3119 1654 3450 1712 Occidentali
3502 1667 3688 1713 autem

2113 1747 2267 1817 plaga
2298 1757 2502 1802 statum
2545 1762 2706 1802 suum
2739 1758 3009 1816 servante,
3036 1758 3090 1803 et
3125 1749 3236 1805 sole
3266 1766 3486 1806 cursum
3522 1767 3685 1806 suum

2111 1839 2286 1893 tribus
2314 1837 2504 1893 mundi
2539 1839 2787 1908 partibus
2817 1840 3199 1906 ministrante;
3246 1841 3301 1895 hi
3339 1842 3558 1911 quidem
3589 1842 3684 1911 qui

432 1931 596 1987 nibus
637 1933 730 2002 qui
760 1931 815 1986 in
859 1933 1024 1987 domo
1075 1944 1206 1988 sunt
1233 1933 1300 1986 ³³.
1331 1952 1351 1986 ι
1397 1932 1455 1986 Si
1494 1948 1622 2004 ergo
1671 1933 1855 1988 lumen
1903 1941 2007 1999 est,
2042 1934 2082 1989 Β
2114 1931 2216 1984 sub
2265 1932 2379 1986 sole
2425 1942 2575 1995 sunt,
2629 1933 2832 1987 clarius
2864 1932 3114 1988 videntur
3142 1933 3460 1998 illuminari,
3504 1934 3578 1988 ita
3623 1945 3686 1990 ut

432 2037 657 2079 necesse
697 2033 780 2079 est
816 2024 947 2078 illud
988 2023 1060 2094 (si
1089 2031 1272 2078 tamen
1296 2022 1457 2080 Jesus
1499 2024 1762 2095 creditur)
1802 2025 2006 2080 mumlo

430 2118 690 2173 universo
734 2118 934 2182 lucere,
978 2127 1032 2172 et
1081 2133 1187 2172 non
1233 2133 1328 2187 per
1367 2124 1588 2186 partes;
1636 2132 1664 2170 a
1713 2116 1916 2186 quo(5)
1959 2115 2005 2171 si

432 2207 752 2262 universum
785 2209 993 2262 obtinet
1023 2207 1310 2272 mundum,
1368 2207 1459 2261 ubi
1494 2206 1608 2276 jam
1650 2208 1902 2277 ingenitae
1935 2217 2008 2263 te-

430 2299 634 2364 nebrae,
661 2299 766 2354 nisi
814 2298 954 2353 forte
997 2299 1327 2366 accidentes,
1377 2299 1784 2370 intelligantur?
1813 2300 2007 2354 Arche-

428 2391 549 2445 laus
578 2392 715 2446 dixit
749 2406 766 2444 :
797 2391 1065 2458 Quoniam
1097 2391 1318 2461 quidem
1353 2393 1526 2448 multo
1550 2394 1745 2449 melius
1779 2410 1809 2449 a
1852 2395 2006 2451 vobis

430 2483 751 2554 intelligitur
784 2499 965 2539 sermo
997 2484 1362 2554 evangelicus,
1397 2499 1562 2555 quam
1593 2486 1661 2540 ab
1695 2486 1798 2540 isto
1827 2488 1920 2556 qui
1947 2503 2006 2542 se

429 2577 763 2645 paracletum
807 2593 929 2632 esse
955 2577 1262 2646 profitetur,
1293 2593 1456 2648 quem
1488 2593 1590 2649 ego
1632 2579 1808 2647 magis
1847 2595 2006 2648 para-

428 2667 592 2722 situm
635 2683 801 2737 quam
846 2667 1180 2737 paracletum
1229 2667 1482 2733 dixerim,
1514 2666 1692 2721 dicam
1737 2682 1837 2738 ego
1867 2683 2006 2738 quo-

428 2760 592 2815 modo
646 2761 945 2815 acciderint
988 2760 1245 2814 tenebrae.
1297 2757 1436 2813 Cum
1485 2758 1580 2813 lux
1621 2769 1766 2813 esset
1803 2759 2007 2829 ubique

427 2851 647 2918 diffusa,
700 2853 965 2908 mundum
1016 2854 1179 2923 coepit
1219 2855 1361 2908 Deus
1407 2852 1660 2918 condere,
1715 2852 1931 2908 initium
1975 2869 2006 2910 a

427 2945 570 3001 coelo
598 2954 654 3000 et
696 2954 839 3000 terra
884 2960 1126 3010 sumens,
1181 2946 1236 3000 in
1271 2961 1381 3016 quo
1411 2947 1480 3001 ita
1516 2946 1656 3002 ratio
1697 2948 1902 3013 evenit,
1945 2957 2006 3004 ut

430 3035 696 3091 medietas
723 3052 845 3104 quae
870 3044 953 3090 est
986 3046 1145 3092 terrae
1186 3036 1340 3096 locus
1377 3038 1571 3093 umbra
1610 3037 1880 3105 obtectus,
1908 3041 2007 3096 ob-

425 3128 572 3199 jectu
608 3130 682 3200 (4)
736 3129 986 3185 videlicet
1033 3145 1223 3185 earum
1258 3147 1380 3202 que
1431 3132 1586 3189 factae
1619 3143 1749 3189 sunt
1793 3145 2006 3192 creatu-

431 3233 640 3286 rarum,
681 3219 1014 3274 inveniretur
1053 3221 1344 3288 obscurus,
1383 3221 1455 3276 ita
1496 3235 1556 3278 ut
1605 3239 1694 3281 res
1723 3234 2001 3295 expeteret

2106 2038 2244 2093 pene
2293 2024 2546 2089 dixerim,
2579 2025 2974 2080 dormientibus
2996 2026 3173 2080 adhuc
3203 2026 3268 2080 iis
3291 2027 3383 2095 qui
3412 2041 3442 2081 e
3465 2027 3682 2082 diversa

2106 2115 2263 2184 plaga
2295 2116 2624 2182 consistunt,
2651 2117 2738 2172 isti
2764 2118 2971 2186 priores
2993 2117 3099 2173 diei
3125 2119 3410 2173 exordium
3437 2128 3683 2177 sumant.

2108 2202 2262 2259 Sicut
2291 2214 2469 2261 autem
2505 2215 2631 2262 ante
2677 2223 2772 2263 eos
2803 2209 2896 2277 qui
2939 2209 2992 2261 in
3029 2219 3180 2276 parte
3206 2209 3432 2264 occidua
3472 2208 3683 2281 jacent,

2109 2294 2216 2350 illis
2244 2295 2427 2350 lumen
2457 2297 2722 2360 exoritur,
2761 2298 2834 2351 ita
2865 2299 3102 2353 velocius
3123 2300 3469 2368 obscuratur,
3498 2310 3553 2356 et
3578 2301 3684 2358 soli

2105 2387 2347 2441 omnium
2383 2389 2475 2457 Qui
2512 2389 2566 2442 in
2603 2389 2753 2444 orbis
2785 2390 3072 2446 medietate
3103 2393 3428 2459 consistunt,
3454 2395 3680 2464 aequali-

2105 2489 2270 2534 tatem
2294 2494 2508 2548 semper
2529 2481 2773 2535 sentiunt
2799 2481 2959 2536 lucis.
2993 2483 3126 2537 Cum
3156 2483 3301 2538 enim
3330 2472 3566 2540 medium
3593 2486 3683 2542 sol

2106 2569 2343 2622 tenuerit
2386 2569 2609 2638 crelum,
2641 2571 2824 2624 nullus
2855 2580 2938 2625 est
2982 2572 3136 2627 locus
3170 2573 3265 2642 qui
3315 2583 3411 2628 aut
3446 2574 3683 2630 lucidior

2105 2667 2200 2713 aut
2247 2659 2535 2716 obscurior
2567 2675 2702 2732 (esse
2762 2662 3038 2729 videatur;
3093 2664 3186 2718 sed
3238 2679 3429 2720 omnes
3489 2665 3681 2721 mundi

2104 2757 2288 2820 partes
2315 2766 2380 2805 er
2414 2767 2572 2821 aequo
2605 2761 2659 2806 et
2685 2753 2836 2822 justo
2866 2753 2966 2823 (7),
2997 2754 3129 2810 solis
3162 2755 3370 2826 fulgore
3402 2757 3682 2811 luminati-

2105 2851 2213 2897 tur.
2257 2841 2314 2897 Si
2345 2859 2498 2914 ergo,
2544 2853 2603 2898 ut
2651 2845 2906 2914 superius
2933 2846 3192 2911 diximus,
3227 2848 3470 2902 occiduae
3510 2850 3682 2918 plagae

2102 2950 2231 3005 pars
2272 2935 2553 2992 auferatur
2578 2952 2610 2992 e
2656 2938 2856 3000 medio,
2889 2937 3032 2993 ultra
3069 2939 3182 3008 jam
3217 2955 3326 2994 non
3357 2942 3682 2997 obscurabi-

2105 3038 2191 3084 tur
2219 3043 2346 3098 pars
2379 3044 2502 3098 qua).
2531 3030 2585 3096 ei
2614 3029 2845 3099 adjacet.
2889 3028 2956 3085 Et
2986 3031 3100 3085 haec
3125 3031 3347 3102 quidem
3379 3033 3514 3088 mihi
3541 3035 3701 3090 sim-7

2103 3117 2298 3186 plicius
2323 3117 2466 3174 dicta
2503 3119 2633 3182 sint,
2675 3134 2799 3174 cum
2830 3119 3035 3189 possim
3082 3131 3135 3174 et
3181 3121 3464 3176 zodiacum
3502 3124 3684 3178 circu-

2105 3208 2217 3264 lum
2263 3209 2570 3265 describere
2617 3226 2634 3265 :
2686 3211 2780 3265 sed
2829 3225 2938 3263 non
2987 3209 3124 3264 intui
3171 3227 3318 3266 nunc
3365 3211 3480 3266 fieri
3526 3222 3682 3270 ratus

427 3312 697 3367 introduci
728 3312 904 3368 lucem
941 3313 1068 3368 huic
1101 3313 1205 3383 ipsi
1251 3312 1304 3366 in
1337 3316 1625 3372 medietate
1651 3290 1828 3387 posito
1861 3319 2000 3374 loco.

2108 3318 2230 3358 sum
2269 3301 2368 3372 (8),
2416 3311 2634 3372 propter
2678 3301 2826 3372 quod
2863 3302 2930 3356 de
2979 3301 3063 3355 bis
3097 3302 3290 3368 silebo,
3337 3312 3390 3357 et
3427 3304 3494 3358 ad
3543 3304 3684 3362 illud

427 3403 585 3460 Unde
605 3413 660 3459 et
681 3404 737 3458 in
759 3403 955 3459 Genesi
981 3403 1192 3476 Moyses
1212 3420 1476 3462 enarrans
1499 3405 1764 3462 facturam
1788 3411 2000 3478 mundi,

429 3512 776 3566 nequaquam
811 3495 941 3550 facit
965 3497 1313 3552 tenebrarum
1345 3498 1700 3564 mentionem,
1726 3508 1823 3555 aut
1845 3503 2002 3570 quasi

427 3585 588 3640 factae
613 3587 742 3651 sint,
772 3596 867 3641 aut
903 3602 1012 3640 non
1041 3584 1235 3654 factae;
1277 3588 1373 3643 sed
1417 3589 1531 3657 ipse
1561 3589 1748 3654 tacuit,
1787 3589 1874 3645 his
1907 3592 2001 3660 qui

428 3679 646 3748 possint
674 3678 975 3742 advertere,
1013 3677 1399 3749 derelinquens
1430 3680 1700 3735 rationem
1734 3681 1899 3751 hujus
1925 3681 2004 3736 in-

430 3771 716 3837 tellectus;
760 3785 882 3839 quae
919 3770 1138 3838 quidem
1191 3785 1293 3826 nec
1315 3771 1450 3826 satis
1483 3779 1568 3826 est
1622 3773 1794 3827 ardua
1840 3781 2003 3842 atque

427 3861 822 3917 diﬁieilis:cui
880 3861 1026 3916 enim
1079 3875 1188 3915 non
1246 3861 1339 3916 fiat
1391 3860 1776 3928 manifestum,
1828 3864 1999 3918 solem

425 3954 596 4008 istum
636 3951 926 4014 visibilem,
957 3965 1080 4006 eum
1115 3950 1184 4004 ab
1211 3951 1418 4007 oriente
1463 3950 1627 4006 fuerit
1672 3963 1915 4018 exortus,
1949 3963 2002 4009 et

423 4043 706 4100 tetenderit
733 4044 835 4098 iter
861 4058 1021 4098 suum
1043 4041 1114 4097 ad
1138 4043 1498 4108 occidentem,
1525 4061 1648 4098 eum
1673 4046 1776 4099 sub
1800 4056 1999 4102 terram

424 4136 570 4201 ierit,
601 4144 655 4191 et
686 4136 912 4191 interior
937 4135 1165 4190 effectus
1206 4135 1375 4190 fuerit
1414 4150 1479 4190 ea
1514 4151 1636 4206 quae
1673 4138 1817 4206 apud
1851 4137 2000 4192 Grae~

425 4245 524 4286 eos
555 4229 770 4298 sphaera
809 4237 1058 4294 vocatur,
1093 4226 1242 4297 quod
1271 4236 1402 4282 tunc
1439 4228 1654 4296 objeetu
1694 4230 1773 4298 (5)
1804 4244 2000 4298 corpo-

423 4335 545 4374 rum
589 4319 947 4376 obumbratus
999 4333 1111 4372 non
1153 4319 1446 4387 appareat?
1490 4315 1596 4374 Sed
1639 4319 1856 4375 obtecto
1898 4335 1998 4387 eo,

424 4413 679 4468 obstante
714 4421 869 4466 terrae
897 4425 1146 4479 corpore,
1192 4409 1577 4479 superducitur
1612 4411 1825 4475 umbra,
1876 4425 2001 4482 quae

422 4522 491 4560 ex
526 4519 585 4558 se
613 4503 774 4558 eﬂicit
805 4503 1096 4570 tenebras;
1126 4519 1412 4575 usquequo
1436 4518 1678 4567 rursum,
1721 4503 1998 4560 inferioris

424 4594 585 4664 spatii
614 4609 776 4649 cursu
808 4609 903 4663 per
931 4605 1142 4650 noctem
1175 4603 1473 4660 transacto,
1508 4594 1576 4649 ad
1613 4596 1878 4650 orientem
1910 4611 1996 4650 re-

423 4689 624 4750 volvat,
662 4697 826 4756 alque
857 4687 913 4740 in
954 4687 1088 4743 locis
1123 4689 1302 4746 solitis
1331 4689 1560 4745 obortus
1587 4695 1864 4756 appareat.
1899 4685 1996 4742 Est

423 4794 554 4850 ergo
575 4779 783 4833 umbrae
808 4786 968 4848 atque
999 4778 1175 4834 noctis
1209 4794 1399 4846 causa,
1437 4779 1684 4847 corporis
1713 4787 1870 4832 terrae
1900 4793 1996 4833 so-

423 4873 634 4937 liditas;
688 4871 835 4941 quod
879 4871 1043 4928 etiam
1101 4887 1167 4926 ex
1218 4872 1419 4927 suimet
1468 4871 1642 4941 ipsius
1687 4869 1994 4942 umbra(6)

421 4965 586 5022 homo
615 4964 914 5032 intelligere
945 4972 1140 5034 potest.
1185 4963 1324 5018 Ante
1358 4962 1555 5018 etelum
1601 4961 1747 5016 enim
1793 4971 1848 5016 et
1879 4971 1994 5016 ter-

422 5073 538 5114 ram
576 5069 738 5130 atque
767 5072 958 5113 omnes
989 5057 1127 5112 istas
1153 5070 1448 5125 corporcas
1485 5062 1768 5108 creaturas
1802 5053 1995 5108 indefi-

496 5199 540 5232 ³³
560 5198 751 5254 Matth.
804 5213 856 5261 ν,
900 5195 986 5251 16.

492 5337 565 5409 (l)
601 5337 656 5390 In
701 5335 889 5409 codice
917 5333 1202 5389 Casinensi
1248 5337 1352 5398 est,
1393 5347 1412 5381 ‹
1442 5342 1534 5392 ευ,
1565 5346 1584 5380 ι
1624 5327 1770 5398 quod
1803 5327 1985 5398 legen-

417 5407 546 5479 dum
576 5407 906 5479 putavimus,
945 5423 964 5455 ι
997 5419 1170 5479 ceu.)
1478 5469 1489 5479 _
1643 5467 1656 5478 ,
1940 5467 1952 5478 .

488 5469 683 5546 (En-Ita
720 5478 1074 5545 depravatum
1128 5475 1317 5546 locum
1359 5469 1696 5546 ex__i_ngenio
1732 5469 1985 5546 restitui-

417 5535 575 5613 mus';
603 5563 726 5600 nam
750 5535 804 5600 iri
824 5546 1013 5600 codice
1035 5542 1322 5600 Casinensi
1345 5535 1602 5596 scribitur
1631 5555 1643 5591 :
1676 5555 1698 5591 ‹
1731 5535 1844 5593 Νεε
1864 5552 1986 5607 quae

417 5619 605 5672 vellem
641 5617 882 5687 quidem.
914 5635 934 5668 ι

485 5689 563 5758 (5)
602 5685 829 5758 Ρόπιεμ
857 5685 1026 5758 atqui.
1059 5702 1080 5737 ι

487 5755 562 5830 (il
603 5758 658 5830 In
681 5756 1199 5830 Casinensieodicc,
1239 5774 1258 5806 ι
1290 5755 1527 5830 obtectu.
1561 5769 1580 5801 ι

487 5821 566 5898 (5)
607 5828 662 5898 In
697 5825 1116 5898 Casinensiest.
1152 5844 1172 5876 ‹
1202 5825 1347 5898 quod
1383 5821 1783 5898 nuneobleetu.
1814 5838 1837 5898 ξ

489 5889 566 5969 (6)
606 5897 682 5954 Ita
719 5895 1125 5951 emendavimus
1159 5889 1419 5964 scriptum
1453 5892 1715 5955 codicem,
1751 5891 1843 5959 qui
1884 5889 1980 5944 lia--

2104 3403 2268 3465 caput
2297 3409 2576 3450 recurram
2610 3393 2756 3464 quod
2786 3393 2987 3464 objecit
3009 3394 3376 3462 adversarius,
3403 3394 3683 3452 afﬁrmans

2101 3486 2252 3543 omni
2301 3486 2423 3541 nisu
2456 3485 2557 3554 (9),
2619 3484 2873 3539 tenebras
2920 3498 3040 3539 esse
3085 3483 3392 3553 ingenitas;
3438 3488 3585 3555 quod
3627 3496 3684 3542 et

2105 3575 2304 3644 ipsum,
2329 3579 2593 3642 quantum
2624 3573 2918 3638 valuimus,
2941 3572 3054 3642 jam
3096 3572 3441 3628 confutatum
3473 3584 3581 3630 est.

2168 3664 2363 3719 XXIII.
2395 3665 2610 3720 Iudices
2639 3664 2890 3719 dixerunt
2914 3681 2933 3720 :
2962 3664 3019 3720 Si
3049 3665 3462 3722 consideremus
3495 3667 3679 3724 lucem

2102 3757 2273 3813 fuisse
2300 3765 2426 3812 ante
2445 3755 2810 3812 conditionem
2837 3765 3235 3821 creaturarum,
3259 3765 3313 3812 et
3342 3758 3477 3812 nihil
3504 3759 3680 3814 fuisse

2100 3851 2373 3921 objectum
2406 3850 2551 3920 quod
2589 3865 2657 3906 ex
2702 3865 2761 3904 se
2805 3849 3054 3904 umbram
3097 3859 3402 3920 generaret,
3451 3867 3681 3907 necesse

2099 3952 2186 3998 est
2227 3943 2401 3999 lucem
2446 3943 2648 4011 ubique
2681 3941 2853 3997 fuisse
2895 3941 3176 4006 diffusam,
3223 3950 3278 3997 et
3321 3943 3505 3997 omnia
3556 3943 3679 4000 loca

2101 4035 2311 4107 fulgore
2345 4035 2484 4091 lucis
2519 4034 2847 4098 illuminata,
2881 4033 3027 4089 sicut
3054 4042 3336 4088 ostensum
3367 4044 3450 4089 est
3491 4050 3559 4089 ex
3591 4035 3680 4091 his

2097 4144 2220 4198 quae
2259 4144 2291 4183 a
2324 4136 2375 4183 te
2412 4143 2585 4196 nuper
2624 4127 2767 4181 dicta
2803 4134 2964 4199 sunt;
3008 4125 3063 4180 in
3095 4125 3294 4195 quibus
3336 4141 3516 4180 veram
3551 4141 3679 4182 esse

2098 4219 2364 4273 rationem
2411 4219 2676 4282 videntes,
2727 4217 2922 4272 damus
2964 4217 3201 4287 palmam
3255 4216 3677 4287 allegationibus

2096 4310 2372 4365 Archelai.
2433 4307 2490 4363 Si
2535 4308 2682 4362 enim
2725 4307 3053 4363 divisionem
3102 4307 3339 4378 accipiat
3384 4308 3678 4363 universus

2099 4403 2357 4467 mundus,
2394 4399 2562 4454 veluti
2595 4414 2755 4452 muro
2788 4399 3026 4468 quodam
3053 4414 3149 4468 per
3189 4399 3426 4452 medium
3470 4398 3679 4453 instru-

2097 4504 2208 4558 cio,
2237 4501 2291 4547 et
2318 4508 2384 4546 ex
2423 4506 2527 4545 una
2559 4499 2711 4560 parte
2744 4489 2988 4543 habitent
3023 4489 3279 4550 tenebrae,
3312 4506 3376 4543 ex
3409 4489 3514 4544 alia
3543 4503 3675 4543 vero

2101 4585 2228 4652 lux;
2272 4582 2592 4653 intelligitur
2631 4579 3006 4647 nihilominus,
3034 4581 3165 4649 quia
3209 4595 3274 4634 ex
3304 4595 3370 4634 co
3403 4580 3552 4649 quod
3590 4579 3679 4634 in-

2101 4686 2367 4732 structum
2397 4683 2482 4729 est
2506 4672 2816 4738 aedificium,
2848 4672 3041 4726 umbra
3069 4681 3346 4742 generata,
3375 4673 3678 4728 acciderint

2099 4771 2339 4826 tenebrae
2367 4788 2380 4825 :
2413 4777 2466 4824 et
2518 4783 2742 4822 rursum
2796 4765 2953 4820 nobis
2979 4767 3333 4835 quaerendum
3383 4774 3500 4832 est,
3546 4767 3677 4835 quis

2095 4862 2448 4918 aedificaverit
2491 4877 2712 4914 murum
2761 4859 2814 4912 in
2865 4857 3046 4911 medio
3093 4857 3349 4920 duorum,
3397 4856 3444 4910 si
3492 4867 3676 4912 tamen

2096 4955 2424 5010 aedificatum
2481 4951 2688 5016 fateris,
2720 4967 2752 5002 ο
2783 4949 3099 5005 Manichaee.
3148 4947 3204 5002 Si
3237 4963 3365 5002 vero
3411 4949 3500 5003 illa
3534 4948 3675 5002 ratio

2096 5045 2496 5109 consideretur,
2527 5042 2687 5112 quasi
2723 5056 2914 5095 murus
2952 5055 3058 5093 non
3091 5039 3156 5095 sit
3186 5038 3515 5106 instructus;
3546 5053 3674 5093 rur-

3675 5255 3681 5292 ί

2091 5321 2274 5387 bebat,
2305 5339 2325 5373 r
2358 5328 2520 5376 exuet
2549 5319 2721 5388 ipsius
2746 5317 2956 5388 umbra.
2986 5335 3010 5388 ρ

2162 5393 2239 5462 (7)
2263 5382 2341 5462 ’1η
2360 5390 2546 5445 codice
2572 5382 2862 5444 Casinensi
2894 5387 3112 5458 legitur,
3151 5403 3171 5438 ι
3204 5401 3271 5442 ex
3293 5400 3356 5440 ea
3387 5400 3530 5456 quo,
3559 5403 3581 5441 ι
3615 5382 3682 5444 et’

2089 5461 2238 5527 mox,
2277 5481 2295 5514 ε
2322 5461 2554 5531 fulgure.
2586 5479 2654 5531 Du
2857 5496 2860 5500 -

2161 5533 2236 5603 (8)
2277 5527 2456 5587 Lectis
2479 5529 2768 5603 manifeste
2794 5539 3109 5601 corruptus,
3135 5529 3293 5600 cujus
3319 5527 3453 5584 mihi
3476 5543 3670 5583 emen-

2087 5601 2235 5659 datio
2270 5617 2378 5655 non
2413 5601 2675 5656 occurrit.

2157 5673 2234 5743 (9)
2273 5673 2329 5726 In
2352 5671 2638 5743 Casinensi
2677 5677 2813 5743 erat,
2863 5687 2883 5721 ι
2917 5671 3066 5725 omni
3109 5670 3244 5743 nisi;
3286 5689 3304 5721 ι
3349 5669 3448 5743 sed
3483 5667 3672 5743 legen-

2086 5738 2234 5806 dum,
2272 5763 2290 5794 ι
2321 5742 2470 5798 omni
2499 5741 2643 5806 nisu,
2676 5759 2695 5792 ›
2729 5740 2834 5794 hoc
2853 5751 2957 5805 est,
2986 5742 3133 5794 omni
3160 5749 3394 5806 conatu;
3424 5738 3667 5794 formula

2085 5813 2299 5869 dicendi
2353 5813 2480 5867 huic
2533 5810 2814 5882 interpreti
2863 5813 3088 5868 usitata.
3133 5809 3269 5870 Vide
3313 5825 3439 5882 cap.
3470 5807 3562 5877 ιο,
3611 5818 3669 5866 et

2085 5883 2382 5954 praesertim
2411 5897 2531 5952 cap.
2563 5881 2652 5938 Π,
2742 5936 2776 5959 κ
