  <div class='ocr_page' id='page_1' title='image "/cluster/home/n/w/nwhite01/storage/ocr_20150623/10/coo.31924054872894/744.png"; bbox 0 0 4090 6396; ppageno 0'>
   <div class='ocr_carea' id='block_1_1' title="bbox 354 472 495 531">
    <p class='ocr_par' dir='ltr' id='par_1_1' title="bbox 354 472 495 531">
     <span class='ocr_line' id='line_1_1' title="bbox 354 472 495 531; baseline 0.014 -2"><span class='ocrx_word' id='word_1_1' title='bbox 354 472 495 531; x_wconf 75' lang='lat'><strong>“65</strong></span> 
     </span>
    </p>
   </div>
   <div class='ocr_carea' id='block_1_2' title="bbox 1478 465 2521 529">
    <p class='ocr_par' dir='ltr' id='par_1_2' title="bbox 1478 465 2521 529">
     <span class='ocr_line' id='line_1_2' title="bbox 1478 465 2521 529; baseline -0.007 0"><span class='ocrx_word' id='word_1_2' title='bbox 1478 470 1627 529; x_wconf 77' lang='lat' dir='ltr'><strong>CUM</strong></span> <span class='ocrx_word' id='word_1_3' title='bbox 1661 469 1944 526; x_wconf 65' lang='grc' dir='ltr'><strong>ΜΑΝΕΤΕ</strong></span> <span class='ocrx_word' id='word_1_4' title='bbox 1978 465 2521 523; x_wconf 65' lang='grc' dir='ltr'><strong>ΗΕΒΕδΙΔΒϐΗΑ.</strong></span> 
     </span>
    </p>
   </div>
   <div class='ocr_carea' id='block_1_3' title="bbox 3468 461 3677 537">
    <p class='ocr_par' dir='ltr' id='par_1_3' title="bbox 3468 461 3677 537">
     <span class='ocr_line' id='line_1_3' title="bbox 3468 461 3677 537; baseline 0.01 -19"><span class='ocrx_word' id='word_1_5' title='bbox 3468 461 3606 520; x_wconf 76' lang='lat' dir='ltr'><strong>uss</strong></span> <span class='ocrx_word' id='word_1_6' title='bbox 3674 534 3677 537; x_wconf 23' lang='grc' dir='ltr'>λ</span> 
     </span>
    </p>
   </div>
   <div class='ocr_carea' id='block_1_4' title="bbox 353 583 3607 663">
    <p class='ocr_par' dir='ltr' id='par_1_4' title="bbox 353 583 3607 663">
     <span class='ocr_line' id='line_1_4' title="bbox 353 583 3607 663; baseline -0.002 -16"><span class='ocrx_word' id='word_1_7' title='bbox 353 605 450 647; x_wconf 83' lang='lat' dir='ltr'><strong>sua</strong></span> <span class='ocrx_word' id='word_1_8' title='bbox 480 591 600 646; x_wconf 85' lang='lat' dir='ltr'><strong>sine</strong></span> <span class='ocrx_word' id='word_1_9' title='bbox 623 591 804 663; x_wconf 85' lang='lat' dir='ltr'><strong>aliqua</strong></span> <span class='ocrx_word' id='word_1_10' title='bbox 845 593 1163 663; x_wconf 66' lang='lat' dir='ltr'><strong>exceptione</strong></span> <span class='ocrx_word' id='word_1_11' title='bbox 1191 609 1334 649; x_wconf 89' lang='lat' dir='ltr'><strong>unus</strong></span> <span class='ocrx_word' id='word_1_12' title='bbox 1364 608 1487 649; x_wconf 80' lang='lat' dir='ltr'><strong>esse</strong></span> <span class='ocrx_word' id='word_1_13' title='bbox 1519 591 1814 648; x_wconf 82' lang='lat' dir='ltr'><strong>universus</strong></span> <span class='ocrx_word' id='word_1_14' title='bbox 1839 590 1927 644; x_wconf 86' lang='lat' dir='ltr'><strong>in-</strong></span> <span class='ocrx_word' id='word_1_15' title='bbox 1957 595 2002 651; x_wconf 75' lang='grc' dir='ltr'>Α</span> <span class='ocrx_word' id='word_1_16' title='bbox 2032 587 2161 642; x_wconf 86' lang='lat' dir='ltr'><strong>tiam</strong></span> <span class='ocrx_word' id='word_1_17' title='bbox 2192 586 2395 641; x_wconf 88' lang='lat' dir='ltr'><strong>habent</strong></span> <span class='ocrx_word' id='word_1_18' title='bbox 2421 585 2644 657; x_wconf 85' lang='lat' dir='ltr'><strong>pariter,</strong></span> <span class='ocrx_word' id='word_1_19' title='bbox 2670 595 2835 656; x_wconf 86' lang='lat' dir='ltr'><strong>atque</strong></span> <span class='ocrx_word' id='word_1_20' title='bbox 2855 583 3284 640; x_wconf 69' lang='lat' dir='ltr'><strong>imbecillitatem</strong></span> <span class='ocrx_word' id='word_1_21' title='bbox 3312 583 3397 637; x_wconf 89' lang='lat' dir='ltr'><strong>sui</strong></span> <span class='ocrx_word' id='word_1_22' title='bbox 3421 590 3607 640; x_wconf 58' lang='lat' dir='ltr'><strong>esten.</strong></span> 
     </span>
    </p>
   </div>
   <div class='ocr_carea' id='block_1_5' title="bbox 350 680 1930 753">
    <p class='ocr_par' dir='ltr' id='par_1_5' title="bbox 350 680 1930 753">
     <span class='ocr_line' id='line_1_5' title="bbox 350 680 1930 753; baseline -0.001 -17"><span class='ocrx_word' id='word_1_23' title='bbox 350 680 617 752; x_wconf 85' lang='lat' dir='ltr'><strong>telligitur</strong></span> <span class='ocrx_word' id='word_1_24' title='bbox 645 682 819 749; x_wconf 90' lang='lat' dir='ltr'><strong>locus,</strong></span> <span class='ocrx_word' id='word_1_25' title='bbox 849 698 914 738; x_wconf 89' lang='lat' dir='ltr'><strong>ac</strong></span> <span class='ocrx_word' id='word_1_26' title='bbox 950 684 1051 737; x_wconf 88' lang='lat' dir='ltr'><strong>sub</strong></span> <span class='ocrx_word' id='word_1_27' title='bbox 1078 698 1184 737; x_wconf 90' lang='lat' dir='ltr'><strong>una</strong></span> <span class='ocrx_word' id='word_1_28' title='bbox 1218 691 1482 752; x_wconf 81' lang='lat' dir='ltr'><strong>potestate</strong></span> <span class='ocrx_word' id='word_1_29' title='bbox 1511 683 1755 753; x_wconf 89' lang='lat' dir='ltr'><strong>positus;</strong></span> <span class='ocrx_word' id='word_1_30' title='bbox 1784 680 1930 736; x_wconf 79' lang='lat' dir='ltr'><strong>unde</strong></span> 
     </span>
    </p>
   </div>
   <div class='ocr_carea' id='block_1_6' title="bbox 352 773 1929 845">
    <p class='ocr_par' dir='ltr' id='par_1_6' title="bbox 352 773 1929 845">
     <span class='ocr_line' id='line_1_6' title="bbox 352 773 1929 845; baseline 0 -18"><span class='ocrx_word' id='word_1_31' title='bbox 352 786 421 827; x_wconf 87' lang='lat' dir='ltr'><strong>ex</strong></span> <span class='ocrx_word' id='word_1_32' title='bbox 460 773 611 828; x_wconf 91' lang='lat' dir='ltr'><strong>omni</strong></span> <span class='ocrx_word' id='word_1_33' title='bbox 642 785 795 844; x_wconf 89' lang='lat' dir='ltr'><strong>parte</strong></span> <span class='ocrx_word' id='word_1_34' title='bbox 832 776 1075 830; x_wconf 68' lang='lat' dir='ltr'><strong>tenebrae</strong></span> <span class='ocrx_word' id='word_1_35' title='bbox 1117 775 1414 845; x_wconf 79' lang='lat' dir='ltr'><strong>ingenitam</strong></span> <span class='ocrx_word' id='word_1_36' title='bbox 1441 783 1692 829; x_wconf 89' lang='lat' dir='ltr'><strong>naturam</strong></span> <span class='ocrx_word' id='word_1_37' title='bbox 1730 774 1929 828; x_wconf 84' lang='lat' dir='ltr'><strong>habere</strong></span> 
     </span>
    </p>
   </div>
   <div class='ocr_carea' id='block_1_7' title="bbox 352 866 1929 934">
    <p class='ocr_par' dir='ltr' id='par_1_7' title="bbox 352 866 1929 934">
     <span class='ocr_line' id='line_1_7' title="bbox 352 866 1929 934; baseline 0 -15"><span class='ocrx_word' id='word_1_38' title='bbox 352 880 463 920; x_wconf 91' lang='lat' dir='ltr'><strong>non</strong></span> <span class='ocrx_word' id='word_1_39' title='bbox 490 875 741 934; x_wconf 88' lang='lat' dir='ltr'><strong>possunt.</strong></span> <span class='ocrx_word' id='word_1_40' title='bbox 774 868 1064 922; x_wconf 78' lang='lat' dir='ltr'><strong>Archelaus</strong></span> <span class='ocrx_word' id='word_1_41' title='bbox 1092 867 1229 921; x_wconf 76' lang='lat' dir='ltr'><strong>dixit</strong></span> <span class='ocrx_word' id='word_1_42' title='bbox 1253 884 1272 921; x_wconf 94' lang='lat'><strong><em>:</em></strong></span> <span class='ocrx_word' id='word_1_43' title='bbox 1296 866 1451 921; x_wconf 85' lang='lat' dir='ltr'><strong>Dicat</strong></span> <span class='ocrx_word' id='word_1_44' title='bbox 1472 866 1605 921; x_wconf 86' lang='lat' dir='ltr'><strong>mihi</strong></span> <span class='ocrx_word' id='word_1_45' title='bbox 1634 866 1797 921; x_wconf 91' lang='lat' dir='ltr'><strong>etiam</strong></span> <span class='ocrx_word' id='word_1_46' title='bbox 1825 866 1929 919; x_wconf 88' lang='lat' dir='ltr'><strong>hoc</strong></span> 
     </span>
    </p>
   </div>
   <div class='ocr_carea' id='block_1_8' title="bbox 353 958 1925 1030">
    <p class='ocr_par' dir='ltr' id='par_1_8' title="bbox 353 958 1925 1030">
     <span class='ocr_line' id='line_1_8' title="bbox 353 958 1925 1030; baseline 0 -19"><span class='ocrx_word' id='word_1_47' title='bbox 353 960 422 1013; x_wconf 88' lang='lat' dir='ltr'><strong>ad</strong></span> <span class='ocrx_word' id='word_1_48' title='bbox 447 973 510 1013; x_wconf 90' lang='lat' dir='ltr'><strong>ea</strong></span> <span class='ocrx_word' id='word_1_49' title='bbox 536 974 657 1028; x_wconf 60' lang='lat' dir='ltr'><strong>quae</strong></span> <span class='ocrx_word' id='word_1_50' title='bbox 680 961 954 1030; x_wconf 82' lang='lat' dir='ltr'><strong>proposita</strong></span> <span class='ocrx_word' id='word_1_51' title='bbox 988 968 1135 1015; x_wconf 88' lang='lat' dir='ltr'><strong>sunt.</strong></span> <span class='ocrx_word' id='word_1_52' title='bbox 1167 959 1276 1014; x_wconf 86' lang='lat' dir='ltr'><strong>Deo</strong></span> <span class='ocrx_word' id='word_1_53' title='bbox 1311 960 1365 1013; x_wconf 92' lang='lat' dir='ltr'><strong>in</strong></span> <span class='ocrx_word' id='word_1_54' title='bbox 1402 973 1572 1030; x_wconf 88' lang='lat' dir='ltr'><strong>regno</strong></span> <span class='ocrx_word' id='word_1_55' title='bbox 1602 973 1704 1014; x_wconf 91' lang='lat' dir='ltr'><strong>suo</strong></span> <span class='ocrx_word' id='word_1_56' title='bbox 1729 958 1925 1028; x_wconf 90' lang='lat' dir='ltr'><strong>posito,</strong></span> 
     </span>
    </p>
   </div>
   <div class='ocr_carea' id='block_1_9' title="bbox 352 1050 1927 1120">
    <p class='ocr_par' dir='ltr' id='par_1_9' title="bbox 352 1050 1927 1120">
     <span class='ocr_line' id='line_1_9' title="bbox 352 1050 1927 1120; baseline 0 -18"><span class='ocrx_word' id='word_1_57' title='bbox 352 1056 410 1103; x_wconf 91' lang='lat' dir='ltr'><strong>et</strong></span> <span class='ocrx_word' id='word_1_58' title='bbox 440 1050 680 1120; x_wconf 84' lang='lat' dir='ltr'><strong>maligno</strong></span> <span class='ocrx_word' id='word_1_59' title='bbox 723 1052 976 1105; x_wconf 85' lang='lat' dir='ltr'><strong>similiter</strong></span> <span class='ocrx_word' id='word_1_60' title='bbox 1022 1052 1076 1106; x_wconf 81' lang='lat' dir='ltr'><strong>in</strong></span> <span class='ocrx_word' id='word_1_61' title='bbox 1121 1066 1222 1106; x_wconf 84' lang='lat' dir='ltr'><strong>suo</strong></span> <span class='ocrx_word' id='word_1_62' title='bbox 1258 1064 1446 1120; x_wconf 86' lang='lat' dir='ltr'><strong>regno,</strong></span> <span class='ocrx_word' id='word_1_63' title='bbox 1472 1050 1598 1120; x_wconf 90' lang='lat' dir='ltr'><strong>quis</strong></span> <span class='ocrx_word' id='word_1_64' title='bbox 1639 1050 1779 1103; x_wconf 88' lang='lat' dir='ltr'><strong>inter</strong></span> <span class='ocrx_word' id='word_1_65' title='bbox 1810 1063 1927 1103; x_wconf 81' lang='lat' dir='ltr'><strong>me-</strong></span> 
     </span>
    </p>
   </div>
   <div class='ocr_carea' id='block_1_10' title="bbox 352 1141 1929 1213">
    <p class='ocr_par' dir='ltr' id='par_1_10' title="bbox 352 1141 1929 1213">
     <span class='ocr_line' id='line_1_10' title="bbox 352 1141 1929 1213; baseline -0.001 -16"><span class='ocrx_word' id='word_1_66' title='bbox 352 1142 502 1197; x_wconf 90' lang='lat' dir='ltr'><strong>dium</strong></span> <span class='ocrx_word' id='word_1_67' title='bbox 535 1143 779 1213; x_wconf 90' lang='lat' dir='ltr'><strong>ipsorum</strong></span> <span class='ocrx_word' id='word_1_68' title='bbox 814 1145 1184 1200; x_wconf 73' lang='lat' dir='ltr'><strong>construxerit</strong></span> <span class='ocrx_word' id='word_1_69' title='bbox 1229 1144 1480 1198; x_wconf 86' lang='lat' dir='ltr'><strong>murum?</strong></span> <span class='ocrx_word' id='word_1_70' title='bbox 1510 1144 1625 1197; x_wconf 74' lang='lat' dir='ltr'><strong>Non</strong></span> <span class='ocrx_word' id='word_1_71' title='bbox 1659 1141 1804 1197; x_wconf 89' lang='lat' dir='ltr'><strong>enim</strong></span> <span class='ocrx_word' id='word_1_72' title='bbox 1831 1154 1929 1210; x_wconf 91' lang='lat' dir='ltr'><strong>po-</strong></span> 
     </span>
    </p>
   </div>
   <div class='ocr_carea' id='block_1_11' title="bbox 351 1233 1929 1306">
    <p class='ocr_par' dir='ltr' id='par_1_11' title="bbox 351 1233 1929 1306">
     <span class='ocr_line' id='line_1_11' title="bbox 351 1233 1929 1306; baseline -0.002 -16"><span class='ocrx_word' id='word_1_73' title='bbox 351 1242 461 1290; x_wconf 90' lang='lat' dir='ltr'><strong>test</strong></span> <span class='ocrx_word' id='word_1_74' title='bbox 492 1235 734 1291; x_wconf 77' lang='lat' dir='ltr'><strong>dividere</strong></span> <span class='ocrx_word' id='word_1_75' title='bbox 778 1238 908 1306; x_wconf 84' lang='lat' dir='ltr'><strong>quid</strong></span> <span class='ocrx_word' id='word_1_76' title='bbox 941 1239 1078 1292; x_wconf 89' lang='lat' dir='ltr'><strong>duas</strong></span> <span class='ocrx_word' id='word_1_77' title='bbox 1131 1236 1488 1302; x_wconf 89' lang='lat' dir='ltr'><strong>substantias,</strong></span> <span class='ocrx_word' id='word_1_78' title='bbox 1528 1235 1633 1290; x_wconf 91' lang='lat' dir='ltr'><strong>nisi</strong></span> <span class='ocrx_word' id='word_1_79' title='bbox 1669 1233 1814 1304; x_wconf 87' lang='lat' dir='ltr'><strong>quod</strong></span> <span class='ocrx_word' id='word_1_80' title='bbox 1858 1233 1929 1287; x_wconf 74' lang='lat' dir='ltr'><strong>sit</strong></span> 
     </span>
    </p>
   </div>
   <div class='ocr_carea' id='block_1_12' title="bbox 352 1325 1923 1399">
    <p class='ocr_par' dir='ltr' id='par_1_12' title="bbox 352 1325 1923 1399">
     <span class='ocr_line' id='line_1_12' title="bbox 352 1325 1923 1399; baseline -0.002 -18"><span class='ocrx_word' id='word_1_81' title='bbox 352 1327 643 1399; x_wconf 84' lang='lat' dir='ltr'><strong>utriusque</strong></span> <span class='ocrx_word' id='word_1_82' title='bbox 683 1330 861 1399; x_wconf 85' lang='lat' dir='ltr'><strong>majus</strong></span> <span class='ocrx_word' id='word_1_83' title='bbox 888 1331 1024 1399; x_wconf 83' lang='grc'><strong>(10),</strong></span> <span class='ocrx_word' id='word_1_84' title='bbox 1058 1330 1199 1385; x_wconf 83' lang='lat' dir='ltr'><strong>sicut</strong></span> <span class='ocrx_word' id='word_1_85' title='bbox 1235 1330 1367 1383; x_wconf 83' lang='lat' dir='ltr'><strong>dicit</strong></span> <span class='ocrx_word' id='word_1_86' title='bbox 1411 1329 1464 1382; x_wconf 93' lang='lat' dir='ltr'><strong>in</strong></span> <span class='ocrx_word' id='word_1_87' title='bbox 1508 1326 1737 1382; x_wconf 78' lang='lat' dir='ltr'><strong>Genesis</strong></span> <span class='ocrx_word' id='word_1_88' title='bbox 1762 1325 1923 1390; x_wconf 84' lang='lat' dir='ltr'><strong>libro,</strong></span> 
     </span>
    </p>
   </div>
   <div class='ocr_carea' id='block_1_13' title="bbox 353 1414 1929 1489">
    <p class='ocr_par' dir='ltr' id='par_1_13' title="bbox 353 1414 1929 1489">
     <span class='ocr_line' id='line_1_13' title="bbox 353 1414 1929 1489; baseline -0.003 -16"><span class='ocrx_word' id='word_1_89' title='bbox 353 1421 483 1489; x_wconf 87' lang='lat' dir='ltr'><strong>quia</strong></span> <span class='ocrx_word' id='word_1_90' title='bbox 519 1438 538 1472; x_wconf 72' lang='grc' dir='ltr'>ι</span> <span class='ocrx_word' id='word_1_91' title='bbox 570 1420 754 1476; x_wconf 82' lang='lat' dir='ltr'><strong>divisit</strong></span> <span class='ocrx_word' id='word_1_92' title='bbox 781 1420 918 1478; x_wconf 86' lang='lat' dir='ltr'><strong>Deus</strong></span> <span class='ocrx_word' id='word_1_93' title='bbox 949 1422 1091 1477; x_wconf 90' lang='lat' dir='ltr'><strong>inter</strong></span> <span class='ocrx_word' id='word_1_94' title='bbox 1112 1424 1288 1477; x_wconf 88' lang='lat' dir='ltr'><strong>lucem</strong></span> <span class='ocrx_word' id='word_1_95' title='bbox 1317 1429 1371 1475; x_wconf 89' lang='lat' dir='ltr'><strong>et</strong></span> <span class='ocrx_word' id='word_1_96' title='bbox 1393 1420 1645 1475; x_wconf 80' lang='lat' dir='ltr'><strong>tenebras</strong></span> <span class='ocrx_word' id='word_1_97' title='bbox 1675 1417 1739 1469; x_wconf 73' lang='lat'><strong>“.</strong></span> <span class='ocrx_word' id='word_1_98' title='bbox 1772 1436 1791 1469; x_wconf 74' lang='grc' dir='ltr'><strong><em>ι</em></strong></span> <span class='ocrx_word' id='word_1_99' title='bbox 1823 1414 1929 1470; x_wconf 90' lang='lat' dir='ltr'><strong>Ta-</strong></span> 
     </span>
    </p>
   </div>
   <div class='ocr_carea' id='block_1_14' title="bbox 354 1510 1929 1583">
    <p class='ocr_par' dir='ltr' id='par_1_14' title="bbox 354 1510 1929 1583">
     <span class='ocr_line' id='line_1_14' title="bbox 354 1510 1929 1583; baseline -0.004 -18"><span class='ocrx_word' id='word_1_100' title='bbox 354 1511 459 1566; x_wconf 88' lang='lat' dir='ltr'><strong>lem</strong></span> <span class='ocrx_word' id='word_1_101' title='bbox 496 1528 619 1567; x_wconf 89' lang='lat' dir='ltr'><strong>esse</strong></span> <span class='ocrx_word' id='word_1_102' title='bbox 651 1513 883 1583; x_wconf 80' lang='lat' dir='ltr'><strong>aliquem</strong></span> <span class='ocrx_word' id='word_1_103' title='bbox 920 1530 1142 1570; x_wconf 88' lang='lat' dir='ltr'><strong>necesse</strong></span> <span class='ocrx_word' id='word_1_104' title='bbox 1169 1525 1252 1569; x_wconf 89' lang='lat' dir='ltr'><strong>est</strong></span> <span class='ocrx_word' id='word_1_105' title='bbox 1278 1522 1332 1569; x_wconf 92' lang='lat' dir='ltr'><strong>et</strong></span> <span class='ocrx_word' id='word_1_106' title='bbox 1359 1512 1499 1567; x_wconf 86' lang='lat' dir='ltr'><strong>muri</strong></span> <span class='ocrx_word' id='word_1_107' title='bbox 1535 1511 1693 1565; x_wconf 89' lang='lat' dir='ltr'><strong>istius</strong></span> <span class='ocrx_word' id='word_1_108' title='bbox 1725 1510 1929 1564; x_wconf 88' lang='lat' dir='ltr'><strong>instru-</strong></span> 
     </span>
    </p>
   </div>
   <div class='ocr_carea' id='block_1_15' title="bbox 354 1601 1929 1673">
    <p class='ocr_par' dir='ltr' id='par_1_15' title="bbox 354 1601 1929 1673">
     <span class='ocr_line' id='line_1_15' title="bbox 354 1601 1929 1673; baseline -0.002 -14"><span class='ocrx_word' id='word_1_109' title='bbox 354 1612 600 1659; x_wconf 90' lang='lat' dir='ltr'><strong>ctorem:</strong></span> <span class='ocrx_word' id='word_1_110' title='bbox 635 1620 830 1661; x_wconf 89' lang='lat' dir='ltr'><strong>murus</strong></span> <span class='ocrx_word' id='word_1_111' title='bbox 864 1607 1009 1659; x_wconf 87' lang='lat' dir='ltr'><strong>enim</strong></span> <span class='ocrx_word' id='word_1_112' title='bbox 1055 1605 1319 1661; x_wconf 86' lang='lat' dir='ltr'><strong>terminos</strong></span> <span class='ocrx_word' id='word_1_113' title='bbox 1362 1604 1797 1673; x_wconf 82' lang='lat' dir='ltr'><strong>uniuscujusque</strong></span> <span class='ocrx_word' id='word_1_114' title='bbox 1840 1601 1929 1656; x_wconf 89' lang='lat' dir='ltr'><strong>de-</strong></span> 
     </span>
    </p>
   </div>
   <div class='ocr_carea' id='block_1_16' title="bbox 352 1693 1927 1769">
    <p class='ocr_par' dir='ltr' id='par_1_16' title="bbox 352 1693 1927 1769">
     <span class='ocr_line' id='line_1_16' title="bbox 352 1693 1927 1769; baseline -0.001 -19"><span class='ocrx_word' id='word_1_115' title='bbox 352 1704 643 1759; x_wconf 80' lang='lat' dir='ltr'><strong>monstrat,</strong></span> <span class='ocrx_word' id='word_1_116' title='bbox 689 1696 830 1752; x_wconf 88' lang='lat' dir='ltr'><strong>sicut</strong></span> <span class='ocrx_word' id='word_1_117' title='bbox 868 1696 1009 1752; x_wconf 88' lang='lat' dir='ltr'><strong>inter</strong></span> <span class='ocrx_word' id='word_1_118' title='bbox 1049 1713 1145 1753; x_wconf 87' lang='lat' dir='ltr'><strong>eos</strong></span> <span class='ocrx_word' id='word_1_119' title='bbox 1186 1696 1281 1769; x_wconf 87' lang='lat' dir='ltr'><strong>qui</strong></span> <span class='ocrx_word' id='word_1_120' title='bbox 1328 1712 1455 1751; x_wconf 89' lang='lat' dir='ltr'><strong>rura</strong></span> <span class='ocrx_word' id='word_1_121' title='bbox 1486 1695 1748 1757; x_wconf 88' lang='lat' dir='ltr'><strong>incolunt,</strong></span> <span class='ocrx_word' id='word_1_122' title='bbox 1787 1693 1927 1764; x_wconf 90' lang='lat' dir='ltr'><strong>lapis</strong></span> 
     </span>
    </p>
   </div>
   <div class='ocr_carea' id='block_1_17' title="bbox 352 1787 1925 1860">
    <p class='ocr_par' dir='ltr' id='par_1_17' title="bbox 352 1787 1925 1860">
     <span class='ocr_line' id='line_1_17' title="bbox 352 1787 1925 1860; baseline -0.003 -17"><span class='ocrx_word' id='word_1_123' title='bbox 352 1789 493 1843; x_wconf 84' lang='lat' dir='ltr'><strong>solet</strong></span> <span class='ocrx_word' id='word_1_124' title='bbox 527 1788 830 1859; x_wconf 90' lang='lat' dir='ltr'><strong>portionem</strong></span> <span class='ocrx_word' id='word_1_125' title='bbox 884 1789 1321 1860; x_wconf 85' lang='lat' dir='ltr'><strong>uniuscujusque</strong></span> <span class='ocrx_word' id='word_1_126' title='bbox 1363 1787 1634 1854; x_wconf 86' lang='lat' dir='ltr'><strong>dividere;</strong></span> <span class='ocrx_word' id='word_1_127' title='bbox 1678 1800 1801 1857; x_wconf 63' lang='lat' dir='ltr'><strong>quae</strong></span> <span class='ocrx_word' id='word_1_128' title='bbox 1841 1794 1925 1839; x_wconf 88' lang='lat' dir='ltr'><strong>ta-</strong></span> 
     </span>
    </p>
   </div>
   <div class='ocr_carea' id='block_1_18' title="bbox 350 1880 1923 1954">
    <p class='ocr_par' dir='ltr' id='par_1_18' title="bbox 350 1880 1923 1954">
     <span class='ocr_line' id='line_1_18' title="bbox 350 1880 1923 1954; baseline -0.001 -19"><span class='ocrx_word' id='word_1_129' title='bbox 350 1895 479 1935; x_wconf 85' lang='lat' dir='ltr'><strong>men</strong></span> <span class='ocrx_word' id='word_1_130' title='bbox 526 1897 616 1937; x_wconf 89' lang='lat' dir='ltr'><strong>res</strong></span> <span class='ocrx_word' id='word_1_131' title='bbox 653 1882 828 1953; x_wconf 89' lang='lat' dir='ltr'><strong>magis</strong></span> <span class='ocrx_word' id='word_1_132' title='bbox 860 1882 1193 1941; x_wconf 87' lang='lat' dir='ltr'><strong>intellectum</strong></span> <span class='ocrx_word' id='word_1_133' title='bbox 1234 1883 1365 1951; x_wconf 91' lang='lat' dir='ltr'><strong>dat,</strong></span> <span class='ocrx_word' id='word_1_134' title='bbox 1401 1881 1621 1954; x_wconf 90' lang='lat' dir='ltr'><strong>quando</strong></span> <span class='ocrx_word' id='word_1_135' title='bbox 1668 1880 1923 1951; x_wconf 80' lang='lat' dir='ltr'><strong>hujusce-</strong></span> 
     </span>
    </p>
   </div>
   <div class='ocr_carea' id='block_1_19' title="bbox 2031 675 3601 749">
    <p class='ocr_par' dir='ltr' id='par_1_19' title="bbox 2031 675 3601 749">
     <span class='ocr_line' id='line_1_19' title="bbox 2031 675 3601 749; baseline 0 -17"><span class='ocrx_word' id='word_1_136' title='bbox 2031 680 2187 734; x_wconf 88' lang='lat' dir='ltr'><strong>dunt.</strong></span> <span class='ocrx_word' id='word_1_137' title='bbox 2218 676 2324 734; x_wconf 88' lang='lat' dir='ltr'><strong>Sed</strong></span> <span class='ocrx_word' id='word_1_138' title='bbox 2365 694 2435 733; x_wconf 88' lang='lat' dir='ltr'><strong>ne</strong></span> <span class='ocrx_word' id='word_1_139' title='bbox 2464 678 2595 734; x_wconf 88' lang='lat' dir='ltr'><strong>illud</strong></span> <span class='ocrx_word' id='word_1_140' title='bbox 2625 679 2845 749; x_wconf 88' lang='lat' dir='ltr'><strong>quidem</strong></span> <span class='ocrx_word' id='word_1_141' title='bbox 2877 692 2909 732; x_wconf 89' lang='lat' dir='ltr'><strong>a</strong></span> <span class='ocrx_word' id='word_1_142' title='bbox 2939 677 3098 732; x_wconf 86' lang='lat' dir='ltr'><strong>nobis</strong></span> <span class='ocrx_word' id='word_1_143' title='bbox 3127 675 3465 732; x_wconf 83' lang='lat' dir='ltr'><strong>reticendum</strong></span> <span class='ocrx_word' id='word_1_144' title='bbox 3495 684 3601 741; x_wconf 84' lang='lat' dir='ltr'><strong>est,</strong></span> 
     </span>
    </p>
   </div>
   <div class='ocr_carea' id='block_1_20' title="bbox 2029 769 3603 841">
    <p class='ocr_par' dir='ltr' id='par_1_20' title="bbox 2029 769 3603 841">
     <span class='ocr_line' id='line_1_20' title="bbox 2029 769 3603 841; baseline 0 -17"><span class='ocrx_word' id='word_1_145' title='bbox 2029 771 2160 840; x_wconf 90' lang='lat' dir='ltr'><strong>quin</strong></span> <span class='ocrx_word' id='word_1_146' title='bbox 2192 772 2374 840; x_wconf 88' lang='lat' dir='ltr'><strong>potius</strong></span> <span class='ocrx_word' id='word_1_147' title='bbox 2403 773 2458 826; x_wconf 89' lang='lat' dir='ltr'><strong>in</strong></span> <span class='ocrx_word' id='word_1_148' title='bbox 2507 772 2745 827; x_wconf 88' lang='lat' dir='ltr'><strong>medium</strong></span> <span class='ocrx_word' id='word_1_149' title='bbox 2790 769 3202 841; x_wconf 89' lang='lat' dir='ltr'><strong>proferendum,</strong></span> <span class='ocrx_word' id='word_1_150' title='bbox 3245 777 3305 823; x_wconf 91' lang='lat' dir='ltr'><strong>ut</strong></span> <span class='ocrx_word' id='word_1_151' title='bbox 3340 776 3397 824; x_wconf 87' lang='lat' dir='ltr'><strong>et</strong></span> <span class='ocrx_word' id='word_1_152' title='bbox 3429 770 3603 824; x_wconf 89' lang='lat' dir='ltr'><strong>multa</strong></span> 
     </span>
    </p>
   </div>
   <div class='ocr_carea' id='block_1_21' title="bbox 2029 856 3606 931">
    <p class='ocr_par' dir='ltr' id='par_1_21' title="bbox 2029 856 3606 931">
     <span class='ocr_line' id='line_1_21' title="bbox 2029 856 3606 931; baseline -0.003 -15"><span class='ocrx_word' id='word_1_153' title='bbox 2029 862 2392 917; x_wconf 85' lang='lat' dir='ltr'><strong>assertiouum</strong></span> <span class='ocrx_word' id='word_1_154' title='bbox 2437 863 2613 931; x_wconf 87' lang='lat' dir='ltr'><strong>copia,</strong></span> <span class='ocrx_word' id='word_1_155' title='bbox 2663 860 3133 916; x_wconf 88' lang='lat' dir='ltr'><strong>machinationum</strong></span> <span class='ocrx_word' id='word_1_156' title='bbox 3181 856 3482 913; x_wconf 80' lang='lat' dir='ltr'><strong>adversarii</strong></span> <span class='ocrx_word' id='word_1_157' title='bbox 3521 857 3606 912; x_wconf 90' lang='lat' dir='ltr'><strong>di-</strong></span> 
     </span>
    </p>
   </div>
   <div class='ocr_carea' id='block_1_22' title="bbox 2029 951 3605 1021">
    <p class='ocr_par' dir='ltr' id='par_1_22' title="bbox 2029 951 3605 1021">
     <span class='ocr_line' id='line_1_22' title="bbox 2029 951 3605 1021; baseline -0.002 -13"><span class='ocrx_word' id='word_1_158' title='bbox 2029 955 2260 1010; x_wconf 86' lang='lat' dir='ltr'><strong>versitas</strong></span> <span class='ocrx_word' id='word_1_159' title='bbox 2307 955 2650 1021; x_wconf 80' lang='lat' dir='ltr'><strong>destruatur,</strong></span> <span class='ocrx_word' id='word_1_160' title='bbox 2692 953 2960 1010; x_wconf 79' lang='lat' dir='ltr'><strong>auxilium</strong></span> <span class='ocrx_word' id='word_1_161' title='bbox 3012 952 3171 1008; x_wconf 90' lang='lat' dir='ltr'><strong>nobis</strong></span> <span class='ocrx_word' id='word_1_162' title='bbox 3210 951 3417 1006; x_wconf 80' lang='lat' dir='ltr'><strong>ferente</strong></span> <span class='ocrx_word' id='word_1_163' title='bbox 3457 951 3605 1005; x_wconf 83' lang='lat' dir='ltr'><strong>veri-</strong></span> 
     </span>
    </p>
   </div>
   <div class='ocr_carea' id='block_1_23' title="bbox 2028 1044 3607 1113">
    <p class='ocr_par' dir='ltr' id='par_1_23' title="bbox 2028 1044 3607 1113">
     <span class='ocr_line' id='line_1_23' title="bbox 2028 1044 3607 1113; baseline -0.001 -13"><span class='ocrx_word' id='word_1_164' title='bbox 2028 1052 2157 1101; x_wconf 89' lang='lat' dir='ltr'><strong>tate.</strong></span> <span class='ocrx_word' id='word_1_165' title='bbox 2185 1046 2551 1101; x_wconf 81' lang='lat' dir='ltr'><strong>Concedimus</strong></span> <span class='ocrx_word' id='word_1_166' title='bbox 2573 1056 2903 1102; x_wconf 87' lang='lat' dir='ltr'><strong>structuram</strong></span> <span class='ocrx_word' id='word_1_167' title='bbox 2928 1046 3126 1101; x_wconf 75' lang='lat' dir='ltr'><strong>factam</strong></span> <span class='ocrx_word' id='word_1_168' title='bbox 3151 1060 3272 1100; x_wconf 86' lang='lat' dir='ltr'><strong>esse</strong></span> <span class='ocrx_word' id='word_1_169' title='bbox 3295 1044 3460 1111; x_wconf 82' lang='lat' dir='ltr'><strong>muri,</strong></span> <span class='ocrx_word' id='word_1_170' title='bbox 3483 1057 3607 1113; x_wconf 64' lang='lat' dir='ltr'><strong>qua</strong></span> 
     </span>
    </p>
   </div>
   <div class='ocr_carea' id='block_1_24' title="bbox 2028 1136 3604 1208">
    <p class='ocr_par' dir='ltr' id='par_1_24' title="bbox 2028 1136 3604 1208">
     <span class='ocr_line' id='line_1_24' title="bbox 2028 1136 3604 1208; baseline 0 -17"><span class='ocrx_word' id='word_1_171' title='bbox 2028 1138 2097 1192; x_wconf 92' lang='lat' dir='ltr'><strong>ad</strong></span> <span class='ocrx_word' id='word_1_172' title='bbox 2125 1137 2508 1193; x_wconf 82' lang='lat' dir='ltr'><strong>discretionem</strong></span> <span class='ocrx_word' id='word_1_173' title='bbox 2533 1146 2678 1194; x_wconf 83' lang='lat' dir='ltr'><strong>esset</strong></span> <span class='ocrx_word' id='word_1_174' title='bbox 2708 1138 3140 1207; x_wconf 86' lang='lat' dir='ltr'><strong>uniuscujusque</strong></span> <span class='ocrx_word' id='word_1_175' title='bbox 3166 1137 3317 1208; x_wconf 86' lang='lat' dir='ltr'><strong>regni</strong></span> <span class='ocrx_word' id='word_1_176' title='bbox 3353 1153 3366 1190; x_wconf 93' lang='lat'><strong>:</strong></span> <span class='ocrx_word' id='word_1_177' title='bbox 3396 1136 3604 1207; x_wconf 78' lang='lat' dir='ltr'><strong>impos-</strong></span> 
     </span>
    </p>
   </div>
   <div class='ocr_carea' id='block_1_25' title="bbox 2028 1228 3604 1299">
    <p class='ocr_par' dir='ltr' id='par_1_25' title="bbox 2028 1228 3604 1299">
     <span class='ocr_line' id='line_1_25' title="bbox 2028 1228 3604 1299; baseline 0 -15"><span class='ocrx_word' id='word_1_178' title='bbox 2028 1228 2188 1284; x_wconf 89' lang='lat' dir='ltr'><strong>sibile</strong></span> <span class='ocrx_word' id='word_1_179' title='bbox 2212 1229 2357 1284; x_wconf 91' lang='lat' dir='ltr'><strong>enim</strong></span> <span class='ocrx_word' id='word_1_180' title='bbox 2381 1238 2464 1285; x_wconf 80' lang='lat' dir='ltr'><strong>est</strong></span> <span class='ocrx_word' id='word_1_181' title='bbox 2492 1231 2612 1285; x_wconf 90' lang='lat' dir='ltr'><strong>sine</strong></span> <span class='ocrx_word' id='word_1_182' title='bbox 2644 1231 2750 1284; x_wconf 86' lang='lat' dir='ltr'><strong>hoc</strong></span> <span class='ocrx_word' id='word_1_183' title='bbox 2782 1245 2892 1284; x_wconf 91' lang='lat' dir='ltr'><strong>uno</strong></span> <span class='ocrx_word' id='word_1_184' title='bbox 2923 1230 3121 1283; x_wconf 85' lang='lat' dir='ltr'><strong>habere</strong></span> <span class='ocrx_word' id='word_1_185' title='bbox 3155 1239 3604 1299; x_wconf 82' lang='lat' dir='ltr'><strong>unumquemque</strong></span> 
     </span>
    </p>
   </div>
   <div class='ocr_carea' id='block_1_26' title="bbox 2028 1321 3606 1393">
    <p class='ocr_par' dir='ltr' id='par_1_26' title="bbox 2028 1321 3606 1393">
     <span class='ocr_line' id='line_1_26' title="bbox 2028 1321 3606 1393; baseline 0.003 -20"><span class='ocrx_word' id='word_1_186' title='bbox 2028 1321 2313 1391; x_wconf 89' lang='lat' dir='ltr'><strong>proprium</strong></span> <span class='ocrx_word' id='word_1_187' title='bbox 2352 1337 2622 1393; x_wconf 88' lang='lat' dir='ltr'><strong>regnum;</strong></span> <span class='ocrx_word' id='word_1_188' title='bbox 2652 1322 2842 1376; x_wconf 83' lang='lat' dir='ltr'><strong>eodem</strong></span> <span class='ocrx_word' id='word_1_189' title='bbox 2884 1337 3015 1376; x_wconf 90' lang='lat' dir='ltr'><strong>vero</strong></span> <span class='ocrx_word' id='word_1_190' title='bbox 3061 1322 3221 1375; x_wconf 91' lang='lat' dir='ltr'><strong>modo</strong></span> <span class='ocrx_word' id='word_1_191' title='bbox 3266 1321 3606 1391; x_wconf 81' lang='lat' dir='ltr'><strong>impossibile</strong></span> 
     </span>
    </p>
   </div>
   <div class='ocr_carea' id='block_1_27' title="bbox 2026 1411 3603 1484">
    <p class='ocr_par' dir='ltr' id='par_1_27' title="bbox 2026 1411 3603 1484">
     <span class='ocr_line' id='line_1_27' title="bbox 2026 1411 3603 1484; baseline 0 -17"><span class='ocrx_word' id='word_1_192' title='bbox 2026 1422 2133 1480; x_wconf 88' lang='lat' dir='ltr'><strong>est,</strong></span> <span class='ocrx_word' id='word_1_193' title='bbox 2173 1424 2229 1470; x_wconf 89' lang='lat' dir='ltr'><strong>et</strong></span> <span class='ocrx_word' id='word_1_194' title='bbox 2261 1414 2561 1483; x_wconf 83' lang='lat' dir='ltr'><strong>malignum</strong></span> <span class='ocrx_word' id='word_1_195' title='bbox 2613 1427 2896 1484; x_wconf 89' lang='lat' dir='ltr'><strong>egressum</strong></span> <span class='ocrx_word' id='word_1_196' title='bbox 2942 1413 3180 1483; x_wconf 87' lang='lat' dir='ltr'><strong>propriis</strong></span> <span class='ocrx_word' id='word_1_197' title='bbox 3222 1413 3425 1468; x_wconf 87' lang='lat' dir='ltr'><strong>ﬁnibus</strong></span> <span class='ocrx_word' id='word_1_198' title='bbox 3476 1411 3603 1467; x_wconf 85' lang='lat' dir='ltr'><strong>boni</strong></span> 
     </span>
    </p>
   </div>
   <div class='ocr_carea' id='block_1_28' title="bbox 2030 1500 3605 1573">
    <p class='ocr_par' dir='ltr' id='par_1_28' title="bbox 2030 1500 3605 1573">
     <span class='ocr_line' id='line_1_28' title="bbox 2030 1500 3605 1573; baseline 0.001 -15"><span class='ocrx_word' id='word_1_199' title='bbox 2030 1514 2215 1573; x_wconf 86' lang='lat' dir='ltr'><strong>partes</strong></span> <span class='ocrx_word' id='word_1_200' title='bbox 2242 1505 2517 1571; x_wconf 83' lang='lat' dir='ltr'><strong>invadere,</strong></span> <span class='ocrx_word' id='word_1_201' title='bbox 2552 1505 2694 1560; x_wconf 90' lang='lat' dir='ltr'><strong>muri</strong></span> <span class='ocrx_word' id='word_1_202' title='bbox 2728 1503 3110 1558; x_wconf 82' lang='lat' dir='ltr'><strong>interdictione</strong></span> <span class='ocrx_word' id='word_1_203' title='bbox 3149 1512 3455 1567; x_wconf 90' lang='lat' dir='ltr'><strong>constante,</strong></span> <span class='ocrx_word' id='word_1_204' title='bbox 3497 1500 3605 1559; x_wconf 83' lang='lat' dir='ltr'><strong>nisi</strong></span> 
     </span>
    </p>
   </div>
   <div class='ocr_carea' id='block_1_29' title="bbox 2028 1593 3606 1667">
    <p class='ocr_par' dir='ltr' id='par_1_29' title="bbox 2028 1593 3606 1667">
     <span class='ocr_line' id='line_1_29' title="bbox 2028 1593 3606 1667; baseline 0.002 -19"><span class='ocrx_word' id='word_1_205' title='bbox 2028 1593 2167 1652; x_wconf 89' lang='lat' dir='ltr'><strong>forte</strong></span> <span class='ocrx_word' id='word_1_206' title='bbox 2204 1596 2359 1666; x_wconf 89' lang='lat' dir='ltr'><strong>prius</strong></span> <span class='ocrx_word' id='word_1_207' title='bbox 2388 1596 2696 1667; x_wconf 87' lang='lat' dir='ltr'><strong>dejiciatur,</strong></span> <span class='ocrx_word' id='word_1_208' title='bbox 2728 1595 2872 1651; x_wconf 86' lang='lat' dir='ltr'><strong>sicut</strong></span> <span class='ocrx_word' id='word_1_209' title='bbox 2901 1594 3212 1649; x_wconf 87' lang='lat' dir='ltr'><strong>audivimus</strong></span> <span class='ocrx_word' id='word_1_210' title='bbox 3238 1597 3308 1649; x_wconf 87' lang='lat' dir='ltr'><strong>ab</strong></span> <span class='ocrx_word' id='word_1_211' title='bbox 3351 1594 3606 1651; x_wconf 76' lang='lat' dir='ltr'><strong>hostibus</strong></span> 
     </span>
    </p>
   </div>
   <div class='ocr_carea' id='block_1_30' title="bbox 2027 1686 3609 1759">
    <p class='ocr_par' dir='ltr' id='par_1_30' title="bbox 2027 1686 3609 1759">
     <span class='ocr_line' id='line_1_30' title="bbox 2027 1686 3609 1759; baseline -0.001 -16"><span class='ocrx_word' id='word_1_212' title='bbox 2027 1687 2165 1755; x_wconf 84' lang='lat' dir='ltr'><strong>ﬁeri,</strong></span> <span class='ocrx_word' id='word_1_213' title='bbox 2218 1698 2382 1759; x_wconf 88' lang='lat' dir='ltr'><strong>atque</strong></span> <span class='ocrx_word' id='word_1_214' title='bbox 2428 1691 2592 1744; x_wconf 90' lang='lat' dir='ltr'><strong>etiam</strong></span> <span class='ocrx_word' id='word_1_215' title='bbox 2639 1688 2813 1743; x_wconf 90' lang='lat' dir='ltr'><strong>oculis</strong></span> <span class='ocrx_word' id='word_1_216' title='bbox 2858 1686 3062 1742; x_wconf 86' lang='lat' dir='ltr'><strong>nostris</strong></span> <span class='ocrx_word' id='word_1_217' title='bbox 3109 1702 3283 1756; x_wconf 84' lang='lat' dir='ltr'><strong>nuper</strong></span> <span class='ocrx_word' id='word_1_218' title='bbox 3318 1686 3609 1755; x_wconf 85' lang='lat' dir='ltr'><strong>conspexi-</strong></span> 
     </span>
    </p>
   </div>
   <div class='ocr_carea' id='block_1_31' title="bbox 2026 1778 3606 1852">
    <p class='ocr_par' dir='ltr' id='par_1_31' title="bbox 2026 1778 3606 1852">
     <span class='ocr_line' id='line_1_31' title="bbox 2026 1778 3606 1852; baseline -0.001 -17"><span class='ocrx_word' id='word_1_219' title='bbox 2026 1796 2152 1837; x_wconf 87' lang='lat' dir='ltr'><strong>mus</strong></span> <span class='ocrx_word' id='word_1_220' title='bbox 2179 1780 2312 1852; x_wconf 73' lang='lat' dir='ltr'><strong>(l2).</strong></span> <span class='ocrx_word' id='word_1_221' title='bbox 2338 1780 2476 1836; x_wconf 90' lang='lat' dir='ltr'><strong>Cum</strong></span> <span class='ocrx_word' id='word_1_222' title='bbox 2511 1796 2606 1836; x_wconf 88' lang='lat' dir='ltr'><strong>rex</strong></span> <span class='ocrx_word' id='word_1_223' title='bbox 2641 1779 2840 1849; x_wconf 88' lang='lat' dir='ltr'><strong>aliquis</strong></span> <span class='ocrx_word' id='word_1_224' title='bbox 2881 1786 3156 1849; x_wconf 79' lang='lat' dir='ltr'><strong>oppugnat</strong></span> <span class='ocrx_word' id='word_1_225' title='bbox 3186 1778 3379 1833; x_wconf 85' lang='lat' dir='ltr'><strong>turrim</strong></span> <span class='ocrx_word' id='word_1_226' title='bbox 3425 1778 3606 1834; x_wconf 88' lang='lat' dir='ltr'><strong>valido</strong></span> 
     </span>
    </p>
   </div>
   <div class='ocr_carea' id='block_1_32' title="bbox 2028 1868 3606 1938">
    <p class='ocr_par' dir='ltr' id='par_1_32' title="bbox 2028 1868 3606 1938">
     <span class='ocr_line' id='line_1_32' title="bbox 2028 1868 3606 1938; baseline -0.001 -13"><span class='ocrx_word' id='word_1_227' title='bbox 2028 1885 2187 1927; x_wconf 89' lang='lat' dir='ltr'><strong>muro</strong></span> <span class='ocrx_word' id='word_1_228' title='bbox 2228 1872 2645 1934; x_wconf 86' lang='lat' dir='ltr'><strong>circumdatam,</strong></span> <span class='ocrx_word' id='word_1_229' title='bbox 2688 1869 2914 1925; x_wconf 86' lang='lat' dir='ltr'><strong>adhibet</strong></span> <span class='ocrx_word' id='word_1_230' title='bbox 2948 1869 3125 1938; x_wconf 87' lang='lat' dir='ltr'><strong>primo</strong></span> <span class='ocrx_word' id='word_1_231' title='bbox 3156 1868 3402 1924; x_wconf 85' lang='lat' dir='ltr'><strong>ballistas</strong></span> <span class='ocrx_word' id='word_1_232' title='bbox 3439 1877 3495 1923; x_wconf 87' lang='lat' dir='ltr'><strong>et</strong></span> <span class='ocrx_word' id='word_1_233' title='bbox 3519 1868 3606 1938; x_wconf 90' lang='lat' dir='ltr'><strong>ja-</strong></span> 
     </span>
    </p>
   </div>
   <div class='ocr_carea' id='block_1_33' title="bbox 352 1958 3603 2045">
    <p class='ocr_par' dir='ltr' id='par_1_33' title="bbox 352 1958 3603 2045">
     <span class='ocr_line' id='line_1_33' title="bbox 352 1958 3603 2045; baseline 0.001 -19"><span class='ocrx_word' id='word_1_234' title='bbox 352 1974 500 2029; x_wconf 90' lang='lat' dir='ltr'><strong>modi</strong></span> <span class='ocrx_word' id='word_1_235' title='bbox 528 1974 729 2031; x_wconf 90' lang='lat' dir='ltr'><strong>divisio</strong></span> <span class='ocrx_word' id='word_1_236' title='bbox 761 1975 1018 2032; x_wconf 41' lang='lat' dir='ltr'><strong>fraternae</strong></span> <span class='ocrx_word' id='word_1_237' title='bbox 1035 1979 1212 2045; x_wconf 86' lang='lat' dir='ltr'><strong>potius</strong></span> <span class='ocrx_word' id='word_1_238' title='bbox 1279 1977 1610 2033; x_wconf 70' lang='lat' dir='ltr'><strong>hazreditatis</strong></span> <span class='ocrx_word' id='word_1_239' title='bbox 1661 1975 1732 2029; x_wconf 89' lang='lat' dir='ltr'><strong>sit</strong></span> <span class='ocrx_word' id='word_1_240' title='bbox 1766 1974 1925 2029; x_wconf 90' lang='lat' dir='ltr'><strong>ratio.</strong></span> <span class='ocrx_word' id='word_1_241' title='bbox 1958 1958 2000 2014; x_wconf 74' lang='grc' dir='ltr'><strong>Β</strong></span> <span class='ocrx_word' id='word_1_242' title='bbox 2028 1962 2173 2029; x_wconf 66' lang='lat' dir='ltr'><strong>Gula.</strong></span> <span class='ocrx_word' id='word_1_243' title='bbox 2196 1962 2481 2019; x_wconf 66' lang='lat' dir='ltr'><strong>securibus</strong></span> <span class='ocrx_word' id='word_1_244' title='bbox 2504 1962 2699 2019; x_wconf 67' lang='lat' dir='ltr'><strong>deinde</strong></span> <span class='ocrx_word' id='word_1_245' title='bbox 2731 1970 2916 2031; x_wconf 63' lang='grc' dir='ltr'><strong>Ροτιειΰ</strong></span> <span class='ocrx_word' id='word_1_246' title='bbox 2940 1960 3192 2015; x_wconf 62' lang='lat' dir='ltr'><strong>exemere</strong></span> <span class='ocrx_word' id='word_1_247' title='bbox 3212 1968 3377 2029; x_wconf 50' lang='lat' dir='ltr'><strong>atque</strong></span> <span class='ocrx_word' id='word_1_248' title='bbox 3409 1958 3603 2017; x_wconf 70' lang='grc' dir='ltr'><strong>πίθίίο</strong></span> 
     </span>
    </p>
   </div>
   <div class='ocr_carea' id='block_1_34' title="bbox 358 2061 1930 2137">
    <p class='ocr_par' dir='ltr' id='par_1_34' title="bbox 358 2061 1930 2137">
     <span class='ocr_line' id='line_1_34' title="bbox 358 2061 1930 2137; baseline 0 -20"><span class='ocrx_word' id='word_1_249' title='bbox 358 2061 554 2119; x_wconf 83' lang='lat' dir='ltr'><strong>Verum</strong></span> <span class='ocrx_word' id='word_1_250' title='bbox 585 2081 733 2121; x_wconf 88' lang='lat' dir='ltr'><strong>nunc</strong></span> <span class='ocrx_word' id='word_1_251' title='bbox 761 2080 869 2120; x_wconf 90' lang='lat' dir='ltr'><strong>non</strong></span> <span class='ocrx_word' id='word_1_252' title='bbox 908 2076 993 2121; x_wconf 89' lang='lat' dir='ltr'><strong>est</strong></span> <span class='ocrx_word' id='word_1_253' title='bbox 1023 2066 1153 2120; x_wconf 88' lang='lat' dir='ltr'><strong>mihi</strong></span> <span class='ocrx_word' id='word_1_254' title='bbox 1194 2067 1261 2123; x_wconf 89' lang='lat' dir='ltr'><strong>de</strong></span> <span class='ocrx_word' id='word_1_255' title='bbox 1289 2066 1377 2122; x_wconf 86' lang='lat' dir='ltr'><strong>his</strong></span> <span class='ocrx_word' id='word_1_256' title='bbox 1411 2066 1721 2129; x_wconf 86' lang='lat' dir='ltr'><strong>dicendum,</strong></span> <span class='ocrx_word' id='word_1_257' title='bbox 1753 2081 1930 2137; x_wconf 83' lang='lat' dir='ltr'><strong>quau-</strong></span> 
     </span>
    </p>
   </div>
   <div class='ocr_carea' id='block_1_35' title="bbox 350 2156 1928 2227">
    <p class='ocr_par' dir='ltr' id='par_1_35' title="bbox 350 2156 1928 2227">
     <span class='ocr_line' id='line_1_35' title="bbox 350 2156 1928 2227; baseline 0.001 -17"><span class='ocrx_word' id='word_1_258' title='bbox 350 2170 517 2225; x_wconf 90' lang='lat' dir='ltr'><strong>quam</strong></span> <span class='ocrx_word' id='word_1_259' title='bbox 561 2158 928 2214; x_wconf 90' lang='lat' dir='ltr'><strong>necessarium</strong></span> <span class='ocrx_word' id='word_1_260' title='bbox 977 2158 1256 2225; x_wconf 87' lang='lat' dir='ltr'><strong>videatur;</strong></span> <span class='ocrx_word' id='word_1_261' title='bbox 1311 2174 1436 2213; x_wconf 92' lang='lat' dir='ltr'><strong>nam</strong></span> <span class='ocrx_word' id='word_1_262' title='bbox 1474 2158 1608 2213; x_wconf 89' lang='lat' dir='ltr'><strong>illud</strong></span> <span class='ocrx_word' id='word_1_263' title='bbox 1650 2168 1732 2214; x_wconf 90' lang='lat' dir='ltr'><strong>est</strong></span> <span class='ocrx_word' id='word_1_264' title='bbox 1782 2156 1928 2227; x_wconf 90' lang='lat' dir='ltr'><strong>quod</strong></span> 
     </span>
    </p>
   </div>
   <div class='ocr_carea' id='block_1_36' title="bbox 350 2249 1929 2321">
    <p class='ocr_par' dir='ltr' id='par_1_36' title="bbox 350 2249 1929 2321">
     <span class='ocr_line' id='line_1_36' title="bbox 350 2249 1929 2321; baseline 0.001 -20"><span class='ocrx_word' id='word_1_265' title='bbox 350 2249 610 2319; x_wconf 87' lang='lat' dir='ltr'><strong>petimus,</strong></span> <span class='ocrx_word' id='word_1_266' title='bbox 640 2251 765 2319; x_wconf 91' lang='lat' dir='ltr'><strong>quis</strong></span> <span class='ocrx_word' id='word_1_267' title='bbox 803 2259 887 2305; x_wconf 88' lang='lat' dir='ltr'><strong>est</strong></span> <span class='ocrx_word' id='word_1_268' title='bbox 917 2250 1011 2321; x_wconf 87' lang='lat' dir='ltr'><strong>qui</strong></span> <span class='ocrx_word' id='word_1_269' title='bbox 1043 2251 1378 2306; x_wconf 87' lang='lat' dir='ltr'><strong>exstruxerit</strong></span> <span class='ocrx_word' id='word_1_270' title='bbox 1412 2266 1629 2305; x_wconf 89' lang='lat' dir='ltr'><strong>murum</strong></span> <span class='ocrx_word' id='word_1_271' title='bbox 1672 2251 1739 2305; x_wconf 88' lang='lat' dir='ltr'><strong>ad</strong></span> <span class='ocrx_word' id='word_1_272' title='bbox 1787 2249 1929 2304; x_wconf 84' lang='lat' dir='ltr'><strong>desi-</strong></span> 
     </span>
    </p>
   </div>
   <div class='ocr_carea' id='block_1_37' title="bbox 350 2341 1931 2415">
    <p class='ocr_par' dir='ltr' id='par_1_37' title="bbox 350 2341 1931 2415">
     <span class='ocr_line' id='line_1_37' title="bbox 350 2341 1931 2415; baseline 0.001 -20"><span class='ocrx_word' id='word_1_273' title='bbox 350 2342 627 2411; x_wconf 87' lang='lat' dir='ltr'><strong>gnandum</strong></span> <span class='ocrx_word' id='word_1_274' title='bbox 653 2343 1087 2413; x_wconf 85' lang='lat' dir='ltr'><strong>uniuscujusque</strong></span> <span class='ocrx_word' id='word_1_275' title='bbox 1109 2344 1401 2398; x_wconf 88' lang='lat' dir='ltr'><strong>terminum</strong></span> <span class='ocrx_word' id='word_1_276' title='bbox 1424 2343 1613 2415; x_wconf 91' lang='lat' dir='ltr'><strong>regni?</strong></span> <span class='ocrx_word' id='word_1_277' title='bbox 1638 2341 1755 2396; x_wconf 86' lang='lat' dir='ltr'><strong>Non</strong></span> <span class='ocrx_word' id='word_1_278' title='bbox 1777 2342 1931 2397; x_wconf 88' lang='lat' dir='ltr'><strong>dixe-</strong></span> 
     </span>
    </p>
   </div>
   <div class='ocr_carea' id='block_1_38' title="bbox 352 2433 1930 2505">
    <p class='ocr_par' dir='ltr' id='par_1_38' title="bbox 352 2433 1930 2505">
     <span class='ocr_line' id='line_1_38' title="bbox 352 2433 1930 2505; baseline 0 -17"><span class='ocrx_word' id='word_1_279' title='bbox 352 2442 473 2500; x_wconf 83' lang='lat' dir='ltr'><strong>rat;</strong></span> <span class='ocrx_word' id='word_1_280' title='bbox 504 2433 629 2489; x_wconf 91' lang='lat' dir='ltr'><strong>nolo</strong></span> <span class='ocrx_word' id='word_1_281' title='bbox 656 2443 899 2489; x_wconf 88' lang='lat' dir='ltr'><strong>moretur</strong></span> <span class='ocrx_word' id='word_1_282' title='bbox 933 2436 1019 2490; x_wconf 86' lang='lat' dir='ltr'><strong>hic</strong></span> <span class='ocrx_word' id='word_1_283' title='bbox 1045 2434 1303 2502; x_wconf 82' lang='lat' dir='ltr'><strong>perfidus,</strong></span> <span class='ocrx_word' id='word_1_284' title='bbox 1341 2435 1434 2491; x_wconf 90' lang='lat' dir='ltr'><strong>sed</strong></span> <span class='ocrx_word' id='word_1_285' title='bbox 1465 2434 1579 2505; x_wconf 90' lang='lat' dir='ltr'><strong>jam</strong></span> <span class='ocrx_word' id='word_1_286' title='bbox 1607 2433 1930 2490; x_wconf 81' lang='lat' dir='ltr'><strong>conﬁteatur</strong></span> 
     </span>
    </p>
   </div>
   <div class='ocr_carea' id='block_1_39' title="bbox 348 2523 1923 2583">
    <p class='ocr_par' dir='ltr' id='par_1_39' title="bbox 348 2523 1923 2583">
     <span class='ocr_line' id='line_1_39' title="bbox 348 2523 1923 2583; baseline 0.001 -2"><span class='ocrx_word' id='word_1_287' title='bbox 348 2523 634 2581; x_wconf 84' lang='lat' dir='ltr'><strong>dualitatis</strong></span> <span class='ocrx_word' id='word_1_288' title='bbox 667 2541 781 2581; x_wconf 71' lang='lat' dir='ltr'><strong>suae</strong></span> <span class='ocrx_word' id='word_1_289' title='bbox 817 2527 870 2581; x_wconf 94' lang='lat' dir='ltr'><strong>in</strong></span> <span class='ocrx_word' id='word_1_290' title='bbox 907 2542 1076 2581; x_wconf 91' lang='lat' dir='ltr'><strong>unum</strong></span> <span class='ocrx_word' id='word_1_291' title='bbox 1110 2526 1353 2582; x_wconf 90' lang='lat' dir='ltr'><strong>refusam</strong></span> <span class='ocrx_word' id='word_1_292' title='bbox 1387 2542 1509 2583; x_wconf 80' lang='lat' dir='ltr'><strong>esse</strong></span> <span class='ocrx_word' id='word_1_293' title='bbox 1537 2527 1923 2583; x_wconf 88' lang='lat' dir='ltr'><strong>substantiam.</strong></span> 
     </span>
    </p>
   </div>
   <div class='ocr_carea' id='block_1_40' title="bbox 349 2614 1923 2691">
    <p class='ocr_par' dir='ltr' id='par_1_40' title="bbox 349 2614 1923 2691">
     <span class='ocr_line' id='line_1_40' title="bbox 349 2614 1923 2691; baseline 0.002 -20"><span class='ocrx_word' id='word_1_294' title='bbox 349 2614 506 2673; x_wconf 84' lang='lat' dir='ltr'><strong>Dicat</strong></span> <span class='ocrx_word' id='word_1_295' title='bbox 532 2633 881 2689; x_wconf 90' lang='lat' dir='ltr'><strong>quemquam,</strong></span> <span class='ocrx_word' id='word_1_296' title='bbox 918 2620 1009 2691; x_wconf 92' lang='lat' dir='ltr'><strong>qui</strong></span> <span class='ocrx_word' id='word_1_297' title='bbox 1035 2619 1273 2675; x_wconf 92' lang='lat' dir='ltr'><strong>medium</strong></span> <span class='ocrx_word' id='word_1_298' title='bbox 1314 2618 1645 2674; x_wconf 81' lang='lat' dir='ltr'><strong>exstruxcrit</strong></span> <span class='ocrx_word' id='word_1_299' title='bbox 1683 2635 1923 2674; x_wconf 87' lang='lat' dir='ltr'><strong>nmrum.</strong></span> 
     </span>
    </p>
   </div>
   <div class='ocr_carea' id='block_1_41' title="bbox 347 2705 1926 2780">
    <p class='ocr_par' dir='ltr' id='par_1_41' title="bbox 347 2705 1926 2780">
     <span class='ocr_line' id='line_1_41' title="bbox 347 2705 1926 2780; baseline 0.001 -17"><span class='ocrx_word' id='word_1_300' title='bbox 347 2705 490 2776; x_wconf 88' lang='lat' dir='ltr'><strong>Quid</strong></span> <span class='ocrx_word' id='word_1_301' title='bbox 538 2710 731 2780; x_wconf 83' lang='lat' dir='ltr'><strong>agebat</strong></span> <span class='ocrx_word' id='word_1_302' title='bbox 780 2710 937 2775; x_wconf 89' lang='lat' dir='ltr'><strong>alter,</strong></span> <span class='ocrx_word' id='word_1_303' title='bbox 982 2712 1152 2766; x_wconf 90' lang='lat' dir='ltr'><strong>altero</strong></span> <span class='ocrx_word' id='word_1_304' title='bbox 1191 2710 1539 2767; x_wconf 88' lang='lat' dir='ltr'><strong>instruente?</strong></span> <span class='ocrx_word' id='word_1_305' title='bbox 1594 2709 1926 2776; x_wconf 85' lang='lat' dir='ltr'><strong>Dormiebat,</strong></span> 
     </span>
    </p>
   </div>
   <div class='ocr_carea' id='block_1_42' title="bbox 348 2800 1928 2873">
    <p class='ocr_par' dir='ltr' id='par_1_42' title="bbox 348 2800 1928 2873">
     <span class='ocr_line' id='line_1_42' title="bbox 348 2800 1928 2873; baseline 0.003 -20"><span class='ocrx_word' id='word_1_306' title='bbox 348 2808 444 2853; x_wconf 87' lang='lat' dir='ltr'><strong>aut</strong></span> <span class='ocrx_word' id='word_1_307' title='bbox 481 2800 785 2870; x_wconf 76' lang='lat' dir='ltr'><strong>ignorabat,</strong></span> <span class='ocrx_word' id='word_1_308' title='bbox 820 2811 914 2860; x_wconf 90' lang='lat' dir='ltr'><strong>aut</strong></span> <span class='ocrx_word' id='word_1_309' title='bbox 956 2803 1212 2859; x_wconf 88' lang='lat' dir='ltr'><strong>resistere</strong></span> <span class='ocrx_word' id='word_1_310' title='bbox 1250 2818 1358 2858; x_wconf 89' lang='lat' dir='ltr'><strong>non</strong></span> <span class='ocrx_word' id='word_1_311' title='bbox 1389 2803 1574 2868; x_wconf 87' lang='lat' dir='ltr'><strong>valuit,</strong></span> <span class='ocrx_word' id='word_1_312' title='bbox 1621 2810 1717 2858; x_wconf 91' lang='lat' dir='ltr'><strong>aut</strong></span> <span class='ocrx_word' id='word_1_313' title='bbox 1748 2805 1928 2873; x_wconf 85' lang='lat' dir='ltr'><strong>pretio</strong></span> 
     </span>
    </p>
   </div>
   <div class='ocr_carea' id='block_1_43' title="bbox 349 2892 1925 2966">
    <p class='ocr_par' dir='ltr' id='par_1_43' title="bbox 349 2892 1925 2966">
     <span class='ocr_line' id='line_1_43' title="bbox 349 2892 1925 2966; baseline 0.004 -22"><span class='ocrx_word' id='word_1_314' title='bbox 349 2893 667 2947; x_wconf 75' lang='lat' dir='ltr'><strong>concessit?</strong></span> <span class='ocrx_word' id='word_1_315' title='bbox 693 2892 789 2949; x_wconf 92' lang='lat' dir='ltr'><strong>Die</strong></span> <span class='ocrx_word' id='word_1_316' title='bbox 830 2893 961 2964; x_wconf 88' lang='lat' dir='ltr'><strong>quid</strong></span> <span class='ocrx_word' id='word_1_317' title='bbox 993 2893 1245 2962; x_wconf 83' lang='lat' dir='ltr'><strong>faciebat,</strong></span> <span class='ocrx_word' id='word_1_318' title='bbox 1279 2893 1365 2949; x_wconf 89' lang='lat' dir='ltr'><strong>vel</strong></span> <span class='ocrx_word' id='word_1_319' title='bbox 1406 2896 1531 2966; x_wconf 90' lang='lat' dir='ltr'><strong>quis</strong></span> <span class='ocrx_word' id='word_1_320' title='bbox 1561 2904 1646 2951; x_wconf 90' lang='lat' dir='ltr'><strong>est</strong></span> <span class='ocrx_word' id='word_1_321' title='bbox 1679 2895 1925 2964; x_wconf 88' lang='lat' dir='ltr'><strong>omnino,</strong></span> 
     </span>
    </p>
   </div>
   <div class='ocr_carea' id='block_1_44' title="bbox 347 2982 1928 3059">
    <p class='ocr_par' dir='ltr' id='par_1_44' title="bbox 347 2982 1928 3059">
     <span class='ocr_line' id='line_1_44' title="bbox 347 2982 1928 3059; baseline 0.004 -21"><span class='ocrx_word' id='word_1_322' title='bbox 347 2984 443 3054; x_wconf 93' lang='lat' dir='ltr'><strong>qui</strong></span> <span class='ocrx_word' id='word_1_323' title='bbox 490 2985 799 3041; x_wconf 81' lang='lat' dir='ltr'><strong>exstruxit?</strong></span> <span class='ocrx_word' id='word_1_324' title='bbox 847 2982 957 3042; x_wconf 81' lang='lat' dir='ltr'><strong>Vos</strong></span> <span class='ocrx_word' id='word_1_325' title='bbox 999 2987 1284 3057; x_wconf 75' lang='lat' dir='ltr'><strong>deprecor,</strong></span> <span class='ocrx_word' id='word_1_326' title='bbox 1314 2986 1552 3057; x_wconf 89' lang='lat' dir='ltr'><strong>judices,</strong></span> <span class='ocrx_word' id='word_1_327' title='bbox 1595 3002 1736 3059; x_wconf 89' lang='lat' dir='ltr'><strong>quos</strong></span> <span class='ocrx_word' id='word_1_328' title='bbox 1783 2987 1928 3045; x_wconf 87' lang='lat' dir='ltr'><strong>Deus</strong></span> 
     </span>
    </p>
   </div>
   <div class='ocr_carea' id='block_1_45' title="bbox 345 3073 1923 3149">
    <p class='ocr_par' dir='ltr' id='par_1_45' title="bbox 345 3073 1923 3149">
     <span class='ocr_line' id='line_1_45' title="bbox 345 3073 1923 3149; baseline 0.004 -21"><span class='ocrx_word' id='word_1_329' title='bbox 345 3073 665 3144; x_wconf 79' lang='lat' dir='ltr'><strong>plenissime</strong></span> <span class='ocrx_word' id='word_1_330' title='bbox 695 3076 929 3145; x_wconf 84' lang='lat' dir='ltr'><strong>repletos</strong></span> <span class='ocrx_word' id='word_1_331' title='bbox 964 3077 1239 3133; x_wconf 89' lang='lat' dir='ltr'><strong>intellectu</strong></span> <span class='ocrx_word' id='word_1_332' title='bbox 1278 3077 1430 3133; x_wconf 88' lang='lat' dir='ltr'><strong>misit</strong></span> <span class='ocrx_word' id='word_1_333' title='bbox 1454 3078 1635 3144; x_wconf 90' lang='lat' dir='ltr'><strong>nobis,</strong></span> <span class='ocrx_word' id='word_1_334' title='bbox 1657 3079 1923 3149; x_wconf 87' lang='lat' dir='ltr'><strong>judicatc,</strong></span> 
     </span>
    </p>
   </div>
   <div class='ocr_carea' id='block_1_46' title="bbox 346 3167 1922 3242">
    <p class='ocr_par' dir='ltr' id='par_1_46' title="bbox 346 3167 1922 3242">
     <span class='ocr_line' id='line_1_46' title="bbox 346 3167 1922 3242; baseline 0.004 -22"><span class='ocrx_word' id='word_1_335' title='bbox 346 3167 472 3236; x_wconf 89' lang='lat' dir='ltr'><strong>quis</strong></span> <span class='ocrx_word' id='word_1_336' title='bbox 516 3182 583 3222; x_wconf 86' lang='lat' dir='ltr'><strong>ex</strong></span> <span class='ocrx_word' id='word_1_337' title='bbox 616 3168 834 3223; x_wconf 91' lang='lat' dir='ltr'><strong>duobus</strong></span> <span class='ocrx_word' id='word_1_338' title='bbox 868 3169 1221 3237; x_wconf 86' lang='lat' dir='ltr'><strong>exstruxerit,</strong></span> <span class='ocrx_word' id='word_1_339' title='bbox 1261 3178 1316 3223; x_wconf 90' lang='lat' dir='ltr'><strong>et</strong></span> <span class='ocrx_word' id='word_1_340' title='bbox 1356 3168 1488 3241; x_wconf 89' lang='lat' dir='ltr'><strong>quid</strong></span> <span class='ocrx_word' id='word_1_341' title='bbox 1529 3170 1723 3242; x_wconf 86' lang='lat' dir='ltr'><strong>agebat</strong></span> <span class='ocrx_word' id='word_1_342' title='bbox 1758 3187 1922 3241; x_wconf 88' lang='lat' dir='ltr'><strong>unus,</strong></span> 
     </span>
    </p>
   </div>
   <div class='ocr_carea' id='block_1_47' title="bbox 344 3259 1032 3318">
    <p class='ocr_par' dir='ltr' id='par_1_47' title="bbox 344 3259 1032 3318">
     <span class='ocr_line' id='line_1_47' title="bbox 344 3259 1032 3318; baseline 0.004 -3"><span class='ocrx_word' id='word_1_343' title='bbox 344 3274 471 3315; x_wconf 85' lang='lat' dir='ltr'><strong>cum</strong></span> <span class='ocrx_word' id='word_1_344' title='bbox 508 3259 643 3315; x_wconf 82' lang='lat' dir='ltr'><strong>alter</strong></span> <span class='ocrx_word' id='word_1_345' title='bbox 670 3270 1032 3318; x_wconf 82' lang='lat' dir='ltr'><strong>exstruxerat.</strong></span> 
     </span>
    </p>
   </div>
   <div class='ocr_carea' id='block_1_48' title="bbox 422 3349 1920 3423">
    <p class='ocr_par' dir='ltr' id='par_1_48' title="bbox 422 3349 1920 3423">
     <span class='ocr_line' id='line_1_48' title="bbox 422 3349 1920 3423; baseline 0.005 -19"><span class='ocrx_word' id='word_1_346' title='bbox 422 3349 611 3407; x_wconf 81' lang='lat' dir='ltr'><strong>XXIV.</strong></span> <span class='ocrx_word' id='word_1_347' title='bbox 650 3350 866 3407; x_wconf 75' lang='lat' dir='ltr'><strong>Iudices</strong></span> <span class='ocrx_word' id='word_1_348' title='bbox 914 3354 1210 3409; x_wconf 70' lang='lat' dir='ltr'><strong>dixerunt:</strong></span> <span class='ocrx_word' id='word_1_349' title='bbox 1250 3353 1348 3411; x_wconf 88' lang='lat' dir='ltr'><strong>Dic</strong></span> <span class='ocrx_word' id='word_1_350' title='bbox 1389 3354 1570 3420; x_wconf 87' lang='lat' dir='ltr'><strong>nobis,</strong></span> <span class='ocrx_word' id='word_1_351' title='bbox 1620 3369 1655 3410; x_wconf 93' lang='lat' dir='ltr'><strong>o</strong></span> <span class='ocrx_word' id='word_1_352' title='bbox 1701 3354 1920 3423; x_wconf 79' lang='lat' dir='ltr'><strong>Manes,</strong></span> 
     </span>
    </p>
   </div>
   <div class='ocr_carea' id='block_1_49' title="bbox 344 3441 1924 3517">
    <p class='ocr_par' dir='ltr' id='par_1_49' title="bbox 344 3441 1924 3517">
     <span class='ocr_line' id='line_1_49' title="bbox 344 3441 1924 3517; baseline 0.004 -20"><span class='ocrx_word' id='word_1_353' title='bbox 344 3442 471 3514; x_wconf 79' lang='lat' dir='ltr'><strong>quis</strong></span> <span class='ocrx_word' id='word_1_354' title='bbox 510 3441 880 3514; x_wconf 86' lang='lat' dir='ltr'><strong>designaverit</strong></span> <span class='ocrx_word' id='word_1_355' title='bbox 913 3446 1050 3500; x_wconf 83' lang='lat' dir='ltr'><strong>lines</strong></span> <span class='ocrx_word' id='word_1_356' title='bbox 1080 3446 1367 3517; x_wconf 87' lang='lat' dir='ltr'><strong>utriusque</strong></span> <span class='ocrx_word' id='word_1_357' title='bbox 1414 3447 1589 3517; x_wconf 89' lang='lat' dir='ltr'><strong>regni,</strong></span> <span class='ocrx_word' id='word_1_358' title='bbox 1629 3448 1755 3517; x_wconf 90' lang='lat' dir='ltr'><strong>quis</strong></span> <span class='ocrx_word' id='word_1_359' title='bbox 1799 3462 1924 3503; x_wconf 90' lang='lat' dir='ltr'><strong>mu-</strong></span> 
     </span>
    </p>
   </div>
   <div class='ocr_carea' id='block_1_50' title="bbox 346 3533 1924 3609">
    <p class='ocr_par' dir='ltr' id='par_1_50' title="bbox 346 3533 1924 3609">
     <span class='ocr_line' id='line_1_50' title="bbox 346 3533 1924 3609; baseline 0.004 -19"><span class='ocrx_word' id='word_1_360' title='bbox 346 3550 468 3590; x_wconf 90' lang='lat' dir='ltr'><strong>rum</strong></span> <span class='ocrx_word' id='word_1_361' title='bbox 511 3533 700 3589; x_wconf 78' lang='lat' dir='ltr'><strong>fecerit</strong></span> <span class='ocrx_word' id='word_1_362' title='bbox 742 3536 1020 3590; x_wconf 89' lang='lat' dir='ltr'><strong>medium?</strong></span> <span class='ocrx_word' id='word_1_363' title='bbox 1054 3537 1156 3592; x_wconf 83' lang='lat' dir='ltr'><strong>Pro</strong></span> <span class='ocrx_word' id='word_1_364' title='bbox 1203 3552 1400 3609; x_wconf 86' lang='lat' dir='ltr'><strong>magno</strong></span> <span class='ocrx_word' id='word_1_365' title='bbox 1442 3538 1588 3593; x_wconf 83' lang='lat' dir='ltr'><strong>enim</strong></span> <span class='ocrx_word' id='word_1_366' title='bbox 1623 3539 1924 3595; x_wconf 83' lang='lat' dir='ltr'><strong>Archelaus</strong></span> 
     </span>
    </p>
   </div>
   <div class='ocr_carea' id='block_1_51' title="bbox 346 3626 1922 3702">
    <p class='ocr_par' dir='ltr' id='par_1_51' title="bbox 346 3626 1922 3702">
     <span class='ocr_line' id='line_1_51' title="bbox 346 3626 1922 3702; baseline 0.004 -21"><span class='ocrx_word' id='word_1_367' title='bbox 346 3626 827 3699; x_wconf 85' lang='lat' dir='ltr'><strong>interrogationem</strong></span> <span class='ocrx_word' id='word_1_368' title='bbox 888 3629 1075 3683; x_wconf 87' lang='lat' dir='ltr'><strong>haberi</strong></span> <span class='ocrx_word' id='word_1_369' title='bbox 1126 3629 1291 3700; x_wconf 87' lang='lat' dir='ltr'><strong>hujus</strong></span> <span class='ocrx_word' id='word_1_370' title='bbox 1342 3631 1612 3686; x_wconf 78' lang='lat' dir='ltr'><strong>sermonis</strong></span> <span class='ocrx_word' id='word_1_371' title='bbox 1653 3633 1922 3702; x_wconf 80' lang='lat' dir='ltr'><strong>exposcit.</strong></span> 
     </span>
    </p>
   </div>
   <div class='ocr_carea' id='block_1_52' title="bbox 347 3717 1923 3788">
    <p class='ocr_par' dir='ltr' id='par_1_52' title="bbox 347 3717 1923 3788">
     <span class='ocr_line' id='line_1_52' title="bbox 347 3717 1923 3788; baseline 0.003 -14"><span class='ocrx_word' id='word_1_372' title='bbox 347 3717 533 3774; x_wconf 68' lang='lat' dir='ltr'><strong>Mures</strong></span> <span class='ocrx_word' id='word_1_373' title='bbox 574 3718 758 3774; x_wconf 72' lang='lat' dir='ltr'><strong>dixit:</strong></span> <span class='ocrx_word' id='word_1_374' title='bbox 793 3718 979 3775; x_wconf 86' lang='lat' dir='ltr'><strong>Bonus</strong></span> <span class='ocrx_word' id='word_1_375' title='bbox 1029 3719 1194 3788; x_wconf 85' lang='lat' dir='ltr'><strong>Deus,</strong></span> <span class='ocrx_word' id='word_1_376' title='bbox 1247 3731 1300 3778; x_wconf 91' lang='lat' dir='ltr'><strong>et</strong></span> <span class='ocrx_word' id='word_1_377' title='bbox 1343 3723 1480 3777; x_wconf 90' lang='lat' dir='ltr'><strong>nihil</strong></span> <span class='ocrx_word' id='word_1_378' title='bbox 1524 3722 1732 3781; x_wconf 89' lang='lat' dir='ltr'><strong>habens</strong></span> <span class='ocrx_word' id='word_1_379' title='bbox 1768 3740 1923 3780; x_wconf 86' lang='lat' dir='ltr'><strong>com—</strong></span> 
     </span>
    </p>
   </div>
   <div class='ocr_carea' id='block_1_53' title="bbox 347 3812 1921 3885">
    <p class='ocr_par' dir='ltr' id='par_1_53' title="bbox 347 3812 1921 3885">
     <span class='ocr_line' id='line_1_53' title="bbox 347 3812 1921 3885; baseline 0.004 -18"><span class='ocrx_word' id='word_1_380' title='bbox 347 3826 516 3867; x_wconf 86' lang='lat' dir='ltr'><strong>mune</strong></span> <span class='ocrx_word' id='word_1_381' title='bbox 558 3827 685 3867; x_wconf 88' lang='lat' dir='ltr'><strong>cum</strong></span> <span class='ocrx_word' id='word_1_382' title='bbox 721 3813 888 3879; x_wconf 90' lang='lat' dir='ltr'><strong>malo,</strong></span> <span class='ocrx_word' id='word_1_383' title='bbox 933 3812 1337 3869; x_wconf 81' lang='lat' dir='ltr'><strong>firmamentum</strong></span> <span class='ocrx_word' id='word_1_384' title='bbox 1380 3816 1565 3885; x_wconf 89' lang='lat' dir='ltr'><strong>posuit</strong></span> <span class='ocrx_word' id='word_1_385' title='bbox 1612 3815 1669 3870; x_wconf 91' lang='lat' dir='ltr'><strong>in</strong></span> <span class='ocrx_word' id='word_1_386' title='bbox 1718 3818 1921 3883; x_wconf 87' lang='lat' dir='ltr'><strong>medio,</strong></span> 
     </span>
    </p>
   </div>
   <div class='ocr_carea' id='block_1_54' title="bbox 347 3905 1922 3983">
    <p class='ocr_par' dir='ltr' id='par_1_54' title="bbox 347 3905 1922 3983">
     <span class='ocr_line' id='line_1_54' title="bbox 347 3905 1922 3983; baseline 0.004 -22"><span class='ocrx_word' id='word_1_387' title='bbox 347 3922 461 3977; x_wconf 90' lang='lat' dir='ltr'><strong>quo</strong></span> <span class='ocrx_word' id='word_1_388' title='bbox 488 3905 728 3962; x_wconf 85' lang='lat' dir='ltr'><strong>alienum</strong></span> <span class='ocrx_word' id='word_1_389' title='bbox 759 3923 787 3961; x_wconf 92' lang='lat' dir='ltr'><strong>a</strong></span> <span class='ocrx_word' id='word_1_390' title='bbox 831 3922 892 3962; x_wconf 87' lang='lat' dir='ltr'><strong>se</strong></span> <span class='ocrx_word' id='word_1_391' title='bbox 931 3923 1056 3964; x_wconf 82' lang='lat' dir='ltr'><strong>esse</strong></span> <span class='ocrx_word' id='word_1_392' title='bbox 1098 3908 1426 3977; x_wconf 78' lang='lat' dir='ltr'><strong>patefaceret</strong></span> <span class='ocrx_word' id='word_1_393' title='bbox 1457 3911 1572 3982; x_wconf 81' lang='lat' dir='ltr'><strong>(ll)</strong></span> <span class='ocrx_word' id='word_1_394' title='bbox 1601 3913 1922 3983; x_wconf 78' lang='lat' dir='ltr'><strong>maiignum.</strong></span> 
     </span>
    </p>
   </div>
   <div class='ocr_carea' id='block_1_55' title="bbox 350 3998 1927 4072">
    <p class='ocr_par' dir='ltr' id='par_1_55' title="bbox 350 3998 1927 4072">
     <span class='ocr_line' id='line_1_55' title="bbox 350 3998 1927 4072; baseline 0.003 -19"><span class='ocrx_word' id='word_1_395' title='bbox 350 3998 643 4054; x_wconf 72' lang='lat' dir='ltr'><strong>Archelaus</strong></span> <span class='ocrx_word' id='word_1_396' title='bbox 684 4000 825 4054; x_wconf 69' lang='lat' dir='ltr'><strong>dixit</strong></span> <span class='ocrx_word' id='word_1_397' title='bbox 852 4014 869 4053; x_wconf 90' lang='lat'><strong><em>:</em></strong></span> <span class='ocrx_word' id='word_1_398' title='bbox 901 3998 1200 4071; x_wconf 84' lang='lat' dir='ltr'><strong>Usquequo</strong></span> <span class='ocrx_word' id='word_1_399' title='bbox 1221 4001 1480 4072; x_wconf 87' lang='lat' dir='ltr'><strong>dignitate</strong></span> <span class='ocrx_word' id='word_1_400' title='bbox 1509 4004 1748 4060; x_wconf 89' lang='lat' dir='ltr'><strong>nominis</strong></span> <span class='ocrx_word' id='word_1_401' title='bbox 1777 4020 1927 4059; x_wconf 56' lang='lat' dir='ltr'><strong>men-</strong></span> 
     </span>
    </p>
   </div>
   <div class='ocr_carea' id='block_1_56' title="bbox 348 4088 1923 4163">
    <p class='ocr_par' dir='ltr' id='par_1_56' title="bbox 348 4088 1923 4163">
     <span class='ocr_line' id='line_1_56' title="bbox 348 4088 1923 4163; baseline 0.003 -18"><span class='ocrx_word' id='word_1_402' title='bbox 348 4089 508 4146; x_wconf 83' lang='lat' dir='ltr'><strong>tiris?</strong></span> <span class='ocrx_word' id='word_1_403' title='bbox 559 4088 729 4145; x_wconf 89' lang='lat' dir='ltr'><strong>Deum</strong></span> <span class='ocrx_word' id='word_1_404' title='bbox 764 4089 964 4145; x_wconf 89' lang='lat' dir='ltr'><strong>etenim</strong></span> <span class='ocrx_word' id='word_1_405' title='bbox 1019 4090 1366 4145; x_wconf 84' lang='lat' dir='ltr'><strong>solummodo</strong></span> <span class='ocrx_word' id='word_1_406' title='bbox 1404 4093 1625 4147; x_wconf 88' lang='lat' dir='ltr'><strong>nomine</strong></span> <span class='ocrx_word' id='word_1_407' title='bbox 1661 4094 1923 4163; x_wconf 88' lang='lat' dir='ltr'><strong>appellas,</strong></span> 
     </span>
    </p>
   </div>
   <div class='ocr_carea' id='block_1_57' title="bbox 346 4181 1926 4258">
    <p class='ocr_par' dir='ltr' id='par_1_57' title="bbox 346 4181 1926 4258">
     <span class='ocr_line' id='line_1_57' title="bbox 346 4181 1926 4258; baseline 0.001 -20"><span class='ocrx_word' id='word_1_408' title='bbox 346 4191 404 4238; x_wconf 88' lang='lat' dir='ltr'><strong>et</strong></span> <span class='ocrx_word' id='word_1_409' title='bbox 435 4182 692 4237; x_wconf 84' lang='lat' dir='ltr'><strong>deitatem</strong></span> <span class='ocrx_word' id='word_1_410' title='bbox 741 4181 916 4253; x_wconf 83' lang='lat' dir='ltr'><strong>ipsius</strong></span> <span class='ocrx_word' id='word_1_411' title='bbox 959 4182 1219 4238; x_wconf 89' lang='lat' dir='ltr'><strong>humanis</strong></span> <span class='ocrx_word' id='word_1_412' title='bbox 1256 4182 1672 4239; x_wconf 79' lang='lat' dir='ltr'><strong>inﬁrmitatibus</strong></span> <span class='ocrx_word' id='word_1_413' title='bbox 1708 4200 1926 4258; x_wconf 81' lang='lat' dir='ltr'><strong>compa-</strong></span> 
     </span>
    </p>
   </div>
   <div class='ocr_carea' id='block_1_58' title="bbox 346 4276 1924 4348">
    <p class='ocr_par' dir='ltr' id='par_1_58' title="bbox 346 4276 1924 4348">
     <span class='ocr_line' id='line_1_58' title="bbox 346 4276 1924 4348; baseline 0 -15"><span class='ocrx_word' id='word_1_414' title='bbox 346 4292 461 4333; x_wconf 86' lang='lat' dir='ltr'><strong>ras.</strong></span> <span class='ocrx_word' id='word_1_415' title='bbox 500 4276 814 4348; x_wconf 77' lang='lat' dir='ltr'><strong>Aiiquando</strong></span> <span class='ocrx_word' id='word_1_416' title='bbox 854 4292 922 4331; x_wconf 88' lang='lat' dir='ltr'><strong>ex</strong></span> <span class='ocrx_word' id='word_1_417' title='bbox 965 4291 1075 4330; x_wconf 93' lang='lat' dir='ltr'><strong>non</strong></span> <span class='ocrx_word' id='word_1_418' title='bbox 1117 4276 1484 4338; x_wconf 85' lang='lat' dir='ltr'><strong>exstantibus,</strong></span> <span class='ocrx_word' id='word_1_419' title='bbox 1519 4276 1819 4345; x_wconf 87' lang='lat' dir='ltr'><strong>aliquando</strong></span> <span class='ocrx_word' id='word_1_420' title='bbox 1857 4292 1924 4333; x_wconf 90' lang='lat' dir='ltr'><strong>ex</strong></span> 
     </span>
    </p>
   </div>
   <div class='ocr_carea' id='block_1_59' title="bbox 348 4367 1927 4440">
    <p class='ocr_par' dir='ltr' id='par_1_59' title="bbox 348 4367 1927 4440">
     <span class='ocr_line' id='line_1_59' title="bbox 348 4367 1927 4440; baseline 0.001 -15"><span class='ocrx_word' id='word_1_421' title='bbox 348 4369 593 4440; x_wconf 85' lang='lat' dir='ltr'><strong>subjecta</strong></span> <span class='ocrx_word' id='word_1_422' title='bbox 627 4369 874 4436; x_wconf 84' lang='lat' dir='ltr'><strong>materia,</strong></span> <span class='ocrx_word' id='word_1_423' title='bbox 913 4383 1037 4440; x_wconf 67' lang='lat' dir='ltr'><strong>qua:</strong></span> <span class='ocrx_word' id='word_1_424' title='bbox 1058 4368 1276 4437; x_wconf 89' lang='lat' dir='ltr'><strong>quidem</strong></span> <span class='ocrx_word' id='word_1_425' title='bbox 1320 4376 1445 4422; x_wconf 87' lang='lat' dir='ltr'><strong>ante</strong></span> <span class='ocrx_word' id='word_1_426' title='bbox 1474 4384 1533 4423; x_wconf 91' lang='lat' dir='ltr'><strong>se</strong></span> <span class='ocrx_word' id='word_1_427' title='bbox 1558 4367 1742 4435; x_wconf 89' lang='lat' dir='ltr'><strong>fuerit,</strong></span> <span class='ocrx_word' id='word_1_428' title='bbox 1778 4384 1927 4425; x_wconf 81' lang='lat' dir='ltr'><strong>asse-</strong></span> 
     </span>
    </p>
   </div>
   <div class='ocr_carea' id='block_1_60' title="bbox 348 4459 1925 4528">
    <p class='ocr_par' dir='ltr' id='par_1_60' title="bbox 348 4459 1925 4528">
     <span class='ocr_line' id='line_1_60' title="bbox 348 4459 1925 4528; baseline -0.001 -11"><span class='ocrx_word' id='word_1_429' title='bbox 348 4463 429 4519; x_wconf 89' lang='lat' dir='ltr'><strong>ris</strong></span> <span class='ocrx_word' id='word_1_430' title='bbox 453 4463 812 4528; x_wconf 83' lang='lat' dir='ltr'><strong>exstruxisse,</strong></span> <span class='ocrx_word' id='word_1_431' title='bbox 844 4470 904 4517; x_wconf 90' lang='lat' dir='ltr'><strong>ut</strong></span> <span class='ocrx_word' id='word_1_432' title='bbox 933 4461 1180 4516; x_wconf 86' lang='lat' dir='ltr'><strong>homines</strong></span> <span class='ocrx_word' id='word_1_433' title='bbox 1207 4460 1385 4515; x_wconf 89' lang='lat' dir='ltr'><strong>solent</strong></span> <span class='ocrx_word' id='word_1_434' title='bbox 1410 4469 1802 4517; x_wconf 87' lang='lat' dir='ltr'><strong>exstructores.</strong></span> <span class='ocrx_word' id='word_1_435' title='bbox 1836 4459 1925 4516; x_wconf 84' lang='lat' dir='ltr'><strong>ln-</strong></span> 
     </span>
    </p>
   </div>
   <div class='ocr_carea' id='block_1_61' title="bbox 348 4551 1925 4616">
    <p class='ocr_par' dir='ltr' id='par_1_61' title="bbox 348 4551 1925 4616">
     <span class='ocr_line' id='line_1_61' title="bbox 348 4551 1925 4616; baseline 0 -7"><span class='ocrx_word' id='word_1_436' title='bbox 348 4554 561 4609; x_wconf 77' lang='lat' dir='ltr'><strong>terdum</strong></span> <span class='ocrx_word' id='word_1_437' title='bbox 592 4553 754 4609; x_wconf 89' lang='lat' dir='ltr'><strong>etiam</strong></span> <span class='ocrx_word' id='word_1_438' title='bbox 784 4568 909 4609; x_wconf 89' lang='lat' dir='ltr'><strong>eum</strong></span> <span class='ocrx_word' id='word_1_439' title='bbox 943 4552 1215 4616; x_wconf 89' lang='lat' dir='ltr'><strong>timidum,</strong></span> <span class='ocrx_word' id='word_1_440' title='bbox 1253 4551 1523 4607; x_wconf 84' lang='lat' dir='ltr'><strong>interdum</strong></span> <span class='ocrx_word' id='word_1_441' title='bbox 1557 4562 1611 4607; x_wconf 93' lang='lat' dir='ltr'><strong>ct</strong></span> <span class='ocrx_word' id='word_1_442' title='bbox 1652 4553 1925 4609; x_wconf 83' lang='lat' dir='ltr'><strong>converti—</strong></span> 
     </span>
    </p>
   </div>
   <div class='ocr_carea' id='block_1_62' title="bbox 1948 3301 1995 3362">
    <p class='ocr_par' dir='ltr' id='par_1_62' title="bbox 1948 3301 1995 3362">
     <span class='ocr_line' id='line_1_62' title="bbox 1948 3301 1995 3362; baseline 0 0"><span class='ocrx_word' id='word_1_443' title='bbox 1948 3301 1995 3362; x_wconf 88' lang='lat' dir='ltr'><strong><em>C</em></strong></span> 
     </span>
    </p>
   </div>
   <div class='ocr_carea' id='block_1_63' title="bbox 2028 2050 3607 2119">
    <p class='ocr_par' dir='ltr' id='par_1_63' title="bbox 2028 2050 3607 2119">
     <span class='ocr_line' id='line_1_63' title="bbox 2028 2050 3607 2119; baseline -0.005 -8"><span class='ocrx_word' id='word_1_444' title='bbox 2028 2056 2133 2112; x_wconf 89' lang='lat' dir='ltr'><strong>bus</strong></span> <span class='ocrx_word' id='word_1_445' title='bbox 2179 2071 2366 2112; x_wconf 91' lang='lat' dir='ltr'><strong>muros</strong></span> <span class='ocrx_word' id='word_1_446' title='bbox 2414 2063 2646 2112; x_wconf 89' lang='lat' dir='ltr'><strong>conatur</strong></span> <span class='ocrx_word' id='word_1_447' title='bbox 2690 2061 2962 2119; x_wconf 88' lang='lat' dir='ltr'><strong>evertere;</strong></span> <span class='ocrx_word' id='word_1_448' title='bbox 3009 2060 3065 2107; x_wconf 89' lang='lat' dir='ltr'><strong>et</strong></span> <span class='ocrx_word' id='word_1_449' title='bbox 3112 2066 3239 2107; x_wconf 89' lang='lat' dir='ltr'><strong>cum</strong></span> <span class='ocrx_word' id='word_1_450' title='bbox 3287 2050 3607 2118; x_wconf 79' lang='lat' dir='ltr'><strong>obtinuerit,</strong></span> 
     </span>
    </p>
   </div>
   <div class='ocr_carea' id='block_1_64' title="bbox 2029 2144 3613 2219">
    <p class='ocr_par' dir='ltr' id='par_1_64' title="bbox 2029 2144 3613 2219">
     <span class='ocr_line' id='line_1_64' title="bbox 2029 2144 3613 2219; baseline -0.001 -17"><span class='ocrx_word' id='word_1_451' title='bbox 2029 2157 2143 2203; x_wconf 92' lang='lat' dir='ltr'><strong>tum</strong></span> <span class='ocrx_word' id='word_1_452' title='bbox 2172 2148 2392 2203; x_wconf 85' lang='lat' dir='ltr'><strong>demum</strong></span> <span class='ocrx_word' id='word_1_453' title='bbox 2425 2150 2727 2219; x_wconf 77' lang='lat' dir='ltr'><strong>ingressus,</strong></span> <span class='ocrx_word' id='word_1_454' title='bbox 2771 2161 2895 2215; x_wconf 68' lang='lat' dir='ltr'><strong>qua:</strong></span> <span class='ocrx_word' id='word_1_455' title='bbox 2921 2144 3162 2211; x_wconf 89' lang='lat' dir='ltr'><strong>libuerit,</strong></span> <span class='ocrx_word' id='word_1_456' title='bbox 3201 2145 3334 2216; x_wconf 86' lang='lat' dir='ltr'><strong>agit,</strong></span> <span class='ocrx_word' id='word_1_457' title='bbox 3368 2144 3484 2200; x_wconf 83' lang='lat' dir='ltr'><strong>sive</strong></span> <span class='ocrx_word' id='word_1_458' title='bbox 3522 2159 3613 2200; x_wconf 87' lang='lat' dir='ltr'><strong>ea-</strong></span> 
     </span>
    </p>
   </div>
   <div class='ocr_carea' id='block_1_65' title="bbox 2028 2238 3607 2311">
    <p class='ocr_par' dir='ltr' id='par_1_65' title="bbox 2028 2238 3607 2311">
     <span class='ocr_line' id='line_1_65' title="bbox 2028 2238 3607 2311; baseline -0.002 -18"><span class='ocrx_word' id='word_1_459' title='bbox 2028 2241 2206 2311; x_wconf 83' lang='lat' dir='ltr'><strong>ptivos</strong></span> <span class='ocrx_word' id='word_1_460' title='bbox 2235 2240 2408 2311; x_wconf 88' lang='lat' dir='ltr'><strong>placet</strong></span> <span class='ocrx_word' id='word_1_461' title='bbox 2425 2241 2573 2295; x_wconf 86' lang='lat' dir='ltr'><strong>cives</strong></span> <span class='ocrx_word' id='word_1_462' title='bbox 2593 2240 2885 2299; x_wconf 87' lang='lat' dir='ltr'><strong>abducere.</strong></span> <span class='ocrx_word' id='word_1_463' title='bbox 2909 2238 3027 2293; x_wconf 73' lang='lat' dir='ltr'><strong>sive</strong></span> <span class='ocrx_word' id='word_1_464' title='bbox 3050 2247 3245 2292; x_wconf 89' lang='lat' dir='ltr'><strong>cuncta</strong></span> <span class='ocrx_word' id='word_1_465' title='bbox 3272 2239 3607 2305; x_wconf 75' lang='lat' dir='ltr'><strong>subvertere,</strong></span> 
     </span>
    </p>
   </div>
   <div class='ocr_carea' id='block_1_66' title="bbox 2030 2327 3610 2400">
    <p class='ocr_par' dir='ltr' id='par_1_66' title="bbox 2030 2327 3610 2400">
     <span class='ocr_line' id='line_1_66' title="bbox 2030 2327 3610 2400; baseline -0.004 -15"><span class='ocrx_word' id='word_1_466' title='bbox 2030 2339 2124 2385; x_wconf 90' lang='lat' dir='ltr'><strong>aut</strong></span> <span class='ocrx_word' id='word_1_467' title='bbox 2152 2331 2338 2397; x_wconf 85' lang='lat' dir='ltr'><strong>etiam,</strong></span> <span class='ocrx_word' id='word_1_468' title='bbox 2371 2332 2417 2386; x_wconf 91' lang='lat' dir='ltr'><strong>si</strong></span> <span class='ocrx_word' id='word_1_469' title='bbox 2447 2330 2729 2399; x_wconf 86' lang='lat' dir='ltr'><strong>placuerit,</strong></span> <span class='ocrx_word' id='word_1_470' title='bbox 2762 2339 2984 2400; x_wconf 79' lang='lat' dir='ltr'><strong>rogatus</strong></span> <span class='ocrx_word' id='word_1_471' title='bbox 3012 2327 3271 2398; x_wconf 87' lang='lat' dir='ltr'><strong>indulget.</strong></span> <span class='ocrx_word' id='word_1_472' title='bbox 3307 2327 3446 2393; x_wconf 87' lang='lat' dir='ltr'><strong>Quid</strong></span> <span class='ocrx_word' id='word_1_473' title='bbox 3476 2341 3610 2397; x_wconf 85' lang='lat' dir='ltr'><strong>ergo</strong></span> 
     </span>
    </p>
   </div>
   <div class='ocr_carea' id='block_1_67' title="bbox 2028 2418 3611 2490">
    <p class='ocr_par' dir='ltr' id='par_1_67' title="bbox 2028 2418 3611 2490">
     <span class='ocr_line' id='line_1_67' title="bbox 2028 2418 3611 2490; baseline -0.003 -14"><span class='ocrx_word' id='word_1_474' title='bbox 2028 2420 2159 2476; x_wconf 89' lang='lat' dir='ltr'><strong>dicit</strong></span> <span class='ocrx_word' id='word_1_475' title='bbox 2192 2421 2333 2476; x_wconf 88' lang='lat' dir='ltr'><strong>iste?</strong></span> <span class='ocrx_word' id='word_1_476' title='bbox 2358 2418 2478 2476; x_wconf 83' lang='lat' dir='ltr'><strong>Non</strong></span> <span class='ocrx_word' id='word_1_477' title='bbox 2517 2421 2848 2486; x_wconf 88' lang='lat' dir='ltr'><strong>substantia,</strong></span> <span class='ocrx_word' id='word_1_478' title='bbox 2891 2419 2944 2473; x_wconf 90' lang='lat' dir='ltr'><strong>id</strong></span> <span class='ocrx_word' id='word_1_479' title='bbox 2977 2429 3061 2474; x_wconf 88' lang='lat' dir='ltr'><strong>est</strong></span> <span class='ocrx_word' id='word_1_480' title='bbox 3102 2420 3386 2490; x_wconf 86' lang='lat' dir='ltr'><strong>proposito</strong></span> <span class='ocrx_word' id='word_1_481' title='bbox 3416 2420 3611 2474; x_wconf 81' lang='lat' dir='ltr'><strong>adver-</strong></span> 
     </span>
    </p>
   </div>
   <div class='ocr_carea' id='block_1_68' title="bbox 2029 2511 3608 2584">
    <p class='ocr_par' dir='ltr' id='par_1_68' title="bbox 2029 2511 3608 2584">
     <span class='ocr_line' id='line_1_68' title="bbox 2029 2511 3608 2584; baseline -0.003 -17"><span class='ocrx_word' id='word_1_482' title='bbox 2029 2513 2210 2568; x_wconf 88' lang='lat' dir='ltr'><strong>sarius</strong></span> <span class='ocrx_word' id='word_1_483' title='bbox 2247 2514 2373 2584; x_wconf 89' lang='lat' dir='ltr'><strong>quis</strong></span> <span class='ocrx_word' id='word_1_484' title='bbox 2403 2514 2618 2583; x_wconf 72' lang='lat' dir='ltr'><strong>deiecit,</strong></span> <span class='ocrx_word' id='word_1_485' title='bbox 2650 2514 2796 2582; x_wconf 89' lang='lat' dir='ltr'><strong>quod</strong></span> <span class='ocrx_word' id='word_1_486' title='bbox 2823 2513 3167 2583; x_wconf 73' lang='lat' dir='ltr'><strong>interiectum</strong></span> <span class='ocrx_word' id='word_1_487' title='bbox 3202 2511 3381 2567; x_wconf 86' lang='lat' dir='ltr'><strong>fuerat</strong></span> <span class='ocrx_word' id='word_1_488' title='bbox 3424 2511 3608 2566; x_wconf 82' lang='lat' dir='ltr'><strong>muni-</strong></span> 
     </span>
    </p>
   </div>
   <div class='ocr_carea' id='block_1_69' title="bbox 2030 2600 3606 2675">
    <p class='ocr_par' dir='ltr' id='par_1_69' title="bbox 2030 2600 3606 2675">
     <span class='ocr_line' id='line_1_69' title="bbox 2030 2600 3606 2675; baseline -0.001 -17"><span class='ocrx_word' id='word_1_489' title='bbox 2030 2614 2271 2661; x_wconf 90' lang='lat' dir='ltr'><strong>mentum</strong></span> <span class='ocrx_word' id='word_1_490' title='bbox 2297 2625 2311 2660; x_wconf 90' lang='lat'><strong>:</strong></span> <span class='ocrx_word' id='word_1_491' title='bbox 2340 2605 2395 2661; x_wconf 92' lang='lat' dir='ltr'><strong>in</strong></span> <span class='ocrx_word' id='word_1_492' title='bbox 2432 2604 2858 2675; x_wconf 69' lang='lat' dir='ltr'><strong>praecedentibus</strong></span> <span class='ocrx_word' id='word_1_493' title='bbox 2877 2604 3022 2659; x_wconf 91' lang='lat' dir='ltr'><strong>enim</strong></span> <span class='ocrx_word' id='word_1_494' title='bbox 3059 2600 3339 2672; x_wconf 75' lang='lat' dir='ltr'><strong>professus</strong></span> <span class='ocrx_word' id='word_1_495' title='bbox 3363 2609 3448 2657; x_wconf 89' lang='lat' dir='ltr'><strong>est</strong></span> <span class='ocrx_word' id='word_1_496' title='bbox 3474 2602 3606 2670; x_wconf 88' lang='lat' dir='ltr'><strong>quia</strong></span> 
     </span>
    </p>
   </div>
   <div class='ocr_carea' id='block_1_70' title="bbox 2029 2692 3609 2766">
    <p class='ocr_par' dir='ltr' id='par_1_70' title="bbox 2029 2692 3609 2766">
     <span class='ocr_line' id='line_1_70' title="bbox 2029 2692 3609 2766; baseline -0.003 -15"><span class='ocrx_word' id='word_1_497' title='bbox 2029 2697 2449 2766; x_wconf 87' lang='lat' dir='ltr'><strong>supervenerint</strong></span> <span class='ocrx_word' id='word_1_498' title='bbox 2493 2697 2730 2753; x_wconf 67' lang='lat' dir='ltr'><strong>tenebrae</strong></span> <span class='ocrx_word' id='word_1_499' title='bbox 2779 2712 2845 2751; x_wconf 85' lang='lat' dir='ltr'><strong>ex</strong></span> <span class='ocrx_word' id='word_1_500' title='bbox 2875 2694 3111 2766; x_wconf 82' lang='lat' dir='ltr'><strong>prepriis</strong></span> <span class='ocrx_word' id='word_1_501' title='bbox 3155 2694 3357 2748; x_wconf 77' lang='lat' dir='ltr'><strong>ﬁnibus</strong></span> <span class='ocrx_word' id='word_1_502' title='bbox 3407 2692 3462 2747; x_wconf 90' lang='lat' dir='ltr'><strong>in</strong></span> <span class='ocrx_word' id='word_1_503' title='bbox 3516 2706 3609 2747; x_wconf 81' lang='lat' dir='ltr'><strong>re-</strong></span> 
     </span>
    </p>
   </div>
   <div class='ocr_carea' id='block_1_71' title="bbox 2029 2782 3610 2859">
    <p class='ocr_par' dir='ltr' id='par_1_71' title="bbox 2029 2782 3610 2859">
     <span class='ocr_line' id='line_1_71' title="bbox 2029 2782 3610 2859; baseline -0.004 -17"><span class='ocrx_word' id='word_1_504' title='bbox 2029 2805 2195 2859; x_wconf 83' lang='lat' dir='ltr'><strong>gnum</strong></span> <span class='ocrx_word' id='word_1_505' title='bbox 2243 2787 2336 2845; x_wconf 85' lang='lat' dir='ltr'><strong>Dei</strong></span> <span class='ocrx_word' id='word_1_506' title='bbox 2386 2789 2535 2847; x_wconf 84' lang='lat' dir='ltr'><strong>boni.</strong></span> <span class='ocrx_word' id='word_1_507' title='bbox 2590 2789 2727 2856; x_wconf 84' lang='lat' dir='ltr'><strong>Quis</strong></span> <span class='ocrx_word' id='word_1_508' title='bbox 2758 2789 2919 2859; x_wconf 91' lang='lat' dir='ltr'><strong>.prius</strong></span> <span class='ocrx_word' id='word_1_509' title='bbox 2965 2786 3163 2854; x_wconf 80' lang='lat' dir='ltr'><strong>dejrcit</strong></span> <span class='ocrx_word' id='word_1_510' title='bbox 3201 2782 3610 2841; x_wconf 80' lang='lat' dir='ltr'><strong>munitionem?</strong></span> 
     </span>
    </p>
   </div>
   <div class='ocr_carea' id='block_1_72' title="bbox 2028 2877 3608 2953">
    <p class='ocr_par' dir='ltr' id='par_1_72' title="bbox 2028 2877 3608 2953">
     <span class='ocr_line' id='line_1_72' title="bbox 2028 2877 3608 2953; baseline -0.004 -14"><span class='ocrx_word' id='word_1_511' title='bbox 2028 2882 2370 2953; x_wconf 85' lang='lat' dir='ltr'><strong>lmpossibile</strong></span> <span class='ocrx_word' id='word_1_512' title='bbox 2414 2882 2560 2938; x_wconf 83' lang='lat' dir='ltr'><strong>enim</strong></span> <span class='ocrx_word' id='word_1_513' title='bbox 2613 2891 2732 2937; x_wconf 88' lang='lat' dir='ltr'><strong>erat</strong></span> <span class='ocrx_word' id='word_1_514' title='bbox 2767 2881 2976 2951; x_wconf 81' lang='lat' dir='ltr'><strong>ingredi</strong></span> <span class='ocrx_word' id='word_1_515' title='bbox 3027 2878 3254 2940; x_wconf 86' lang='lat' dir='ltr'><strong>malum,</strong></span> <span class='ocrx_word' id='word_1_516' title='bbox 3300 2877 3608 2933; x_wconf 80' lang='lat' dir='ltr'><strong>munitione</strong></span> 
     </span>
    </p>
   </div>
   <div class='ocr_carea' id='block_1_73' title="bbox 2027 2966 3609 3039">
    <p class='ocr_par' dir='ltr' id='par_1_73' title="bbox 2027 2966 3609 3039">
     <span class='ocr_line' id='line_1_73' title="bbox 2027 2966 3609 3039; baseline -0.003 -11"><span class='ocrx_word' id='word_1_517' title='bbox 2027 2981 2330 3028; x_wconf 88' lang='lat' dir='ltr'><strong>constante.</strong></span> <span class='ocrx_word' id='word_1_518' title='bbox 2353 2970 2496 3039; x_wconf 81' lang='lat' dir='ltr'><strong>Quid</strong></span> <span class='ocrx_word' id='word_1_519' title='bbox 2524 2972 2712 3028; x_wconf 88' lang='lat' dir='ltr'><strong>taces?</strong></span> <span class='ocrx_word' id='word_1_520' title='bbox 2737 2970 2876 3038; x_wconf 85' lang='lat' dir='ltr'><strong>Quid</strong></span> <span class='ocrx_word' id='word_1_521' title='bbox 2910 2969 3145 3026; x_wconf 88' lang='lat' dir='ltr'><strong>moraris</strong></span> <span class='ocrx_word' id='word_1_522' title='bbox 3172 2976 3254 3032; x_wconf 91' lang='lat' dir='ltr'><strong>tu,</strong></span> <span class='ocrx_word' id='word_1_523' title='bbox 3277 2966 3609 3023; x_wconf 76' lang='lat' dir='ltr'><strong>Manichaee?</strong></span> 
     </span>
    </p>
   </div>
   <div class='ocr_carea' id='block_1_74' title="bbox 2029 3058 3603 3134">
    <p class='ocr_par' dir='ltr' id='par_1_74' title="bbox 2029 3058 3603 3134">
     <span class='ocr_line' id='line_1_74' title="bbox 2029 3058 3603 3134; baseline -0.004 -13"><span class='ocrx_word' id='word_1_524' title='bbox 2029 3062 2257 3121; x_wconf 83' lang='lat' dir='ltr'><strong>Etiamsi</strong></span> <span class='ocrx_word' id='word_1_525' title='bbox 2285 3073 2340 3120; x_wconf 91' lang='lat' dir='ltr'><strong>tu</strong></span> <span class='ocrx_word' id='word_1_526' title='bbox 2364 3064 2605 3125; x_wconf 76' lang='lat' dir='ltr'><strong>differas.</strong></span> <span class='ocrx_word' id='word_1_527' title='bbox 2643 3062 2929 3134; x_wconf 85' lang='lat' dir='ltr'><strong>aggrediar</strong></span> <span class='ocrx_word' id='word_1_528' title='bbox 2954 3078 3075 3119; x_wconf 85' lang='lat' dir='ltr'><strong>mea</strong></span> <span class='ocrx_word' id='word_1_529' title='bbox 3104 3071 3319 3132; x_wconf 90' lang='lat' dir='ltr'><strong>sponte.</strong></span> <span class='ocrx_word' id='word_1_530' title='bbox 3360 3058 3417 3113; x_wconf 89' lang='lat' dir='ltr'><strong>Si</strong></span> <span class='ocrx_word' id='word_1_531' title='bbox 3456 3059 3603 3115; x_wconf 85' lang='lat' dir='ltr'><strong>enim</strong></span> 
     </span>
    </p>
   </div>
   <div class='ocr_carea' id='block_1_75' title="bbox 2026 3154 3600 3228">
    <p class='ocr_par' dir='ltr' id='par_1_75' title="bbox 2026 3154 3600 3228">
     <span class='ocr_line' id='line_1_75' title="bbox 2026 3154 3600 3228; baseline -0.001 -16"><span class='ocrx_word' id='word_1_532' title='bbox 2026 3156 2256 3224; x_wconf 77' lang='lat' dir='ltr'><strong>dixeris,</strong></span> <span class='ocrx_word' id='word_1_533' title='bbox 2280 3157 2411 3228; x_wconf 80' lang='lat' dir='ltr'><strong>quia</strong></span> <span class='ocrx_word' id='word_1_534' title='bbox 2445 3156 2595 3219; x_wconf 77' lang='lat' dir='ltr'><strong>Dens</strong></span> <span class='ocrx_word' id='word_1_535' title='bbox 2620 3157 2971 3221; x_wconf 78' lang='lat' dir='ltr'><strong>destruxerit,</strong></span> <span class='ocrx_word' id='word_1_536' title='bbox 3004 3157 3280 3225; x_wconf 88' lang='lat' dir='ltr'><strong>requiram</strong></span> <span class='ocrx_word' id='word_1_537' title='bbox 3307 3154 3440 3226; x_wconf 81' lang='lat' dir='ltr'><strong>quid</strong></span> <span class='ocrx_word' id='word_1_538' title='bbox 3470 3168 3600 3211; x_wconf 78' lang='lat' dir='ltr'><strong>cum</strong></span> 
     </span>
    </p>
   </div>
   <div class='ocr_carea' id='block_1_76' title="bbox 2027 3245 3606 3315">
    <p class='ocr_par' dir='ltr' id='par_1_76' title="bbox 2027 3245 3606 3315">
     <span class='ocr_line' id='line_1_76' title="bbox 2027 3245 3606 3315; baseline -0.001 -15"><span class='ocrx_word' id='word_1_539' title='bbox 2027 3246 2260 3301; x_wconf 85' lang='lat' dir='ltr'><strong>moverit</strong></span> <span class='ocrx_word' id='word_1_540' title='bbox 2304 3247 2372 3302; x_wconf 85' lang='lat' dir='ltr'><strong>ad</strong></span> <span class='ocrx_word' id='word_1_541' title='bbox 2419 3248 2807 3307; x_wconf 84' lang='lat' dir='ltr'><strong>destruendum</strong></span> <span class='ocrx_word' id='word_1_542' title='bbox 2851 3247 2974 3312; x_wconf 89' lang='lat' dir='ltr'><strong>hoc,</strong></span> <span class='ocrx_word' id='word_1_543' title='bbox 3013 3246 3158 3315; x_wconf 90' lang='lat' dir='ltr'><strong>quod</strong></span> <span class='ocrx_word' id='word_1_544' title='bbox 3190 3245 3343 3315; x_wconf 87' lang='lat' dir='ltr'><strong>prius</strong></span> <span class='ocrx_word' id='word_1_545' title='bbox 3387 3254 3606 3315; x_wconf 78' lang='lat' dir='ltr'><strong>propter</strong></span> 
     </span>
    </p>
   </div>
   <div class='ocr_carea' id='block_1_77' title="bbox 2026 3335 3605 3408">
    <p class='ocr_par' dir='ltr' id='par_1_77' title="bbox 2026 3335 3605 3408">
     <span class='ocr_line' id='line_1_77' title="bbox 2026 3335 3605 3408; baseline -0.001 -17"><span class='ocrx_word' id='word_1_546' title='bbox 2026 3335 2490 3407; x_wconf 86' lang='lat' dir='ltr'><strong>importunitatem</strong></span> <span class='ocrx_word' id='word_1_547' title='bbox 2527 3339 2774 3408; x_wconf 82' lang='lat' dir='ltr'><strong>maligni,</strong></span> <span class='ocrx_word' id='word_1_548' title='bbox 2807 3348 2864 3393; x_wconf 86' lang='lat' dir='ltr'><strong>et</strong></span> <span class='ocrx_word' id='word_1_549' title='bbox 2911 3337 3314 3406; x_wconf 83' lang='lat' dir='ltr'><strong>separationem</strong></span> <span class='ocrx_word' id='word_1_550' title='bbox 3347 3337 3463 3407; x_wconf 79' lang='lat' dir='ltr'><strong>ipse</strong></span> <span class='ocrx_word' id='word_1_551' title='bbox 3503 3352 3605 3390; x_wconf 82' lang='lat' dir='ltr'><strong>ex-</strong></span> 
     </span>
    </p>
   </div>
   <div class='ocr_carea' id='block_1_78' title="bbox 2027 3428 3604 3499">
    <p class='ocr_par' dir='ltr' id='par_1_78' title="bbox 2027 3428 3604 3499">
     <span class='ocr_line' id='line_1_78' title="bbox 2027 3428 3604 3499; baseline 0.001 -15"><span class='ocrx_word' id='word_1_552' title='bbox 2027 3429 2347 3484; x_wconf 88' lang='lat' dir='ltr'><strong>struxerat?</strong></span> <span class='ocrx_word' id='word_1_553' title='bbox 2380 3428 2522 3496; x_wconf 85' lang='lat' dir='ltr'><strong>Quid</strong></span> <span class='ocrx_word' id='word_1_554' title='bbox 2556 3429 2752 3494; x_wconf 85' lang='lat' dir='ltr'><strong>iratus,</strong></span> <span class='ocrx_word' id='word_1_555' title='bbox 2790 3437 2886 3483; x_wconf 89' lang='lat' dir='ltr'><strong>aut</strong></span> <span class='ocrx_word' id='word_1_556' title='bbox 2913 3430 3041 3499; x_wconf 89' lang='lat' dir='ltr'><strong>quid</strong></span> <span class='ocrx_word' id='word_1_557' title='bbox 3075 3429 3259 3483; x_wconf 88' lang='lat' dir='ltr'><strong>damni</strong></span> <span class='ocrx_word' id='word_1_558' title='bbox 3288 3443 3604 3498; x_wconf 82' lang='lat' dir='ltr'><strong>perpessus,</strong></span> 
     </span>
    </p>
   </div>
   <div class='ocr_carea' id='block_1_79' title="bbox 2027 3519 3605 3592">
    <p class='ocr_par' dir='ltr' id='par_1_79' title="bbox 2027 3519 3605 3592">
     <span class='ocr_line' id='line_1_79' title="bbox 2027 3519 3605 3592; baseline -0.003 -16"><span class='ocrx_word' id='word_1_559' title='bbox 2027 3521 2316 3577; x_wconf 88' lang='lat' dir='ltr'><strong>adversum</strong></span> <span class='ocrx_word' id='word_1_560' title='bbox 2358 3536 2417 3576; x_wconf 91' lang='lat' dir='ltr'><strong>se</strong></span> <span class='ocrx_word' id='word_1_561' title='bbox 2444 3521 2560 3591; x_wconf 91' lang='lat' dir='ltr'><strong>ipse</strong></span> <span class='ocrx_word' id='word_1_562' title='bbox 2589 3537 2830 3592; x_wconf 86' lang='lat' dir='ltr'><strong>pugnare</strong></span> <span class='ocrx_word' id='word_1_563' title='bbox 2862 3520 3184 3576; x_wconf 86' lang='lat' dir='ltr'><strong>contendit?</strong></span> <span class='ocrx_word' id='word_1_564' title='bbox 3216 3521 3324 3574; x_wconf 84' lang='lat' dir='ltr'><strong>Aut</strong></span> <span class='ocrx_word' id='word_1_565' title='bbox 3357 3519 3605 3590; x_wconf 82' lang='lat' dir='ltr'><strong>nunquid</strong></span> 
     </span>
    </p>
   </div>
   <div class='ocr_carea' id='block_1_80' title="bbox 2024 3610 3605 3684">
    <p class='ocr_par' dir='ltr' id='par_1_80' title="bbox 2024 3610 3605 3684">
     <span class='ocr_line' id='line_1_80' title="bbox 2024 3610 3605 3684; baseline -0.001 -15"><span class='ocrx_word' id='word_1_566' title='bbox 2024 3612 2093 3669; x_wconf 85' lang='lat' dir='ltr'><strong>de</strong></span> <span class='ocrx_word' id='word_1_567' title='bbox 2121 3613 2343 3684; x_wconf 86' lang='lat' dir='ltr'><strong>maligni</strong></span> <span class='ocrx_word' id='word_1_568' title='bbox 2380 3612 2736 3668; x_wconf 82' lang='lat' dir='ltr'><strong>facultatibus</strong></span> <span class='ocrx_word' id='word_1_569' title='bbox 2762 3613 2968 3683; x_wconf 88' lang='lat' dir='ltr'><strong>aliquid</strong></span> <span class='ocrx_word' id='word_1_570' title='bbox 2990 3612 3341 3684; x_wconf 87' lang='lat' dir='ltr'><strong>concupivit?</strong></span> <span class='ocrx_word' id='word_1_571' title='bbox 3372 3612 3526 3678; x_wconf 82' lang='lat' dir='ltr'><strong>Quod</strong></span> <span class='ocrx_word' id='word_1_572' title='bbox 3555 3610 3605 3668; x_wconf 79' lang='lat' dir='ltr'><strong>si</strong></span> 
     </span>
    </p>
   </div>
   <div class='ocr_carea' id='block_1_81' title="bbox 2027 3702 3610 3772">
    <p class='ocr_par' dir='ltr' id='par_1_81' title="bbox 2027 3702 3610 3772">
     <span class='ocr_line' id='line_1_81' title="bbox 2027 3702 3610 3772; baseline 0 -13"><span class='ocrx_word' id='word_1_573' title='bbox 2027 3704 2224 3759; x_wconf 86' lang='lat' dir='ltr'><strong>horum</strong></span> <span class='ocrx_word' id='word_1_574' title='bbox 2278 3704 2416 3758; x_wconf 71' lang='lat' dir='ltr'><strong>nihil</strong></span> <span class='ocrx_word' id='word_1_575' title='bbox 2460 3703 2513 3758; x_wconf 92' lang='lat' dir='ltr'><strong>in</strong></span> <span class='ocrx_word' id='word_1_576' title='bbox 2550 3719 2715 3759; x_wconf 81' lang='lat' dir='ltr'><strong>causa</strong></span> <span class='ocrx_word' id='word_1_577' title='bbox 2751 3713 2833 3758; x_wconf 86' lang='lat' dir='ltr'><strong>est</strong></span> <span class='ocrx_word' id='word_1_578' title='bbox 2871 3702 2984 3758; x_wconf 86' lang='lat' dir='ltr'><strong>Deo</strong></span> <span class='ocrx_word' id='word_1_579' title='bbox 3019 3703 3334 3759; x_wconf 82' lang='lat' dir='ltr'><strong>destruendi</strong></span> <span class='ocrx_word' id='word_1_580' title='bbox 3365 3718 3452 3765; x_wconf 90' lang='lat' dir='ltr'><strong>ea,</strong></span> <span class='ocrx_word' id='word_1_581' title='bbox 3484 3717 3610 3772; x_wconf 65' lang='lat' dir='ltr'><strong>qua</strong></span> 
     </span>
    </p>
   </div>
   <div class='ocr_carea' id='block_1_82' title="bbox 2021 3792 3591 3865">
    <p class='ocr_par' dir='ltr' id='par_1_82' title="bbox 2021 3792 3591 3865">
     <span class='ocr_line' id='line_1_82' title="bbox 2021 3792 3591 3865; baseline 0 -17"><span class='ocrx_word' id='word_1_582' title='bbox 2021 3792 2340 3864; x_wconf 89' lang='lat' dir='ltr'><strong>jamdudum</strong></span> <span class='ocrx_word' id='word_1_583' title='bbox 2368 3796 2435 3850; x_wconf 89' lang='lat' dir='ltr'><strong>ad</strong></span> <span class='ocrx_word' id='word_1_584' title='bbox 2466 3794 2811 3851; x_wconf 88' lang='lat' dir='ltr'><strong>alienandum</strong></span> <span class='ocrx_word' id='word_1_585' title='bbox 2846 3810 2875 3848; x_wconf 92' lang='lat' dir='ltr'><strong>a</strong></span> <span class='ocrx_word' id='word_1_586' title='bbox 2901 3810 2959 3850; x_wconf 87' lang='lat' dir='ltr'><strong>se</strong></span> <span class='ocrx_word' id='word_1_587' title='bbox 2991 3804 3046 3849; x_wconf 87' lang='lat' dir='ltr'><strong>et</strong></span> <span class='ocrx_word' id='word_1_588' title='bbox 3076 3797 3439 3865; x_wconf 86' lang='lat' dir='ltr'><strong>separandum</strong></span> <span class='ocrx_word' id='word_1_589' title='bbox 3471 3810 3591 3849; x_wconf 87' lang='lat' dir='ltr'><strong>ma-</strong></span> 
     </span>
    </p>
   </div>
   <div class='ocr_carea' id='block_1_83' title="bbox 2026 3885 3605 3957">
    <p class='ocr_par' dir='ltr' id='par_1_83' title="bbox 2026 3885 3605 3957">
     <span class='ocr_line' id='line_1_83' title="bbox 2026 3885 3605 3957; baseline -0.001 -15"><span class='ocrx_word' id='word_1_590' title='bbox 2026 3887 2136 3942; x_wconf 90' lang='lat' dir='ltr'><strong>lum</strong></span> <span class='ocrx_word' id='word_1_591' title='bbox 2168 3890 2283 3957; x_wconf 87' lang='lat' dir='ltr'><strong>ipse</strong></span> <span class='ocrx_word' id='word_1_592' title='bbox 2313 3895 2724 3952; x_wconf 79' lang='lat' dir='ltr'><strong>construxerat;</strong></span> <span class='ocrx_word' id='word_1_593' title='bbox 2755 3886 2885 3940; x_wconf 78' lang='lat' dir='ltr'><strong>illud</strong></span> <span class='ocrx_word' id='word_1_594' title='bbox 2932 3900 3031 3941; x_wconf 87' lang='lat' dir='ltr'><strong>nec</strong></span> <span class='ocrx_word' id='word_1_595' title='bbox 3078 3887 3276 3939; x_wconf 90' lang='lat' dir='ltr'><strong>mirum</strong></span> <span class='ocrx_word' id='word_1_596' title='bbox 3308 3885 3605 3955; x_wconf 86' lang='lat' dir='ltr'><strong>putandum</strong></span> 
     </span>
    </p>
   </div>
   <div class='ocr_carea' id='block_1_84' title="bbox 2025 3964 3602 4049">
    <p class='ocr_par' dir='ltr' id='par_1_84' title="bbox 2025 3964 3602 4049">
     <span class='ocr_line' id='line_1_84' title="bbox 2025 3964 3602 4049; baseline -0.004 -14"><span class='ocrx_word' id='word_1_597' title='bbox 2025 3986 2130 4043; x_wconf 90' lang='lat' dir='ltr'><strong>est,</strong></span> <span class='ocrx_word' id='word_1_598' title='bbox 2156 3978 2302 4048; x_wconf 90' lang='lat' dir='ltr'><strong>quod</strong></span> <span class='ocrx_word' id='word_1_599' title='bbox 2327 3964 2456 4049; x_wconf 67' lang='lat' dir='ltr'><strong>ejus&#39;</strong></span> <span class='ocrx_word' id='word_1_600' title='bbox 2479 3980 2761 4033; x_wconf 88' lang='lat' dir='ltr'><strong>consortio</strong></span> <span class='ocrx_word' id='word_1_601' title='bbox 2782 3976 2895 4048; x_wconf 78' lang='lat' dir='ltr'><strong>(l5)</strong></span> <span class='ocrx_word' id='word_1_602' title='bbox 2922 3975 3086 4031; x_wconf 85' lang='lat' dir='ltr'><strong>fuerit</strong></span> <span class='ocrx_word' id='word_1_603' title='bbox 3111 3977 3443 4041; x_wconf 83' lang='lat' dir='ltr'><strong>delectatus;</strong></span> <span class='ocrx_word' id='word_1_604' title='bbox 3477 3991 3602 4029; x_wconf 87' lang='lat' dir='ltr'><strong>mu-</strong></span> 
     </span>
    </p>
   </div>
   <div class='ocr_carea' id='block_1_85' title="bbox 2027 4066 3607 4143">
    <p class='ocr_par' dir='ltr' id='par_1_85' title="bbox 2027 4066 3607 4143">
     <span class='ocr_line' id='line_1_85' title="bbox 2027 4066 3607 4143; baseline -0.002 -17"><span class='ocrx_word' id='word_1_605' title='bbox 2027 4072 2162 4127; x_wconf 89' lang='lat' dir='ltr'><strong>nitio</strong></span> <span class='ocrx_word' id='word_1_606' title='bbox 2190 4072 2334 4126; x_wconf 90' lang='lat' dir='ltr'><strong>enim</strong></span> <span class='ocrx_word' id='word_1_607' title='bbox 2381 4087 2503 4143; x_wconf 75' lang='lat' dir='ltr'><strong>qua:</strong></span> <span class='ocrx_word' id='word_1_608' title='bbox 2533 4072 2699 4128; x_wconf 88' lang='lat' dir='ltr'><strong>missa</strong></span> <span class='ocrx_word' id='word_1_609' title='bbox 2737 4071 2914 4124; x_wconf 82' lang='lat' dir='ltr'><strong>fuerat</strong></span> <span class='ocrx_word' id='word_1_610' title='bbox 2942 4079 3160 4140; x_wconf 86' lang='lat' dir='ltr'><strong>propter</strong></span> <span class='ocrx_word' id='word_1_611' title='bbox 3194 4069 3320 4136; x_wconf 89' lang='lat' dir='ltr'><strong>hoc,</strong></span> <span class='ocrx_word' id='word_1_612' title='bbox 3376 4083 3443 4122; x_wconf 91' lang='lat' dir='ltr'><strong>ne</strong></span> <span class='ocrx_word' id='word_1_613' title='bbox 3484 4066 3607 4136; x_wconf 85' lang='lat' dir='ltr'><strong>ejus</strong></span> 
     </span>
    </p>
   </div>
   <div class='ocr_carea' id='block_1_86' title="bbox 2026 4157 3604 4233">
    <p class='ocr_par' dir='ltr' id='par_1_86' title="bbox 2026 4157 3604 4233">
     <span class='ocr_line' id='line_1_86' title="bbox 2026 4157 3604 4233; baseline -0.003 -16"><span class='ocrx_word' id='word_1_614' title='bbox 2026 4161 2336 4217; x_wconf 80' lang='lat' dir='ltr'><strong>molestiam</strong></span> <span class='ocrx_word' id='word_1_615' title='bbox 2385 4172 2681 4233; x_wconf 87' lang='lat' dir='ltr'><strong>pateretur,</strong></span> <span class='ocrx_word' id='word_1_616' title='bbox 2732 4159 2937 4215; x_wconf 88' lang='lat' dir='ltr'><strong>idcirco</strong></span> <span class='ocrx_word' id='word_1_617' title='bbox 2981 4159 3260 4215; x_wconf 87' lang='lat' dir='ltr'><strong>destructa</strong></span> <span class='ocrx_word' id='word_1_618' title='bbox 3305 4157 3604 4226; x_wconf 83' lang='lat' dir='ltr'><strong>videbitur,</strong></span> 
     </span>
    </p>
   </div>
   <div class='ocr_carea' id='block_1_87' title="bbox 2025 4250 3604 4324">
    <p class='ocr_par' dir='ltr' id='par_1_87' title="bbox 2025 4250 3604 4324">
     <span class='ocr_line' id='line_1_87' title="bbox 2025 4250 3604 4324; baseline -0.003 -15"><span class='ocrx_word' id='word_1_619' title='bbox 2025 4254 2285 4324; x_wconf 89' lang='lat' dir='ltr'><strong>quoniam</strong></span> <span class='ocrx_word' id='word_1_620' title='bbox 2315 4270 2422 4309; x_wconf 91' lang='lat' dir='ltr'><strong>non</strong></span> <span class='ocrx_word' id='word_1_621' title='bbox 2453 4254 2564 4324; x_wconf 91' lang='lat' dir='ltr'><strong>jam</strong></span> <span class='ocrx_word' id='word_1_622' title='bbox 2608 4254 2891 4317; x_wconf 86' lang='lat' dir='ltr'><strong>molestus,</strong></span> <span class='ocrx_word' id='word_1_623' title='bbox 2934 4252 3027 4307; x_wconf 87' lang='lat' dir='ltr'><strong>sed</strong></span> <span class='ocrx_word' id='word_1_624' title='bbox 3055 4253 3267 4308; x_wconf 90' lang='lat' dir='ltr'><strong>amicus</strong></span> <span class='ocrx_word' id='word_1_625' title='bbox 3297 4250 3413 4305; x_wconf 90' lang='lat' dir='ltr'><strong>fore</strong></span> <span class='ocrx_word' id='word_1_626' title='bbox 3442 4258 3604 4319; x_wconf 84' lang='lat' dir='ltr'><strong>puta-</strong></span> 
     </span>
    </p>
   </div>
   <div class='ocr_carea' id='block_1_88' title="bbox 2024 4342 3605 4416">
    <p class='ocr_par' dir='ltr' id='par_1_88' title="bbox 2024 4342 3605 4416">
     <span class='ocr_line' id='line_1_88' title="bbox 2024 4342 3605 4416; baseline -0.001 -16"><span class='ocrx_word' id='word_1_627' title='bbox 2024 4345 2190 4401; x_wconf 88' lang='lat' dir='ltr'><strong>bitur.</strong></span> <span class='ocrx_word' id='word_1_628' title='bbox 2230 4343 2387 4413; x_wconf 90' lang='lat' dir='ltr'><strong>Quod</strong></span> <span class='ocrx_word' id='word_1_629' title='bbox 2430 4348 2475 4401; x_wconf 88' lang='lat' dir='ltr'><strong>si</strong></span> <span class='ocrx_word' id='word_1_630' title='bbox 2526 4361 2557 4401; x_wconf 91' lang='lat' dir='ltr'><strong>a</strong></span> <span class='ocrx_word' id='word_1_631' title='bbox 2614 4346 2852 4416; x_wconf 87' lang='lat' dir='ltr'><strong>maligno</strong></span> <span class='ocrx_word' id='word_1_632' title='bbox 2889 4360 3104 4399; x_wconf 90' lang='lat' dir='ltr'><strong>murum</strong></span> <span class='ocrx_word' id='word_1_633' title='bbox 3144 4343 3298 4399; x_wconf 83' lang='lat' dir='ltr'><strong>dicas</strong></span> <span class='ocrx_word' id='word_1_634' title='bbox 3340 4357 3462 4397; x_wconf 85' lang='lat' dir='ltr'><strong>esse</strong></span> <span class='ocrx_word' id='word_1_635' title='bbox 3502 4342 3605 4398; x_wconf 85' lang='lat' dir='ltr'><strong>de-</strong></span> 
     </span>
    </p>
   </div>
   <div class='ocr_carea' id='block_1_89' title="bbox 2026 4435 3605 4507">
    <p class='ocr_par' dir='ltr' id='par_1_89' title="bbox 2026 4435 3605 4507">
     <span class='ocr_line' id='line_1_89' title="bbox 2026 4435 3605 4507; baseline -0.001 -16"><span class='ocrx_word' id='word_1_636' title='bbox 2026 4445 2319 4504; x_wconf 87' lang='lat' dir='ltr'><strong>structum,</strong></span> <span class='ocrx_word' id='word_1_637' title='bbox 2358 4437 2634 4507; x_wconf 88' lang='lat' dir='ltr'><strong>quomodo</strong></span> <span class='ocrx_word' id='word_1_638' title='bbox 2671 4446 2902 4500; x_wconf 85' lang='lat' dir='ltr'><strong>possunt</strong></span> <span class='ocrx_word' id='word_1_639' title='bbox 2936 4437 3061 4492; x_wconf 88' lang='lat' dir='ltr'><strong>boni</strong></span> <span class='ocrx_word' id='word_1_640' title='bbox 3091 4435 3184 4491; x_wconf 87' lang='lat' dir='ltr'><strong>Dei</strong></span> <span class='ocrx_word' id='word_1_641' title='bbox 3212 4450 3376 4506; x_wconf 85' lang='lat' dir='ltr'><strong>opera</strong></span> <span class='ocrx_word' id='word_1_642' title='bbox 3413 4451 3443 4489; x_wconf 93' lang='lat' dir='ltr'><strong>a</strong></span> <span class='ocrx_word' id='word_1_643' title='bbox 3483 4450 3605 4489; x_wconf 78' lang='lat' dir='ltr'><strong>ma-</strong></span> 
     </span>
    </p>
   </div>
   <div class='ocr_carea' id='block_1_90' title="bbox 2027 4527 3604 4599">
    <p class='ocr_par' dir='ltr' id='par_1_90' title="bbox 2027 4527 3604 4599">
     <span class='ocr_line' id='line_1_90' title="bbox 2027 4527 3604 4599; baseline 0.001 -19"><span class='ocrx_word' id='word_1_644' title='bbox 2027 4527 2173 4599; x_wconf 90' lang='lat' dir='ltr'><strong>ligno</strong></span> <span class='ocrx_word' id='word_1_645' title='bbox 2199 4529 2447 4599; x_wconf 86' lang='lat' dir='ltr'><strong>superari</strong></span> <span class='ocrx_word' id='word_1_646' title='bbox 2471 4528 2494 4582; x_wconf 88' lang='lat'><strong>?</strong></span> <span class='ocrx_word' id='word_1_647' title='bbox 2516 4528 2758 4598; x_wconf 88' lang='lat' dir='ltr'><strong>alioquin</strong></span> <span class='ocrx_word' id='word_1_648' title='bbox 2788 4527 2980 4583; x_wconf 88' lang='lat' dir='ltr'><strong>fortior</strong></span> <span class='ocrx_word' id='word_1_649' title='bbox 3003 4527 3114 4582; x_wconf 87' lang='lat' dir='ltr'><strong>Deo</strong></span> <span class='ocrx_word' id='word_1_650' title='bbox 3147 4527 3458 4582; x_wconf 79' lang='lat' dir='ltr'><strong>invenietur</strong></span> <span class='ocrx_word' id='word_1_651' title='bbox 3485 4542 3604 4581; x_wconf 85' lang='lat' dir='ltr'><strong>ma-</strong></span> 
     </span>
    </p>
   </div>
   <div class='ocr_carea' id='block_1_91' title="bbox 348 4617 3604 4716">
    <p class='ocr_par' dir='ltr' id='par_1_91' title="bbox 348 4617 3604 4716">
     <span class='ocr_line' id='line_1_91' title="bbox 348 4617 3604 4716; baseline 0.001 -15"><span class='ocrx_word' id='word_1_652' title='bbox 348 4645 511 4701; x_wconf 74' lang='lat' dir='ltr'><strong>bilcm</strong></span> <span class='ocrx_word' id='word_1_653' title='bbox 540 4647 713 4714; x_wconf 87' lang='lat' dir='ltr'><strong>dicis;</strong></span> <span class='ocrx_word' id='word_1_654' title='bbox 747 4643 840 4699; x_wconf 92' lang='lat' dir='ltr'><strong>Dei</strong></span> <span class='ocrx_word' id='word_1_655' title='bbox 865 4652 951 4700; x_wconf 90' lang='lat' dir='ltr'><strong>est</strong></span> <span class='ocrx_word' id='word_1_656' title='bbox 976 4644 1121 4700; x_wconf 90' lang='lat' dir='ltr'><strong>enim</strong></span> <span class='ocrx_word' id='word_1_657' title='bbox 1145 4659 1327 4716; x_wconf 88' lang='lat' dir='ltr'><strong>agere,</strong></span> <span class='ocrx_word' id='word_1_658' title='bbox 1356 4659 1477 4714; x_wconf 60' lang='lat' dir='ltr'><strong>quae</strong></span> <span class='ocrx_word' id='word_1_659' title='bbox 1506 4643 1600 4700; x_wconf 90' lang='lat' dir='ltr'><strong>Dei</strong></span> <span class='ocrx_word' id='word_1_660' title='bbox 1628 4655 1793 4713; x_wconf 92' lang='lat' dir='ltr'><strong>sunt;</strong></span> <span class='ocrx_word' id='word_1_661' title='bbox 1825 4646 1924 4700; x_wconf 89' lang='lat' dir='ltr'><strong>ho-</strong></span> <span class='ocrx_word' id='word_1_662' title='bbox 1955 4641 1999 4696; x_wconf 86' lang='lat' dir='ltr'><strong>D</strong></span> <span class='ocrx_word' id='word_1_663' title='bbox 2028 4620 2170 4690; x_wconf 70' lang='lat' dir='ltr'><strong>“3m</strong></span> <span class='ocrx_word' id='word_1_664' title='bbox 2216 4628 2431 4716; x_wconf 32' lang='lat' dir='ltr'><strong>nam?“</strong></span> <span class='ocrx_word' id='word_1_665' title='bbox 2474 4619 2763 4716; x_wconf 59' lang='grc' dir='ltr'><strong>Ωξ¹⁰¹ξ¹⁰δ⁰</strong></span> <span class='ocrx_word' id='word_1_666' title='bbox 2802 4629 2857 4675; x_wconf 56' lang='lat' dir='ltr'><strong>et</strong></span> <span class='ocrx_word' id='word_1_667' title='bbox 2897 4620 3033 4716; x_wconf 53' lang='grc' dir='ltr'><strong>ίρξθν</strong></span> <span class='ocrx_word' id='word_1_668' title='bbox 3082 4634 3207 4675; x_wconf 69' lang='lat' dir='ltr'><strong>cum</strong></span> <span class='ocrx_word' id='word_1_669' title='bbox 3260 4617 3333 4675; x_wconf 58' lang='lat' dir='ltr'><strong>su</strong></span> <span class='ocrx_word' id='word_1_670' title='bbox 3377 4618 3604 4716; x_wconf 45' lang='lat' dir='ltr'><strong>(fmml&#39;o</strong></span> 
     </span>
    </p>
   </div>
   <div class='ocr_carea' id='block_1_92' title="bbox 347 4735 1929 4809">
    <p class='ocr_par' dir='ltr' id='par_1_92' title="bbox 347 4735 1929 4809">
     <span class='ocr_line' id='line_1_92' title="bbox 347 4735 1929 4809; baseline 0.002 -17"><span class='ocrx_word' id='word_1_671' title='bbox 347 4739 515 4795; x_wconf 84' lang='lat' dir='ltr'><strong>minis</strong></span> <span class='ocrx_word' id='word_1_672' title='bbox 546 4755 697 4806; x_wconf 85' lang='lat' dir='ltr'><strong>vero,</strong></span> <span class='ocrx_word' id='word_1_673' title='bbox 743 4755 868 4809; x_wconf 78' lang='lat' dir='ltr'><strong>qua:</strong></span> <span class='ocrx_word' id='word_1_674' title='bbox 911 4739 1150 4792; x_wconf 87' lang='lat' dir='ltr'><strong>humana</strong></span> <span class='ocrx_word' id='word_1_675' title='bbox 1203 4748 1350 4793; x_wconf 85' lang='lat' dir='ltr'><strong>sunt.</strong></span> <span class='ocrx_word' id='word_1_676' title='bbox 1400 4735 1456 4792; x_wconf 90' lang='lat' dir='ltr'><strong>Si</strong></span> <span class='ocrx_word' id='word_1_677' title='bbox 1487 4753 1618 4809; x_wconf 88' lang='lat' dir='ltr'><strong>ergo</strong></span> <span class='ocrx_word' id='word_1_678' title='bbox 1666 4736 1831 4801; x_wconf 84' lang='lat' dir='ltr'><strong>Deus,</strong></span> <span class='ocrx_word' id='word_1_679' title='bbox 1866 4748 1929 4795; x_wconf 89' lang='lat' dir='ltr'><strong>ut</strong></span> 
     </span>
    </p>
   </div>
   <div class='ocr_carea' id='block_1_93' title="bbox 348 4824 1927 4893">
    <p class='ocr_par' dir='ltr' id='par_1_93' title="bbox 348 4824 1927 4893">
     <span class='ocr_line' id='line_1_93' title="bbox 348 4824 1927 4893; baseline 0.002 -14"><span class='ocrx_word' id='word_1_680' title='bbox 348 4824 452 4890; x_wconf 85' lang='lat' dir='ltr'><strong>ais,</strong></span> <span class='ocrx_word' id='word_1_681' title='bbox 484 4841 702 4880; x_wconf 80' lang='lat' dir='ltr'><strong>murum</strong></span> <span class='ocrx_word' id='word_1_682' title='bbox 725 4825 1053 4892; x_wconf 88' lang='lat' dir='ltr'><strong>construxit,</strong></span> <span class='ocrx_word' id='word_1_683' title='bbox 1079 4825 1333 4884; x_wconf 87' lang='lat' dir='ltr'><strong>timidum</strong></span> <span class='ocrx_word' id='word_1_684' title='bbox 1357 4841 1418 4880; x_wconf 88' lang='lat' dir='ltr'><strong>se</strong></span> <span class='ocrx_word' id='word_1_685' title='bbox 1440 4826 1548 4893; x_wconf 92' lang='lat' dir='ltr'><strong>hic,</strong></span> <span class='ocrx_word' id='word_1_686' title='bbox 1574 4833 1630 4881; x_wconf 88' lang='lat' dir='ltr'><strong>et</strong></span> <span class='ocrx_word' id='word_1_687' title='bbox 1652 4828 1791 4882; x_wconf 87' lang='lat' dir='ltr'><strong>nihil</strong></span> <span class='ocrx_word' id='word_1_688' title='bbox 1818 4828 1927 4885; x_wconf 82' lang='lat' dir='ltr'><strong>for-</strong></span> 
     </span>
    </p>
   </div>
   <div class='ocr_carea' id='block_1_94' title="bbox 347 4916 1928 4990">
    <p class='ocr_par' dir='ltr' id='par_1_94' title="bbox 347 4916 1928 4990">
     <span class='ocr_line' id='line_1_94' title="bbox 347 4916 1928 4990; baseline 0.001 -17"><span class='ocrx_word' id='word_1_689' title='bbox 347 4917 605 4974; x_wconf 85' lang='lat' dir='ltr'><strong>titudinis</strong></span> <span class='ocrx_word' id='word_1_690' title='bbox 636 4933 697 4973; x_wconf 90' lang='lat' dir='ltr'><strong>se</strong></span> <span class='ocrx_word' id='word_1_691' title='bbox 727 4918 928 4974; x_wconf 88' lang='lat' dir='ltr'><strong>habere</strong></span> <span class='ocrx_word' id='word_1_692' title='bbox 970 4917 1241 4988; x_wconf 87' lang='lat' dir='ltr'><strong>designat.</strong></span> <span class='ocrx_word' id='word_1_693' title='bbox 1282 4916 1500 4975; x_wconf 88' lang='lat' dir='ltr'><strong>Scimus</strong></span> <span class='ocrx_word' id='word_1_694' title='bbox 1526 4918 1671 4973; x_wconf 89' lang='lat' dir='ltr'><strong>enim</strong></span> <span class='ocrx_word' id='word_1_695' title='bbox 1709 4935 1928 4990; x_wconf 76' lang='lat' dir='ltr'><strong>seniper</strong></span> 
     </span>
    </p>
   </div>
   <div class='ocr_carea' id='block_1_95' title="bbox 349 5009 1925 5079">
    <p class='ocr_par' dir='ltr' id='par_1_95' title="bbox 349 5009 1925 5079">
     <span class='ocr_line' id='line_1_95' title="bbox 349 5009 1925 5079; baseline 0 -13"><span class='ocrx_word' id='word_1_696' title='bbox 349 5026 468 5072; x_wconf 87' lang='lat' dir='ltr'><strong>eos,</strong></span> <span class='ocrx_word' id='word_1_697' title='bbox 512 5009 606 5079; x_wconf 82' lang='lat' dir='ltr'><strong>qui</strong></span> <span class='ocrx_word' id='word_1_698' title='bbox 656 5011 1003 5079; x_wconf 84' lang='lat' dir='ltr'><strong>suspicantur</strong></span> <span class='ocrx_word' id='word_1_699' title='bbox 1050 5010 1120 5064; x_wconf 89' lang='lat' dir='ltr'><strong>ab</strong></span> <span class='ocrx_word' id='word_1_700' title='bbox 1155 5010 1428 5065; x_wconf 87' lang='lat' dir='ltr'><strong>extraneis</strong></span> <span class='ocrx_word' id='word_1_701' title='bbox 1481 5011 1583 5066; x_wconf 89' lang='lat' dir='ltr'><strong>sibi</strong></span> <span class='ocrx_word' id='word_1_702' title='bbox 1635 5011 1796 5066; x_wconf 90' lang='lat' dir='ltr'><strong>dolos</strong></span> <span class='ocrx_word' id='word_1_703' title='bbox 1839 5012 1925 5065; x_wconf 84' lang='lat' dir='ltr'><strong>in-</strong></span> 
     </span>
    </p>
   </div>
   <div class='ocr_carea' id='block_1_96' title="bbox 350 5099 1928 5171">
    <p class='ocr_par' dir='ltr' id='par_1_96' title="bbox 350 5099 1928 5171">
     <span class='ocr_line' id='line_1_96' title="bbox 350 5099 1928 5171; baseline 0.001 -17"><span class='ocrx_word' id='word_1_704' title='bbox 350 5099 521 5165; x_wconf 86' lang='lat' dir='ltr'><strong>tendi,</strong></span> <span class='ocrx_word' id='word_1_705' title='bbox 553 5107 717 5169; x_wconf 89' lang='lat' dir='ltr'><strong>atque</strong></span> <span class='ocrx_word' id='word_1_706' title='bbox 745 5100 983 5155; x_wconf 86' lang='lat' dir='ltr'><strong>hostium</strong></span> <span class='ocrx_word' id='word_1_707' title='bbox 1013 5108 1270 5155; x_wconf 87' lang='lat' dir='ltr'><strong>verentur</strong></span> <span class='ocrx_word' id='word_1_708' title='bbox 1309 5099 1556 5168; x_wconf 87' lang='lat' dir='ltr'><strong>insidias,</strong></span> <span class='ocrx_word' id='word_1_709' title='bbox 1604 5101 1705 5171; x_wconf 90' lang='lat' dir='ltr'><strong>ipsi</strong></span> <span class='ocrx_word' id='word_1_710' title='bbox 1751 5102 1928 5156; x_wconf 78' lang='lat' dir='ltr'><strong>solent</strong></span> 
     </span>
    </p>
   </div>
   <div class='ocr_carea' id='block_1_97' title="bbox 350 5190 1925 5264">
    <p class='ocr_par' dir='ltr' id='par_1_97' title="bbox 350 5190 1925 5264">
     <span class='ocr_line' id='line_1_97' title="bbox 350 5190 1925 5264; baseline 0.001 -19"><span class='ocrx_word' id='word_1_711' title='bbox 350 5190 517 5246; x_wconf 86' lang='lat' dir='ltr'><strong>urbes</strong></span> <span class='ocrx_word' id='word_1_712' title='bbox 544 5206 673 5247; x_wconf 89' lang='lat' dir='ltr'><strong>suas</strong></span> <span class='ocrx_word' id='word_1_713' title='bbox 718 5190 893 5246; x_wconf 90' lang='lat' dir='ltr'><strong>muris</strong></span> <span class='ocrx_word' id='word_1_714' title='bbox 937 5190 1311 5258; x_wconf 88' lang='lat' dir='ltr'><strong>circumdare;</strong></span> <span class='ocrx_word' id='word_1_715' title='bbox 1342 5191 1398 5245; x_wconf 92' lang='lat' dir='ltr'><strong>in</strong></span> <span class='ocrx_word' id='word_1_716' title='bbox 1427 5206 1541 5262; x_wconf 89' lang='lat' dir='ltr'><strong>quo</strong></span> <span class='ocrx_word' id='word_1_717' title='bbox 1574 5200 1627 5246; x_wconf 91' lang='lat' dir='ltr'><strong>ct</strong></span> <span class='ocrx_word' id='word_1_718' title='bbox 1662 5191 1925 5264; x_wconf 82' lang='lat' dir='ltr'><strong>ignoran-</strong></span> 
     </span>
    </p>
   </div>
   <div class='ocr_carea' id='block_1_98' title="bbox 423 5344 1359 5415">
    <p class='ocr_par' dir='ltr' id='par_1_98' title="bbox 423 5344 1359 5415">
     <span class='ocr_line' id='line_1_98' title="bbox 423 5344 1359 5415; baseline 0 -13"><span class='ocrx_word' id='word_1_719' title='bbox 423 5346 470 5379; x_wconf 77' lang='lat'><strong>“</strong></span> <span class='ocrx_word' id='word_1_720' title='bbox 496 5345 693 5403; x_wconf 87' lang='lat' dir='ltr'><strong>Genes.</strong></span> <span class='ocrx_word' id='word_1_721' title='bbox 731 5360 771 5413; x_wconf 75' lang='grc' dir='ltr'><strong>ι,</strong></span> <span class='ocrx_word' id='word_1_722' title='bbox 812 5347 868 5403; x_wconf 77' lang='grc'><strong>4.</strong></span> <span class='ocrx_word' id='word_1_723' title='bbox 941 5346 988 5380; x_wconf 86' lang='grc'><em>³³</em></span> <span class='ocrx_word' id='word_1_724' title='bbox 1016 5344 1176 5404; x_wconf 79' lang='lat' dir='ltr'><strong>Joan.</strong></span> <span class='ocrx_word' id='word_1_725' title='bbox 1216 5362 1270 5415; x_wconf 85' lang='grc' dir='ltr'><strong>ι,</strong></span> <span class='ocrx_word' id='word_1_726' title='bbox 1304 5347 1359 5402; x_wconf 84' lang='lat'><strong>5.</strong></span> 
     </span>
    </p>
   </div>
   <div class='ocr_carea' id='block_1_99' title="bbox 424 5484 1851 5556">
    <p class='ocr_par' dir='ltr' id='par_1_99' title="bbox 424 5484 1851 5556">
     <span class='ocr_line' id='line_1_99' title="bbox 424 5484 1851 5556; baseline -0.001 -14"><span class='ocrx_word' id='word_1_727' title='bbox 424 5485 539 5556; x_wconf 67' lang='lat' dir='ltr'><strong>(ll?)</strong></span> <span class='ocrx_word' id='word_1_728' title='bbox 578 5487 638 5556; x_wconf 80' lang='lat' dir='ltr'><strong>lu</strong></span> <span class='ocrx_word' id='word_1_729' title='bbox 669 5484 859 5540; x_wconf 87' lang='lat' dir='ltr'><strong>codice</strong></span> <span class='ocrx_word' id='word_1_730' title='bbox 885 5484 1193 5553; x_wconf 88' lang='lat' dir='ltr'><strong>Casinensi,</strong></span> <span class='ocrx_word' id='word_1_731' title='bbox 1226 5504 1244 5537; x_wconf 74' lang='grc' dir='ltr'>ι</span> <span class='ocrx_word' id='word_1_732' title='bbox 1275 5494 1569 5556; x_wconf 89' lang='lat' dir='ltr'><strong>utrumque</strong></span> <span class='ocrx_word' id='word_1_733' title='bbox 1601 5486 1799 5555; x_wconf 88' lang='lat' dir='ltr'><strong>majus.</strong></span> <span class='ocrx_word' id='word_1_734' title='bbox 1830 5505 1851 5540; x_wconf 70' lang='grc' dir='ltr'><strong>ι</strong></span> 
     </span>
    </p>
   </div>
   <div class='ocr_carea' id='block_1_100' title="bbox 453 5555 1780 5626">
    <p class='ocr_par' dir='ltr' id='par_1_100' title="bbox 453 5555 1780 5626">
     <span class='ocr_line' id='line_1_100' title="bbox 453 5555 1780 5626; baseline -0.002 -17"><span class='ocrx_word' id='word_1_735' title='bbox 453 5556 539 5626; x_wconf 82' lang='grc'><strong>11)</strong></span> <span class='ocrx_word' id='word_1_736' title='bbox 578 5555 636 5626; x_wconf 82' lang='lat' dir='ltr'><strong>_|n</strong></span> <span class='ocrx_word' id='word_1_737' title='bbox 664 5557 850 5612; x_wconf 82' lang='lat' dir='ltr'><strong>codice</strong></span> <span class='ocrx_word' id='word_1_738' title='bbox 870 5556 1177 5623; x_wconf 84' lang='lat' dir='ltr'><strong>Casinensi,</strong></span> <span class='ocrx_word' id='word_1_739' title='bbox 1209 5575 1227 5606; x_wconf 75' lang='grc' dir='ltr'>ι</span> <span class='ocrx_word' id='word_1_740' title='bbox 1262 5555 1729 5626; x_wconf 62' lang='grc' dir='ltr'><strong>ραι-ιυιηγιιεεξτθῑ.</strong></span> <span class='ocrx_word' id='word_1_741' title='bbox 1761 5575 1780 5607; x_wconf 70' lang='grc' dir='ltr'>ι</span> 
     </span>
    </p>
   </div>
   <div class='ocr_carea' id='block_1_101' title="bbox 450 5563 1924 5696">
    <p class='ocr_par' dir='ltr' id='par_1_101' title="bbox 450 5563 1924 5696">
     <span class='ocr_line' id='line_1_101' title="bbox 453 5563 1780 5626; baseline -0.002 -17"><span class='ocrx_word' id='word_1_742' title='bbox 453 5563 509 5609; x_wconf 79' lang='lat' dir='ltr'><strong>tt</strong></span> <span class='ocrx_word' id='word_1_743' title='bbox 582 5563 636 5608; x_wconf 94' lang='lat' dir='ltr'><strong>In</strong></span> <span class='ocrx_word' id='word_1_744' title='bbox 664 5563 850 5612; x_wconf 77' lang='lat' dir='ltr'><strong>codice</strong></span> <span class='ocrx_word' id='word_1_745' title='bbox 870 5563 1177 5623; x_wconf 78' lang='lat' dir='ltr'><strong>Casinensi,</strong></span> <span class='ocrx_word' id='word_1_746' title='bbox 1209 5575 1227 5606; x_wconf 76' lang='grc' dir='ltr'>ι</span> <span class='ocrx_word' id='word_1_747' title='bbox 1262 5565 1474 5626; x_wconf 90' lang='lat' dir='ltr'><strong>partum</strong></span> <span class='ocrx_word' id='word_1_748' title='bbox 1503 5563 1729 5611; x_wconf 79' lang='lat' dir='ltr'><strong>faceret.</strong></span> <span class='ocrx_word' id='word_1_749' title='bbox 1761 5575 1780 5607; x_wconf 70' lang='grc' dir='ltr'>ι</span> 
     </span>
     <span class='ocr_line' id='line_1_102' title="bbox 450 5563 1924 5696; baseline 0.001 -17"><span class='ocrx_word' id='word_1_750' title='bbox 450 5563 539 5696; x_wconf 47' lang='grc'><strong>12)</strong></span> <span class='ocrx_word' id='word_1_751' title='bbox 577 5624 715 5681; x_wconf 79' lang='lat' dir='ltr'><strong>Nota</strong></span> <span class='ocrx_word' id='word_1_752' title='bbox 747 5626 1001 5681; x_wconf 84' lang='lat' dir='ltr'><strong>Archelai</strong></span> <span class='ocrx_word' id='word_1_753' title='bbox 1030 5634 1265 5691; x_wconf 59' lang='lat' dir='ltr'><strong>aetatem,</strong></span> <span class='ocrx_word' id='word_1_754' title='bbox 1288 5637 1342 5681; x_wconf 88' lang='lat' dir='ltr'><strong>et</strong></span> <span class='ocrx_word' id='word_1_755' title='bbox 1366 5627 1566 5681; x_wconf 66' lang='lat' dir='ltr'><strong>habitae</strong></span> <span class='ocrx_word' id='word_1_756' title='bbox 1591 5624 1924 5695; x_wconf 82' lang='lat' dir='ltr'><strong>disputatio—</strong></span> 
     </span>
    </p>
   </div>
   <div class='ocr_carea' id='block_1_102' title="bbox 355 5696 1929 5767">
    <p class='ocr_par' dir='ltr' id='par_1_102' title="bbox 355 5696 1929 5767">
     <span class='ocr_line' id='line_1_103' title="bbox 355 5696 1929 5767; baseline -0.001 -15"><span class='ocrx_word' id='word_1_757' title='bbox 355 5696 441 5752; x_wconf 88' lang='lat' dir='ltr'><strong>nis</strong></span> <span class='ocrx_word' id='word_1_758' title='bbox 463 5705 708 5765; x_wconf 83' lang='lat' dir='ltr'><strong>tempus;</strong></span> <span class='ocrx_word' id='word_1_759' title='bbox 745 5697 892 5767; x_wconf 91' lang='lat' dir='ltr'><strong>loqui</strong></span> <span class='ocrx_word' id='word_1_760' title='bbox 937 5705 1117 5751; x_wconf 87' lang='lat' dir='ltr'><strong>autem</strong></span> <span class='ocrx_word' id='word_1_761' title='bbox 1155 5697 1242 5752; x_wconf 88' lang='lat' dir='ltr'><strong>hic</strong></span> <span class='ocrx_word' id='word_1_762' title='bbox 1269 5697 1483 5751; x_wconf 90' lang='lat' dir='ltr'><strong>videtur</strong></span> <span class='ocrx_word' id='word_1_763' title='bbox 1524 5696 1827 5751; x_wconf 81' lang='lat' dir='ltr'><strong>Archelaus</strong></span> <span class='ocrx_word' id='word_1_764' title='bbox 1861 5698 1929 5751; x_wconf 89' lang='lat' dir='ltr'><strong>de</strong></span> 
     </span>
    </p>
   </div>
   <div class='ocr_carea' id='block_1_103' title="bbox 356 5766 1926 5839">
    <p class='ocr_par' dir='ltr' id='par_1_103' title="bbox 356 5766 1926 5839">
     <span class='ocr_line' id='line_1_104' title="bbox 356 5766 1926 5839; baseline -0.001 -16"><span class='ocrx_word' id='word_1_765' title='bbox 356 5767 582 5839; x_wconf 56' lang='grc' dir='ltr'><strong>ουτως</strong></span> <span class='ocrx_word' id='word_1_766' title='bbox 606 5782 635 5822; x_wconf 91' lang='lat' dir='ltr'><strong>a</strong></span> <span class='ocrx_word' id='word_1_767' title='bbox 659 5766 840 5839; x_wconf 73' lang='lat' dir='ltr'><strong>Persis</strong></span> <span class='ocrx_word' id='word_1_768' title='bbox 867 5769 970 5821; x_wconf 88' lang='lat' dir='ltr'><strong>sub</strong></span> <span class='ocrx_word' id='word_1_769' title='bbox 993 5767 1283 5839; x_wconf 75' lang='lat' dir='ltr'><strong>Valeriano</strong></span> <span class='ocrx_word' id='word_1_770' title='bbox 1309 5769 1556 5839; x_wconf 77' lang='lat' dir='ltr'><strong>Augusto</strong></span> <span class='ocrx_word' id='word_1_771' title='bbox 1579 5767 1926 5839; x_wconf 84' lang='lat' dir='ltr'><strong>expugnatis,</strong></span> 
     </span>
    </p>
   </div>
   <div class='ocr_carea' id='block_1_104' title="bbox 356 5834 1928 5906">
    <p class='ocr_par' dir='ltr' id='par_1_104' title="bbox 356 5834 1928 5906">
     <span class='ocr_line' id='line_1_105' title="bbox 356 5834 1928 5906; baseline 0.001 -16"><span class='ocrx_word' id='word_1_772' title='bbox 356 5838 441 5893; x_wconf 88' lang='lat' dir='ltr'><strong>vel</strong></span> <span class='ocrx_word' id='word_1_773' title='bbox 489 5836 557 5891; x_wconf 91' lang='lat' dir='ltr'><strong>de</strong></span> <span class='ocrx_word' id='word_1_774' title='bbox 595 5838 799 5892; x_wconf 82' lang='lat' dir='ltr'><strong>eisdem</strong></span> <span class='ocrx_word' id='word_1_775' title='bbox 847 5839 1043 5891; x_wconf 83' lang='lat' dir='ltr'><strong>iterum</strong></span> <span class='ocrx_word' id='word_1_776' title='bbox 1090 5838 1160 5891; x_wconf 88' lang='lat' dir='ltr'><strong>ab</strong></span> <span class='ocrx_word' id='word_1_777' title='bbox 1203 5834 1486 5906; x_wconf 54' lang='lat' dir='ltr'><strong>Odenat&#39;bp</strong></span> <span class='ocrx_word' id='word_1_778' title='bbox 1518 5834 1758 5893; x_wconf 75' lang='lat' dir='ltr'><strong>Orientis</strong></span> <span class='ocrx_word' id='word_1_779' title='bbox 1803 5854 1928 5906; x_wconf 80' lang='lat' dir='ltr'><strong>rege</strong></span> 
     </span>
    </p>
   </div>
   <div class='ocr_carea' id='block_1_105' title="bbox 355 5905 1924 5981">
    <p class='ocr_par' dir='ltr' id='par_1_105' title="bbox 355 5905 1924 5981">
     <span class='ocr_line' id='line_1_106' title="bbox 355 5905 1924 5981; baseline -0.003 -15"><span class='ocrx_word' id='word_1_780' title='bbox 355 5907 587 5966; x_wconf 80' lang='lat' dir='ltr'><strong>Gallieni</strong></span> <span class='ocrx_word' id='word_1_781' title='bbox 617 5908 962 5979; x_wconf 88' lang='lat' dir='ltr'><strong>imperatoris</strong></span> <span class='ocrx_word' id='word_1_782' title='bbox 989 5907 1327 5978; x_wconf 80' lang='lat' dir='ltr'><strong>temporibus</strong></span> <span class='ocrx_word' id='word_1_783' title='bbox 1358 5909 1412 5964; x_wconf 90' lang='lat' dir='ltr'><strong>in</strong></span> <span class='ocrx_word' id='word_1_784' title='bbox 1439 5905 1670 5966; x_wconf 75' lang='lat' dir='ltr'><strong>Rotnani</strong></span> <span class='ocrx_word' id='word_1_785' title='bbox 1710 5905 1924 5981; x_wconf 78' lang='lat' dir='ltr'><strong>imperii</strong></span> 
     </span>
    </p>
   </div>
   <div class='ocr_carea' id='block_1_106' title="bbox 2027 4700 3602 4780">
    <p class='ocr_par' dir='ltr' id='par_1_106' title="bbox 2027 4700 3602 4780">
     <span class='ocr_line' id='line_1_107' title="bbox 2027 4700 3602 4780; baseline -0.002 -16"><span class='ocrx_word' id='word_1_786' title='bbox 2027 4718 2175 4765; x_wconf 88' lang='lat' dir='ltr'><strong>totus</strong></span> <span class='ocrx_word' id='word_1_787' title='bbox 2219 4700 2477 4775; x_wconf 65' lang='lat' dir='ltr'><strong>tenebrat,</strong></span> <span class='ocrx_word' id='word_1_788' title='bbox 2524 4710 2635 4765; x_wconf 90' lang='lat' dir='ltr'><strong>luci</strong></span> <span class='ocrx_word' id='word_1_789' title='bbox 2687 4710 3024 4780; x_wconf 73' lang='lat' dir='ltr'><strong>supervenit,</strong></span> <span class='ocrx_word' id='word_1_790' title='bbox 3069 4718 3124 4765; x_wconf 92' lang='lat' dir='ltr'><strong>et</strong></span> <span class='ocrx_word' id='word_1_791' title='bbox 3169 4709 3602 4780; x_wconf 85' lang='lat' dir='ltr'><strong>comprehcndit,</strong></span> 
     </span>
    </p>
   </div>
   <div class='ocr_carea' id='block_1_107' title="bbox 2024 4799 3603 4871">
    <p class='ocr_par' dir='ltr' id='par_1_107' title="bbox 2024 4799 3603 4871">
     <span class='ocr_line' id='line_1_108' title="bbox 2024 4799 3603 4871; baseline -0.003 -15"><span class='ocrx_word' id='word_1_792' title='bbox 2024 4800 2352 4871; x_wconf 88' lang='lat' dir='ltr'><strong>evangelista</strong></span> <span class='ocrx_word' id='word_1_793' title='bbox 2393 4799 2769 4856; x_wconf 88' lang='lat' dir='ltr'><strong>testimonium</strong></span> <span class='ocrx_word' id='word_1_794' title='bbox 2815 4800 3020 4856; x_wconf 86' lang='lat' dir='ltr'><strong>ferente</strong></span> <span class='ocrx_word' id='word_1_795' title='bbox 3067 4818 3082 4855; x_wconf 89' lang='lat'><strong>:</strong></span> <span class='ocrx_word' id='word_1_796' title='bbox 3132 4818 3150 4851; x_wconf 74' lang='grc' dir='ltr'><strong>σ</strong></span> <span class='ocrx_word' id='word_1_797' title='bbox 3182 4799 3300 4854; x_wconf 87' lang='lat' dir='ltr'><strong>Lux</strong></span> <span class='ocrx_word' id='word_1_798' title='bbox 3349 4799 3490 4854; x_wconf 89' lang='lat' dir='ltr'><strong>lucet</strong></span> <span class='ocrx_word' id='word_1_799' title='bbox 3544 4799 3603 4853; x_wconf 87' lang='lat' dir='ltr'><strong>in</strong></span> 
     </span>
    </p>
   </div>
   <div class='ocr_carea' id='block_1_108' title="bbox 2024 4890 3597 4963">
    <p class='ocr_par' dir='ltr' id='par_1_108' title="bbox 2024 4890 3597 4963">
     <span class='ocr_line' id='line_1_109' title="bbox 2024 4890 3597 4963; baseline -0.002 -16"><span class='ocrx_word' id='word_1_800' title='bbox 2024 4893 2282 4955; x_wconf 88' lang='lat' dir='ltr'><strong>tenebris,</strong></span> <span class='ocrx_word' id='word_1_801' title='bbox 2311 4902 2365 4948; x_wconf 90' lang='lat' dir='ltr'><strong>et</strong></span> <span class='ocrx_word' id='word_1_802' title='bbox 2387 4894 2619 4948; x_wconf 65' lang='lat' dir='ltr'><strong>tenebrae</strong></span> <span class='ocrx_word' id='word_1_803' title='bbox 2637 4908 2758 4948; x_wconf 86' lang='lat' dir='ltr'><strong>eam</strong></span> <span class='ocrx_word' id='word_1_804' title='bbox 2787 4909 2893 4947; x_wconf 91' lang='lat' dir='ltr'><strong>non</strong></span> <span class='ocrx_word' id='word_1_805' title='bbox 2916 4892 3447 4963; x_wconf 87' lang='lat' dir='ltr'><strong>comprehenderunt</strong></span> <span class='ocrx_word' id='word_1_806' title='bbox 3464 4890 3511 4922; x_wconf 85' lang='grc'><strong>³⁸</strong></span> <span class='ocrx_word' id='word_1_807' title='bbox 3530 4890 3554 4945; x_wconf 86' lang='lat'><strong>?</strong></span> <span class='ocrx_word' id='word_1_808' title='bbox 3576 4908 3597 4943; x_wconf 72' lang='grc' dir='ltr'><strong>ι</strong></span> 
     </span>
    </p>
   </div>
   <div class='ocr_carea' id='block_1_109' title="bbox 2026 4980 3604 5052">
    <p class='ocr_par' dir='ltr' id='par_1_109' title="bbox 2026 4980 3604 5052">
     <span class='ocr_line' id='line_1_110' title="bbox 2026 4980 3604 5052; baseline 0.001 -17"><span class='ocrx_word' id='word_1_809' title='bbox 2026 4982 2312 5052; x_wconf 85' lang='lat' dir='ltr'><strong>Quomodo</strong></span> <span class='ocrx_word' id='word_1_810' title='bbox 2358 4998 2535 5040; x_wconf 66' lang='lat' dir='ltr'><strong>caecus</strong></span> <span class='ocrx_word' id='word_1_811' title='bbox 2582 4983 3178 5051; x_wconf 87' lang='lat' dir='ltr'><strong>armatur?Quomodo</strong></span> <span class='ocrx_word' id='word_1_812' title='bbox 3227 4982 3463 5037; x_wconf 72' lang='lat' dir='ltr'><strong>tenebrae</strong></span> <span class='ocrx_word' id='word_1_813' title='bbox 3500 4980 3604 5037; x_wconf 88' lang='lat' dir='ltr'><strong>ad-</strong></span> 
     </span>
    </p>
   </div>
   <div class='ocr_carea' id='block_1_110' title="bbox 2027 5072 3603 5146">
    <p class='ocr_par' dir='ltr' id='par_1_110' title="bbox 2027 5072 3603 5146">
     <span class='ocr_line' id='line_1_111' title="bbox 2027 5072 3603 5146; baseline -0.001 -17"><span class='ocrx_word' id='word_1_814' title='bbox 2027 5092 2219 5131; x_wconf 85' lang='lat' dir='ltr'><strong>versus</strong></span> <span class='ocrx_word' id='word_1_815' title='bbox 2250 5074 2388 5129; x_wconf 91' lang='lat' dir='ltr'><strong>lucis</strong></span> <span class='ocrx_word' id='word_1_816' title='bbox 2418 5090 2646 5146; x_wconf 83' lang='lat' dir='ltr'><strong>regnum</strong></span> <span class='ocrx_word' id='word_1_817' title='bbox 2681 5073 2983 5130; x_wconf 80' lang='lat' dir='ltr'><strong>dimicant?</strong></span> <span class='ocrx_word' id='word_1_818' title='bbox 3022 5072 3177 5129; x_wconf 90' lang='lat' dir='ltr'><strong>Sicut</strong></span> <span class='ocrx_word' id='word_1_819' title='bbox 3205 5072 3353 5128; x_wconf 88' lang='lat' dir='ltr'><strong>enim</strong></span> <span class='ocrx_word' id='word_1_820' title='bbox 3388 5073 3504 5128; x_wconf 62' lang='lat' dir='ltr'><strong>haec</strong></span> <span class='ocrx_word' id='word_1_821' title='bbox 3537 5072 3603 5127; x_wconf 81' lang='lat' dir='ltr'><strong>il—</strong></span> 
     </span>
    </p>
   </div>
   <div class='ocr_carea' id='block_1_111' title="bbox 2026 5167 3603 5243">
    <p class='ocr_par' dir='ltr' id='par_1_111' title="bbox 2026 5167 3603 5243">
     <span class='ocr_line' id='line_1_112' title="bbox 2026 5167 3603 5243; baseline 0 -21"><span class='ocrx_word' id='word_1_822' title='bbox 2026 5168 2172 5226; x_wconf 71' lang='lat' dir='ltr'><strong>lazsis</strong></span> <span class='ocrx_word' id='word_1_823' title='bbox 2193 5170 2367 5227; x_wconf 89' lang='lat' dir='ltr'><strong>oculis</strong></span> <span class='ocrx_word' id='word_1_824' title='bbox 2393 5170 2504 5243; x_wconf 74' lang='grc'><strong>(14)</strong></span> <span class='ocrx_word' id='word_1_825' title='bbox 2535 5169 2668 5225; x_wconf 85' lang='lat' dir='ltr'><strong>solis</strong></span> <span class='ocrx_word' id='word_1_826' title='bbox 2690 5168 2875 5225; x_wconf 79' lang='lat' dir='ltr'><strong>radios</strong></span> <span class='ocrx_word' id='word_1_827' title='bbox 2903 5168 2960 5224; x_wconf 90' lang='lat' dir='ltr'><strong>in</strong></span> <span class='ocrx_word' id='word_1_828' title='bbox 2986 5182 3047 5224; x_wconf 88' lang='lat' dir='ltr'><strong>se</strong></span> <span class='ocrx_word' id='word_1_829' title='bbox 3069 5167 3313 5224; x_wconf 83' lang='lat' dir='ltr'><strong>recinere</strong></span> <span class='ocrx_word' id='word_1_830' title='bbox 3336 5181 3447 5224; x_wconf 90' lang='lat' dir='ltr'><strong>non</strong></span> <span class='ocrx_word' id='word_1_831' title='bbox 3472 5179 3603 5236; x_wconf 86' lang='lat' dir='ltr'><strong>pos-</strong></span> 
     </span>
    </p>
   </div>
   <div class='ocr_carea' id='block_1_112' title="bbox 2026 5479 3601 5544">
    <p class='ocr_par' dir='ltr' id='par_1_112' title="bbox 2026 5479 3601 5544">
     <span class='ocr_line' id='line_1_113' title="bbox 2026 5479 3601 5544; baseline -0.006 -1"><span class='ocrx_word' id='word_1_832' title='bbox 2026 5489 2284 5544; x_wconf 89' lang='lat' dir='ltr'><strong>ditionem</strong></span> <span class='ocrx_word' id='word_1_833' title='bbox 2326 5486 2582 5543; x_wconf 88' lang='lat' dir='ltr'><strong>redactis.</strong></span> <span class='ocrx_word' id='word_1_834' title='bbox 2630 5484 2767 5541; x_wconf 83' lang='lat' dir='ltr'><strong>Vide</strong></span> <span class='ocrx_word' id='word_1_835' title='bbox 2808 5484 3140 5540; x_wconf 76' lang='lat' dir='ltr'><strong>Trebellium</strong></span> <span class='ocrx_word' id='word_1_836' title='bbox 3186 5480 3496 5538; x_wconf 85' lang='lat' dir='ltr'><strong>Pollionem</strong></span> <span class='ocrx_word' id='word_1_837' title='bbox 3542 5479 3601 5541; x_wconf 84' lang='lat' dir='ltr'><strong>in</strong></span> 
     </span>
    </p>
   </div>
   <div class='ocr_carea' id='block_1_113' title="bbox 2029 5557 2742 5629">
    <p class='ocr_par' dir='ltr' id='par_1_113' title="bbox 2029 5557 2742 5629">
     <span class='ocr_line' id='line_1_114' title="bbox 2029 5557 2742 5629; baseline -0.004 -15"><span class='ocrx_word' id='word_1_838' title='bbox 2029 5558 2289 5629; x_wconf 83' lang='lat' dir='ltr'><strong>Gallieno,</strong></span> <span class='ocrx_word' id='word_1_839' title='bbox 2324 5574 2445 5629; x_wconf 86' lang='lat' dir='ltr'><strong>cap.</strong></span> <span class='ocrx_word' id='word_1_840' title='bbox 2484 5557 2742 5629; x_wconf 31' lang='grc' dir='ltr'><strong>1οΑθι12.</strong></span> 
     </span>
    </p>
   </div>
   <div class='ocr_carea' id='block_1_114' title="bbox 2099 5624 3603 5701">
    <p class='ocr_par' dir='ltr' id='par_1_114' title="bbox 2099 5624 3603 5701">
     <span class='ocr_line' id='line_1_115' title="bbox 2099 5624 3603 5701; baseline -0.008 -17"><span class='ocrx_word' id='word_1_841' title='bbox 2099 5630 2210 5701; x_wconf 78' lang='grc'><strong>(15)</strong></span> <span class='ocrx_word' id='word_1_842' title='bbox 2229 5628 2319 5701; x_wconf 68' lang='lat' dir='ltr'><strong>_an</strong></span> <span class='ocrx_word' id='word_1_843' title='bbox 2339 5624 2526 5701; x_wconf 79' lang='lat' dir='ltr'><strong>codice</strong></span> <span class='ocrx_word' id='word_1_844' title='bbox 2544 5626 2856 5701; x_wconf 76' lang='lat' dir='ltr'><strong>Casinensi,</strong></span> <span class='ocrx_word' id='word_1_845' title='bbox 2883 5643 2901 5677; x_wconf 73' lang='grc' dir='ltr'>ι</span> <span class='ocrx_word' id='word_1_846' title='bbox 2918 5624 3234 5701; x_wconf 77' lang='lat' dir='ltr'><strong>putandum</strong></span> <span class='ocrx_word' id='word_1_847' title='bbox 3268 5630 3352 5677; x_wconf 89' lang='lat' dir='ltr'><strong>est</strong></span> <span class='ocrx_word' id='word_1_848' title='bbox 3371 5633 3603 5701; x_wconf 79' lang='lat' dir='ltr'><strong>consor-</strong></span> 
     </span>
    </p>
   </div>
   <div class='ocr_carea' id='block_1_115' title="bbox 2027 5692 3603 5768">
    <p class='ocr_par' dir='ltr' id='par_1_115' title="bbox 2027 5692 3603 5768">
     <span class='ocr_line' id='line_1_116' title="bbox 2027 5692 3603 5768; baseline -0.006 -13"><span class='ocrx_word' id='word_1_849' title='bbox 2027 5692 2124 5755; x_wconf 66' lang='lat' dir='ltr'><strong>tio.</strong></span> <span class='ocrx_word' id='word_1_850' title='bbox 2156 5692 2201 5751; x_wconf 75' lang='grc' dir='ltr'><strong><em>ι’</em></strong></span> <span class='ocrx_word' id='word_1_851' title='bbox 2223 5699 2351 5766; x_wconf 78' lang='lat' dir='ltr'><strong>Sed,</strong></span> <span class='ocrx_word' id='word_1_852' title='bbox 2398 5717 2417 5751; x_wconf 77' lang='grc' dir='ltr'>ι</span> <span class='ocrx_word' id='word_1_853' title='bbox 2448 5700 2494 5753; x_wconf 90' lang='lat' dir='ltr'><strong>si</strong></span> <span class='ocrx_word' id='word_1_854' title='bbox 2523 5699 2644 5768; x_wconf 90' lang='lat' dir='ltr'><strong>ejus</strong></span> <span class='ocrx_word' id='word_1_855' title='bbox 2690 5692 2990 5763; x_wconf 80' lang='lat' dir='ltr'><strong>consortio,</strong></span> <span class='ocrx_word' id='word_1_856' title='bbox 3029 5715 3048 5750; x_wconf 76' lang='grc' dir='ltr'><strong><em>ι</em></strong></span> <span class='ocrx_word' id='word_1_857' title='bbox 3101 5695 3207 5760; x_wconf 87' lang='lat' dir='ltr'><strong>vel,</strong></span> <span class='ocrx_word' id='word_1_858' title='bbox 3242 5711 3263 5746; x_wconf 81' lang='grc' dir='ltr'>ι</span> <span class='ocrx_word' id='word_1_859' title='bbox 3295 5692 3443 5763; x_wconf 78' lang='lat' dir='ltr'><strong>quod</strong></span> <span class='ocrx_word' id='word_1_860' title='bbox 3477 5692 3603 5759; x_wconf 82' lang='lat' dir='ltr'><strong>ejus</strong></span> 
     </span>
    </p>
   </div>
   <div class='ocr_carea' id='block_1_116' title="bbox 2027 5769 2978 5840">
    <p class='ocr_par' dir='ltr' id='par_1_116' title="bbox 2027 5769 2978 5840">
     <span class='ocr_line' id='line_1_117' title="bbox 2027 5769 2978 5840; baseline -0.006 -13"><span class='ocrx_word' id='word_1_861' title='bbox 2027 5770 2329 5840; x_wconf 74' lang='lat' dir='ltr'><strong>consortio,</strong></span> <span class='ocrx_word' id='word_1_862' title='bbox 2364 5788 2385 5822; x_wconf 74' lang='grc' dir='ltr'><strong><em>ι</em></strong></span> <span class='ocrx_word' id='word_1_863' title='bbox 2424 5770 2640 5825; x_wconf 81' lang='lat' dir='ltr'><strong>videtur</strong></span> <span class='ocrx_word' id='word_1_864' title='bbox 2667 5769 2978 5840; x_wconf 78' lang='lat' dir='ltr'><strong>legendum.</strong></span> 
     </span>
    </p>
   </div>
   <div class='ocr_carea' id='block_1_117' title="bbox 2098 5833 3597 5905">
    <p class='ocr_par' dir='ltr' id='par_1_117' title="bbox 2098 5833 3597 5905">
     <span class='ocr_line' id='line_1_118' title="bbox 2098 5833 3597 5905; baseline -0.009 -4"><span class='ocrx_word' id='word_1_865' title='bbox 2098 5841 2213 5901; x_wconf 75' lang='grc'><strong>(14)</strong></span> <span class='ocrx_word' id='word_1_866' title='bbox 2247 5833 2518 5896; x_wconf 77' lang='lat' dir='ltr'><strong>[neodem</strong></span> <span class='ocrx_word' id='word_1_867' title='bbox 2535 5833 2747 5905; x_wconf 60' lang='lat' dir='ltr'><strong>codice,</strong></span> <span class='ocrx_word' id='word_1_868' title='bbox 2767 5858 2787 5893; x_wconf 72' lang='grc' dir='ltr'>ι</span> <span class='ocrx_word' id='word_1_869' title='bbox 2813 5838 2960 5895; x_wconf 83' lang='lat' dir='ltr'><strong>illius</strong></span> <span class='ocrx_word' id='word_1_870' title='bbox 2977 5835 3171 5903; x_wconf 83' lang='lat' dir='ltr'><strong>oculis,</strong></span> <span class='ocrx_word' id='word_1_871' title='bbox 3192 5853 3217 5891; x_wconf 80' lang='grc'><em>›</em></span> <span class='ocrx_word' id='word_1_872' title='bbox 3234 5833 3389 5893; x_wconf 70' lang='lat' dir='ltr'><strong>nullo</strong></span> <span class='ocrx_word' id='word_1_873' title='bbox 3410 5847 3597 5891; x_wconf 84' lang='lat' dir='ltr'><strong>sensu.</strong></span> 
     </span>
    </p>
   </div>
  </div>
