4090 6388
465 462 601 525 μω

1488 456 1679 514 ACTA
1719 449 2251 512 DISPUTATIONIS
2287 447 2346 504 S.
2381 438 2731 501 ARCHELAI

3586 422 3727 479 N68

464 593 618 651 sunt,
653 583 730 639 ita
760 591 811 637 et
837 581 924 636 hic
949 577 1092 634 ferre
1113 591 1223 632 non
1251 574 1397 629 valet
1416 572 1570 643 regni
1601 571 1743 628 lucis
1771 569 2057 636 intuitum,
2086 572 2133 629 Α
2158 574 2244 623 set
2298 565 2484 628 homo,
2531 557 2864 651 priusquam.
2894 555 3083 651 pastor
3124 545 3352 649 haberet
3387 556 3639 651 gregem,
3676 542 3725 645 si

468 678 562 735 sed
592 685 777 732 manet
797 687 1013 742 semper
1042 681 1336 726 extraneos
1364 673 1420 722 et
1447 665 1682 719 alienus.

536 767 707 824 XXV.
747 766 931 822 Manes
965 764 1150 818 dixit:
1171 760 1289 815 Non
1336 773 1530 814 omnes
1565 756 1793 826 capiunt
1825 752 2051 809 verbum

469 861 585 928 Dei,
613 861 705 917 sed
736 859 937 929 quibus
964 858 1151 911 datum
1182 863 1266 911 est
1288 853 1431 910 scire
1462 850 1724 924 mysteria
1759 847 1910 919 regni
1940 860 2052 902 ca-

469 953 649 1008 lorum
676 952 741 1005 ³⁶.
772 949 843 1003 Ει
867 949 980 1020 jam
1015 949 1235 1019 quidem
1263 947 1375 1018 (15)
1401 946 1518 1002 scio
1546 941 1641 1014 qui
1678 940 1790 996 sint
1825 937 2002 994 nostri
2032 954 2048 993 :

476 1062 496 1095 ι
523 1042 655 1098 Mea
685 1043 852 1107 enim,
881 1039 1078 1108 inquit,
1110 1054 1240 1094 oves
1260 1052 1450 1092 vocem
1483 1048 1660 1089 meam
1693 1030 2001 1086 audiunt".
2022 1047 2044 1083 ι

472 1134 696 1204 Propter
737 1142 956 1187 nostros
989 1146 1120 1201 ergo
1162 1129 1364 1201 quibus
1394 1128 1557 1183 datus
1583 1133 1669 1181 est
1694 1123 1940 1180 veritatis
1965 1123 2050 1178 in-

472 1228 737 1289 tellectus,
773 1240 868 1294 per
902 1222 1289 1278 similitudines
1320 1220 1521 1275 dicam.
1582 1216 1791 1273 Similis
1811 1225 1897 1273 est
1929 1230 2048 1270 ma-

470 1317 652 1387 lignus
677 1316 841 1379 leoni,
874 1315 966 1384 qui
1002 1314 1240 1383 irrepere
1279 1312 1395 1367 vult
1427 1310 1573 1383 gregi
1603 1311 1733 1365 boni
1774 1309 2047 1380 pastoris;

471 1410 616 1479 quod
645 1424 770 1464 cum
794 1418 985 1479 pastor
1011 1407 1223 1472 viderit,
1248 1405 1384 1461 fodit
1416 1407 1628 1459 foveam
1664 1403 1959 1473 ingentem,
1995 1411 2051 1456 et

469 1503 537 1557 de
565 1516 730 1572 grege
761 1502 882 1555 tulit
905 1516 1071 1554 unum
1097 1499 1344 1561 hadum,
1378 1509 1434 1553 et
1458 1494 1685 1567 iactavit
1715 1495 1769 1548 in
1798 1492 2045 1560 foveam;

469 1612 631 1668 quem
682 1596 766 1650 leo
810 1595 1065 1649 invadere
1094 1594 1434 1661 desiderans,
1467 1609 1593 1649 cum
1644 1591 1854 1662 ingenti
1902 1590 2048 1645 indi-

471 1687 729 1758 gnatione
769 1686 935 1740 voluit
974 1701 1098 1739 eum
1120 1685 1436 1751 absorbere,
1461 1692 1517 1738 et
1542 1698 1839 1739 accurrens
1870 1683 1938 1738 ad
1969 1680 2051 1735 fo-

467 1796 649 1846 veam,
676 1777 879 1833 decidit
914 1777 968 1831 in
996 1792 1140 1843 eam,
1173 1774 1503 1832 ascendendi
1532 1776 1659 1829 inde
1685 1789 1906 1830 sursum
1939 1787 2049 1827 non

472 1872 681 1927 habens
711 1873 887 1936 vires;
925 1884 1087 1939 quem
1126 1876 1313 1938 pastor
1343 1868 1741 1937 apprehensum
1777 1880 1874 1935 pro
1918 1880 2050 1935 pru-

467 1964 654 2020 dentia
700 1978 801 2018 sua
850 1962 904 2016 in
941 1976 1104 2015 cavea
1142 1959 1446 2025 concludit,
1489 1966 1654 2028 atque
1691 1956 1915 2012 haedum
1951 1955 2044 2026 qui
2084 1946 2123 2002 Β
2152 1942 2240 1998 his
2290 1940 2617 2002 maerentia,

470 2070 598 2110 cum
624 2055 744 2123 ipso
778 2050 946 2107 fuerit
987 2052 1040 2105 in
1086 2049 1265 2115 fovea,
1302 2048 1635 2121 incolumem
1679 2047 2046 2103 conservavit.

474 2145 552 2200 Ex
597 2146 701 2200 hoc
747 2158 878 2214 ergo
926 2143 1237 2196 inlirmatus
1271 2150 1359 2195 est
1429 2140 1721 2210 malignus,
1768 2139 1908 2193 ultra
1935 2139 2047 2208 jam

471 2239 630 2293 leone
682 2253 789 2292 non
825 2235 1058 2291 habente
1100 2241 1422 2303 potestatem
1458 2231 1691 2288 faciendi
1726 2230 1954 2302 aliquid,
1998 2240 2052 2285 et

473 2330 775 2386 salvabitur
823 2344 984 2382 omne
1033 2327 1341 2382 animarum
1382 2340 1578 2395 genus,
1631 2340 1696 2379 ac
1728 2325 2050 2380 restituetur

475 2423 622 2493 quod
654 2422 907 2493 perierat,
943 2419 1162 2491 proprio
1197 2433 1300 2475 suo
1334 2418 1503 2490 gregi.
1560 2416 1848 2473 Archelaus
1878 2418 2050 2471 dixit:

476 2512 534 2567 Si
566 2514 776 2569 leonem
818 2512 1059 2583 maligno
1104 2525 1413 2581 comparas,
1445 2507 1617 2564 Deum
1651 2526 1783 2566 vero
1824 2511 2049 2581 pastori,

473 2619 606 2661 oves
649 2614 815 2675 atque
866 2603 1113 2669 hadum,
1153 2602 1262 2666 die,
1307 2601 1526 2656 cuinam
1571 2602 2054 2672 comparabimus?

477 2696 663 2753 Manes
693 2697 831 2751 dixit
855 2694 1037 2751 :Oves
1071 2702 1127 2751 et
1172 2693 1369 2750 hadus
1410 2693 1574 2750 unius
1616 2695 1752 2749 mihi
1800 2695 2054 2750 videntur

473 2804 597 2846 esse
629 2797 871 2854 natura;
897 2788 951 2840 in
977 2785 1390 2842 similitudinem
1414 2796 1597 2842 autem
1626 2795 1907 2857 ponuntur
1931 2789 2052 2843 ani-

475 2896 711 2937 marum.
748 2878 1037 2937 Archelaus
1080 2876 1220 2931 dixit
1254 2875 1548 2932 :Animam
1602 2891 1733 2948 ergo
1782 2878 2053 2948 perditum

474 2973 623 3028 dedit
665 2971 830 3037 Deus,
875 2970 1144 3040 objiciens
1187 2984 1310 3024 eam
1343 2967 1501 3024 'leoni
1547 2969 1603 3025 in
1646 2968 1823 3028 fovea.
1870 2969 2053 3025 Manes

474 3067 613 3122 dixit
643 3081 663 3119 :
693 3064 1073 3135 Nequaquam,
1107 3065 1250 3121 absit
1280 3064 1413 3132 hoc;
1439 3063 1534 3120 sed
1565 3064 1945 3134 apprehensus
1968 3072 2055 3119 est

474 3156 581 3213 hoc
608 3156 847 3227 ingenio,
881 3158 935 3211 in
970 3155 1217 3211 futurum
1249 3170 1380 3210 vero
1408 3155 1646 3210 salvabit
1681 3170 1827 3211 eam.
1857 3154 2057 3210 Arche-

473 3248 594 3304 laus
623 3248 760 3305 dixit
789 3264 808 3303 :
837 3248 1148 3305 Ridiculum
1176 3251 1290 3319 jam
1311 3249 1456 3306 istud
1484 3257 1588 3316 est,
1624 3248 1730 3303 viri
1753 3248 2051 3313 auditores,

470 3346 519 3400 si
547 3360 746 3416 agnum
779 3361 941 3416 quem
971 3347 1239 3402 retinebat
1266 3345 1322 3399 in
1346 3345 1585 3409 sinibus,
1608 3353 1798 3415 pastor
1819 3345 2052 3399 extime-

471 3448 634 3489 scens
661 3435 835 3490 leonis
867 3435 1197 3506 ingressum,
1220 3434 1451 3505 proiecit
1475 3451 1601 3490 eum
1638 3435 2042 3500 devorandum,

470 3533 528 3578 et
553 3524 755 3579 dicitur
781 3528 910 3595 quia
945 3526 999 3580 in
1035 3525 1280 3581 futurum
1312 3525 1546 3582 salvabit
1580 3536 1730 3582 eum.
1757 3526 2054 3594 Quomodo

472 3635 584 3674 non
608 3629 782 3675 totum
810 3622 917 3677 hoc
950 3622 1183 3677 ridiculo
1213 3622 1430 3691 plenum
1459 3622 1579 3677 est?
1603 3620 1737 3676 Nam
1769 3631 1825 3677 et
1868 3623 1922 3677 in
1952 3624 2056 3678 hoc

473 3711 638 3767 etiam
675 3712 942 3783 judicium
984 3714 1266 3769 adimitur.
1312 3712 1457 3769 Deus
1495 3714 1639 3785 enim
1677 3714 1787 3784 (16)
1839 3712 2056 3768 Satana

476 3803 713 3857 animam
749 3805 991 3869 tradidit,
1039 3806 1093 3860 in
1140 3806 1496 3877 perditionem
1541 3808 1609 3861 ab
1656 3822 1722 3862 eo
1769 3820 2055 3861 assumeno

475 3894 623 3950 dam.
671 3894 904 3962 Quando
944 3898 1090 3952 enim
1132 3910 1340 3970 pastor,
1393 3915 1575 3954 nonne
1619 3898 1789 3954 David
1822 3897 1935 3967 (l7)
1987 3896 2055 3951 de

475 4004 571 4046 ore
621 3991 829 4059 leonis,
880 3992 968 4046 vel
1023 3994 1138 4048 ursi
1191 3993 1336 4048 eruit
1387 3994 1592 4049 ovem?
1651 3991 1764 4047 Hoc
1819 3990 2054 4045 dicimus

472 4093 698 4155 propter
755 4101 845 4139 ore
911 4084 1122 4150 leonis;
1178 4087 1325 4157 quod
1392 4088 1504 4154 ait,
1567 4087 1635 4142 de
1705 4099 1800 4140 ore
1876 4083 2053 4138 leonis

474 4183 571 4229 aut
632 4176 699 4232 de
758 4186 947 4232 ventre
993 4178 1113 4247 ejus
1162 4187 1345 4248 potest
1418 4178 1690 4244 educere,
1749 4177 1895 4249 quod
1937 4175 2050 4247 jam

473 4263 565 4319 ille
623 4265 923 4322 devoravit.
990 4265 1096 4322 Sed
1159 4269 1308 4324 dices
1369 4270 1503 4324 mihi
1549 4287 1565 4324 ς
1612 4267 1756 4324 Deus
1809 4276 1933 4333 est,
1997 4275 2053 4321 et

474 4357 659 4412 omnia
728 4366 926 4427 potest.
985 4358 1129 4413 Audi
1192 4375 1323 4431 ergo
1383 4361 1450 4417 ad
1513 4361 1628 4416 hac
1674 4378 1688 4415 :
1738 4374 1838 4414 cur
1889 4358 2055 4429 igitur

475 4450 621 4519 quod
650 4451 842 4518 possit,
878 4464 988 4503 non
1039 4450 1173 4505 illud
1219 4451 1403 4522 potius
1449 4452 1672 4517 asseris,
1709 4451 1857 4522 quod
1896 4460 2053 4520 pote-

474 4541 548 4595 rit
586 4539 802 4609 propria
841 4541 1042 4596 virtute
1067 4541 1286 4598 vincere
1328 4541 1564 4607 leonem,
1606 4541 1723 4597 sive
1759 4556 1898 4611 pura
1934 4541 2050 4613 (18)

2159 653 2569 728 supervenisset
2596 650 2700 711 leo,
2736 643 2866 716 quid
2896 641 3079 704 ﬁebat,
3110 637 3241 708 quia
3271 651 3383 691 non
3407 643 3526 689 erat
3552 632 3729 689 leonis

2158 726 2285 807 esca
2332 748 2651 818 priusquam
2697 737 2894 794 badus
2938 730 3120 788 esset?
3156 728 3341 784 Manes
3397 727 3587 782 dixit:
3615 726 3728 782 Leo

2152 840 2371 913 quidem
2395 835 2528 891 nihil
2551 828 2935 890 manducabat,
2951 825 3237 881 exercebat
3258 832 3437 878 tamen
3462 819 3726 875 malitiam

2154 948 2312 990 suam
2355 945 2453 1000 per
2489 937 2833 997 quacunque
2866 929 3082 992 poterat
3110 917 3376 982 invenire,
3412 915 3729 972 discurrens

2151 1043 2248 1100 per
2277 1023 2510 1081 vertices
2539 1019 2807 1075 montium
2837 1033 2853 1084 ;
2879 1015 3026 1087 quod
3065 1014 3111 1069 si
3154 1009 3449 1082 aliquando
3482 1008 3533 1065 ei
3560 1006 3725 1064 etiam

2150 1132 2279 1174 esca
2303 1123 2423 1171 erat
2453 1111 2784 1173 necessaria,
2815 1109 3065 1180 capiebat
3095 1121 3161 1160 ex
3190 1102 3377 1158 bestiis
3423 1116 3546 1170 qua
3571 1111 3731 1154 erant

2150 1208 2256 1266 sub
2288 1221 2458 1276 regno
2492 1219 2615 1261 suo.
2663 1203 2955 1257 Archelaus
2990 1199 3129 1254 dixit
3158 1212 3172 1250 :
3216 1194 3358 1266 Ergo
3398 1193 3564 1247 unius
3600 1198 3732 1247 sunt

2149 1298 2490 1363 substantia,
2521 1297 2715 1352 bestia
2760 1310 2882 1365 qua
2927 1301 3056 1349 sunt
3084 1291 3138 1345 in
3184 1302 3354 1357 regno
3394 1284 3639 1354 maligni,
3673 1291 3732 1339 et

2150 1390 2298 1446 badi
2350 1390 2444 1460 qui
2492 1397 2622 1444 sunt
2669 1388 2725 1441 in
2773 1400 2941 1455 regno
2989 1382 3117 1439 boni
3150 1380 3284 1434 Dei?
3316 1376 3498 1433 Manes
3537 1375 3729 1431 dixit:

2149 1483 2337 1547 Absit;
2385 1495 2732 1552 nequaquam
2787 1498 2801 1532 :
2857 1476 2994 1531 nihil
3039 1487 3332 1529 commune
3382 1478 3495 1534 est,
3551 1483 3730 1538 neque

2150 1574 2291 1644 ipsis
2326 1572 2396 1628 ad
2440 1572 2699 1644 invicem,
2730 1583 2906 1639 neque
2937 1567 3022 1622 his
3052 1579 3174 1635 qua
3205 1579 3305 1641 sua
3337 1569 3483 1617 sunt.
3525 1558 3730 1614 Arche-

2151 1665 2269 1721 laus
2294 1664 2433 1719 dixit
2468 1682 2487 1721 :
2516 1662 2673 1719 Unus
2708 1670 2874 1731 atque
2916 1659 3056 1714 idem
3091 1663 3176 1711 est
3204 1669 3341 1710 usus
3372 1654 3426 1707 in
3457 1667 3581 1707 esca
3610 1650 3729 1705 leo-

2153 1758 2261 1815 nis.
2294 1756 2353 1813 Si
2381 1756 2527 1811 enim
2563 1772 2627 1811 ex
2659 1750 2897 1825 propriis
2924 1746 3218 1819 aliquando
3247 1745 3436 1801 bestiis
3481 1742 3733 1812 capiebat

2153 1850 2358 1915 cibum,
2404 1845 2700 1918 aliquando
2726 1842 2870 1898 etde
2895 1842 2983 1896 his
3020 1838 3150 1895 boni
3192 1838 3318 1905 Dei;
3350 1836 3498 1891 nulla
3540 1844 3625 1890 est
3671 1833 3729 1889 in

2669 1944 2934 2007 quantum
2965 1932 3031 1988 ad
3072 1946 3227 1987 escas
3266 1929 3520 2000 pertinet,
3569 1936 3623 1982 et
3659 1942 3731 1981 ex

2153 2036 2258 2090 hoc
2301 2041 2526 2104 apparet
2565 2032 2729 2087 unius
2762 2045 2857 2086 eas
2899 2043 3022 2083 esse
3056 2025 3393 2082 substantia.
3441 2023 3545 2078 Sed
3581 2022 3730 2078 aliud

2152 2125 2264 2198 (19)
2301 2126 2410 2180 alio
2449 2124 2611 2195 longe
2645 2121 2867 2178 diﬂ‘erre
2898 2116 3262 2189 ignorantiam
3311 2114 3519 2186 pastori
3552 2113 3729 2169 ascri-

2151 2219 2357 2285 bimus,
2385 2216 2513 2287 quia
2543 2230 2651 2270 non
2683 2224 2862 2285 aptam
2890 2226 3097 2278 escam,
3125 2208 3257 2279 quin
3283 2208 3461 2278 potius
3491 2207 3730 2262 alienam

2150 2305 2367 2372 obtulit,
2415 2304 2500 2358 vel
2530 2301 2760 2373 proiecit
2793 2298 2958 2354 leoni.
2995 2297 3105 2352 Aut
3143 2295 3286 2352 forte
3324 2309 3520 2351 rursus
3555 2295 3728 2352 dissi-

2151 2397 2362 2452 mulare
2407 2395 2618 2460 volens,
2660 2392 2810 2447 dices
2841 2389 3000 2457 mihi,
3027 2389 3155 2459 quia
3191 2389 3330 2444 nihil
3383 2388 3467 2444 leo
3497 2388 3588 2443 ille
3631 2404 3731 2443 co-

2151 2486 2425 2543 medebat.
2473 2485 2703 2541 Illumne
2746 2485 2912 2556 igitur
2959 2483 3054 2554 qui
3097 2479 3384 2538 comedere
3427 2480 3732 2545 nesciebat,

2152 2580 2269 2650 ipse
2298 2579 2367 2635 ad
2413 2576 2810 2634 comedendum
2848 2577 3086 2633 animam
3117 2573 3457 2646 provocavit,
3484 2586 3587 2629 nec
3612 2571 3733 2630 sola

2152 2670 2309 2725 fovea
2340 2669 2406 2725 ad
2439 2668 2818 2738 decipiendum
2842 2682 2967 2722 eum
2996 2665 3076 2720 uti
3108 2662 3300 2728 voluit,
3331 2663 3379 2719 si
3409 2672 3593 2717 tamen
3625 2662 3735 2718 hoc

2152 2763 2377 2834 dignum
2416 2769 2502 2817 est
2551 2759 2732 2816 facere
2777 2758 2972 2824 Deum,
3015 2767 3071 2814 et
3112 2758 3270 2813 dolos
3318 2756 3642 2827 exquirere?
3665 2754 3735 2811 Et

2154 2853 2298 2910 sicut
2332 2868 2430 2907 rex
2458 2852 2680 2923 aliquis,
2709 2851 2852 2907 bello
2887 2851 2990 2906 sibi
3023 2851 3195 2916 illato,
3222 2863 3570 2920 nequaquam
3603 2864 3735 2919 pro-

2153 2945 2271 3018 pria
2293 2945 2494 2999 virtute
2526 2943 2791 3007 conlisus,
2831 2942 2927 2999 sed
2965 2942 3358 2998 imbecillitatis
3392 2956 3507 2996 sua
3538 2940 3736 2997 timore

2156 3037 2500 3109 perterritus,
2534 3035 2708 3091 muris
2739 3035 2855 3105 ipse
2890 3034 3042 3091 urbis
3064 3035 3332 3102 inclusus,
3363 3033 3567 3088 vallum
3593 3032 3734 3087 alia-

2155 3145 2264 3200 que
2306 3128 2646 3183 munimenta
2686 3125 2992 3182 circumdat
3021 3141 3086 3181 ac
3127 3132 3421 3196 praparat,
3458 3124 3641 3179 manui
3667 3139 3738 3180 ac

2155 3222 2366 3278 viribus
2404 3220 2541 3277 nihil
2587 3220 2791 3286 lidens;
2840 3217 2884 3273 si
2933 3233 3064 3274 vero
3107 3218 3191 3273 vir
3233 3216 3392 3275 fortis
3435 3217 3528 3283 sit,
3564 3217 3736 3273 etiam

2080 3293 2122 3351 ο
2157 3331 2321 3387 porro
2359 3330 2390 3369 a
2422 3314 2537 3371 suis
2571 3314 2771 3371 ﬁnibus
2796 3313 2851 3367 in
2880 3326 3172 3379 occursum
3201 3311 3348 3368 hosti
3380 3309 3648 3382 procedit,
3677 3319 3738 3366 et

2153 3408 2266 3479 agit
2297 3406 2504 3474 omnia,
2544 3420 2833 3478 usquequo
2874 3406 3059 3461 vincat
3096 3415 3151 3460 et
3193 3403 3438 3459 obtineat
3475 3402 3739 3458 adversa-

2155 3515 2321 3555 rium.

2226 3608 2414 3667 XXVI.
2449 3610 2666 3668 Iudices
2692 3614 2940 3668 dixerunt
2969 3627 2987 3665 :
3011 3610 3070 3667 Si
3099 3609 3182 3666 ais
3207 3618 3481 3681 pastorem
3505 3608 3736 3665 hadum

2156 3706 2273 3763 sive
2302 3720 2504 3777 agnum
2538 3705 2682 3760 leoni
2719 3702 3033 3775 proiecisse,
3073 3720 3197 3758 cum
3242 3702 3334 3757 ille
3368 3702 3603 3757 irrueret
3636 3701 3739 3757 ad-

2154 3813 2373 3854 versum
2417 3797 2744 3869 ingenitum,
2776 3804 2962 3851 actum
3014 3803 3119 3849 est.
3152 3793 3325 3861 Quem
3375 3793 3521 3848 enim
3550 3801 3738 3862 potest

2152 3890 2400 3959 judicare
2430 3898 2619 3958 pastor
2639 3887 2925 3943 hadorum
2965 3896 3128 3957 atque
3149 3901 3439 3958 agnorum,
3464 3901 3589 3941 cum
3616 3886 3739 3955 ipse

2157 3983 2467 4040 inveniatur
2491 3983 2572 4038 eis
2617 3981 2672 4037 in
2714 3979 2934 4045 delicto,
2976 3979 3023 4034 si
3071 3994 3239 4034 causa
3284 3978 3520 4033 traditus
3563 3978 3735 4032 etiam

2156 4089 2329 4146 agnus
2360 4089 2456 4144 per
2476 4072 2849 4129 inﬁrmitatem
2880 4069 3116 4140 pastoris
3141 4068 3398 4124 resistere
3423 4083 3532 4123 non
3558 4066 3738 4123 valuit

2155 4166 2321 4231 leoni,
2344 4169 2759 4235 etfconsequens
2773 4170 2876 4227 est,
2908 4168 2968 4215 ut
2996 4160 3361 4230 quodcunque
3392 4157 3560 4214 fuerit
3584 4158 3733 4214 leoni

2155 4259 2391 4317 libitum.
2420 4266 2607 4327 gerat;
2634 4265 2892 4326 tanquam
2916 4255 2964 4309 si
3006 4253 3263 4309 dominus
3286 4267 3457 4307 unum
3492 4267 3525 4307 e
3553 4250 3735 4306 servis

2157 4349 2274 4405 suis
2298 4349 2554 4420 ejectum,
2581 4347 2664 4402 vel
2696 4362 2793 4415 per
2817 4355 3022 4400 metum
3059 4343 3238 4399 tradat
3259 4341 3574 4399 adversario
3604 4356 3739 4406 suo,

2158 4461 2320 4516 quem
2356 4460 2550 4500 rursus
2588 4441 2826 4513 recipere
2857 4440 2977 4495 suis
3028 4439 3237 4495 viribus
3272 4453 3385 4494 non
3422 4435 3636 4492 valeat?
3671 4433 3736 4490 Si

2157 4553 2290 4593 vero
2313 4552 2445 4593 casu
2476 4535 2662 4606 aliquo
2678 4534 2990 4605 provenerit
3008 4547 3134 4587 eum
3163 4531 3352 4601 recipi,
3377 4545 3486 4601 qua
3511 4528 3734 4585 tandem

473 4630 573 4686 Dei
630 4632 870 4702 potentia
894 4672 911 4699 ,
957 4641 1011 4687 et
1071 4650 1351 4705 nunquam
1395 4633 1666 4689 machinis
1701 4633 2051 4704 quibusdam,
2084 4640 2128 4697 ι)
2159 4629 2372 4684 ratione
2405 4635 2678 4683 tormenta
2714 4625 2765 4681 ei
2804 4624 3006 4695 poterit
3047 4624 3314 4694 irrogare,
3353 4622 3400 4676 si
3444 4621 3513 4676 ad
3542 4620 3735 4677 omnia

472 4728 530 4778 et
554 4724 724 4780 fovea
761 4724 922 4780 hado
958 4726 1073 4781 sive
1118 4741 1257 4796 agno
1288 4726 1524 4782 tradito?
1553 4725 1649 4781 Dic
1685 4725 1819 4779 mihi
1872 4725 2037 4780 etiam

473 4816 632 4883 illud,
667 4818 712 4871 si
743 4817 946 4887 pastori
978 4818 1323 4887 superveniat
1355 4818 1461 4884 leo,
1493 4831 1603 4871 non
1640 4816 1859 4871 habenti
1890 4832 2046 4882 oves,

474 4910 605 4981 quid
653 4910 782 4965 ﬁet?
816 4908 1094 4979 lngenitus
1134 4910 1278 4965 enim
1316 4919 1421 4974 est,
1465 4909 1559 4979 qui
1593 4909 1795 4964 dicitur
1839 4918 2046 4979 pastor,

473 4999 752 5071 ingenitus
776 5016 995 5071 quoque
1025 5001 1187 5056 etiam
1217 5001 1323 5055 leo.
1358 5000 1497 5055 Cum
1521 5016 1650 5070 ergo
1679 5001 1924 5056 nondum
1957 5016 2051 5057 es-

542 5137 588 5169 "
610 5136 800 5192 Matth.
833 5152 951 5199 XII,
983 5137 1068 5191 11.
1145 5135 1366 5192 "Joan.
1397 5154 1453 5201 χ,
1483 5136 1574 5192 27.

547 5273 660 5343 (15)
700 5274 758 5329 1n
796 5275 1080 5331 Casinensi
1129 5275 1316 5331 codice
1353 5275 1631 5340 scribitur,
1666 5294 1685 5327 σ
1718 5274 1880 5328 etiam
1915 5275 2045 5344 qni-

472 5345 620 5400 dem.
650 5365 670 5397 ›
709 5345 815 5417 Sed
853 5346 1139 5417 legendum
1171 5346 1403 5417 videtur,
1436 5364 1455 5397 ι
1488 5354 1543 5400 et
1576 5345 1688 5414 jam
1735 5346 1989 5413 quidem;
2023 5364 2041 5397 ι

476 5430 621 5495 saepe
661 5416 836 5495 enim.
861 5416 925 5470 in'
966 5416 1066 5471 hoc
1116 5416 1303 5472 codice
1344 5416 1650 5488 junguntur
1695 5417 1881 5482 verba,
1926 5431 2050 5485 qua

475 5484 1005 5555 disjungidebenta
1347 5484 1359 5488 ⁷
1454 5484 1471 5486 “
1555 5496 1587 5555 ς

503 5623 515 5636 .
550 5553 972 5636 (iw—Loquitur
996 5554 1087 5636 hic
1116 5555 1416 5636 Archelaus
1447 5570 1515 5610 ex
1552 5553 1785 5610 Manetis
1826 5567 2048 5610 senten-

475 5626 575 5687 tia,
611 5626 703 5693 qui
739 5633 1162 5696 cumpastorem
1189 5626 1571 5696 pravidentem
1610 5641 1671 5679 ac
1702 5638 2047 5696 prauoscen‘

477 5702 586 5765 tem
637 5695 932 5765 inevitabili
980 5695 1151 5750 leonis
1174 5695 1513 5750 devorationi
1557 5695 1876 5765 exposuisse
1931 5696 2048 5751 ha-

478 5762 612 5837 dum
657 5763 880 5833 diceret,
935 5762 1735 5837 necessarioeonsequeba'tur
1770 5774 2045 5837 pastorem

477 5833 659 5903 ipsum
701 5848 922 5914 causam
959 5849 1083 5914 esse
1124 5835 1450 5904 perditionis
1473 5833 1665 5903 'hadi,
1693 5833 1854 5906 eique
1899 5835 2047 5891 illius

480 5920 669 5962 necem
696 5904 819 5973 jure
849 5904 1072 5959 ascribi.

2154 4736 2277 4791 qua
2295 4722 2344 4776 ei
2369 4718 2668 4789 imperabat
2692 4717 2968 4780 inimicus,
2994 4715 3238 4786 parebat,
3263 4728 3389 4769 cum
3406 4727 3531 4768 eum
3550 4712 3734 4781 ipsum

2155 4812 2267 4885 (20)
2300 4810 2585 4866 tradiderit
2627 4810 2875 4868 inimico.
2920 4808 3063 4864 sicut
3103 4805 3246 4861 leoni
3296 4804 3558 4859 btedum?
3588 4818 3734 4873 pra-

2151 4911 2470 4957 noscentem
2505 4900 2650 4955 enim
2677 4899 2882 4955 asseris
2910 4914 3033 4955 esse
3063 4906 3362 4969 pastorem.
3397 4894 3735 4951 Verberatus

2153 4995 2300 5051 enim
2343 5010 2540 5065 agnus,
2569 5003 2625 5049 et
2667 4992 3021 5063 interroganti
3053 5006 3112 5047 se.
3156 4991 3383 5062 pastori,
3420 5005 3519 5045 cur
3548 4989 3607 5043 in
3640 4988 3731 5045 bis

2223 5264 2336 5335 (17)
2374 5263 2472 5320 llic
2496 5262 2700 5335 aliquid
2732 5261 2923 5335 deesse
2952 5259 3187 5335 videtur.
3216 5258 3416 5335 _F_orte:
3453 5278 3471 5313 α
3502 5260 3728 5330 quando

2149 5330 2297 5392 enim
2326 5346 2511 5405 pastor
2542 5330 2644 5388 hoc
2670 5333 2844 5405 fecit?
2877 5330 3068 5405 Nonne
3099 5330 3298 5405 David,
3323 5350 3341 5381 ι
3380 5341 3486 5405 etc.

2220 5398 2342 5477 (l8)'
2368 5406 2444 5460 lta
2484 5404 2683 5477 corrigi
2718 5403 2917 5477 debere
2939 5401 3154 5455 videtur
3179 5402 3339 5477 lectio
3370 5398 3576 5477 codicis
3615 5400 3727 5477 Ga-

2149 5470 2410 5540 sitiensis,
2458 5476 2549 5546 qui
2597 5470 2777 5541 habet,
2814 5491 2834 5525 ι
2874 5473 2921 5527 si
2964 5482 3022 5527 et
3064 5486 3230 5542 pura;
3276 5472 3386 5527 nisi
3435 5470 3723 5537 malueris,

2154 5565 2172 5598 ι
2206 5548 2249 5603 si
2281 5558 2365 5603 est
2395 5560 2550 5616 pura.
2583 5563 2602 5616 i
2760 5615 2767 5616 ί
2796 5613 2806 5616 _
3126 5614 3134 5616 Δ
3354 5553 3365 5564 ’

2223 5619 2334 5687 (19)
2371 5611 2548 5672 Locus
2591 5615 2693 5670 iste
2719 5613 2938 5687 videtur
2976 5614 3297 5687 mendosus,
3329 5627 3431 5687 nec
3448 5611 3587 5687 quid
3612 5611 3721 5667 sibi

2148 5683 2278 5743 velit
2317 5683 2629 5743 "Archelaus
2681 5688 2828 5740 clare
2884 5684 3243 5754 intelligitur,
3294 5684 3399 5739 nisi
3448 5683 3727 5754 legamus,

2153 5779 2171 5811 ι
2207 5759 2312 5813 Sed
2339 5759 2504 5814 alium
2537 5758 2606 5811 ab
2626 5757 2734 5812 alio
2756 5757 2916 5827 longe
2939 5753 3158 5809 ditl'erre
3184 5756 3232 5811 si
3258 5753 3530 5819 dicamus,
3562 5753 3733 5825 igno-

2148 5830 2379 5885 rantiam
2406 5827 2611 5897 pastori
2645 5826 2994 5882 ascribiinus.
3032 5843 3052 5876 ι

2222 5899 2335 5970 (20)
2367 5895 2529 5954 Forte
2564 5898 2871 5970 legendum,
2914 5915 2933 5950 ι
2969 5912 3094 5952 cum
3131 5895 3264 5965 ipse.
3297 5914 3317 5949 ι
