4090 6400
388 514 526 571 N69

1518 511 1665 570 CUM
1703 507 1987 567 ΜΑΝΕΤΕ
2025 507 2561 566 ΗΕΒΕΒῙΑΒΟΗΔ.

3499 513 3640 574 M70

381 622 532 695 leoni
558 635 824 708 paruerit,
856 633 1192 711 respondet:
1229 631 1312 689 'l‘u
1356 648 1446 691 me
1491 634 1636 691 leoni
1675 632 1964 698 tradidisti,
1994 636 2043 695 Α
2072 629 2243 699 Quem
2292 647 2420 687 cum
2466 632 2733 689 vidissent
2783 631 3061 698 custodes,
3113 631 3412 704 poscebant
3455 634 3525 689 ab
3568 650 3637 692 eo

383 742 489 783 nec
515 725 759 784 restitisti
782 724 1045 781 adversus
1073 738 1223 790 eum,
1243 722 1424 779 sciens
1445 730 1499 778 et
1516 723 1822 794 praevidens
1839 736 1962 792 qua:

384 815 522 872 mihi
567 816 803 887 gerenda
843 812 1044 881 forent,
1085 829 1212 870 cum
1258 813 1379 884 ejus
1425 829 1513 869 me
1563 828 1785 869 necesse
1817 821 1965 867 esset

381 909 765 980 obtemperare
788 899 1181 979 pmceptis.'Et
1196 922 1263 962 ne
1293 907 1462 962 multa
1484 906 1752 972 dicamus,
1787 919 1963 975 neque

387 999 535 1058 Deus
563 1001 837 1074 perfectus
870 1010 1059 1074 pastor
1086 1001 1413 1066 ostenditur,
1438 1016 1615 1072 neque
1647 1001 1731 1055 leo
1758 999 1963 1054 alienos

388 1095 546 1153 cibos
571 1095 890 1167 percepisse
924 1096 1372 1152 demonstratur:
1405 1103 1459 1150 et
1503 1094 1628 1149 ideo
1663 1093 1781 1163 ipsa
1818 1091 1964 1147 veri-

386 1196 499 1243 tate
544 1188 805 1244 edocente
842 1186 1060 1253 claruit,
1097 1187 1184 1242 his
1223 1201 1345 1256 quae
1395 1186 1464 1241 ab
1503 1185 1774 1241 Archelao
1818 1185 1962 1240 dicta

386 1289 536 1348 sunt,
555 1282 790 1352 palmam
820 1295 921 1337 nos
951 1278 1151 1336 debere
1168 1279 1440 1335 conferre.
1472 1277 1761 1333 Archelaus
1782 1277 1916 1331 dixit
1941 1292 1961 1331 :

385 1373 655 1442 Quoniam
700 1372 919 1444 quidem
954 1372 1021 1428 de
1061 1372 1318 1427 omnibus
1347 1372 1415 1427 de
1444 1371 1644 1443 quibus
1689 1371 1961 1441 discepta-

386 1466 588 1531 vimus,
634 1465 922 1536 prudentia
953 1464 1199 1535 judicum
1249 1463 1625 1534 plenissimum
1667 1463 1959 1517 terminum

385 1553 600 1625 posuit,
649 1553 935 1610 tacendum
996 1561 1082 1608 est
1132 1554 1198 1608 de
1240 1553 1486 1623 reliquis,
1533 1561 1588 1608 et
1630 1554 1684 1606 in
1745 1566 1959 1622 tempus

386 1646 533 1703 aliud
558 1647 966 1702 reservandum.
993 1644 1147 1701 Sicut
1168 1647 1313 1702 enim
1338 1646 1384 1701 si
1410 1644 1518 1718 (2t)
1543 1646 1666 1716 quis
1684 1644 1952 1716 serpentis

385 1746 633 1796 conterat
662 1747 845 1808 caput,
880 1738 938 1793 in
965 1738 1177 1793 nullum
1198 1737 1311 1808 jam
1342 1738 1550 1808 reliqua
1572 1737 1820 1807 corporis
1841 1737 1961 1807 ejus

385 1831 636 1888 membra
678 1831 989 1902 deputanda
1036 1840 1194 1898 sunt;
1240 1832 1314 1886 ita
1351 1832 1631 1887 dualitatis
1660 1831 1962 1901 quaestione

383 1918 616 1989 rejecta,
649 1918 791 1975 sicut
818 1936 918 1991 pro
958 1921 1171 1976 viribus
1208 1922 1572 1987 ostendimus,
1606 1921 1816 1991 reliqua
1838 1937 1961 1991 quae

2065 722 2328 795 signaculi
2354 723 2516 779 ﬁdem
2547 723 2684 797 (28),
2709 738 2819 795 quo
2847 724 3061 794 possint
3081 725 3130 778 ei
3148 724 3402 780 videlicet
3424 727 3639 796 aperire

2065 814 2407 881 thesaurum,
2439 824 2493 870 et
2516 830 2708 886 parere
2733 814 2805 879 ei,
2832 822 3092 884 tanquam
3115 814 3313 878 abillo,
3337 814 3431 884 qui
3460 816 3641 887 signa-

2063 916 2239 974 verat,
2273 907 2481 973 misso;
2506 907 2600 976 qui
2631 921 2758 961 cum
2800 905 2911 978 (29)
2943 921 3044 961 nec
3081 907 3264 961 claves
3304 908 3635 977 ostenderet,

2064 1016 2246 1071 neque
2303 1000 2710 1070 signaculorum
2771 999 2931 1053 ﬁdem
2967 998 3202 1054 deferret
3247 1000 3447 1069 (neque
3485 1000 3634 1054 enim

2063 1085 2310 1141 habebat
2332 1085 2468 1157 jus),
2495 1102 2524 1140 a
2550 1086 2870 1142 custodibus
2900 1086 3105 1157 ejectus
3137 1095 3240 1151 est,
3279 1096 3334 1141 et
3375 1087 3632 1157 fugatus;

2063 1176 2153 1233 fur
2174 1178 2320 1232 enim
2344 1178 2524 1249 potius
2550 1188 2603 1233 et
2637 1179 2775 1233 latro
2804 1179 2873 1233 ab
2910 1180 2990 1234 eis
3025 1194 3145 1234 esse
3189 1181 3632 1249 deprehenditur,

2062 1271 2349 1325 convictus
2386 1281 2439 1325 et
2477 1268 2805 1340 confugatus
2852 1269 2965 1342 (50)
3006 1272 3168 1325 etiam
3216 1287 3280 1325 ex
3320 1271 3443 1333 hoc,
3486 1273 3633 1341 quod

2062 1374 2187 1435 post
2232 1364 2464 1419 multum
2515 1373 2761 1434 tempus,
2814 1380 2979 1434 quam
3037 1364 3368 1435 promissum
3421 1364 3630 1432 fuerat,

2064 1457 2258 1512 adesse
2289 1457 2581 1523 desideret,
2611 1472 2787 1528 neque
2817 1458 2997 1512 claves
3029 1473 3204 1527 neque
3230 1457 3507 1528 signacula
3539 1475 3634 1511 nc-

2062 1564 2170 1619 que
2204 1548 2373 1603 ullum
2428 1551 2655 1605 omnino
2683 1551 3006 1605 custodibus
3050 1550 3309 1605 indicium
3356 1549 3631 1613 deferens,

2064 1654 2172 1693 non
2223 1641 2583 1708 quantitatem
2635 1639 2894 1695 frumenti
2946 1639 3213 1693 reconditi
3262 1639 3470 1703 sciens;
3512 1653 3634 1709 qua:

2062 1731 2246 1785 omnia
2274 1731 2564 1787 manifesta
2604 1732 2805 1787 indicia
2839 1741 2986 1799 sunt,
3014 1746 3356 1801 nequaquam
3396 1746 3519 1785 eum
3564 1732 3633 1788 ai.

2063 1820 2156 1875 illo
2185 1835 2308 1876 esse
2339 1822 2745 1889 transmissum,
2771 1831 2825 1876 et
2850 1823 2991 1889 ideo,
3022 1831 3083 1876 ut
3102 1829 3497 1894 consequenter
3518 1821 3632 1895 (3|)

2063 1920 2199 1977 erat,
2231 1928 2262 1967 a
2298 1912 2617 1969 custodibus
2659 1924 2968 1971 reservatus
2993 1923 3096 1969 est.

386 2025 486 2081 per
531 2010 675 2066 hanc
714 2012 1123 2076 asserebantur,
1159 2026 1285 2067 cum
1332 2011 1449 2082 ipsa
1493 2012 1696 2083 pariter
1736 2013 1958 2082 explosa
1991 1994 2035 2054 Β
2129 2001 2345 2058 XXVII.
2377 2005 2536 2059 Aliud
2576 2006 2763 2069 etiam,
2810 2006 2856 2062 Si
2898 2006 3134 2075 videtur,
3176 2007 3410 2063 dicimus
3446 2021 3635 2062 exem-

388 2109 538 2157 sunt.
574 2100 679 2157 Sed
718 2103 771 2157 in
811 2102 1012 2172 ipsum,
1053 2100 1149 2171 qui
1186 2101 1362 2169 adest,
1399 2110 1729 2157 assertorem
1762 2102 1957 2156 horum

385 2195 578 2266 paucis
606 2194 806 2261 dicam,
838 2203 900 2249 ut
924 2192 1181 2248 omnibus
1207 2191 1514 2250 innotescat
1535 2193 1680 2264 quis,
1708 2202 1763 2249 et
1792 2193 1958 2260 unde,

383 2295 442 2341 et
477 2286 655 2356 qualis
695 2294 809 2352 est;
844 2285 1055 2340 dixerat
1113 2286 1260 2340 enim
1310 2300 1369 2341 se
1425 2299 1547 2342 esse
1618 2284 1960 2343 Paracletum

386 2378 563 2443 illum,
597 2392 759 2447 quem
784 2374 947 2433 Jesus
978 2375 1331 2448 proﬁciscens
1359 2375 1600 2431 humano
1622 2377 1808 2448 generi
1834 2380 1965 2434 mis-

388 2479 581 2520 surum
615 2480 673 2522 se
703 2480 827 2520 esse
858 2466 1187 2537 promiserat
1219 2466 1289 2520 ad
1314 2466 1545 2521 salutem
1568 2465 1806 2521 ﬁdelium
1834 2467 1957 2522 ani-

386 2571 624 2623 marum,
673 2566 726 2612 et
771 2572 879 2612 non
929 2557 1091 2629 longe
1140 2558 1315 2629 possit
1368 2558 1417 2613 ei
1459 2558 1666 2613 Paulus
1712 2558 1825 2631 (22)
1864 2574 1962 2615 vas

386 2648 697 2717 electionis,
727 2659 783 2705 et
810 2658 1037 2705 vocatus
1070 2650 1377 2721 apostolus,
1412 2650 1558 2705 unde
1582 2658 1636 2705 et
1657 2650 1963 2721 praedicans

384 2753 570 2794 veram
607 2740 913 2796 doctrinam
948 2739 1131 2795 aiebat
1170 2739 1328 2810 (2'5):
1365 2757 1385 2791 ι
1422 2738 1534 2794 Aut
1575 2739 1961 2795 documentum

382 2829 498 2904 (24)
519 2833 763 2903 quaeritis
800 2832 946 2903 ejus,
964 2832 1057 2902 qui
1097 2832 1150 2886 in
1185 2847 1271 2886 me
1292 2832 1800 2902 loquiturChristus
1818 2830 1888 2885 ἐἴ
1937 2849 1957 2884 ι

386 2922 457 2979 Et
481 2924 699 2995 quidem
729 2924 874 2995 quod
918 2924 1041 2981 dico
1073 2925 1165 2979 tali
1185 2924 1558 2995 exemplo,sed
1593 2924 1707 2995 (25)
1728 2924 1951 2981 clarius.

387 3015 565 3074 Homo
592 3017 815 3089 quidam
859 3017 1130 3074 conclusit
1160 3017 1215 3072 in
1248 3019 1506 3074 thesauro
1545 3015 1804 3074 frumenti
1841 3018 1965 3090 plu-

387 3111 615 3177 rimum,
657 3110 732 3166 ita
770 3118 829 3166 ut
867 3109 1103 3167 refertus
1139 3118 1284 3166 esset
1327 3109 1514 3177 locus;
1566 3124 1729 3180 quem
1779 3111 1962 3167 locum

381 3204 635 3260 clausum
682 3211 846 3274 atque
907 3202 1179 3275 signatum
1255 3201 1649 3259 sufﬁcientibus
1705 3203 1962 3274 signacu-

2062 2096 2233 2166 plum.
2266 2094 2441 2151 Homo
2470 2098 2689 2167 quidam
2719 2100 3109 2169 paterfamilias
3138 2100 3290 2155 dives
3315 2100 3634 2170 plurimum,

2062 2187 2129 2242 ad
2169 2198 2385 2258 tempus
2419 2203 2644 2260 peregre
2688 2188 3003 2257 abfuturus,
3048 2192 3175 2249 ﬁliis
3210 2194 3326 2249 suis
3355 2193 3631 2264 pollicitus

2060 2287 2166 2346 est,
2209 2280 2505 2335 missurum
2544 2295 2603 2335 se
2630 2295 2753 2337 esse
2788 2283 3047 2353 aliquem,
3096 2285 3192 2355 qui
3231 2301 3328 2355 pro
3358 2301 3416 2341 se
3449 2285 3637 2341 distri-

2060 2372 2250 2427 bueret
2295 2372 2375 2428 eis
2418 2388 2485 2427 ex
2535 2388 2692 2443 aequo
2734 2375 3119 2431 substantiam.
3168 2376 3236 2429 Et
3262 2377 3477 2447 quidem
3523 2392 3635 2433 non

2062 2466 2234 2521 multo
2285 2476 2411 2538 post
2439 2469 2591 2525 misit
2636 2478 2812 2524 tutum
2859 2468 3039 2523 virum
3076 2469 3389 2539 quemdam,
3420 2469 3635 2540 justum

2061 2565 2116 2612 et
2138 2573 2328 2612 verum
2350 2577 2364 2626 ;
2390 2560 2482 2629 qui
2514 2575 2638 2615 cum
2666 2558 2928 2625 venisset,
2957 2567 3209 2629 suscepta
3231 2559 3485 2615 universa
3511 2560 3638 2615 sub-

2062 2650 2284 2716 stantia,
2324 2651 2506 2721 primo
2553 2651 2800 2706 omnium
2846 2650 3119 2705 instruere
3167 2665 3288 2705 eam
3337 2666 3404 2708 ac
3444 2666 3634 2723 regere

2063 2745 2292 2811 studuit,
2334 2743 2591 2799 laborans
2636 2743 2931 2814 plurimum
2984 2744 3040 2798 in
3084 2742 3398 2807 itineribus,
3435 2745 3636 2802 sedens

2063 2835 2180 2906 ipse
2205 2850 2303 2905 per
2330 2850 2389 2890 se
2432 2835 2545 2907 (32)
2573 2835 2689 2891 suis
2720 2835 2975 2890 manibus
2998 2850 3138 2905 opus
3170 2833 3402 2903 faciens,
3431 2843 3489 2890 et
3527 2836 3635 2892 mi-

2061 2926 2339 2995 nistrans;
2367 2927 2566 2983 deinde
2600 2928 2900 2983 moriturus
2927 2926 3040 2999 ('55)
3077 2935 3464 2983 testamentum
3493 2928 3636 2985 scri—

2064 3017 2162 3081 bit.
2195 3019 2518 3090 pr0pinquis
2559 3020 2675 3075 suis
2707 3028 2762 3074 et
2805 3019 3069 3089 proximis
3102 3020 3360 3075 omnibus
3398 3019 3634 3075 haeredi-

2062 3119 2225 3166 tatem
2254 3111 2658 3180 derelinquens,
2700 3119 2755 3167 et
2803 3112 3084 3183 signacula
3133 3111 3282 3167 dedit
3312 3113 3412 3177 eis,
3454 3122 3508 3168 et
3534 3128 3635 3168 no-

2061 3205 2309 3259 minatim
2343 3205 2585 3274 singulos
2616 3221 2948 3271 convocans,
2998 3209 3250 3277 praecepit
3292 3208 3374 3263 eis
3412 3221 3633 3264 servare

385 3295 457 3352 lis
480 3295 614 3368 (26),
645 3293 906 3351 custodiri
935 3295 1189 3366 praecepit
1218 3312 1233 3350 :
1262 3295 1380 3366 ipse
1403 3294 1658 3351 dominus
1689 3310 1819 3352 vero
1841 3313 1961 3354 ces—
1982 3332 2030 3396 ο
2063 3296 2429 3352 hereditatem
2475 3305 2530 3351 et
2566 3298 2841 3352 custodire
2891 3313 2955 3353 ac
3005 3314 3194 3369 regere
3236 3299 3624 3367 substantiam,

378 3388 459 3445 sit
484 3388 628 3460 (27);
662 3389 804 3445 alius
842 3396 1022 3444 autem
1050 3388 1272 3458 quidam
1294 3389 1672 3459 postmultum
1699 3391 1959 3460 temporis
1991 3386 2030 3396 ”
2061 3388 2205 3445 sicut
2254 3399 2626 3458 susceperant,
2671 3398 2725 3444 et
2774 3386 2979 3460 perfrui
3026 3387 3185 3446 honis
3233 3399 3288 3445 et
3336 3389 3630 3460 fructibus,

384 3480 605 3536 advenit
637 3479 707 3536 ad
744 3480 1087 3544 thesaurum,
1128 3479 1318 3536 dicens
1349 3495 1407 3535 se
1444 3480 1512 3535 ab
1543 3495 1612 3535 eo
1642 3480 1735 3551 qui
1772 3481 1959 3553 signa-

385 3570 527 3627 culis
560 3572 742 3626 locum
791 3571 1158 3633 concluserat,
1189 3570 1419 3626 missum
1450 3571 1518 3625 ad
1546 3570 1672 3636 hoc,
1704 3580 1765 3626 ut
1795 3574 1958 3634 etiam

384 3665 505 3736 ipse
544 3665 597 3719 in
626 3664 879 3720 eumdem
930 3664 1249 3720 thesaurum
1293 3663 1535 3720 triticum
1583 3676 1957 3737 congregaret.

458 3796 570 3852 “ll
594 3794 724 3852 Cor.
766 3813 890 3863 xm,
928 3797 984 3853 5.

461 3913 574 3986 (2i)
614 3912 673 3967 ln
705 3914 893 3986 codice
937 3913 1224 3986 Casinensi
1263 3913 1443 3986 deﬁcit
1471 3932 1491 3966 ‹
1527 3916 1618 3986 si,
1658 3932 1677 3968 ι
1706 3924 1761 3971 et
1797 3917 1962 3986 paqu

386 3984 532 4055 post,
568 4002 588 4036 ι
631 3985 932 4055 quastione
969 3984 1189 4046 relecta,
1222 4003 1241 4035 ι
1276 3985 1462 4039 habet.
1517 3985 1622 4040 Sed
1651 3984 1960 4043 necessaria

385 4054 506 4110 visa
537 4064 619 4110 est
651 4054 941 4124 utrobique
957 4055 1227 4124 correctio
1257 4063 1463 4110 nostra.

462 4125 575 4197 (22)
608 4123 704 4179 Vel
737 4124 826 4179 hic
851 4121 1118 4197 nonnulla
1144 4123 1366 4197 desunt,
1388 4124 1470 4197 vel
1504 4121 1738 4197 fortasse
1769 4123 1956 4195 legen-

388 4192 601 4261 dum,'¢
645 4203 705 4249 ut
738 4209 845 4248 non
877 4195 1036 4264 longe
1071 4202 1195 4263 post
1226 4195 1298 4249 sit
1321 4194 1371 4248 ei
1414 4192 1655 4258 Paulus;
1687 4213 1707 4245 ι
1742 4192 1957 4263 nempe,

390 4275 453 4322 ut
484 4267 605 4336 ipso
634 4280 827 4336 parum
878 4265 1103 4336 inferior
1132 4266 1204 4336 sit
1230 4264 1434 4336 Paulus
1459 4264 1759 4336 apostolus,
1783 4280 1958 4336 quem

383 4352 423 4393 ιι
458 4333 570 4390 Deo
597 4333 723 4390 ante
757 4350 817 4390 se
853 4335 918 4389 ad
944 4335 1172 4405 humani
1198 4335 1427 4405 .generis
1461 4334 1690 4388 salutem
1723 4333 1957 4405 missum

386 4406 564 4463 fuisse
604 4407 683 4461 ait
730 4421 895 4475 supra
942 4404 1149 4465 Manes,
1187 4404 1261 4458 ita
1313 4414 1493 4475 tamen
1542 4404 1764 4475 ut__sihi,
1811 4407 1958 4474 quod

388 4476 691 4602 perfetitgim
742 4472 900 4542 erat,
957 4485 1297 4531 reservatum
1358 4474 1541 4530 fuerit.
1600 4472 1736 4530 Vide
1791 4472 1959 4545 supra

388 4563 515 4602 can.
622 4587 636 4602 .

387 4563 515 4603 can.
548 4563 636 4602 10.

462 4564 671 4687 ἵάὅῖὓίη
701 4616 890 4673 codice
922 4613 1209 4687 Casinensi
1237 4625 1321 4672 est
1347 4635 1365 4668 ι
1395 4615 1635 4687 agebat,_
1655 4633 1675 4667 ι
1710 4614 1954 4687 librarii,

2056 3480 2161 3551 ipsi
2196 3480 2404 3535 domini
2450 3482 2801 3552 haaredesque
2840 3482 3105 3538 derelicti.
3146 3482 3204 3537 Si
3251 3483 3346 3554 qui
3380 3497 3512 3538 vero
3551 3497 3623 3539 ex

2058 3571 2173 3642 agri
2203 3572 2365 3642 hujus
2400 3570 2667 3627 fructibus
2698 3573 2978 3643 percipere
3011 3581 3247 3643 rogaret,
3289 3573 3633 3643 indulgenter

2058 3663 2391 3733 praeberent:
2436 3664 2522 3720 sin
2566 3672 2746 3719 autem
2796 3665 3132 3721 colueredem
3179 3679 3239 3721 se
3285 3665 3497 3733 dicens,
3533 3679 3632 3719 ex—

2277 3912 2477 3967 Cttnvs.
2535 3910 2770 3966 Anulum
2801 3911 2949 3981 gnati
2984 3911 3064 3965 tui

2133 3982 2345 4048 Facito,
2398 3992 2456 4037 ut
2513 3977 2819 4037 memineris
2851 3981 3006 4050 ferre.
3060 3977 3180 4034 Nic.
3218 3978 3362 4050 Quid
3392 3994 3522 4050 opus
3548 3986 3631 4050 est

3356 4048 3517 4102 anulo
3534 4049 3561 4103 1’

2334 4047 2337 4048 ν
2852 4047 2860 4050 ’
3536 4049 3561 4082 9

2131 4123 2329 4178 Cunxs.
2372 4120 2512 4187 Quia
2552 4121 2607 4175 id
2652 4120 2860 4189 signum
2903 4127 2980 4174 est
3036 4047 3634 4189 Theotinto,[ar;iiiiocitm

3222 4187 3330 4260 [illi
3355 4187 3562 4258 afferet,

2270 4262 2338 4316 Ei
2360 4276 2550 4316 aurum
2580 4272 2636 4316 ul
2667 4262 3036 4317 reddatur.....

2058 4334 2204 4388 Alter
2233 4349 2359 4388 vero
2390 4333 2443 4386 in
2481 4332 2574 4386 lib.
2608 4349 2640 4386 χ
2673 4334 2745 4386 De
2776 4335 2925 4386 asino
2950 4346 3117 4385 aureo
3145 4327 3251 4382 hoc
3280 4328 3430 4382 iraue
3447 4327 3635 4397 cujus-

2059 4404 2183 4458 dam
2204 4404 2449 4458 mulieris
2476 4402 2690 4457 facinus
2720 4402 2902 4457 refert.
2936 4421 2955 4454 ι
2990 4400 3206 4455 Annulo
3243 4399 3421 4453 mariti
3445 4415 3634 4453 surre-

2058 4484 2175 4545 pto,
2207 4491 2302 4529 rus
2347 4472 2610 4543 profecta,
2651 4475 2813 4545 mittit
2851 4473 3140 4545 quemdam
3181 4469 3485 4545 servulum.
3528 4469 3633 4524 sibi

2060 4540 2279 4614 quidem
2313 4540 2548 4608 fidelem,
2570 4545 2663 4599 sed
2688 4545 2754 4598 de
2784 4540 2896 4613 ipsa
2926 4544 3029 4597 ﬁde
3054 4540 3288 4614 pessime
3314 4550 3633 4614 merentem,

2061 4609 2153 4685 qui
2197 4616 2389 4685 puella:
2432 4615 2727 4680 nuntiaret,
2766 4609 2910 4684 quod
2954 4609 3075 4668 eam
3099 4611 3334 4685 juvenis
3357 4609 3635 4685 profectus

394 4681 738 4754 ut'arhitror,
760 4701 984 4754 errore;
1010 4688 1091 4743 sic
1110 4685 1251 4742 infra
1276 4702 1396 4758 cap.
1426 4681 1529 4742 29:
1555 4706 1573 4739 σ
1606 4682 1767 4741 Jesus
1783 4692 1853 4741 ad
1877 4681 1961 4742 di-
1986 4681 2039 4743 D
2066 4681 2136 4758 ad
2157 4681 2400 4758 villulam
2444 4693 2664 4739 vocaret
2703 4685 2770 4739 ad
2786 4681 2890 4758 se:
2933 4684 3139 4758 addito,
3169 4692 3229 4735 ut
3258 4682 3393 4758 sola,
3422 4691 3497 4758 eL
3517 4681 3637 4735 sine

388 4759 654 4829 Scipulos_
662 4758 875 4829 agebat.
910 4772 937 4829 ρ

466 4826 580 4899 (24)
631 4826 862 4899 vulgata
909 4826 1074 4898 legit,
1118 4845 1138 4880 ι
1188 4843 1272 4899 an
1313 4827 1781 4898 experimentum;
1832 4846 1850 4880 ι
1905 4829 1962 4885 in

386 4897 582 4956 Griecb
614 4897 795 4953 tamen
828 4897 977 4952 textu
1008 4906 1112 4961 est,
1152 4897 1292 4952 ἐπεί.

467 4968 579 5039 (25)
609 4966 765 5039 [forte
806 4988 824 5021 ι
857 4969 949 5032 ﬁt,
982 4987 1001 5020 ι
1031 4968 1114 5022 vel
1145 4987 1163 5020 ς
1193 4969 1343 5039 sit,»
1378 4976 1475 5039 aut
1510 4967 1696 5035 etiam,
1745 4987 1765 5021 ε
1799 4979 1900 5026 est.
1936 4989 1957 5024 ›

465 5036 579 5107 (26)
609 5036 785 5110 Supra
830 5039 1072 5110 thesauri
1107 5039 1226 5093 solo
1270 5038 1448 5110 sigillo
1495 5039 1763 5110 obsignati
1808 5057 1962 5095 men-

395 5110 603 5165 tionem
641 5107 775 5162 facit
818 5108 1121 5180 Archelaus
1153 5124 1168 5160 :
1208 5115 1264 5161 at
1292 5109 1382 5163 hic
1421 5109 1599 5180 sigillo
1624 5107 1818 5165 'claves
1867 5111 1964 5165 ad-

387 5180 604 5251 jungit,
650 5193 761 5249 quo
812 5190 972 5251 pacto
1017 5179 1269 5251 chariora
1318 5179 1554 5251 quaeque
1599 5182 1670 5234 ab
1721 5182 1963 5250 antiquis

394 5248 681 5306 cusiodiri’
712 5249 1099 5321 consuevisse,
1143 5248 1298 5303 testis
1345 5248 1870 5321 estﬁristophanes
1905 5253 1960 5306 in

389 5320 686 5393 comoedia,
713 5319 801 5373 cui
825 5319 1033 5393 titulus,
1053 5316 1801 5393 Θεᾳμοφοριάζουσαιξρθε.
1837 5321 1961 5386 787,

395 5391 538 5461 apud
572 5405 735 5462 quem
766 5389 962 5462 mulier
991 5389 1633 5462 quazdamhconqucritur
1677 5389 1959 5462 gynaeceo-

394 5459 518 5518 rum
568 5460 715 5517 fores
744 5459 937 5530 sigillis
980 5469 1034 5513 et
1068 5461 1311 5530 pessulis
1336 5475 1368 5513 a
1403 5461 1616 5516 maritis
1659 5459 1963 5527 obﬁrmari,

389 5547 558 5603 quem
589 5528 812 5603 morem
842 5529 1032 5603 irridet
1063 5528 1523 5603 Menanderapud
1557 5530 1855 5588 Stobacum.

464 5602 575 5673 (27)
601 5601 807 5673 Forte}
830 5601 1074 5662 recessit,
1106 5619 1126 5652 ι
1156 5601 1239 5654 vel
1263 5618 1280 5651 ι
1315 5601 1585 5657 discessit.
1624 5621 1645 5654 ι

467 5672 579 5743 (28)
608 5672 840 5726 Annulis
870 5685 970 5743 pro
1012 5679 1239 5743 tessera,
1272 5686 1366 5743 seu
1396 5673 1554 5741 signo
1585 5673 1638 5726 in
1675 5672 1965 5742 repetendo

394 5741 663 5812 deposito,
695 5751 751 5796 et
785 5742 991 5812 majore
1022 5742 1237 5812 nuntiis
1254 5741 1357 5794 ﬁde
1387 5741 1965 5798 concilianda’veteres

397 5809 530 5871 usos
560 5813 751 5877 fuisse,
784 5826 853 5867 ex
875 5809 1179 5883 ‘Pjautoet
1214 5811 1439 5883 Apuleio
1477 5813 1781 5880 discimus;
1829 5829 1964 5883 quo—

397 5898 521 5954 rum
565 5883 777 5954 primus
815 5883 872 5936 in
916 5879 1204 5948 Bacchide,
1235 5879 1341 5935 act.
1376 5880 1443 5948 ll,
1505 5898 1668 5938 scena
1695 5879 1779 5949 tu,
1818 5879 1961 5938 vers.

396 5953 486 6019 93,
516 5953 589 6010 ita
610 5953 844 6011 scribit:

2065 4756 2177 4812 ullo
2218 4755 2418 4810 comite
2459 4770 2623 4824 quam
2679 4755 3050 4810 maturissime
3104 4749 3525 4824 perveniret._Et
3568 4764 3637 4804 ne

2063 4842 2172 4897 qua
2217 4827 2357 4880 forte
2386 4822 2702 4897 nasceretur
2733 4826 2984 4880 veniendi
3012 4822 3308 4897 cunctatio,
3334 4822 3504 4897 tradit
3530 4835 3634 4897 an-

2063 4891 2254 4952 nulum
2292 4896 2491 4950 marito
2530 4896 2866 4951 subtractum
2890 4937 2905 4961 ,
2932 4895 3025 4964 qui
3071 4902 3439 4964 monstratus,
3475 4891 3634 4964 ﬁdem

2063 4968 2244 5022 verbis
2270 4967 2692 5040 (astipularetur.
2723 4969 2791 5021 At
2830 4966 2921 5040 illa
2950 4962 3208 5040 mandato
3244 4962 3430 5015 fratris
3477 4962 3638 5040 obse-

2064 5054 2236 5107 quens
2261 5035 2555 5107 (phoc’enim
2585 5052 2778 5107 nomen
2802 5038 2917 5091 sola
2946 5035 3172 5107 sciebat)
3197 5041 3441 5101 respecto
3469 5035 3634 5085 etiam

2065 5105 2222 5179 signo
2248 5105 2367 5177 ejus
2386 5108 2531 5175 quod
2561 5105 2908 5179 oﬂ'erebatur,
2927 5105 3193 5175 gnaviter,
3228 5111 3286 5155 ut
3306 5109 3635 5171 praeceptum

2065 5176 2608 5241 fuerat,’incomitala
2635 5176 2874 5240 festinat,
2907 5195 2925 5226 ι
2955 5184 3061 5230 etc.
3310 5240 3313 5241 ν
3390 5240 3393 5241 ν
3614 5194 3619 5199 ”

2136 5240 2255 5320 (29)
2304 5248 2362 5302 in
2416 5248 2723 5313 Casini-nsi,
2772 5266 2791 5298 ε
2839 5247 3174 5317 quicunque.
3223 5261 3245 5320 ρ
3294 5240 3400 5296 Sed
3439 5255 3636 5298 sensus

2064 5314 2344 5392 postulare
2368 5320 2602 5384 videtur,
2631 5328 2690 5392 ut
2716 5337 2732 5369 ι
2770 5314 3011 5387 quicum
3044 5330 3146 5369 nec
3173 5333 3193 5366 ι
3222 5314 3454 5383 legatur.

2162 5390 2250 5463 50)
2274 5389 2465 5463 Forte,
2479 5408 2507 5463 Δι
2538 5389 2870 5463 οομΐιῃίιιιιετ
2901 5406 2924 5463 _t

2162 5391 2250 5463 50)
2274 5391 2454 5453 Forte,
2489 5408 2507 5439 ι
2538 5391 2870 5443 confutatus.
2906 5406 2924 5438 ι

2138 5391 2253 5530 (51)
2283 5459 2341 5514 1η
2369 5460 2554 5515 codice
2583 5459 2871 5515 Casiuensi
2901 5457 3121 5530 legitur,
3154 5474 3173 5507 ι
3210 5462 3266 5511 et
3296 5453 3418 5509 ideo
3443 5468 3634 5510 conse-

2067 5544 2317 5604 quenter;
2350 5550 2368 5582 ι

2140 5603 2253 5678 (ξς.)
2276 5602 2488 5678 Forte”:
2523 5600 2616 5678 sed
2642 5611 2696 5678 et
2716 5600 3065 5678 ipseperse.
3095 5616 3120 5678 ,ι
3179 5666 3213 5678 υ
3378 5661 3421 5678 γ’

2140 5666 2251 5741 (55)
2275 5672 2331 5725 ln
2358 5672 2544 5726 codice
2569 5666 2879 5736 Casiniensi,
2906 5688 2926 5720 σ
2951 5668 3143 5741 deinde
3163 5666 3250 5741 die
3279 5666 3633 5741 moriturus”

2070 5736 2168 5798 nos
2197 5736 2491 5799 secundam
2523 5757 2730 5808 vocem,
2761 5757 2828 5795 ex
2867 5738 3216 5809 praecedentis
3240 5736 3388 5791 verbi
3426 5744 3640 5809 postre-

2071 5830 2170 5884 mae
2195 5814 2414 5884 syllabae
2444 5804 2762 5884 repetitione
2790 5804 3254 5884 vel:uti,inse_rtam,
3294 5804 3639 5884 sustulimus.

2072 5882 2167 5938 Vel
2198 5876 2430 5939 fortasse
2460 5876 2765 5952 legendum,
2799 5900 2820 5933 ε
2848 5876 3043 5937 deinde
3067 5880 3172 5945 die,
3205 5893 3311 5949 qua
3341 5876 3641 5932 moriturus

2069 5964 2184 6009 erat
2230 5962 2632 6010 testamentum.
2667 5972 2686 6005 Ι
