4090 6396
444 450 613 508 “7|.

1443 446 1631 505 ACTA
1671 443 2203 503 DlSPUTATlONIS
2268 444 2327 501 ὃ.
2362 444 2705 508 ARCHELAI

3560 443 3706 500 ιιτε

441 579 710 643 posceret,
746 570 1074 639 devitarent,
1119 579 1284 642 atque
1330 570 1570 627 alienum
1604 585 1728 626 esse
1775 585 2019 642 pronun-
2047 575 2094 633 Α
2120 568 2334 626 Patrem
2357 579 2633 638 meum,et
2658 570 2815 627 mitto
2837 570 2991 627 vobis
3007 568 3351 627 Paracletum
3370 570 3441 635 “,
3469 586 3489 622 ι
3514 569 3704 625 statim

442 668 643 723 tiarent
673 667 819 739 (34);
853 683 990 737 opus
1018 676 1197 723 autem
1235 666 1408 737 magis
1440 664 1617 721 facere
1640 665 1843 721 debere
1865 680 2013 727 eum,

439 762 535 834 qui
584 761 749 831 recipi
780 761 924 816 velit.
956 760 1243 828 Quomodo
1272 775 1403 830 ergo
1449 760 1534 815 his
1577 760 1835 817 omnibus
1876 760 2016 816 bene

439 860 696 922 recteque
738 850 1018 922 dispositis
1050 860 1104 905 et
1141 850 1381 915 statutis,
1411 866 1475 905 ac
1504 850 1742 920 plurimo
1773 860 2018 924 tempore

439 939 495 996 in
516 955 585 997 eo
615 950 758 996 statu
803 941 1313 1011 perseverantibus,
1344 956 1468 994 eum
1503 941 1595 1011 qui
1645 949 1769 1011 post
1805 950 2018 997 trecen-

438 1042 526 1088 tos
559 1033 669 1088 fere
714 1048 892 1088 annos
928 1034 1157 1099 venerit,
1186 1043 1240 1087 et
1268 1032 1534 1086 hazredem
1574 1048 1695 1088 esse
1727 1047 1786 1088 se
1807 1032 2014 1088 conﬁr—

436 1134 568 1190 met,
604 1142 711 1180 non
740 1126 1083 1193 abjiciemus,
1122 1142 1230 1180 non
1252 1125 1398 1193 juste
1421 1125 1660 1179 alienum
1691 1126 2016 1195 pronuntia-

435 1231 581 1281 mus,
614 1217 710 1285 qui
744 1233 846 1270 nec
871 1218 937 1271 de
982 1216 1305 1286 propinquis
1354 1230 1414 1271 se
1462 1231 1582 1272 esse
1628 1218 1885 1284 ostendit,
1917 1219 2011 1286 qui

435 1306 698 1362 defuncto
752 1317 941 1362 nostro
996 1322 1102 1361 non
1164 1307 1402 1361 adfuerit
1446 1308 1751 1377 aegrotanti,
1816 1309 1910 1378 qui
1959 1308 2013 1362 in

435 1402 723 1469 exsequias
748 1416 853 1454 non
886 1400 1008 1454 ierit
1033 1400 1324 1465 Cruciﬁxo,
1353 1400 1445 1470 qui
1465 1400 1715 1470 sepulcro
1747 1416 1855 1454 non
1883 1401 2016 1457 asti-

436 1494 584 1560 terit,
619 1492 712 1564 qui
764 1492 990 1546 omnino
1040 1492 1599 1562 nesciat,.quomodo
1642 1501 1736 1547 aut
1775 1493 2014 1563 qualiter

436 1587 728 1643 defunctus
748 1597 851 1656 est,
879 1585 971 1656 qui
1017 1585 1260 1655 denique
1283 1585 1601 1639 thesaurum
1644 1585 1902 1640 frumenti
1932 1586 2016 1641 in-

436 1679 586 1752 gredi
620 1679 827 1749 cupiat,
877 1679 1027 1732 nullo
1060 1678 1261 1733 indicio
1307 1677 1487 1731 delato
1528 1678 1597 1732 ab
1631 1692 1699 1732 eo
1734 1678 1829 1748 qui
1858 1678 2013 1734 obsi-

436 1772 718 1844 gnaverit?
742 1769 935 1826 Nonne
964 1785 1113 1835 eum,
1147 1779 1407 1840 tanquam
1449 1770 1715 1825 latronem
1751 1782 1805 1826 et
1835 1770 2016 1835 furem

436 1864 779 1933 abjiciemus.
822 1878 887 1917 ac
939 1861 1117 1917 modis
1164 1864 1421 1918 omnibus
1480 1864 1852 1933 cxpellemus?
1885 1863 2011 1920 Haec

435 1931 601 2027 igitur
643 1956 819 2025 signa,
869 1968 993 2025 quae
1052 1953 1104 2007 in
1162 1954 1438 2024 praedictis
1493 1931 2009 2026 comprehendimus
2042 1931 2084 1985 Β

433 2046 721 2115 exemplis,
755 2045 855 2101 istc
903 2061 1011 2099 non
1052 2044 1303 2100 deferens
1341 2045 1513 2111 adest,
1548 2047 1738 2103 dicens
1782 2063 1841 2103 se
1888 2064 2011 2105 esse

433 2137 780 2194 Paracletum
823 2138 915 2208 qui
953 2137 1021 2191 ab
1054 2134 1181 2190 Jesu
1214 2138 1577 2208 praesignatus
1615 2146 1702 2193 est
1732 2139 1906 2206 mitti;
1951 2140 2006 2194 in

433 2249 546 2305 quo
580 2234 896 2287 mendacem
931 2231 1069 2302 ('55),
1108 2231 1367 2303 ignorans
1409 2232 1642 2289 fortasse
1678 2244 1884 2291 asseret
1916 2235 2009 2291 Je—

434 2342 590 2390 sum;
614 2326 706 2396 qui
735 2325 878 2379 enim
908 2324 1119 2379 dixerat
1149 2340 1206 2379 se
1237 2340 1343 2378 non
1368 2327 1538 2381 multo
1565 2336 1687 2396 post
1711 2329 2007 2383 missurum

430 2434 554 2476 esse
582 2417 942 2483 Paracletum,
980 2416 1256 2472 invenitur
1288 2417 1399 2488 (56)
1426 2428 1542 2488 post
1571 2429 1843 2475 trecentos
1868 2431 1920 2475 et
1944 2436 2010 2476 eo

431 2510 665 2580 amplius
693 2525 867 2564 annos
900 2506 1118 2562 misisse
1168 2506 1333 2571 hunc,
1383 2507 1527 2561 sicut
1557 2508 1672 2577 ipse
1717 2510 1821 2564 sibi
1859 2512 2012 2566 testi-

432 2605 676 2658 monium
718 2603 982 2672 perhibet.
1014 2599 1155 2669 Quid
1187 2599 1371 2653 dicent
1410 2598 1537 2653 Jesn
1590 2600 1643 2655 in
1688 2600 1776 2657 die
1815 2602 2008 2673 judicii

430 2694 528 2759 illi,
555 2695 645 2764 qui
667 2693 779 2763 jam
811 2694 917 2747 vita
942 2698 1297 2748 excesserunt
1327 2704 1394 2743 ex
1428 2690 1521 2744 illo
1558 2699 1799 2769 tempore
1832 2710 2010 2765 usque

431 2786 611 2841 nunc?
642 2785 827 2842 Nonne
855 2787 970 2840 haec
1009 2784 1152 2855 apud
1184 2800 1310 2839 eum
1357 2784 1671 2856 allegabunt
1704 2806 1717 2841 :
1750 2785 1872 2842 Noli
1907 2804 2009 2847 nos

428 2881 698 2945 cruciare,
729 2880 772 2933 si
803 2894 968 2948 opera
999 2887 1092 2932 tua
1139 2892 1248 2930 non
1277 2874 1546 2942 fecimus;
1578 2894 1677 2933 cur
1701 2880 1846 2934 enim
1882 2895 2007 2935 cum

428 2973 747 3041 promiseris
777 2972 880 3028 sub
926 2968 1147 3024 Tiberio
1190 2966 1408 3023 Caesare
1456 2969 1758 3026 missurum
1799 2952 1855 3028 te
1888 2989 2011 3030 esse

427 3063 792 3129 l’araeletum,
821 3063 917 3135 qui
947 3073 1198 3132 argueret
1235 3076 1338 3116 nos
1366 3061 1432 3116 de
1478 3074 1703 3133 peccato
1731 3076 1785 3120 et
1811 3066 1879 3121 de
1917 3066 2011 3138 ju-

428 3155 577 3211 stitia
614 3156 681 3221 ³ο,
723 3157 826 3211 sub
873 3152 1053 3233 Probo
1104 3156 1324 3209 demum
1381 3150 1628 3208 Romano
1681 3155 2009 3228 imperatore

2124 663 2295 731 misit,
2322 664 2592 730 dividens,
2620 662 2832 719 donans
2855 663 3140 737 discipulis
3161 664 3309 731 suis;
3333 661 3705 718 abundantius

2121 771 2250 811 vero
2283 755 2573 812 conferens
2600 754 2771 811 Paulo
2800 756 2934 828 (58).

2190 846 2430 904 XXVIII.
2466 847 2650 903 Manes
2675 848 2812 904 dixit
2839 866 2857 905 :
2885 848 3103 908 T.uimet
3131 847 3305 912 ipsius
3332 847 3532 903 indicio
3549 861 3708 902 com-

2119 942 2427 1012 prehensus
2475 956 2557 997 es.
2604 940 2730 998 Haec
2781 942 2927 998 enim
2980 943 3272 997 adversum
3332 951 3386 996 te
3448 941 3700 1010 locutus,

2120 1034 2364 1106 ignoras,
2410 1033 2540 1104 quia
2581 1034 2710 1088 dum
2763 1033 2818 1088 in
2866 1049 2953 1088 me
3000 1033 3082 1088 vis
3133 1034 3333 1104 probra
3386 1033 3701 1104 conjicere,

2119 1124 2319 1194 majori
2348 1125 2521 1195 culpae
2549 1124 2885 1182 succumbis.
2924 1122 3021 1179 Dic
3066 1141 3166 1196 age
3198 1125 3355 1192 mihi,
3397 1125 3470 1193 si,
3496 1134 3555 1180 ut
3592 1126 3700 1195 ais,

2118 1216 2211 1287 qui
2243 1231 2272 1271 a
2304 1216 2527 1273 Tiberio
2558 1234 2729 1287 usque
2779 1219 2847 1272 ad
2878 1216 3113 1274 Probum
3150 1218 3394 1274 defuncti
3431 1228 3581 1285 sunt,
3613 1218 3701 1273 di-

2117 1317 2245 1364 cent
2269 1309 2336 1363 ad
2380 1307 2565 1363 Jesum
2597 1325 2611 1361 :
2651 1307 2772 1364 Noli
2805 1326 2902 1365 nos
2941 1310 3211 1381 judicare,
3249 1311 3377 1381 quia
3409 1327 3574 1382 opera
3603 1321 3700 1368 tua

2121 1413 2229 1453 non
2279 1398 2543 1464 fecimus;
2571 1413 2679 1453 non
2715 1398 2860 1452 enim
2903 1400 3102 1455 misisti
3140 1400 3297 1456 nobis
3331 1399 3700 1461 Paracletum.

2122 1505 2246 1543 eum
2279 1490 2483 1546 dixeris
2531 1501 2582 1545 te
2620 1490 2920 1546 missurum
2951 1491 3061 1562 (39)
3096 1507 3111 1544 :
3145 1507 3254 1547 non
3307 1492 3478 1546 multo
3521 1493 3701 1565 magis

2117 1581 2195 1635 illi
2226 1582 2342 1637 haec
2372 1582 2575 1649 dicent,
2606 1581 2751 1652 quia
2783 1580 2966 1652 Moyse
2995 1598 3166 1653 usque
3196 1583 3262 1637 ad
3285 1584 3577 1639 adventum
3608 1586 3699 1655 ip-

2118 1673 2234 1729 sius
2254 1672 2383 1729 Jesu
2412 1674 2616 1729 Christi
2642 1677 2752 1730 vita
2783 1684 3159 1740 excesserunt,
3194 1684 3251 1730 et
3280 1691 3347 1731 eo
3377 1678 3581 1733 rectius
3607 1678 3700 1732 di-

2115 1776 2239 1822 cent
2275 1786 2289 1821 :
2320 1765 2441 1821 Noli
2489 1784 2591 1824 nos
2649 1769 2863 1825 tradere
2913 1770 3203 1825 tormentis
3248 1768 3385 1839 (ω),
3430 1771 3696 1841 quoniam

2113 1860 2452 1930 agnitionem
2505 1862 2582 1915 tui
2614 1876 2719 1915 non
2770 1862 3119 1932 accepimus?
3155 1859 3221 1916 Et
3264 1877 3375 1917 non
3412 1863 3592 1917 solum
3638 1862 3699 1918 hi

2112 1952 2206 2022 qui
2250 1961 2377 2009 ante
2426 1953 2600 2025 ipsius
2649 1954 2939 2010 adventum
2990 1955 3366 2019 decesserunt,
3407 1955 3533 2026 jure
3578 1956 3701 2013 haec

2112 2044 2346 2115 allegare
2372 2044 2732 2114 videbuntur;
2766 2061 2954 2101 verum
2979 2045 3144 2100 etiam
3174 2045 3272 2112 illi,
3302 2045 3397 2116 qui
3424 2045 3493 2100 ab
3520 2046 3696 2100 Adam

2115 2153 2291 2208 usque
2340 2139 2406 2193 ad
2444 2139 2736 2195 adventum
2780 2138 2910 2195 Jesu
2953 2138 3248 2194 obierunt?
3294 2137 3481 2207 Neque
3529 2137 3702 2194 Para-

2110 2231 2238 2304 cleti
2286 2231 2431 2287 enim
2487 2234 2770 2288 scientiam
2822 2232 3100 2289 consecuti
3152 2240 3301 2297 sunt,
3351 2248 3529 2303 neque
3560 2230 3694 2287 Jesu

2110 2324 2357 2380 doctrina
2392 2325 2588 2380 eruditi
2633 2334 2780 2380 sunt.
2812 2323 2919 2379 Sed
2974 2324 3079 2379 hoc
3113 2309 3292 2379 solum
3317 2324 3567 2379 ultimum
3595 2339 3697 2396 ge-

2112 2433 2215 2472 nus
2248 2418 2551 2484 hominum,
2599 2426 2658 2473 ut
2687 2418 2791 2483 ais,
2816 2416 2961 2488 quod
2992 2431 3023 2470 a
3075 2413 3294 2472 Tiberio
3334 2425 3438 2483 est,
3474 2418 3696 2471 salven-

2114 2518 2201 2564 tur
2229 2510 2375 2580 (41);
2407 2512 2521 2579 ipse
2548 2510 2694 2564 enim
2725 2527 2743 2561 ι
2773 2524 2868 2565 eos
2887 2507 3141 2563 Christus
3163 2509 3230 2563 de
3244 2508 3536 2565 maledicto
3560 2510 3700 2580 legis

2115 2603 2347 2657 redemit
2389 2602 2469 2669 “,
2523 2621 2543 2656 ι
2600 2602 2743 2659 sicut
2794 2601 2999 2660 Paulus
3050 2602 3424 2658 testimonium
3480 2601 3629 2658 dedit
3675 2618 3697 2660 :

2116 2712 2135 2746 ι
2175 2693 2314 2761 Quia
2349 2694 2527 2750 littera
2557 2693 2778 2759 occidit,
2814 2711 2915 2751 nec
2936 2710 3267 2767 quemquam
3302 2694 3543 2750 vivificat
3567 2693 3639 2761 “,
3668 2713 3690 2749 ι

2110 2794 2166 2841 et
2197 2805 2216 2838 ι
2255 2786 2409 2854 Quod
2446 2787 2531 2842 lex
2576 2786 2943 2843 ministerium
2983 2788 3180 2844 mortis
3209 2796 3294 2844 est
3308 2787 3375 2852 “,
3407 2787 3701 2857 virtusque

2116 2879 2323 2948 peccati
2354 2878 2419 2933 “.
2459 2897 2478 2930 ι
2511 2877 2802 2933 Archelaus
2834 2879 2972 2935 dixit
2998 2897 3017 2935 :
3052 2878 3220 2937 Erras
3257 2880 3512 2936 nesciens
3543 2877 3702 2936 Scri-

2112 2972 2384 3043 pturas",
2407 2986 2583 3041 neque
2608 2970 2860 3026 virtutem
2890 2970 2985 3027 Dei
3010 2991 3024 3039 ;
3053 2971 3207 3027 multi
3221 2972 3364 3027 enim
3390 2972 3553 3028 etiam
3574 2979 3702 3044 post

2111 3062 2403 3119 adventum
2433 3062 2635 3118 Christi
2677 3078 2851 3133 usque
2869 3078 3016 3118 nunc
3047 3066 3330 3134 perierunt
3353 3073 3408 3118 et
3440 3071 3693 3134 pereunt;

2112 3158 2168 3213 hi
2207 3157 2436 3221 scilicet,
2483 3158 2577 3226 qui
2618 3157 2877 3228 operibus
2910 3155 3136 3227 justitite
3179 3155 3453 3212 deservire
3497 3154 3699 3211 nolue-

426 3248 652 3314 misisti,
686 3249 965 3317 orphanos
1011 3236 1371 3319 dereliquisti,
1408 3247 1538 3301 dum
1589 3248 1704 3317 ipse
1747 3251 1953 3307 dixeris
1983 3270 1997 3305 :
2030 3275 2076 3335 ρ
2112 3260 2270 3318 runt;
2306 3250 2383 3304 illi
2413 3264 2541 3304 vero
2570 3249 2697 3316 soli,
2724 3248 2817 3319 qui
2848 3258 3207 3319 susceperunt
3238 3265 3363 3303 eum
3412 3257 3469 3304 et
3512 3249 3698 3305 susci-

432 3357 455 3393 ι
492 3337 607 3394 Νυη
659 3339 1035 3411 derelinquam
1091 3356 1193 3396 vos
1236 3341 1514 3410 orpbauos
1538 3339 1605 3406 “,
1646 3359 1666 3392 ι
1710 3357 1835 3397 cum
1887 3344 2005 3414 ipse

426 3429 633 3489 dixeris
674 3441 744 3497 te,
788 3448 918 3486 mox
958 3433 1086 3499 ires,
1133 3435 1433 3492 missurum
1473 3451 1594 3491 esse
1622 3434 2008 3492 Paracletum?

432 3523 572 3591 Quid
610 3533 923 3594 poteramus
950 3527 1180 3595 orphani
1207 3526 1405 3595 facere,
1436 3544 1544 3583 non
1576 3528 1837 3582 habentes
1861 3538 2008 3583 tuto-

427 3616 586 3672 rem?
608 3616 741 3670 nihil
770 3633 868 3673 nos
898 3618 1231 3686 deliquinus,
1266 3628 1323 3674 tu
1353 3635 1452 3675 nos
1483 3618 1739 3675 fefellisti.
1771 3619 1875 3674 Sed
1904 3621 2000 3675 ab-

428 3709 503 3765 sit
548 3708 661 3778 (ὅῖ)
698 3708 804 3763 hoc
830 3723 861 3762 a
910 3705 1140 3763 Domino
1180 3719 1368 3765 nostro
1406 3708 1535 3766 Jesu
1562 3710 1785 3765 Christo
1814 3709 2005 3764 Salva.

428 3814 549 3860 tore
587 3801 768 3857 omnis
796 3801 1014 3857 animae.
1055 3799 1172 3857 Non
1207 3803 1352 3857 enim
1394 3812 1640 3859 moratus
1668 3810 1752 3857 est
1781 3803 1834 3858 in
1875 3818 2007 3874 pro-

428 3897 787 3955 missionibus
835 3896 972 3962 suis,
1028 3897 1123 3952 sed
1173 3913 1299 3953 cum
1347 3897 1625 3953 dixisset:
1678 3916 1698 3948 ι
1742 3895 1889 3952 Vado
1938 3901 2004 3953 ad

2109 3345 2285 3416 piunt,
2322 3361 2341 3393 ι
2377 3349 2698 3412 potestatem
2746 3354 3075 3412 acceperunt
3123 3341 3217 3395 filii
3265 3340 3361 3395 Dei
3409 3341 3527 3395 fieri
3560 3341 3630 3396 ".
3670 3359 3695 3395 ι

2108 3437 2229 3493 Non
2261 3436 2407 3492 enim
2454 3431 2646 3490 omnes
2682 3434 2858 3503 dixit;
2890 3434 2984 3489 sed
3030 3450 3207 3505 neque
3249 3442 3463 3505 tempus
3507 3433 3702 3490 termi-

2109 3531 2296 3587 navit:
2327 3548 2346 3582 ι
2377 3528 2703 3597 Quicunque
2726 3528 2897 3591 enim,
2925 3527 3122 3598 inquit,
3153 3540 3475 3596 acceperunt
3500 3544 3690 3583 eum.»

2108 3610 2277 3679 Adest
2309 3631 2491 3677 autem
2522 3635 2736 3689 semper
2756 3619 2921 3690 justis
2951 3620 3104 3684 viris,
3127 3634 3159 3673 a
3190 3629 3441 3676 creatura
3472 3619 3694 3691 mundi,

2112 3732 2216 3772 nec
2250 3723 2433 3770 cessat
2472 3713 2751 3782 inquirere
2800 3710 3123 3780 sanguinem
3172 3712 3417 3781 ipsorum
3462 3726 3531 3766 ex
3562 3726 3697 3767 san-

2116 3809 2278 3879 guine
2308 3807 2442 3861 Abel
2463 3805 2624 3875 justi,
2650 3819 2825 3874 usque
2854 3804 2921 3859 ad
2960 3805 3285 3875 sanguinem
3317 3802 3692 3859 Zachariae“.

2117 3893 2272 3951 Unde
2301 3907 2432 3963 ergo
2458 3892 2593 3948 Abel
2616 3891 2821 3963 justus,
2857 3899 2913 3947 et
2937 3890 3012 3946 illi
3035 3906 3230 3949 omnes
3254 3892 3450 3964 reliqui
3477 3908 3574 3964 per
3600 3909 3699 3949 or-

500 4038 543 4071 ³⁸
571 4037 729 4093 Joan.
761 4053 869 4101 xvr,
905 4036 957 4092 8.
1032 4037 1076 4070 “
1105 4036 1207 4092 Job
1234 4055 1342 4101 xiv,
1385 4038 1472 4093 i8.
1549 4039 1592 4069 ⁸³
1631 4037 1765 4093 ibid.
1804 4038 1891 4101 16,
1922 4038 2012 4093 28.
2089 4040 2134 4073 “
2166 4035 2342 4091 Galat.
2378 4048 2463 4096 ιιι,
2493 4030 2637 4105 ῗιὸη
2670 4032 2718 4105 ε’
2750 4031 2793 4087 l‘l
2824 4031 2953 4089 Cor.
2995 4049 3078 4100 tu,
3108 4031 3162 4089 6.
3239 4033 3285 4065 “
3316 4031 3503 4091 IlCor.
3531 4034 3696 4105 "1,7.

427 4107 666 4164 "lCor.
689 4125 779 4173 xv,
836 4109 927 4165 56.
1001 4108 1411 4175 “Matth.xxu,
1441 4109 1533 4165 29.
1609 4108 1653 4143 "
1685 4107 1845 4165 Joan.
1884 4125 1924 4177 ι,
1961 4110 2010 4163 ιε

2124 4110 2171 4141 ⁸⁸
2191 4106 2381 4162 Matth.
2416 4118 2549 4161 χχιιι
2568 4142 2582 4168 ,
2610 4103 2700 4160 55.

500 4267 613 4341 (54)
640 4268 749 4341 Aut
770 4269 920 4341 Anihil
949 4270 1123 4334 video,
1172 4278 1268 4325 aut
1295 4269 1368 4326 ita
1403 4270 1774 4327 restituendus
1801 4282 1884 4327 est
1915 4273 2006 4328 hic

424 4337 895 4410 locustnanifeste
939 4351 1257 4410 corruptus;
1289 4358 1413 4396 nam
1446 4342 1499 4394 in
1544 4343 1730 4397 codice
1767 4344 1837 4397 ita
1861 4345 1999 4397 scri-

425 4409 574 4481 bitur
604 4428 618 4463 :
651 4428 669 4459 ι
699 4408 791 4462 Sin
817 4420 995 4464 autem
1014 4408 1302 4465 cmiderem
1340 4427 1398 4466 se
1432 4411 1639 4476 dicens,
1658 4423 1999 4481 exposceret,

426 4479 731 4551 devitarent
758 4482 1032 4550 persequi,
1066 4482 1302 4535 alienum
1330 4497 1453 4535 esse
1476 4479 1874 4551 pronunti—aret.
1910 4501 1929 4534 ι

501 4550 616 4618 (35)
642 4548 765 4621 ﬂoc
797 4548 984 4621 eodem
1006 4560 1330 4621 argumento
1351 4548 1619 4608 adversus
1648 4550 2011 4610 Montanistas

2114 4271 2339 4327 Christo
2374 4269 2659 4325 Salvatore
2689 4283 2853 4324 omne
2885 4268 3101 4324 anima.
3139 4287 3158 4320 ι

2116 4352 2136 4394 t
2190 4342 2307 4411 (58)
2341 4341 2475 4396 Mire
2513 4341 2602 4411 hic
2631 4349 2685 4394 et
2729 4340 2783 4411 in
2830 4355 2984 4409 seqq.
3026 4341 3355 4411 depravalus
3393 4347 3479 4411 est
3519 4340 3698 4397 codex

2118 4409 2462 4476 CaSinensis,
2513 4409 2565 4463 in
2612 4424 2722 4480 quo
2768 4410 2982 4479 legitur.
3040 4409 3520 4480 t_Alntndantihus
3564 4426 3699 4468 vero

2115 4485 2385 4537 confitens
2417 4480 2608 4535 Paulo.
2632 4477 2839 4534 ’Μαηεί
2862 4481 3001 4533 dixit
3030 4477 3248 4534 :Tuum
3299 4488 3354 4534 et
3388 4480 3560 4548 ipsius
3605 4480 3699 4535 in-

2116 4554 2261 4607 dicio
2285 4551 2714 4620 comprehensus
2742 4566 2832 4616 es;
2874 4554 2986 4605 hrec
3024 4550 3169 4604 enim
3204 4565 3421 4620 versum
3461 4560 3513 4605 te
3544 4551 3702 4605 Iocu-

425 4604 611 4694 t_tti‘tur'
640 4617 684 4674 Τ
690 4618 961 4694 hcodorus
1014 4604 1327 4694 He’raicleota
1358 4604 1614 4694 Ciuicap:
1650 4604 2007 4694 stitia};
2041 4604 2085 4659 Ῑ)
2117 4604 2227 4685 tus,
2256 4604 2537 4694 ignorans,
2578 4604 2706 4692 quia
2744 4604 2873 4675 dum
2894 4604 3118 4694 _nte_vis
3157 4604 3695 4694 prohrajjeonjicere,

425 4687 793 4760 Joan..rvcrs.
827 4690 914 4753 l7,
946 4706 1068 4746 cum
1102 4692 1281 4760 inquit
1308 4709 1322 4745 :
1353 4709 1371 4741 ι
1409 4690 1543 4746 Nam
1558 4687 1614 4747 ἐἰ
1652 4693 1761 4748 illis
1788 4710 1898 4747 non
1929 4687 2007 4747 di-

425 4759 722 4833 ligentibus
756 4760 956 4833 solum,
988 4762 1081 4815 sed
1114 4759 1299 4831 et’pro
1340 4761 1448 4816 Deo
1481 4771 1710 4818 mortem
1745 4768 2007 4833 oppeten-

429 4777 722 4884 ttﬁentmus
756 4777 956 4824 solum,
988 4777 1081 4815 seu
1114 4777 1170 4815 et
1199 4777 1299 4831 pro
1340 4777 1448 4816 ueo
1481 4777 1710 4818 mortem
1745 4777 2003 4833 oppeten-

426 4831 466 4885 ti
512 4847 597 4894 us,
623 4845 736 4913 _non
770 4832 1038 4913 misisset,
1074 4845 1234 4912 quem
1282 4834 1610 4913 promiserat
1637 4833 2003 4913 Paracletum,

427 4901 734 4972 secundum
770 4899 1132 4972 Pbrygiorutn
1167 4899 1524 4970 impietatem,
1563 4906 1912 4959 mendacium
1948 4899 2004 4960 in

427 4970 761 5045 Evangeliis
784 4970 1137 5045 reperiretur.
1170 4973 1324 5038 Quod
1349 4973 1395 5027 si
1427 4989 1578 5039 vero,
1623 4990 1747 5030 cum
1786 4976 1858 5029 sit
1889 4976 2006 5045 ipsa

426 5044 651 5105 Veritas,
694 5043 903 5097 miserit
944 5042 1009 5097 iis
1052 5041 1315 5111 Spiritum
1363 5053 1638 5107 sanctum,
1675 5054 1880 5100 temere
1909 5041 2005 5100 er-

425 5114 600 5168 rando
634 5113 1153 5179 comminiscuntur,
1194 5114 1440 5167 dicentes
1471 5130 1564 5181 per
1601 5114 1917 5170 Montanum
1953 5124 2009 5170 et

427 5181 734 5255 Priscillam
786 5183 1014 5239 missum
1056 5198 1179 5238 esse
1206 5183 1549 5255 Paracletunt
1584 5193 1711 5255 post
1740 5186 2009 5241 ducentos

427 5263 480 5309 et
511 5254 731 5321 triginta
764 5270 939 5308 annos
970 5254 1039 5307 ab
1067 5254 1366 5322 apostolica
1405 5254 1940 5323 gratia'transactos.
1983 5276 2003 5307 ι

501 5325 619 5396 (36)
641 5324 1019 5379 Contentionis
1047 5334 1180 5379 aestu
1224 5334 1381 5378 actus
1426 5324 1640 5396 videtur
1670 5326 1760 5379 hic
1800 5326 2008 5396 dixisse

429 5392 750 5457 Archelaus,
781 5404 899 5463 post
931 5403 1201 5449 trecentos
1222 5404 1275 5448 et
1303 5395 1538 5463 amplius
1559 5409 1735 5449 annos
1755 5410 1784 5449 a
1800 5395 2007 5451 Christi

431 5473 605 5518 morte
647 5463 914 5518 Manetem
958 5465 1296 5520 emersisse:
1330 5481 1455 5519 nam
1506 5480 1536 5518 a
1572 5465 1779 5519 Christi
1834 5477 2011 5521 morte

427 5549 607 5604 usque
634 5534 932 5606 adhabitre
956 5550 1079 5589 cum
1109 5533 1738 5606 Manete'disputationis
1756 5543 2007 5606 tempus,

427 5607 557 5658 anui
595 5604 821 5676 circiter
843 5620 1031 5676 ccxux
1067 5605 1426 5659 intercedunt.
1460 5604 1593 5660 Vide
1633 5604 2007 5676 praefationem

429 5683 675 5728 nostram
701 5675 755 5726 in
794 5674 1076 5728 Arrhelao.

504 5742 619 5810 (37)
652 5741 824 5796 Parva
856 5744 1158 5800 mutatione
1203 5745 1352 5800 hunc
1385 5747 1564 5802 locum
1609 5755 1779 5811 recte,
1813 5747 1872 5801 ni
1905 5745 2009 5800 fal-

430 5811 537 5883 lor,
569 5811 1002 5883 emend_av_imus.
1040 5815 1133 5883 qui
1177 5814 1231 5868 in
1269 5816 1458 5871 codice
1506 5817 1791 5875 Casinensi
1841 5818 1915 5871 ita
1953 5831 2014 5871 se

436 5878 640 5937 habet:
676 5898 697 5933 ι
745 5878 852 5936 Sed
884 5880 1027 5937 absit
1058 5878 1224 5939 'bane
1253 5899 1282 5938 a
1336 5883 1567 5941 Domino
1627 5896 1815 5943 nostro
1882 5884 2011 5941 Jesu

2112 4689 2518 4764 majojiculpae
2563 4689 2622 4746 se
2664 4689 2990 4764 succumbit.
3021 4689 3245 4764 Dicage
3289 4692 3423 4744 mihi
3456 4693 3693 4764 studias,

2107 4759 2218 4834 qua
2254 4759 2479 4834 Tiberio
2513 4778 2693 4834 usque
2720 4761 2787 4816 ad
2830 4759 3068 4834 Probum
3116 4760 3360 4834 defuncti
3406 4772 3555 4828 sunt,
3600 4763 3693 4834 di—

2106 4830 2229 4890 cent
2263 4834 2329 4888 ad
2352 4831 2563 4897 Jesum,
2589 4833 2754 4886 nolite
2780 4846 2880 4887 nos
2892 4832 3160 4901 judicare.
3190 4850 3209 4882 ι
3235 4830 3344 4886 Nos
3372 4842 3452 4885 tot
3469 4833 3691 4896 menda,

2108 4913 2375 4974 quantum
2409 4919 2506 4975 per
2547 4903 2897 4975 conjecturas
2926 4902 3111 4968 licuit,
3152 4902 3464 4973 abstergere
3505 4904 3695 4961 conati

2108 4990 2319 5030 sumus.

2183 5046 2294 5115 (39)
2334 5043 2569 5115 Verbum
2623 5064 2641 5095 ι
2682 5041 3009 5115 missurum.
3042 5060 3062 5094 ι
3103 5050 3288 5097 nostra
3327 5042 3689 5115 estradditio,

2108 5112 2233 5169 cum
2265 5112 2319 5168 in
2363 5112 2647 5169 Casinensi
2680 5114 2849 5179 desit;
2880 5123 2935 5166 et
2970 5127 3102 5167 sane
3147 5128 3336 5167 vocem
3387 5113 3558 5177 illam,
3606 5114 3693 5170 vel

2152 5185 2243 5266 uid
2278 5185 2457 5240 simile
2487 5184 2559 5239 ibi
2597 5184 2831 5239 deiicere
2854 5183 2973 5255 ipsa
3001 5183 3269 5239 orationis
3308 5185 3479 5240 series
3504 5194 3696 5241 osten—

2150 5266 2209 5309 il.

2182 5324 2295 5395 (ιο)
2327 5323 2384 5378 In
2423 5323 2711 5379 Casinensi
2726 5332 2829 5383 est.
2857 5343 2878 5377 ι
2907 5325 3016 5381 noli
3038 5334 3227 5381 nostra
3248 5324 3315 5378 de
3344 5324 3691 5395 tormentis,»

2109 5396 2261 5450 nullo
2292 5410 2480 5464 sensu,
2517 5395 2621 5449 nisi
2651 5406 2712 5449 ut
2734 5395 2947 5451 editum
2982 5407 3083 5459 est,
3115 5397 3440 5464 corrigatur.

2183 5465 2298 5538 (4|)
2342 5463 2635 5538 lrrcodice
2656 5466 2942 5521 Casinensi
2977 5468 3058 5522 sic
3093 5463 3293 5538 legitur
3330 5484 3345 5519 :
3379 5484 3398 5516 ι
3447 5465 3556 5520 Sed
3586 5466 3696 5538 hoc

2111 5537 2290 5606 solum
2336 5536 2586 5589 ultimum
2628 5550 2801 5606 genus
2842 5536 3169 5601 Ιιοιιιίιιιιιιι,⁷
3197 5546 3256 5589 ιιι
3294 5550 3410 5601 eas,
3460 5537 3607 5605 quod
3658 5552 3693 5593 δ

2113 5605 2335 5660 Tiberio
2362 5617 2464 5669 est,
2489 5605 2787 5661 salve’ntur.
2828 5627 2847 5659 ι
2872 5606 2982 5662 Nos
3006 5618 3191 5662 autem
3224 5607 3389 5660 verba
3420 5607 3533 5666 iHa,
3572 5624 3592 5657 ι
3631 5617 3696 5663 ιιι

2110 5692 2228 5748 eas,
2260 5695 2280 5748 ι
2315 5678 2653 5748 interpretati
2687 5692 2901 5748 sumus,
2934 5697 2952 5729 ι
2985 5688 3044 5731 ιιι
3084 5678 3185 5741 ais,
3222 5697 3241 5730 ι
3273 5677 3526 5748 exemplo
3553 5677 3693 5733 alte-

2086 5747 2231 5818 ‘rius
2262 5746 2366 5801 loci
2394 5746 2534 5800 infra
2552 5761 2682 5818 cap.
2703 5746 2794 5806 50.
2828 5748 2919 5803 ubi
2950 5766 2971 5800 ι
3003 5757 3062 5803 ιιι
3083 5764 3164 5812 as,
3195 5766 3214 5800 ι
3246 5760 3366 5818 pro,
3396 5766 3414 5798 ι
3438 5746 3506 5802 ἰιι
3528 5748 3630 5812 ais,
3664 5766 3687 5801 ι

2112 5817 2221 5899 vel,
2256 5834 2275 5867 ι
2310 5825 2368 5869 ιιι
2393 5815 2688 5900 θδξθιὶεί».
2708 5832 2737 5870 a
2762 5818 2994 5900 librario
3026 5815 3288 5889 scripturn
3315 5816 3504 5886 fuisse,
3523 5833 3691 5875 sensu

2116 5896 2235 5953 ipso
2264 5896 2540 5957 poscente,
2568 5896 2923 5957 conjecimus.
