4090 6446
360 443 500 498 14⁸73

1460 438 1605 496 CUM
1638 437 1922 495 MANETE
1962 435 2500 494 llERESlARCHA.

3456 430 3598 485 14⁸14

355 561 562 626 dinem,
592 557 687 627 qui
714 557 855 613 inter
877 557 1058 629 justos
1089 566 1480 613 enumerantur
1510 558 1648 628 (λεὶ),
1680 570 1802 613 cum
1841 558 1925 612 lex
1958 563 2002 620 Α
2031 556 2246 628 piamus
2270 568 2335 609 ex
2370 550 2477 620 his,
2501 566 2687 608 eorum
2712 566 2832 622 quae
2859 549 3058 605 habere
3079 557 3133 603 te
3153 546 3313 616 dicis;
3345 557 3401 603 ut
3424 550 3467 603 si
3495 552 3609 605 [inec

356 664 467 708 non
489 661 633 706 esset
654 648 846 722 Moysi,
882 665 1005 705 cum
1039 651 1318 720 prophetae
1357 650 1537 704 oborti
1580 664 1687 704 non
1725 659 1929 716 essent,

359 758 461 798 nec
485 742 783 812 prophetiae
812 757 1012 795 munus
1039 741 1391 811 implessent?
1411 739 1600 797 Nonne
1628 741 1763 811 justi
1805 740 1934 795 elle-

358 835 433 889 cti
462 845 592 889 sunt
619 849 684 887 ex
716 848 781 887 eo
803 834 947 904 quod
979 834 1148 902 legem
1185 832 1481 902 implebant
1516 850 1530 887 ε
1573 852 1592 885 ι
1631 831 1933 888 Ostendens

361 922 749 991 unusquisque
777 935 966 975 eorum
985 935 1123 990 opus
1149 921 1284 991 legis
1312 924 1572 992 scriptum
1602 922 1714 994 (45)
1743 923 1795 977 in
1819 939 1936 978 cor-

358 1011 522 1067 dibus
560 1014 707 1077 suis,
762 1012 1131 1066 testimonium
1174 1012 1432 1068 reddente
1474 1014 1554 1068 eis
1597 1015 1934 1071 conscientia

362 1118 460 1159 sua
490 1102 574 1157 ιιι
609 1122 628 1155 ι
662 1102 799 1158 Cum
832 1104 975 1158 enim
1004 1105 1127 1174 quis
1156 1103 1325 1174 legem
1357 1120 1463 1158 non
1493 1106 1729 1173 habens,
1773 1120 1935 1162 natu-

362 1193 569 1259 raliter,
603 1208 724 1263 qum
763 1194 896 1265 legis
929 1203 1076 1261 sunt,
1114 1194 1281 1261 facit;
1325 1195 1413 1250 bic
1460 1196 1629 1267 legem
1679 1211 1787 1251 non
1835 1198 1935 1251 ba-

361 1285 519 1351 beus,
546 1287 661 1355 ipse
693 1287 796 1341 sibi
831 1270 914 1341 est
946 1286 1051 1341 lex.
1085 1285 1152 1340 Et
1180 1287 1391 1342 intuere
1423 1287 1821 1343 multitudinem
1858 1289 1937 1343 le-

366 1390 493 1447 gum
525 1391 620 1445 per
640 1377 883 1447 singulos
921 1377 1101 1446 justos
1126 1416 1141 1441 ,
1174 1380 1268 1447 qui
1320 1378 1456 1433 bene
1490 1380 1719 1450 agebant
1766 1380 1935 1434 vitam

365 1481 548 1533 suam,
576 1484 722 1523 mtnc
750 1482 814 1522 ex
851 1470 1156 1539 semetipsis
1201 1468 1543 1539 proferentcs
1587 1471 1641 1524 in
1678 1471 1937 1527 cordibus

361 1561 480 1614 suis
513 1560 731 1614 insitam
768 1560 860 1615 Dei
894 1562 1088 1631 legem,
1122 1578 1268 1616 nunc
1296 1577 1325 1616 a
1354 1563 1588 1632 propriis
1622 1563 1938 1640 parentibus

364 1651 703 1721 inquirentes
733 1694 749 1720 ,
795 1653 1089 1723 aliquando
1133 1655 1299 1709 etiam
1332 1653 1400 1708 ab
1437 1654 1838 1724 antiquioribus
1884 1662 1940 1709 et

362 1742 676 1797 senioribus
705 1744 1067 1799 addiscentes.
1103 1741 1305 1798 Verum
1334 1744 1461 1815 quia
1485 1745 1641 1815 pauci
1674 1759 1768 1814 per
1794 1745 1941 1799 hunc

363 1834 587 1886 modum
624 1833 736 1903 (44)
761 1842 1011 1903 poterant
1037 1834 1101 1888 ad
1127 1833 1351 1904 justitiaa
1381 1835 1594 1889 culmen
1624 1834 1936 1901 ascendere,

2034 657 2179 702 recte
2207 648 2383 717 posita
2415 645 2619 700 iuerint
2643 644 2880 706 inventa,
2919 641 3083 695 etiam
3123 641 3329 711 reliqua
3362 655 3485 695 cum
3523 640 3610 695 his

2034 747 2505 794 annumereutur:
2540 738 2625 791 sin
2661 736 2874 800 minus,
2916 748 3011 787 ero
3040 746 3143 801 ego
3174 731 3446 786 obnoxius
3485 745 3613 785 sen-

2035 829 2217 884 tentiae
2241 828 2514 898 judieum,
2549 824 2602 881 id
2632 835 2735 891 est,
2765 825 2892 878 victi
2921 822 3271 892 ignominiam
3297 819 3486 874 feram.
3517 819 3616 876 Ais

2034 935 2164 992 ergo
2193 919 2554 974 ministerium
2587 918 2776 972 mortis
2805 930 2926 970 esse
2969 915 3139 983 legem
3160 955 3175 978 ,
3218 921 3271 967 et
3308 912 3609 982 principem

2035 1011 2201 1082 hujus
2237 1011 2426 1065 mundi
2450 1019 2702 1071 mortem,
2743 1022 2970 1077 regnare
2998 1007 3068 1060 ab
3114 1005 3282 1058 Adam
3330 1019 3503 1074 usque
3545 1001 3615 1057 ad

2036 1099 2296 1171 Moysen;
2324 1100 2586 1170 scriptum
2615 1107 2702 1153 est
2726 1099 2869 1152 enim
2913 1115 2925 1151 :
2954 1114 2974 1148 ι
3011 1099 3066 1149 1η
3093 1110 3188 1151 eos
3214 1096 3307 1165 qui
3347 1110 3454 1150 non
3497 1094 3612 1164 (45)

2036 1200 2396 1261 peccaverunt
2424 1190 2492 1243 ".
2532 1208 2551 1241 ι
2587 1188 2768 1242 Manes
2802 1188 2942 1241 dixit
2967 1203 2986 1240 :
3020 1186 3162 1256 Ergo
3194 1201 3343 1240 mors
3372 1183 3620 1256 regnavit

2037 1283 2156 1337 sine
2188 1282 2374 1348 dubio,
2407 1282 2536 1351 quia
2570 1281 2803 1335 dualitas
2829 1289 2932 1346 est,
2961 1296 3061 1334 nec
3087 1280 3263 1340 aliter,
3301 1278 3403 1334 nisi
3432 1283 3618 1333 essent

2038 1373 2300 1443 ingenita.
2358 1372 2646 1427 Archelaus
2695 1372 2834 1425 dixit
2889 1388 2906 1425 :
2954 1372 3020 1427 Et
3056 1371 3329 1439 quomodo
3378 1370 3618 1440 ingenita

2041 1478 2190 1519 mors
2222 1473 2372 1519 certo
2401 1479 2467 1519 ex
2502 1474 2743 1533 tempore
2788 1463 2938 1533 regni
2980 1462 3146 1516 sumit
3186 1460 3512 1515 exordium?
3547 1460 3617 1515 al:

2038 1555 2209 1610 Adam
2241 1556 2408 1621 enim,
2438 1555 2635 1624 inquit,
2669 1562 2724 1608 et
2747 1568 2854 1609 non
2882 1553 3018 1608 dixit
3052 1561 3176 1605 ante
3202 1551 3394 1605 Adam.
3428 1549 3614 1604 Manes

2039 1648 2178 1700 dixit
2207 1664 2225 1701 :
2255 1644 2542 1713 Quomodo
2573 1659 2722 1706 vero,
2761 1653 2816 1700 et
2836 1646 3109 1714 justorum
3128 1684 3143 1710 ,
3174 1650 3227 1698 et
3271 1653 3617 1712 peccatorum

2040 1741 2341 1795 obtinuerit
2386 1753 2611 1810 regnum
2655 1738 2843 1793 dicito.
2890 1736 3179 1790 Archelaus
3229 1736 3365 1789 dixit
3405 1752 3424 1789 :
3472 1734 3613 1789 Cum

2040 1832 2193 1901 prius
2223 1830 2510 1887 confessus
2539 1828 2729 1892 fueris,
2751 1829 2878 1900 quia
2905 1844 2935 1883 a
2970 1842 3225 1895 tempore,
3252 1840 3303 1883 et
3324 1843 3430 1882 non
3456 1838 3612 1883 retere

365 1920 421 1977 id
458 1930 560 1987 est,
605 1938 702 1992 per
745 1932 1028 1992 parentum
1071 1922 1427 1989 traditiones,
1471 1923 1618 1977 nulla
1661 1923 1715 1977 in
1751 1922 1942 1978 litteris
1976 1907 2014 1962 Β
2043 1923 2211 1977 nitate
2243 1923 2505 1993 regnavit,
2539 1931 2652 1975 tum
2684 1922 2883 1976 dicam.
2918 1919 3101 1973 Manes
3125 1921 3263 1974 dixit
3294 1938 3312 1974 :
3343 1920 3614 1991 Scriptum

363 2011 481 2083 lege
507 2012 856 2083 conscripta;
891 2014 1182 2069 miseratus
1215 2022 1299 2070 est
1339 2013 1481 2069 Deus
1510 2014 1807 2069 humanum
1855 2028 1944 2084 ge-
2043 2023 2126 2069 est
2157 2014 2281 2077 boc,
2310 2015 2436 2084 quia
2478 2032 2497 2065 ι
2550 2014 2621 2067 ab
2660 2012 2833 2067 Adam
2877 2027 3048 2082 usque
3084 2011 3149 2066 ad
3193 2011 3377 2066 Mosen
3422 2028 3617 2083 regna-

363 2120 491 2166 nus,
516 2114 569 2159 et
597 2106 854 2174 scriptam
880 2105 1050 2175 legem
1074 2120 1170 2177 per
1189 2104 1407 2177 Moysen
1437 2106 1606 2161 voluit
1630 2106 1945 2162 hominibus
2044 2106 2120 2159 vit
2142 2106 2207 2157 ³⁸.
2251 2126 2269 2157 ι
2308 2106 2596 2161 Archelaus
2626 2106 2762 2160 dixit
2794 2121 2813 2161 :
2842 2104 2983 2176 Ergo
3002 2116 3052 2160 et
3078 2105 3237 2159 linem
3267 2106 3447 2172 habet,
3477 2105 3623 2176 quod

363 2194 519 2258 dare,
558 2196 816 2265 quoniam
867 2196 1087 2265 quidem
1139 2212 1246 2250 non
1294 2197 1539 2267 apprime
1586 2196 1640 2250 in
1688 2197 1945 2252 cordibus

365 2301 559 2342 eorum
595 2287 859 2341 naturalis
888 2286 1023 2357 legis
1054 2288 1285 2358 aequitas
1311 2287 1663 2342 retinebatur.
1691 2285 1946 2342 Consona

362 2377 532 2450 igitur
567 2379 753 2449 primae
780 2380 1044 2434 creationi
1076 2380 1326 2433 humana:
1376 2379 1437 2434 tit
1471 2380 1524 2432 iu
1552 2379 1744 2435 litteris
1784 2380 1948 2450 legis-

364 2471 500 2526 latio
523 2510 539 2536 ,
582 2485 705 2540 qua:
732 2485 828 2541 per
853 2467 1073 2541 Moysen
1101 2470 1263 2525 datur
1285 2469 1478 2524 salutis
1502 2485 1667 2524 causa
1692 2470 1949 2541 plurimo-

362 2577 510 2629 rutp.
542 2560 600 2616 Si
641 2564 787 2617 enim
834 2562 1173 2617 a'stimamus
1213 2561 1489 2615 hominem
1530 2562 1648 2616 sine
1692 2562 1949 2632 operibus

364 2654 503 2726 legis
535 2653 845 2724 justiileari,
885 2661 941 2709 et
980 2653 1256 2708 Abraham
1304 2662 1583 2724 reputatus
1622 2664 1707 2710 est
1742 2653 1947 2724 justus;

364 2753 576 2815 quanto
603 2743 781 2813 magis
811 2742 847 2796 ii
869 2743 962 2814 qui
998 2742 1410 2812 adimpleverint
1438 2741 1637 2812 legem,
1667 2739 1951 2796 continen-

369 2844 478 2893 tem
505 2850 569 2892 ea
601 2850 723 2905 quae
750 2832 1065 2889 hominibus
1097 2832 1413 2903 expediunt,
1440 2832 1709 2903 justitiam
1739 2843 1933 2885 conse-

367 2925 645 2998 quentur?
679 2922 745 2978 Et
774 2924 1034 2994 quoniam
1063 2922 1229 2978 trium
1259 2922 1604 2978 solummodo
1631 2935 1945 2977 sermonum

367 3016 701 3072 mentionem
756 3012 975 3080 fecisti,
1016 3013 1085 3068 de
1138 3013 1339 3084 quibus
1383 3012 1677 3084 Apostolus
1726 3012 1864 3068 dixit
1931 3031 1947 3067 :

373 3126 398 3163 s
427 3106 783 3165 lliuisterium
816 3109 1009 3162 mortis
1039 3120 1160 3163 esse
1180 3107 1351 3178 legem
1381 3105 1450 3172 “,
1487 3123 1506 3157 ι
1538 3114 1594 3160 et
1624 3123 1643 3157 ι
1672 3103 1949 3161 Christum

368 3200 671 3257 redemisse
698 3213 801 3255 nos
844 3199 912 3255 de
954 3198 1246 3253 maledicto
1302 3196 1441 3267 legis
1478 3196 1555 3263 ³⁸,
1594 3204 1651 3253 et
1688 3198 1947 3268 quoniam

374 3314 398 3348 ς
434 3291 619 3350 Virtus
647 3292 854 3364 peccati
882 3300 967 3349 est
999 3291 1084 3347 lex
1120 3290 1205 3358 ³¹;
1260 3309 1280 3345 ι
1324 3263 1462 3347 adde
1508 3263 1730 3358 adhuc,
1771 3301 1826 3347 et
1866 3293 1954 3349 dic
1978 3263 2023 3320 θ

370 3394 795 3456 quantacunque
835 3385 933 3440 tibi
983 3383 1236 3439 videntur
1281 3383 1542 3440 adversus
1599 3384 1771 3457 legem
1834 3399 1956 3441 esse

369 3478 709 3547 conscripta.
1450 3469 1459 3475 ’

444 3566 637 3624 XXIX.
673 3568 855 3623 Manes
878 3569 1019 3623 dixit
1054 3585 1075 3624 :
1110 3568 1305 3624 Annon
1334 3567 1475 3623 idem
1507 3575 1619 3635 est,
1664 3566 1811 3639 quod
1863 3566 1949 3623 Je-

372 3676 471 3717 sus
493 3660 562 3715 ad
581 3659 878 3731 discipulos
900 3660 1101 3728 aiebat,
1132 3659 1447 3716 incredulos
1469 3675 1565 3717 eos
1585 3675 1707 3717 esse
1730 3646 1958 3717 demon-

373 3761 560 3808 straus
590 3770 607 3808 :
643 3769 665 3804 ι
706 3751 815 3809 Vos
838 3767 905 3808 ex
933 3763 1085 3824 patre
1128 3754 1348 3809 diabolo
1380 3754 1547 3821 estis,
1592 3763 1649 3811 et
1689 3754 1955 3811 desideria

374 3843 548 3913 patris
588 3843 755 3899 vestri
784 3842 965 3899 iacere
994 3845 1161 3901 vultis
1191 3845 1264 3895 “7
1313 3864 1333 3897 ι
1384 3843 1500 3902 lloc
1547 3847 1737 3916 utique
1783 3846 1955 3913 dicit,

376 3932 511 4003 quia
538 3943 745 4003 quanta
771 3933 1004 3990 voluerit
1028 3937 1300 4006 malignus
1324 3938 1577 4008 princeps
1605 3937 1774 4008 hujus
1797 3952 1963 3992 mun-

380 4028 461 4097 di,
477 4036 534 4085 et
550 4032 752 4101 quanta
776 4026 1186 4092 desideraverit,
1212 4043 1309 4099 per
1333 4029 1551 4102 Moysen
1588 4031 1888 4103 scripserit,
1905 4040 1960 4087 et

377 4118 595 4176 dederit
630 4116 942 4173 hominibus
966 4112 1233 4174 facienda.
1292 4137 1311 4170 ι
1360 4119 1453 4176 llle
1494 4120 1639 4175 enim
1684 4118 1959 4176 homicida

382 4219 472 4267 est
495 4210 565 4267 ab
583 4209 759 4275 initio,
775 4218 829 4265 et
854 4210 909 4265 in
942 4209 1167 4265 veritate
1192 4224 1300 4265 non
1331 4211 1506 4279 stetit,
1525 4211 1786 4282 quoniam
1810 4212 1960 4267 veri-

375 4310 465 4357 tas
496 4301 551 4356 in
597 4315 665 4357 eo
700 4316 808 4357 non
845 4310 964 4368 est;
1007 4316 1133 4357 cum
1173 4301 1418 4373 loquitur
1458 4303 1799 4359 mendacium
1826 4343 1844 4372 ,
1890 4302 1961 4359 de

377 4395 497 4452 suis
526 4396 761 4467 propriis
799 4396 1041 4467 loquitur
1076 4397 1339 4467 quoniam
1372 4398 1606 4453 mendax
1640 4406 1763 4464 est,
1816 4399 1960 4455 sicut

375 4496 436 4544 et
466 4498 619 4559 pater
644 4488 764 4558 ejus
791 4488 858 4544 “.
890 4508 910 4540 ι
940 4488 1225 4544 Archelaus
1247 4489 1386 4544 dixit
1413 4504 1430 4543 :
1462 4487 1671 4545 Suliicit
1693 4491 1788 4546 tibi
1818 4490 1957 4555 haec,

2054 2196 2219 2265 etrapit
2246 2210 2311 2251 ex
2344 2205 2585 2265 tempore
2616 2194 2751 2266 (46);
2776 2203 2830 2249 et
2859 2210 3048 2250 verum
3076 2204 3160 2251 est
3191 2196 3321 2251 illud
3352 2198 3495 2268 quod
3534 2198 3622 2253 di-

2038 2294 2193 2340 ctum
2225 2293 2329 2351 est,
2368 2287 2496 2356 quia
2539 2304 2558 2338 s
2594 2288 2849 2356 absorpta
2876 2295 2961 2342 est
2987 2303 3134 2348 mors
3158 2289 3211 2341 in
3246 2289 3471 2344 victoria
3499 2289 3567 2345 ".
3598 2306 3618 2342 ι

2048 2379 2223 2434 Etiam
2285 2378 2522 2449 ingenita
2561 2394 2670 2434 non
2711 2380 2855 2443 erit,
2905 2394 3027 2449 quae
3064 2387 3119 2434 et
3156 2379 3369 2434 initium
3426 2381 3626 2437 habere

2048 2478 2407 2535 monstratur,
2438 2478 2492 2525 et
2520 2469 2703 2524 linem.
2739 2468 2923 2523 Manes
2951 2470 3129 2524 dixit:
3162 2469 3306 2526 Deus
3338 2486 3469 2542 ergo
3503 2486 3624 2526 eam

2049 2559 2195 2616 fecit.
2233 2560 2524 2616 Archelaus
2558 2561 2695 2616 dixit
2731 2577 2749 2615 :
2779 2560 3155 2632 Nequaquam,
3190 2562 3332 2617 absit
3373 2579 3386 2616 :
3424 2581 3443 2613 ι
3484 2561 3626 2617 Deus

2047 2653 2195 2708 enim
2225 2662 2455 2708 mortem
2490 2669 2601 2708 non
2634 2654 2779 2719 i'ecit,
2826 2669 2926 2709 nec
2970 2654 3182 2709 laetatur
3222 2655 3277 2709 in
3321 2655 3627 2725 perditione

2048 2744 2298 2799 vivorum
2322 2744 2390 2800 ⁸⁸.
2433 2761 2452 2797 ι
2489 2743 2674 2798 Manes
2717 2745 2855 2801 dixit
2896 2759 2915 2798 :
2953 2743 3096 2800 Deus
3136 2759 3255 2799 eam
3304 2760 3413 2799 non
3465 2745 3625 2812 fecit;

2051 2836 2192 2893 facta
2221 2847 2401 2893 tamen
2429 2846 2531 2905 est,
2563 2844 2622 2892 ut
2650 2838 2734 2894 ais
2766 2854 2784 2894 :
2814 2853 2845 2893 a
2879 2854 2990 2908 quo
3020 2838 3290 2909 acceperit
3315 2838 3629 2909 imperium,

2049 2930 2134 2987 vel
2160 2933 2323 3000 a’quo
2348 2938 2531 2985 creata
2563 2931 2653 2995 sit,
2687 2930 2872 2985 dicito.
2908 2930 3197 2986 Archelaus
3222 2931 3359 2985 dixit
3386 2948 3405 2986 :
3438 2930 3495 2987 Si
3524 2932 3629 2988 hoc

2052 3019 2367 3091 plenissime
2418 3019 2743 3085 ostendero,
2790 3023 2933 3091 quod
2967 3021 3332 3077 substantiam
3377 3022 3631 3093 ingenitae

2054 3121 2262 3167 naturas
2285 3126 2435 3167 mors
2465 3112 2665 3167 habere
2698 3128 2806 3166 non
2839 3114 3029 3183 possit,
3063 3129 3245 3169 nonne
3286 3114 3632 3172 conﬁteberis

2054 3221 2224 3260 unum
2256 3204 2424 3262 Deum
2457 3220 2599 3273 esse,
2629 3215 2685 3260 et
2718 3205 2863 3261 hunc
2888 3205 3215 3277 ingenitum?
3238 3205 3419 3260 Manes
3440 3208 3578 3261 dixit
3611 3223 3633 3263 :

2055 3296 2325 3365 Loquere,
2358 3297 2633 3353 subtiliter
2657 3298 2801 3353 enim
2825 3298 2909 3352 vis
2942 3298 3151 3353 discere
3183 3298 3316 3369 (47).
3343 3300 3632 3354 Archelaus

2052 3386 2237 3443 dixit:
2283 3389 2422 3455 Quia
2458 3396 2517 3443 tu
2554 3390 2716 3443 verba
2766 3389 2854 3443 illa
2898 3389 2971 3443 ita
3018 3390 3332 3461 protulisti,
3372 3399 3633 3461 tanquam

2055 3480 2151 3535 tibi
2200 3464 2525 3551 proficerent
2573 3483 2638 3537 ad
2688 3483 3057 3538 ostensionem
3098 3483 3350 3553 ingenitae
3386 3485 3628 3552 radicis;

2056 3572 2333 3629 suliiciunt
2352 3584 2528 3628 tamen
2557 3574 2717 3630 nobis
2733 3584 2785 3629 et
2806 3590 2869 3628 ea
2898 3589 3018 3643 quae
3045 3590 3210 3644 supra
3236 3583 3460 3630 tractata
3478 3584 3631 3643 sunt,

2057 3665 2113 3719 in
2142 3664 2343 3735 quibus
2372 3666 2685 3735 plenissime
2721 3666 3097 3730 ostendimus,
3134 3667 3474 3737 impossibile
3509 3682 3633 3723 esse

2056 3756 2291 3813 duarum
2318 3767 2448 3814 natu
2458 3774 2642 3814 rarum
2664 3758 3029 3831 ingenitarum
3045 3759 3309 3816 exsistere
3322 3774 3484 3830 posse
3505 3760 3640 3814 sub-

2057 3849 2306 3904 stautias.

2126 3939 2297 3993 XXX.
2324 3938 2541 3997 Iudices
2570 3942 2824 3996 dixerunt
2865 3958 2883 3996 :
2910 3940 3009 3996 Dic
3040 3941 3106 3996 ad
3156 3957 3220 3995 ea
3247 3981 3264 4007 ,
3313 3955 3436 4010 qua:
3467 3956 3640 4012 nuper

2058 4031 2384 4101 proposuit,
2431 4032 2717 4088 Archelae.
2765 4033 3057 4087 Archelaus
3087 4033 3223 4086 dixit
3273 4048 3293 4085 :
3330 4031 3640 4103 Principem

2059 4121 2267 4188 mundi,
2299 4130 2356 4177 et
2387 4123 2706 4194 malignum,
2732 4136 2787 4179 et
2817 4124 3087 4191 tenebras,
3108 4132 3166 4178 et
3207 4132 3437 4178 mortem
3468 4138 3641 4179 unum

2056 4214 2420 4284 eumdemque
2442 4231 2565 4271 esse
2592 4216 2745 4282 dicit,
2773 4217 3056 4287 legemque
3083 4217 3152 4270 ab
3186 4232 3251 4271 eo
3275 4217 3483 4284 datam,
3507 4233 3638 4288 pro-

2057 4316 2178 4376 pter
2207 4307 2314 4363 hoc
2347 4307 2492 4376 quod
2524 4308 2788 4378 seriptum
2832 4316 2919 4363 est
2970 4325 2985 4362 :
3030 4327 3050 4360 ε
3097 4307 3458 4363 Ministerium
3495 4324 3645 4365 mor-

2061 4398 2132 4453 tis
2158 4398 2227 4463 ",
2264 4416 2285 4450 ι
2320 4407 2376 4453 et
2418 4399 2625 4469 reliqua
2660 4415 2783 4469 qua:
2822 4399 3040 4470 objecit.
3068 4399 3365 4466 Quoniam,
3393 4401 3639 4471 inquam,

2061 4491 2220 4563 (48),
2282 4494 2426 4548 sicut
2484 4493 2735 4562 superius
2787 4490 3067 4558 diximus,
3123 4492 3393 4547 malorum
3445 4508 3645 4547 memo-

375 4584 661 4646 snnt7,an
693 4579 860 4635 habes
882 4589 936 4635 et
959 4580 1087 4647 alia,
1102 4592 1224 4651 qua:
1249 4580 1427 4636 dicas?
1445 4579 1631 4635 lenes
1658 4582 1822 4636 dixit:
1856 4580 2036 4665 Ha-‘D
2059 4585 2155 4639 ria:
2204 4584 2286 4639 lex
2328 4598 2437 4638 non
2483 4584 2771 4655 diligenter
2817 4584 3085 4649 haerebat,
3127 4585 3330 4656 scripta
3378 4588 3642 4641 naturali-

375 4670 485 4730 beo
509 4672 726 4744 quidem
746 4673 938 4740 multa,
960 4682 1014 4729 et
1043 4674 1237 4729 horum
1256 4674 1485 4745 majora;
1506 4673 1601 4731 sed
1625 4675 1712 4731 bis
1729 4683 1956 4732 conten-

381 4772 475 4823 tus
504 4768 938 4824 ero.'Archelaus
960 4768 1100 4823 dixit
1124 4783 1145 4823 :
1189 4766 1512 4841 Exemplum
1557 4769 1766 4825 scilicet
1810 4770 1956 4824 acci-

454 4884 500 4918 δ’
532 4886 690 4940 ltom.
723 4902 782 4952 ll,
810 4886 900 4942 l5.
1019 4888 1067 4920 ”
1108 4886 1151 4942 il
1183 4886 1311 4943 Cor.
1342 4901 1426 4951 tu,
1460 4885 1513 4941 7.

1617 4888 1662 4927 ⁸¹
1705 4885 1823 4943 Gal.
1882 4901 1966 4953 ιιι,
1997 4887 2086 4942 15.

2062 4684 2144 4731 ter
2185 4676 2238 4731 in
2270 4675 2527 4731 cordibus
2556 4690 2746 4731 eorum
2788 4675 2856 4741 ⁶⁶;
2887 4690 3065 4746 neque
3096 4677 3239 4746 apud
3264 4677 3508 4735 seniores
3528 4689 3646 4735 erat

2063 4766 2200 4823 satis
2219 4764 2378 4822 lirma
2408 4768 2650 4832 traditio,
2688 4783 2812 4825 cum
2842 4768 2922 4823 eis
2948 4767 3167 4824 inimica
3198 4782 3414 4840 semper
3435 4786 3646 4826 memo-

2195 4885 2241 4919 “
2269 4882 2288 4938 1
2318 4884 2444 4939 Cor.
2471 4901 2563 4949 xv,
2592 4884 2683 4941 56.
2793 4885 2841 4917 ⁵³
2869 4883 3028 4940 Joan.
3062 4901 3183 4948 vttt,
3206 4884 3297 4940 44.
3406 4885 3456 4920 ⁸⁸
3506 4886 3642 4945 Ibid.

383 4954 436 4988 "
464 4953 624 5011 Rom.
651 4972 705 5024 v,
730 4958 818 5013 14.
893 4956 940 4990 ⁸⁸
971 4958 1109 5014 ibid.
1180 4956 1226 4990 "
1261 4956 1450 5036 l.Cor.
1488 4973 1580 5024 xv,
1616 4958 1707 5014 54.
1784 4958 1830 4991 ⁵⁸
1858 4956 1950 5030 Sal

2057 4999 2074 5029 ,
2115 4955 2202 5011 l5.
2272 4955 2320 4989 ”
2354 4953 2398 5008 ll
2426 4953 2559 5015 Cor.
2599 4972 2682 5023 ιιι,
2718 4955 2771 5010 7.
2845 4956 2891 4989 ⁶⁹
2937 4955 3096 5010 Rom.
3136 4971 3199 5019 ιι,
3247 4954 3331 5010 15.

382 5167 399 5183 σ
446 5093 881 5195 ,μῆὶιιῖιιηξοάῐοε
912 5095 1224 5153 Casinensi.
1257 5114 1276 5148 ι
1306 5097 1402 5168 qui
1433 5113 1530 5170 per
1563 5097 1835 5165 ordinem,
1865 5097 1960 5168 qui

382 5175 887 5309 'nlar3juiirzodem
914 5235 1099 5292 codice
1132 5235 1410 5304 scribitur,
1450 5254 1471 5289 ι
1506 5252 1644 5308 opus
1669 5237 1804 5311 legis
1825 5239 1964 5294 scri-

383 5316 573 5447 ptu?)
602 5324 683 5447 ita
716 5373 930 5429 videtur
973 5373 1282 5446 legendum,
1316 5374 1442 5431 licet
1482 5376 1537 5430 in
1585 5377 1771 5434 codice
1804 5374 1962 5434 Casi-

386 5445 860 5515 nensi'seribatur,
892 5463 913 5497 ἰ
955 5445 1051 5515 per
1081 5448 1226 5501 hunc
1255 5447 1542 5502 mundum.
1585 5467 1603 5500 ι

463 5510 576 5585 (45)
613 5510 1091 5638 lremeusquoque
1116 5515 1212 5569 lib.
1252 5532 1315 5571 ιιι
1351 5516 1482 5571 Adv.
1531 5517 1788 5584 haereses,
1832 5534 1952 5589 cap.

467 5628 482 5638 .
511 5591 635 5638 cum
674 5585 880 5638 narticu
907 5600 937 5638 a
979 5586 1229 5638 neaativa
1258 5587 1444 5638 laudat
1494 5586 1641 5638 hunc
1687 5582 1750 5638 D.
1800 5587 1955 5638 Pauli

388 5582 482 5648 20,
511 5582 635 5640 cum
674 5582 937 5656 particula
979 5582 1229 5656 tiegativa
1258 5587 1444 5641 laudat
1494 5586 1641 5643 hunc
1687 5582 1959 5643 D.'Patili

356 5657 570 5715 'locum
610 5650 803 5728 :unde
826 5660 971 5728 patet
1000 5650 1076 5708 DZ
1088 5656 1540 5728 Augustinutniin
1571 5658 1712 5713 libro
1739 5657 1816 5712 De
1836 5676 1959 5728 pec-

349 5768 355 5776 .
387 5726 739 5808 cat._merit_is‘
749 5734 798 5778 et
825 5726 1057 5791 remiss.,
1078 5724 1234 5808 Ἡρη,
1262 5741 1387 5808 (κιρ.
1416 5726 1518 5808 11,-
1538 5724 1959 5808 rectecens'uis-

389 5811 473 5860 ue,
502 5796 574 5850 ita
604 5798 671 5850 ad
699 5794 1009 5850 Graecorum
1044 5796 1294 5850 codicum
1319 5794 1477 5850 ﬁdem
1505 5797 1788 5867 legendum
1813 5814 1957 5864 esse,

389 5856 520 5922 licet
548 5866 604 5920 in
636 5864 829 5934 majori
856 5862 1175 5920 Latinorum
1206 5866 1455 5921 codicum
1482 5877 1634 5937 parte
1666 5869 1785 5922 sine
1830 5883 1958 5939 par-

2061 5096 2223 5168 ticula
2256 5095 2521 5168 negativa
2554 5096 2845 5168 legeretur.
2886 5094 3039 5151 Hanc
3077 5101 3641 5168 tamen__postremam

2058 5162 2353 5222 lectionem
2371 5167 2559 5222 multis
2596 5162 2875 5222 contendit
2902 5182 3087 5221 veram
3109 5180 3230 5219 esse
3251 5162 3491 5222 Hilarius
3523 5167 3649 5220 dia-

2058 5253 2232 5292 conus
2275 5236 2330 5290 in
2382 5237 2791 5293 commentariis
2835 5237 2902 5291 ad
2953 5252 3076 5291 eum
3131 5235 3284 5288 Pauli
3335 5236 3513 5290 locum
3554 5237 3643 5290 in-

2058 5318 2141 5362 ter
2172 5305 2237 5359 D.
2273 5306 2548 5361 Ambrosii
2583 5306 2758 5377 Opera
2791 5307 2922 5361 :sed
2952 5307 3071 5376 ejus
3094 5305 3426 5377 opinionem,
3459 5315 3646 5374 utpote

2057 5377 2327 5447 originali
2364 5386 2588 5447 peccato
2631 5374 3020 5432 adversantem
3049 5417 3064 5435 .
3117 5375 3310 5437 reiecit
3353 5374 3595 5447 Ecclesia
3624 5415 3642 5441 ,

2058 5444 2179 5519 quia
2216 5444 2620 5519 probatam).
2643 5446 2950 5519 Augustino
2993 5447 3276 5519 lectionem
3327 5447 3380 5499 in
3434 5444 3645 5519 Latinis

2059 5512 2277 5590 quoque
2298 5531 2471 5572 sacra:
2504 5512 2800 5588 Scriptura:
2824 5518 3105 5573 codicibus
3145 5518 3253 5571 huc
3292 5532 3466 5588 usque
3509 5517 3643 5572 reti-

2061 5588 2201 5643 nuit.

2133 5657 2246 5728 (46)
2284 5655 2341 5711 In
2372 5658 2558 5713 codice
2582 5655 2869 5714 Casincnsi
2898 5656 3191 5713 manifesto
3218 5668 3405 5714 errore
3444 5654 3643 5713 scribi.

2062 5738 2181 5798 tur.
2202 5748 2237 5798 γ(
2268 5728 2514 5798 egemplo
2539 5742 2616 5783 re.
2649 5746 2668 5780 ι

2135 5795 2250 5867 (47)
2280 5795 2555 5865 Fortasse,
2591 5814 2611 5850 ι
2647 5800 2846 5854 dicere.
2891 5814 2910 5851 ι

2134 5865 2250 5937 (48)
2283 5867 2342 5921 in
2374 5870 2563 5925 codice
2591 5869 2872 5925 Casineusi
2898 5874 3059 5934 male,
3102 5886 3121 5921 ε
3158 5867 3423 5939 iniquam.
3469 5884 3493 5919 ι
