4090 6442
537 392 676 449 1475
1534 396 1719 452 ACTA
1771 396 2305 456 DISPUTATIONIS
2338 400 2395 456 S.
2438 400 2787 458 ARCHELAI
3635 405 3754 464 1478

532 516 629 570 riae
660 515 967 572 inhaesisset
994 515 1330 587 oblivio‘(49)
1356 534 1370 580 ;
1410 524 1465 571 et
1494 518 1652 574 aliter
1685 519 1812 590 quis
1858 519 2104 575 eruditur
2132 525 2178 583 Α
2205 519 2301 590 qui
2324 519 2478 575 missi
2508 529 2668 575 erant
2694 536 2725 575 a
2760 518 2870 575 Deo
2896 534 3071 591 usque
3102 520 3170 577 ad
3203 519 3520 578 Zachariam
3549 541 3562 577 :
3591 521 3755 581 Domi-

529 621 564 661 a
595 608 880 680 magistro,
921 608 1079 664 aliter
1115 624 1149 664 a
1191 610 1483 679 semetipso
1518 629 1530 665 :
1567 613 1913 681 perveniebat
1953 612 2112 668 facile
2215 629 2320 669 nus
2352 620 2533 668 autem
2558 627 2713 668 meus
2733 610 2915 677 Jesus,
2945 613 3216 683 justitiam
3241 612 3412 685 Moysi
3438 615 3564 685 legis
3592 628 3756 674 custo-

531 698 667 771 legis
695 701 1015 755 naturaliter
1048 701 1263 772 scriptae
1301 704 1681 773 transgressio,
1710 716 1765 758 et
1802 720 1866 760 ex
1906 720 2115 776 praeva-
2211 704 2391 771 diens,
2424 703 2735 773 indignatus
2768 705 3028 760 adversus
3056 716 3284 761 mortem
3333 722 3431 776 pro
3462 709 3759 777 praevarica-

528 791 792 846 ricatione
832 792 1207 848 mandatorum
1246 808 1478 862 regnum
1524 810 1674 848 mors
1706 795 1760 847 in
1796 795 2111 851 hominibus
2209 795 2357 850 tione
2381 794 2525 865 pacti
2561 794 2696 866 (52),
2723 803 2778 849 et
2811 796 2976 851 totius
3011 797 3158 852 illius
3189 797 3496 862 ministerii,
3519 801 3757 859 advenire

527 884 826 951 obtinebat;
860 884 1236 954 hujuscemodi
1262 896 1347 941 est
1382 887 1528 941 enim
1577 903 1752 953 genus
1795 888 2106 954 hominum,
2209 892 2465 962 dignatus
2495 899 2578 945 est
2612 889 2665 944 in
2700 886 2938 943 hominis
2970 903 3220 959 corpore,
3254 889 3625 969 vindicaturus
3657 907 3754 947 non

527 976 672 1041 quod
709 976 856 1046 virga
891 975 1067 1031 ferrea
1102 978 1215 1049 regi
1256 979 1494 1049 indigeat
1537 994 1565 1032 a
1608 978 1738 1034 Deo.
1788 978 2108 1035 Exsultabat
2208 977 2581 1046 semetipsum,
2607 975 2701 1031 sed
2734 974 2976 1047 Moysen,
3005 987 3057 1030 et
3075 992 3172 1032 eos
3206 978 3300 1048 qui
3327 993 3392 1032 ex
3436 979 3618 1033 ordine
3649 990 3758 1050 post

522 1081 653 1137 ergo
679 1081 848 1131 mors,
878 1075 932 1121 et
971 1084 1096 1122 cum
1125 1069 1274 1123 omni
1309 1079 1575 1140 potestate
1625 1070 1887 1141 regnabat
1932 1086 2107 1142 usque
2208 1064 2387 1135 ipsum
2421 1064 2636 1120 fuerant
2669 1064 2925 1120 violentia
2973 1066 3168 1121 mortis
3200 1067 3469 1138 oppressi.
3506 1067 3758 1140 Malignus

519 1156 588 1211 ad
617 1155 858 1229 Moysen,
889 1158 1053 1213 etiam
1084 1159 1138 1213 in
1173 1175 1269 1215 eos
1296 1161 1390 1232 qui
1420 1176 1527 1216 nou
1560 1172 1957 1232 peccaverant,
2000 1164 2106 1220 hoc
2203 1172 2334 1213 vero
2359 1157 2618 1227 ignorans
2641 1155 3017 1226 hujuscemodi
3042 1157 3523 1227 dispensationem,
3568 1158 3758 1230 ingres-

519 1247 683 1302 modo
714 1263 824 1317 quo
849 1248 1111 1315 diximus;
1140 1266 1303 1320 super
1319 1261 1631 1321 peccatores
1659 1253 1906 1324 quidem,
1937 1254 2103 1309 veluti
2200 1263 2296 1304 sus
2320 1259 2401 1304 est
2423 1246 2618 1303 Judam
2653 1257 2712 1303 ut
2740 1263 2834 1318 per
2864 1248 3042 1318 ipsum
3071 1248 3398 1305 interficeret
3425 1265 3547 1304 eum
3568 1291 3582 1317 ,
3626 1250 3758 1306 sicut

518 1339 770 1408 proprios
795 1339 1008 1410 sibique
1039 1342 1337 1411 subjectos,
1369 1343 1514 1399 sicut
1543 1343 1642 1399 fuit
1670 1343 1805 1398 Cain
1846 1353 1901 1401 et
1933 1343 2096 1414 Juda;
2201 1350 2363 1397 antea
2386 1341 2522 1396 Abel
2555 1340 2903 1396 interfecerat
2923 1340 3156 1410 justum.
3209 1340 3314 1396 Sed
3343 1358 3471 1396 cum
3516 1342 3759 1398 intrasset

516 1429 883 1498 superjustos
925 1446 1054 1486 vero
1079 1441 1297 1502 prepter
1333 1434 1461 1498 hoc,
1495 1434 1641 1504 quod
1668 1450 1780 1490 non
1817 1437 2100 1492 consenti-
2204 1430 2260 1485 in
2293 1430 2513 1496 Judam,
2548 1432 2867 1503 paenitentia
2899 1432 3133 1499 ductus,
3178 1448 3237 1489 se
3280 1433 3397 1503 ipse
3444 1434 3756 1506 suspendit:

514 1530 636 1575 rent
657 1523 729 1586 ei,
764 1525 895 1593 quin
929 1525 1107 1593 potius
1147 1527 1493 1594 resisterent,
1546 1527 1931 1585 abscindentes
1962 1544 1994 1584 a
2039 1545 2100 1585 se
2200 1532 2418 1594 propter
2444 1523 2588 1592 quod
2615 1524 2693 1577 ait
2723 1537 2903 1578 sermo
2929 1520 3147 1579 divinus
3179 1542 3192 1579 ε
3234 1543 3253 1576 ι
3298 1523 3404 1580 Ubi
3438 1534 3553 1590 est,
3597 1542 3759 1594 mors,

512 1611 799 1668 libidinum
849 1616 975 1669 vitia
1007 1627 1063 1671 et
1103 1618 1609 1688 concupiscentias,
1653 1620 1822 1675 veluti
1872 1620 1928 1674 hi
1950 1662 1966 1687 ,
2002 1621 2096 1691 qui
2195 1611 2422 1666 ViCIOI'ia
2451 1610 2589 1667 illa?
2620 1612 2712 1666 ubi
2744 1619 2861 1674 est.
2894 1626 3071 1677 mors.
3120 1613 3343 1669 aculeus
3389 1615 3552 1671 tuus?
3589 1636 3609 1668 ο
3641 1614 3704 1670 Et
3740 1632 3756 1671 :

514 1702 727 1759 fuerant
748 1706 818 1759 ab
844 1707 1002 1775 Abel,
1028 1716 1082 1763 et
1110 1724 1285 1779 usque
1308 1709 1375 1764 ad
1409 1709 1735 1768 Zachariam
1784 1713 1829 1745 ⁶¹
1849 1755 1865 1779 ,
1914 1722 2065 1769 trans

2199 1720 2219 1754 σ
2248 1702 2515 1773 Absorpta
2546 1710 2631 1758 est
2673 1718 2822 1758 mors
2856 1704 2908 1757 in
2941 1704 3168 1759 victoria
3207 1706 3273 1760 ⁶².
3310 1725 3328 1757 ι
3376 1704 3490 1762 Ilac
3533 1722 3655 1779 ergo
3695 1722 3758 1763 ex

510 1792 692 1849 ferens
738 1811 955 1867 semper
1001 1814 1176 1868 usque
1205 1799 1272 1854 ad
1314 1811 1528 1874 tempus
1574 1804 1628 1857 in
1676 1803 1882 1859 similes
1925 1804 2067 1860 illius

2195 1809 2362 1850 causa
2409 1794 2762 1849 ministerium
2800 1796 2986 1850 mortis
3031 1796 3298 1866 appellata
3341 1807 3426 1853 est
3475 1800 3593 1867 lex,
3638 1800 3758 1870 quia

406 1937 409 1939 _
507 1882 651 1938 Cum
685 1901 816 1940 vero
847 1886 1114 1943 adfuisset
1144 1876 1384 1960 Moyses,
1410 1901 1465 1947 et
1489 1893 1660 1964 legem
1696 1894 1934 1949 dedisset
1963 1894 2089 1950 liliis
2124 1881 2167 1936 Β
2191 1897 2476 1957 Ρθθοδηιθδ
2509 1889 2927 1959 υνωνπίεθηῑθε
2949 1890 3113 1945 morti
3150 1893 3433 1961 ιτθάεῑιειις
3480 1902 3756 1950 servantes

511 1976 701 2045 Israel,
737 1988 791 2035 et
814 1993 1123 2036 revocasset
1145 1984 1229 2039 eis
1258 1986 1309 2038 in
1334 1987 1653 2041 memoriam
1700 1992 1890 2043 omnes
1929 1987 2093 2058 justi-
2193 1987 2373 2034 autem
2405 1994 2496 2045 se.
2532 1978 2855 2034 defendebat
2896 1994 2929 2034 ³
2969 1988 3178 2046 ῐῐιονῑθο
3223 1989 3278 2037 ει
3315 1984 3674 2041 constituebat
3708 1987 3758 2041 in

510 2072 793 2128 licatioues
812 2073 1320 2148 legis,qua:cunque
1336 2079 1628 2133 observare
1643 2079 1924 2150 oportebat
1940 2090 1993 2135 et
2010 2080 2094 2134 l'a-
2191 2071 2383 2142 gloria.
2411 2087 2514 2143 Ope
2550 2081 2714 2143 atque
2750 2071 2955 2127 auxilio
2986 2069 3202 2126 Domini
3231 2074 3410 2129 nostri
3445 2072 3573 2132 Jesu
3607 2076 3755 2132 Chri-

507 2178 651 2228 cere,
669 2177 765 2218 eos
782 2178 910 2218 vero
925 2165 1073 2219 solus
1088 2166 1182 2235 qui
1211 2167 1698 2238 praevaricarentur
1710 2180 1901 2240 legem,
1925 2166 2090 2224 morti

507 2258 760 2320 traderet;
783 2254 1037 2309 intercisa
1053 2264 1138 2312 est
1151 2273 1318 2323 mors,
1337 2273 1404 2312 ne
1421 2271 1584 2327 super
1595 2270 1786 2312 omnes
1799 2270 2050 2329 regnaret
2071 2278 2086 2318 :

504 2345 769 2417 regnabat
820 2346 965 2401 enim
1019 2361 1186 2419 super
1214 2356 1529 2420 peccatores
1557 2348 1725 2418 solus,
1753 2349 1964 2407 dicente
1983 2352 2088 2407 sibi

502 2436 640 2505 lege:
665 2434 744 2491 Ne
767 2437 1061 2508 contigeris
1084 2442 1184 2495 hos
1204 2441 1298 2509 qui
1325 2454 1443 2495 mea
1465 2448 1732 2512 praecepta
1752 2442 2084 2497 custodiunt.

502 2524 678 2595 llujus
701 2541 832 2597 ergo
856 2527 1010 2586 verbi
1040 2516 1406 2586 ministerium
1437 2529 1651 2603 Moyses
1677 2531 1873 2586 detulit
1902 2533 2084 2600 morti,

501 2619 740 2689 reliquos
778 2634 973 2678 omnes
1022 2624 1464 2692 praevaricatores
1503 2621 1639 2692 legis
1680 2621 1926 2678 interitui
1975 2632 2087 2678 tra-

499 2710 632 2763 dens
661 2708 770 2779 (50)
804 2726 819 2763 :
851 2725 962 2765 non
1002 2712 1147 2766 enim
1182 2727 1280 2782 pro
1307 2726 1394 2780 eo,
1417 2720 1478 2767 ut
1512 2710 1739 2768 omnino
1769 2728 1919 2769 mors
1940 2713 2086 2769 nulla

498 2817 563 2854 ex
597 2810 750 2870 parte
772 2809 1049 2874 regnaret,
1080 2800 1295 2876 Moyses
1318 2802 1561 2867 advenit,
1591 2818 1715 2859 cum
1748 2803 1936 2874 utique
1962 2804 2085 2875 plu-

496 2893 619 2949 rimi
651 2897 816 2951 etiam
844 2904 966 2966 post
994 2895 1215 2968 Moysen
1253 2895 1357 2952 sub
1384 2896 1575 2952 mortis
1598 2895 1806 2952 ditione
1831 2907 2082 2953 teneren-

499 2998 609 3042 tur.
659 2987 739 3043 Ex
781 2989 888 3044 hoc
929 2989 1284 3043 ministerium
1335 2988 1519 3042 mortis
1573 2989 1898 3060 appellatum
1949 3001 2077 3057 est,

499 3081 760 3152 quoniam
793 3081 892 3137 soli
919 3090 1355 3152 transgressores
1381 3080 1518 3151 legis
1550 3081 1915 3151 puniebantur
1944 3082 2078 3155 (51),

2190 2163 2284 2219 sti.

2261 2252 2450 2308 XXXI.
2486 2253 2622 2307 Audi
2660 2252 2846 2319 etiam,
2876 2262 2931 2308 et
2963 2253 3031 2309 de
3073 2268 3160 2322 eo,
3207 2256 3352 2327 quod
3396 2256 3599 2313 dictum
3631 2266 3710 2313 est
3741 2273 3756 2315 :

2196 2363 2216 2397 ι
2251 2344 2355 2412 Qui
2383 2343 2610 2401 redemit
2633 2360 2733 2400 nos
2753 2345 2820 2400 de
2842 2347 3130 2403 maledicto
3155 2348 3292 2419 legis
3336 2348 3591 2406 Christus
3635 2349 3695 2403 “.
3730 2368 3750 2403 ι

2191 2433 2304 2491 Hoc
2356 2435 2410 2490 in
2468 2435 2590 2492 loco
2633 2434 2930 2505 pervideo,
2984 2437 3336 2509 magnificum
3384 2437 3481 2495 Dei
3505 2437 3756 2495 famulum

2185 2525 2403 2597 Moysen
2434 2526 2812 2597 imaginariam
2842 2527 2955 2599 (55)
2987 2529 3158 2600 legem
3180 2529 3288 2596 his,
3317 2529 3414 2596 qui
3446 2540 3590 2586 recte
3608 2530 3759 2586 velint

2192 2620 2376 2675 videre
2406 2619 2521 2691 (54)
2545 2619 2851 2688 tradidisse,
2884 2629 2940 2677 et
2977 2620 3148 2693 legem
3176 2637 3391 2679 veram.
3427 2620 3582 2679 Sicut
3619 2614 3755 2679 enim

2189 2711 2332 2768 Deus
2364 2727 2490 2769 cum
2536 2711 2756 2770 fecisset
2796 2713 3060 2768 mundum
3085 2753 3102 2778 ,
3139 2721 3193 2768 et
3227 2715 3416 2770 omnia
3447 2731 3570 2787 quae
3598 2715 3652 2771 in
3693 2729 3754 2771 eo

2184 2813 2331 2869 sunt,
2356 2803 2411 2858 in
2441 2819 2536 2860 sex
2565 2804 2780 2869 diebus,
2809 2804 3076 2875 requievit
3105 2806 3160 2859 in
3181 2804 3270 2861 die
3297 2806 3530 2877 septima
3557 2807 3623 2863 ab
3646 2821 3756 2861 om-

2184 2896 2347 2952 nibus
2366 2895 2622 2966 operibus
2648 2896 2923 2964 suis;-n0n
2954 2896 3098 2963 dico,
3132 2896 3259 2967 quia
3294 2897 3624 2970 requieverit
3648 2896 3753 2968 (55)

2182 2987 2474 3060 fatigatus,
2525 2987 2618 3043 sed
2669 2987 2928 3058 quoniam
2992 2987 3060 3042 ad
3102 2988 3406 3058 perfectum
3466 2989 3756 3046 adduxerat

2180 3095 2397 3135 omnem
2428 3095 2591 3151 quam
2625 3077 2805 3135 facere
2824 3080 3190 3150 disposuerat,
3216 3090 3533 3138 creaturam
3569 3099 3584 3138 :
3610 3079 3755 3136 deui-

497 3189 606 3228 uon
640 3174 802 3228 etiam
832 3184 1263 3239 conservatores,
1298 3173 1441 3229 sicut
1465 3172 1598 3228 Abel
1625 3172 1835 3230 faciens
1857 3190 1920 3230 ea
1953 3190 2077 3246 quae
2108 3238 2142 3246 Δ
2181 3186 2288 3242 que
2317 3172 2394 3227 ait
2419 3190 2432 3225 :
2472 3190 2490 3223 ι
2520 3169 2682 3227 Pater
2707 3186 2862 3227 meus
2891 3184 3066 3241 usque
3091 3172 3255 3228 modo
3277 3182 3562 3243 operatur,
3587 3183 3642 3229 et
3658 3186 3752 3246 ego

494 3265 630 3337 legis
660 3274 790 3321 sunt
820 3276 875 3321 et
903 3266 1221 3323 custodiens
1242 3305 1259 3333 ,
1301 3281 1465 3337 quem
1512 3266 1646 3323 Cain
1667 3307 1684 3335 ,
1715 3282 1811 3323 vas
1849 3267 2073 3337 maligni
2098 3238 2145 3297 c
2180 3279 2372 3333 operor
2403 3263 2468 3317 “.
2517 3281 2538 3315 ι
2563 3260 2949 3332 Nunquidnam
2980 3262 3196 3319 etnlum‘
3222 3261 3392 3331 facit,
3434 3275 3533 3321 aut
3566 3264 3753 3330 solem,

491 3358 749 3424 enectus,
786 3358 1081 3414 interemit.
1124 3356 1325 3413 Verum
1358 3358 1520 3414 etiam
1568 3368 1691 3430 post
1737 3359 1854 3415 haec
1895 3360 2072 3416 voluit
2177 3364 2271 3410 aut
2297 3354 2711 3422 hominem,aut
2742 3353 3035 3420 animalia,
3075 3364 3169 3411 aut
3195 3355 3472 3429 virgulta,
3524 3367 3619 3412 aut
3652 3354 3754 3410 tale

492 3465 643 3506 mors
673 3459 890 3521 pactum
923 3450 1068 3521 quod
1102 3449 1280 3505 fuerat
1308 3467 1403 3522 per
1432 3450 1654 3524 Moysen
1681 3453 1945 3522 positum,
1980 3468 2063 3508 re.
2181 3444 2380 3515 aliquid
2404 3445 2428 3499 2
2457 3443 2561 3501 Sed
2589 3444 2677 3500 bis
2708 3443 2929 3515 quidem
2956 3445 3269 3501 visibilibus
3297 3445 3580 3516 perfectis,
3609 3460 3639 3500 a
3663 3443 3751 3499 tali

490 3541 761 3605 scindere,
785 3549 840 3596 et
870 3555 1100 3611 regnare
1124 3543 1303 3595 denuo
1342 3557 1508 3612 super
1544 3541 1724 3613 justos
1772 3560 1786 3597 :
1822 3550 1876 3596 et
1911 3542 2071 3597 irruit
2168 3552 2332 3608 opere
2354 3537 2706 3607 conquievit;
2752 3536 3048 3593 invisibilia
3083 3547 3305 3605 autem,
3329 3547 3388 3594 et
3435 3539 3758 3594 intrinsecus

490 3631 712 3701 quidem
755 3629 810 3684 in
858 3631 1187 3703 prophetas,
1232 3629 1562 3687 interticiens
1596 3640 1651 3687 et
1698 3630 1943 3701 lapidans
1972 3647 2068 3690 eos
2168 3627 2285 3700 (56)
2314 3642 2490 3699 usque
2532 3627 2695 3684 modo
2732 3643 2967 3698 operans
2992 3668 3009 3697 ,
3053 3628 3250 3685 salvat.
3306 3629 3390 3686 lta
3430 3644 3564 3702 ergo
3598 3630 3754 3686 etiam

558 3767 603 3800 “
661 3767 845 3825 Matth.
882 3784 1040 3833 χχιιι,
1067 3768 1158 3823 55.
1234 3770 1278 3801 ⁸³
1308 3767 1328 3822 1
1361 3768 1488 3824 Cor.
1517 3784 1605 3834 xv,
1633 3768 1722 3824 54.
1801 3769 1846 3802 ⁸³
1869 3767 2045 3825 Galat.

2188 3769 2274 3824 l5.
2353 3766 2399 3800 ”
2442 3764 2684 3838 Joan.v,
2711 3767 2797 3824 f7.

557 3939 672 4008 (49)
702 3939 781 3994 Ita
825 3939 1134 3995 necessario
1173 3939 1511 3995 emendanda
1545 3939 1665 3995 visa
1709 3948 1796 3995 est
1829 3941 2076 4011 ejusdem
2183 3938 2345 3995 modo
2387 3937 2478 4011 hic
2522 3950 2742 4008 quoque
2766 3952 2875 4011 non
2906 3938 2994 3994 lex
3022 3945 3161 4005 erat,
3189 3952 3313 4011 quae
3355 3935 3758 4011 necemalfere-

482 4012 690 4067 codicis
722 4011 902 4074 lectio,
932 4010 985 4064 in
1014 4027 1123 4080 quo
1156 4011 1432 4072 scribitur,
1479 4029 1499 4062 ι
1548 4027 1671 4065 cum
1712 4027 1807 4067 eas
1856 4008 2075 4068 inimica
2181 4009 2416 4081 bat;_sed
2446 4017 2728 4081 peccatum
2764 4010 2941 4080 ipsum
2979 4010 3292 4081 erat,;quod
3316 4018 3375 4064 et
3406 4008 3754 4065 interimebat

482 4096 699 4151 semper
727 4081 1005 4136 memoriae
1031 4076 1258 4136 iueresis
1291 4083 1384 4136 scd
1418 4081 1639 4135 oblivio.
1681 4099 1698 4131 ι
1856 4149 1868 4151 _
2179 4090 2234 4136 et
2270 4076 2683 4151 condemnabat.
2712 4098 2748 4151 At

556 4146 671 4223 (50)
704 4152 761 4205 1η
786 4151 1070 4205 Casineusi
1104 4152 1311 4215 codice,
1366 4168 1384 4203 ι
1428 4151 1612 4206 interit
1650 4160 1712 4205 ut
1755 4149 1997 4219 tradens,
2038 4169 2058 4204 ι
2242 4150 2356 4223 (52)
2392 4149 2450 4204 ln
2476 4149 2664 4223 codice
2690 4147 2974 4223 Casinensi
2997 4156 3101 4223 est,
3135 4164 3157 4223 ι
3191 4146 3324 4216 acti,
3364 4165 3384 4201 ι
3418 4148 3571 4220 quod
3595 4147 3754 4203 etiam

483 4217 808 4276 manifestus
838 4222 1044 4275 librarii
1073 4236 1247 4276 error.
1984 4217 1989 4219 “
2167 4217 2463 4275 mauil‘eSIa
2488 4226 2574 4274 est
2599 4219 2809 4274 librarii
2847 4217 3218 4273 hallucinatio.

552 4293 665 4360 (51)
697 4291 844 4346 Scite
872 4292 1136 4347 adversus
1157 4290 1506 4352 Manichaeos,
1536 4299 1596 4343 ut
1625 4290 1862 4355 videtur,
1891 4289 2051 4346 Joan.
2170 4359 2208 4361 ω
2242 4290 2356 4361 (55)
2382 4288 2791 4360 Imaginariam.
2824 4289 3122 4345 Archelaus
3147 4295 3305 4342 vocat
3329 4286 3508 4361 legem
3531 4329 3547 4356 ,
3572 4285 3754 4361 _Vetus

482 4358 910 4434 Clirysostomus
944 4362 996 4415 iu
1034 4362 1179 4416 hunc
1211 4362 1282 4434 ll.
1307 4362 1454 4434 l‘auli
1484 4363 1684 4434 locum,
1713 4362 1951 4434 humilia
1972 4362 2008 4434 7_
2039 4380 2054 4417 :
2167 4358 2627 4434 Testamentum,
2666 4362 3014 4434 quod_typus
3048 4367 3314 4434 essetnec
3338 4358 3527 4434 imago
3564 4358 3757 4434 futura:

487 4449 507 4483 ι
560 4425 660 4485 Per
696 4432 885 4485 mortis
921 4440 1100 4485 autem
1156 4432 1516 4485 ministerium
1569 4431 1736 4498 legem
1786 4430 2057 4500 intelligit.
2166 4446 2321 4485 novae
2347 4430 2512 4501 legis.
2573 4425 2762 4501 Sic—et
2808 4425 3027 4501 Petrum
3058 4428 3125 4482 de
3164 4425 3347 4501 Vincis
3403 4425 3485 4482 in'
3510 4428 3753 4498 epistolis

480 4500 659 4576 Atque
686 4503 900 4576 interim
928 4502 1275 4576 videtquam
1314 4502 1505 4576 sedulo
1544 4501 1597 4553 in
1636 4501 1740 4554 ista
1769 4498 2060 4576 compara-
2091 4516 2139 4576 ο
2165 4502 2283 4555 suis
2310 4498 2425 4576 non
2443 4501 2629 4576 semel,
2660 4517 2680 4550 ‹
2721 4499 3166 4576 imaginarium)
3201 4498 3754 4576 hominemmvocasse

481 4567 629 4640 tione
663 4569 891 4636 caveat,‘
925 4587 991 4640 ne
1036 4567 1199 4625 ullam
1234 4572 1504 4625 haereticis
1550 4585 1742 4624 ansam
1790 4567 2053 4640 prae—beat.
2091 4567 2131 4576 ⁷
2165 4570 2419 4625 nuntium
2449 4586 2543 4624 seu
2562 4570 2798 4640 legatum
2819 4567 3331 4632 observatCangius
3366 4568 3424 4621 in
3459 4567 3750 4631 Glussaria,

477 4639 596 4695 Non
629 4642 773 4695 enim
798 4637 1077 4705 dixit,Lex
1101 4654 1328 4696 mortem
1347 4640 1525 4703 ellicit,
1547 4640 1669 4703 sed,
1693 4637 1881 4697 Mortis
1898 4642 2058 4694 mini-
2162 4644 2312 4709 quod
2347 4640 2497 4693 illum
2516 4655 2546 4694 a
2575 4637 2683 4710 quo
2712 4640 2914 4710 missus
2933 4639 3139 4710 _f_uerat,
3164 4648 3615 4710 reprmsentet,_et
3637 4640 3751 4710 ejus

480 4712 673 4765 stratio
702 4720 805 4765 est.
837 4710 1060 4765 Mortem
1086 4713 1230 4765 enim
1279 4710 1626 4765 ministrabat
1654 4750 1669 4775 ,
1719 4726 1826 4763 non
1872 4720 2053 4764 autem
2164 4707 2313 4764 velut
2343 4707 2635 4779 imaginem
2675 4709 2896 4763 referat.
2932 4707 3115 4779 Utitur
3134 4717 3188 4762 et
3223 4708 3325 4762 hac
3352 4723 3505 4779 voce
3538 4707 3749 4779 Evagrii

477 4782 746 4852 pariebat.
782 4781 913 4835 Nam
952 4789 1231 4849 peccatum
1261 4781 1317 4852 id
1340 4791 1478 4847 erat,
1506 4781 1654 4852 quod
1680 4789 1907 4835 mortem
1934 4779 2049 4833 elli-
2161 4780 2414 4852 tuonaclri
2458 4776 2613 4852 vetus
2648 4780 2913 4852 interpres
2955 4778 3419 4852 inmliisputatione
3463 4776 3753 4852 Theophili

479 4846 675 4907 ciebat.
704 4850 812 4905 Lex
844 4846 1022 4906 autem
1053 4862 1278 4906 mortem
1307 4846 1626 4915 invehebat,
1669 4867 1734 4904 ac
1770 4859 2053 4919 peccatum
2160 4849 2402 4919 episcopi
2450 4846 2805 4904 Alexandrini
2841 4863 2966 4903 cum
3002 4846 3223 4904 Simone
3263 4846 3457 4902 Judaieo
3503 4846 3639 4918 cap.’
3664 4847 3749 4911 15,

479 4918 778 4987 indicabat;
805 4937 910 4975 non
940 4931 1120 4975 autem
1148 4920 1395 4975 faciebat.
1421 4919 1619 4975 Malum
1644 4918 2055 4991 eniniapertius
2160 4919 2252 4991 ubi
2285 4918 2535 4991 sabbata
2559 4938 2578 4971 ι
2619 4920 2995 4991 imaginariam
3018 4919 3257 4989 requiem
3281 4936 3300 4969 ›
3319 4926 3489 4991 vocat
3508 4920 3751 4989 septima

478 4985 870 5062 detegebatac
916 4992 1202 5062 plectebat,
1239 5006 1345 5045 uon
1380 5000 1561 5045 autem
1591 4990 1656 5044 ad
1702 4985 1904 5044 malum
1950 4988 2056 5062 im-
2159 4985 2460 5062 illiusdiei,
2492 4991 2545 5043 in
2577 5000 2689 5062 qua
2722 4985 2913 5055 Deum,
2941 4985 3128 5043 mundi
3164 4985 3747 5062 creationeabsoluta,

477 5057 734 5132 pellebat.
766 5057 950 5132 Neque
979 5062 1045 5115 ad
1078 5062 1128 5115 id
1161 5061 1526 5123 ministrabat,
1563 5067 1623 5113 ut
1653 5070 1935 5132 peccatum
1960 5059 2056 5132 lie:
2161 5058 2503 5132 requievisse‘
2526 5057 2723 5132 pagina
2750 5074 2907 5132 sacra
2940 5067 3192 5113 testatur.
3218 5057 3399 5124 Quare
3430 5058 3744 5132 Archelaus

478 5127 582 5195 ret,
616 5144 711 5188 aut
743 5127 889 5188 mors
916 5133 1219 5198 exsisteret;
1247 5133 1339 5187 sed
1372 5139 1432 5185 ut
1461 5127 1664 5199 poenas
1680 5131 1834 5184 daret
1856 5131 1925 5194 is,
1954 5128 2050 5198 qui
2159 5127 2215 5180 in
2240 5127 2619 5198 responsione
2663 5130 2729 5184 ad
2778 5127 3075 5183 Diodorum
3130 5133 3511 5198 presbyterum
3538 5169 3556 5195 ,
3607 5128 3750 5199 infra

477 5213 775 5272 peccasset;
803 5220 868 5258 ac
899 5203 1126 5272 proinde
1159 5203 1262 5256 bac
1289 5217 1504 5271 quoque
1533 5201 2053 5272 ratione‘peccatum

476 5268 709 5328 dolebat.
735 5272 868 5327 Nam
896 5268 1025 5327 dum
1067 5272 1182 5341 ipsa
1225 5268 1507 5341 peccatum
1562 5270 1696 5341 adeo
1747 5268 2051 5341 fermidan-

477 5342 607 5396 dum
635 5358 756 5400 esse
794 5338 1122 5404 ostenderet,
1151 5338 1338 5410 procul
1367 5341 1535 5396 dubio
1563 5340 1663 5394 hoc
1690 5340 1855 5410 etiam
1886 5338 2054 5393 facie-

481 5412 605 5496 bat,_
623 5422 681 5465 ut
724 5414 903 5496 ipsum
933 5408 1247 5494 fugiendmn
1285 5427 1407 5492 esse
1450 5411 1744 5464 videretur.
1776 5408 2051 5496 Quemad-

481 5483 704 5554 modum
742 5479 905 5554 igitur
943 5479 1110 5552 is'qui
1140 5496 1343 5554 ensem
1387 5481 1441 5534 iu
1494 5494 1700 5554 manus
1738 5479 1907 5554 sumit
1930 5518 1945 5544 ,
1989 5492 2054 5533 ac

479 5553 623 5606 sonti
656 5548 819 5623 caput
842 5548 1105 5623 amputat,
1131 5551 1302 5622 judiei
1329 5549 1704 5623 pronuntianti
1731 5548 2045 5623 ministrum

481 5635 547 5693 se
570 5619 788 5692 praebet.
822 5619 995 5693 neque
1026 5619 1146 5692 ipse
1175 5630 1259 5676 est
1295 5619 1697 5693 q’uiginterimit
1719 5657 1735 5681 ,
1787 5619 1950 5673 etiam
1998 5619 2043 5693 si

481 5688 684 5763 alioqui
713 5695 827 5763 ipse
850 5688 923 5748 sit
944 5688 1228 5763 quifcaput
1269 5688 1538 5748 abscindit
1570 5707 1585 5744 :
1638 5703 1737 5763 nec
1778 5703 1971 5747 rursus
2004 5688 2051 5763 is

479 5763 575 5833 qui
597 5759 916 5818 seintentiam
942 5759 1167 5833 profert,
1201 5776 1267 5817 ac
1301 5774 1516 5833 sontem
1544 5760 1900 5833 condemnat;
1943 5759 2049 5833 sed

478 5828 600 5905 ejus
622 5833 687 5889 de
705 5848 814 5904 quo
836 5828 1157 5903 supplicium
1188 5833 1444 5899 sumitur,
1475 5831 1827 5901 improbitas:
1857 5828 2047 5884 eodem

2158 5213 2279 5267 cap.
2314 5197 2405 5265 41,
2436 5208 2580 5267 totus
2609 5199 2773 5253 estin
2805 5199 3252 5266 demonstrando,
3291 5197 3399 5252 non
3445 5213 3574 5252 esse
3620 5197 3750 5266 reji-

2159 5264 2412 5324 ciendum
2450 5264 2616 5324 Vetus
2656 5267 3090 5335 Testamentum,
3137 5264 3267 5337 quia
3312 5280 3582 5337 tanquam
3620 5264 3746 5336 spe-

2157 5340 2342 5393 culum
2376 5353 2559 5410 geram
2591 5340 2750 5393 nobis
2782 5338 3037 5408 exprimit
3066 5353 3220 5393 novae
3250 5337 3383 5409 legis
3419 5338 3746 5410 imaginem.

2229 5410 2344 5478 (54)
2373 5407 2554 5475 Forte,
2590 5426 2609 5460 ι
2643 5410 2810 5463 velint
2833 5407 3034 5463 vivere.
3070 5425 3089 5459 ι

2229 5472 2347 5548 (55)
2372 5478 2429 5533 ln
2462 5472 2748 5533 Casinensi
2778 5490 2882 5543 est,
2919 5495 2939 5529 ι
2979 5476 3167 5548 requie
3192 5473 3549 5548 requieverit;
3591 5493 3613 5548 ι
3649 5472 3744 5531 sed

2157 5545 2414 5603 ea‘lectio
2455 5549 2614 5604 nobis
2639 5549 2755 5603 visa
2787 5557 2869 5603 est
2905 5545 3075 5603 unius
3095 5545 3455 5616 ejusdemque
3486 5546 3644 5606 vocis
3665 5560 3747 5600 rec

2160 5619 2366 5689 petitio,
2392 5618 2710 5689 nisipotius
2739 5617 3065 5689 Gratcismus
3091 5618 3184 5689 sit.

2235 5682 2696 5759 (56)’Casiiiensis
2721 5688 2902 5753 habet,
2936 5706 2963 5759 «ν
2993 5685 3252 5742 invisibili
3275 5692 3463 5759 autem
3503 5691 3561 5739 et
3606 5682 3743 5759 trin—_

2157 5752 2344 5813 secus:
2372 5777 2391 5808 ι
2424 5755 2535 5813 Sed
2567 5759 2857 5828 legendum
2884 5758 3118 5824 videtur,
3144 5765 3213 5828 ut,
3233 5757 3444 5828 editum
3481 5764 3605 5820 est,
3653 5752 3742 5828 vel

2163 5846 2181 5879 ι
2214 5828 2503 5883 invisibilia
2535 5824 2714 5884 autém
2748 5828 3103 5885 intrinsecus.
3140 5846 3159 5881 ι
3192 5827 3336 5883 Deus
3357 5825 3537 5891 enim,
3570 5834 3631 5880 ut
3653 5824 3741 5879 in-
