2045 3191
193 195 205 223 Ι
212 194 261 223 ιπ

735 192 806 221 CUM
826 192 965 219 MANETE
985 192 1252 220 lIJEBESlARCHA.

1736 194 1803 222 HTS

192 257 413 285 unumquemque
429 253 562 281 nostrum,
577 247 647 276 sicut
665 248 722 283 ipse
736 248 806 275 Deus
819 253 876 281 est,
895 248 970 274 inde-
986 255 1005 281 Α
1025 259 1033 274 ε
1049 249 1134 276 virtus
1149 249 1250 284 peccati
1263 249 1333 277 dicta
1347 248 1381 276 sit
1395 249 1437 276 lex
1451 249 1484 280 ",
1498 259 1507 275 I
1525 256 1576 285 pro
1587 248 1692 277 viribus
1703 254 1805 278 uestris

191 300 310 323 Sinenter
325 296 388 323 huic
404 295 477 330 operi
497 295 633 330 legislator
652 294 709 321 vult
731 302 791 321 esse
807 294 971 326 devinctum;

192 350 206 369 a
217 337 391 369 saecularibus
402 342 479 376 jubet
495 342 619 376 protinus
631 342 834 375 conquiescere,
849 346 875 368 et
886 340 974 367 omni-

192 394 227 413 no
238 387 339 414 nullum
353 395 421 421 opus
435 395 526 421 gerere
538 387 747 419 mundanum;et
761 387 812 413 hoc
824 386 973 420 appellatur

193 431 350 459 Sabbatum.
365 433 473 459 Addidit
489 433 569 459 etiam
586 433 636 459 hoc
651 433 677 459 in
699 432 766 467 lege,
783 432 850 458 nihil
876 432 973 458 absur-

191 477 255 503 dum
269 477 326 503 lieri
343 477 450 509 debere;
467 477 514 503 sed
531 477 674 504 observare
685 484 744 507 nos,
764 481 789 504 et
804 476 921 510 dirigere
933 476 972 502 vi-

192 527 245 549 latn
263 527 380 559 nostram
396 531 426 548 ex
445 530 522 556 :equo
541 527 566 548 et
581 522 664 556 justo.
683 522 714 548 Et
740 522 897 551 innnincbat
917 526 971 550 hzrc

191 568 243 599 lex,
259 569 386 594 acerrime
400 568 569 594 maledictum
585 568 703 594 inferens
716 568 757 594 his
771 569 815 603 qui
829 578 888 596 eam
906 570 970 596 fuis<

191 620 250 640 sent
264 616 440 648 transgressi;
456 614 501 640 sed
516 615 643 648 quoniam
657 615 779 642 homines
794 620 869 642 erant
886 622 909 643 el
923 618 969 650 illi,

190 665 216 685 et
231 660 300 686 sicut
315 661 394 686 etiam
410 660 486 686 nobis
505 659 657 693 frequenter
678 661 792 692 accidit,
816 667 971 688 contraver-

191 706 236 732 sire
252 706 417 737 oriebantur,
432 711 457 732 et
470 706 658 740 irrogabantur
680 707 801 740 injurite;
820 712 846 733 et
858 708 898 734 lex
915 714 970 734 sla-

191 751 238 777 tiin
254 752 481 778 districtissimam
495 752 623 778 ultionem
642 760 721 785 quani
741 752 858 785 fecerat,
884 759 969 780 retor-

189 797 289 830 quebat
311 797 381 831 (37);
402 797 436 823 ila
460 802 489 823 ut
511 797 533 824 si
552 798 613 831 quis
630 806 775 832 pauperum
791 800 919 825 voluiSset
944 800 969 826 in

190 842 307 868 Sabbato
325 843 423 869 fascem
443 843 505 877 ligni
520 844 656 877 colligere,
674 844 724 870 sub
745 845 887 871 maledicto
903 846 968 880 legis

188 889 309 919 Pﬂtt'llls,
327 889 405 914 morti
428 889 556 915 continuo
576 889 763 922 subjiceretur.
788 890 967 917 Art-labantur

1025 295 1142 322 breviter
1157 302 1334 329 exponemus.
1359 295 1496 330 Scriptum
1512 300 1553 322 est
1579 296 1671 322 enim:
1698 305 1708 322 α
1736 297 1805 329 Quia

1022 339 1096 373 justo
1111 339 1154 366 lex
1173 347 1226 365 non
1244 345 1285 366 est
1301 340 1399 375 posita,
1415 341 1462 367 sed
1478 340 1597 375 injustis,
1613 345 1640 367 et
1658 349 1711 376 non
1737 343 1798 368 sub-

1023 385 1097 417 ditis,
1122 385 1212 419 impiis
1227 390 1254 412 et
1272 386 1394 414 scelestis
1410 387 1443 413 ’°.
1463 396 1473 412 ι
1501 387 1559 414 Non
1579 395 1643 422 ergo
1656 393 1713 415 erat
1741 393 1805 415 tunc

1024 430 1065 457 lex
1097 430 1192 457 litterae
1216 431 1303 465 posita
1337 432 1558 467 delinquentibus
1586 438 1648 460 ante
1673 433 1803 469 Moysen,

1024 475 1094 503 unde
1110 480 1136 503 et
1155 475 1262 504 Pharao
1280 476 1410 511 ignorans
1428 478 1553 505 virtutem
1573 479 1675 512 peccati
1691 498 1699 511 ,
1715 479 1804 506 deliri-

1022 522 1122 556 quebat
1138 521 1258 556 amigens
1274 522 1382 557 injustis
1398 523 1526 550 oneribus
1539 524 1608 551 lilios
1623 525 1717 556 Israel,
1728 524 1804 550 Divi,

1023 568 1106 594 nitate
1121 568 1242 603 neglecta
1256 588 1264 600 ,
1279 577 1331 595 non
1349 569 1437 596 solum
1454 569 1521 604 ipse,
1537 569 1582 597 sed
1598 574 1625 596 et
1638 578 1733 598 omnes
1755 570 1804 605 qui

1022 620 1083 639 cum
1106 621 1138 640 eo
1153 618 1240 640 erant.
1264 613 1376 646 Verum,
1402 623 1435 642 ne
1451 619 1511 642 utar
1528 615 1649 650 longiore
1669 616 1803 648 circuitu,

1021 659 1129 686 brevius
1145 659 1244 686 dicam.
1258 659 1342 687 Erant
1354 661 1464 696 quidam
1486 660 1676 696 Egyptinrum
1694 662 1801 688 admisti

1021 713 1083 732 cum
1104 706 1201 740 populo
1218 705 1314 741 Moysi,
1327 714 1388 733 cum
1400 707 1433 733 ab
1447 714 1479 734 eo
1497 711 1634 742 regeretur
1646 708 1761 742 populus
1775 709 1801 735 in

1020 751 1144 784 deserto;
1162 756 1188 778 et
1202 760 1263 779 cum
1279 751 1385 788 Moyses
1400 752 1503 786 positus
1515 757 1585 780 esset
1601 753 1627 779 in
1641 759 1741 787 monte,
1755 762 1804 788 pro

1020 803 1053 822 eo
1067 799 1095 822 ut
1114 795 1247 829 acciperet
1267 796 1363 831 legem.
1388 796 1532 831 impatiens
1547 798 1672 832 populus,
1690 806 1741 824 non
1760 799 1803 825 ille

1020 841 1066 875 qui
1084 849 1146 868 vere
1169 846 1227 868 erat
1252 841 1372 869 lsraelita
1394 841 1461 876 (58),
1475 843 1521 869 sed
1539 843 1584 877 qui
1610 851 1641 869 ex
1669 842 1803 878 Egyptiis

1024 886 1111 914 fuerat
1124 888 1268 920 admistus,
1283 887 1396 914 vitulum
1412 888 1462 915 sibi
1478 888 1617 915 constituit
1632 888 1714 915 Deum
1726 909 1734 921 ,
1757 897 1802 915 sc—

188 934 496 968 ergoi‘oelcilionrlt-gis
507 934 639 966 homines,
650 935 904 970 quicnnnEgyptiis
916 936 973 963 rue—
990 922 1011 950 B
1024 931 1141 958 cundum
1154 931 1297 966 pristinum
1313 939 1414 958 morem
1432 939 1485 966 quo
1509 931 1630 958 coluerat
1646 931 1801 963 simulacra,

189 984 248 1004 iant
259 979 362 1005 educati
376 980 462 1011 “,nec
474 985 596 1013 poterant
609 988 701 1014 pwnas
711 981 775 1015 legis
792 987 817 1008 et
830 983 970 1009 maledicta

188 1025 312 1050 tolerare.
334 1024 450 1051 llursum
467 1030 556 1051 autem
586 1026 629 1052 ille
647 1027 691 1059 qui
715 1035 820 1060 semper
847 1027 970 1054 Salmtor

187 1075 237 1101 est,
251 1069 329 1095 Jesus
347 1069 477 1096 Dominus
494 1076 583 1096 noster
598 1072 742 1098 adveniens
754 1093 760 1104 ,
780 1073 901 1099 liberavit
923 1081 970 1100 eos

187 1123 219 1141 ex
235 1115 419 1150 hujuscemodi
440 1117 606 1143 cruciatibus
624 1117 689 1151 legis
704 1123 783 1152 atque
809 1120 969 1151 mali-dictis,

187 1162 290 1188 donans
304 1162 343 1187 eis
358 1162 481 1195 injurias.
498 1162 565 1193 Nec,
583 1162 653 1189 sicut
679 1163 783 1198 Moyses
796 1185 803 1196 ,
828 1165 970 1190 severitate

189 1216 255 1234 usus
270 1212 311 1234 est
327 1208 403 1241 legis,
421 1209 487 1234 nulli
512 1208 675 1242 indulgerith
697 1209 842 1243 injuriam;
862 1210 907 1236 sed
927 1210 970 1236 hic

187 1254 264 1285 dixit,
281 1254 301 1280 si
317 1254 377 1287 quis
391 1262 488 1289 passus
501 1255 580 1281 fuerit
595 1264 609 1282 a
626 1256 750 1290 proximo
762 1264 812 1282 suo
830 1257 967 1291 injuriam,

188 1300 324 1334 indulgeat
337 1308 389 1327 non
406 1302 487 1327 semel
509 1306 629 1334 tantum,
648 1302 694 1329 sed
719 1306 745 1328 et
765 1309 813 1329 nec
838 1303 968 1335 secundo,

188 1352 236 1371 nec
250 1345 338 1376 tertio,
356 1353 405 1371 nec
419 1345 505 1371 solum
524 1346 632 1380 septies,
658 1346 704 1373 sed
729 1348 910 1381 sepluagesics
927 1355 970 1374 sc-

187 1390 256 1425 pties
273 1390 295 1405 ⁶⁶
310 1400 315 1417 ;
329 1390 400 1424 quod
416 1391 437 1418 si
453 1395 511 1425 post
524 1392 579 1418 haec
596 1391 722 1426 injuriam
739 1393 918 1426 permanserit
931 1394 968 1419 ir-

188 1436 318 1471 rogando,
340 1439 405 1462 tunc
420 1436 527 1462 demum
543 1437 592 1471 legi
608 1445 669 1463 eum
683 1438 781 1464 debere
793 1439 969 1465 succumbere

188 1481 282 1517 Moysi,
297 1489 344 1507 nec
361 1482 432 1508 ultra
448 1483 552 1508 veniam
570 1482 628 1509 dari
647 1483 670 1510 ei
683 1483 728 1517 qui
745 1483 770 1509 in
788 1484 893 1517 injuriis
909 1492 969 1517 per-

1021 977 1048 1004 in
1064 984 1118 1012 quo
1133 985 1182 1004 nec
1201 977 1333 1004 seelerum
1350 984 1444 1011 pinnas
1461 976 1608 1011 aliquando
1626 977 1802 1011 rependeret;

1021 1026 1048 1048 et
1062 1022 1122 1048 ideo
1144 1022 1271 1049 virtutem
1295 1021 1397 1056 peccati
1422 1022 1464 1048 sui
1495 1022 1600 1056 penitus
1618 1021 1801 1055 ignorabant:

1021 1074 1080 1101 quae
1097 1075 1157 1093 cum
1184 1074 1323 1101 regressus
1346 1067 1501 1101 agnOVisset
1527 1065 1652 1101 Moyses,
1679 1066 1804 1101 praecepit

1020 1120 1067 1140 eos
1078 1113 1174 1147 gladiis
1186 1112 1327 1143 trucidari,
1340 1119 1372 1138 ex
1387 1119 1442 1146 quo
1457 1111 1563 1138 initium
1575 1111 1674 1138 factum
1689 1116 1730 1138 est
1742 1119 1804 1138 sen-

1021 1159 1072 1186 tire
1089 1166 1136 1187 eos
1154 1158 1280 1185 virtutem
1297 1158 1398 1192 peccati
1417 1165 1463 1191 per
1477 1157 1560 1191 legem
1576 1156 1672 1192 Moysi,
1689 1161 1716 1184 et
1736 1165 1803 1192 pro-

1020 1209 1111 1240 pterea
1137 1213 1146 1230 t
1164 1204 1251 1231 virtus
1266 1203 1368 1238 peccati
1388 1212 1397 1228 ι
1415 1203 1548 1237 appellata
1572 1207 1614 1230 est
1631 1203 1682 1229 lex.

1055 1258 1162 1286 XXXII.
1177 1258 1216 1286 De
1234 1266 1267 1286 eo
1282 1266 1356 1289 vero,
1371 1258 1443 1292 quod
1461 1257 1486 1284 in
1505 1256 1649 1293 Evangelia
1672 1257 1801 1292 scriptum

1019 1308 1078 1332 est:
1097 1314 1105 1329 ε
1125 1303 1180 1331 Vos
1202 1303 1235 1331 de
1249 1309 1325 1338 patre
1347 1302 1455 1330 diabolo
1471 1302 1537 1330 estis
1557 1303 1591 1334 “,
1608 1312 1618 1328 ι
1633 1306 1660 1329 et
1687 1302 1802 1337 reliqua,

1020 1350 1136 1377 breviter
1163 1349 1296 1382 dicimus,
1314 1349 1377 1383 quia
1398 1353 1439 1376 est
1456 1347 1581 1375 diabolus
1605 1348 1752 1382 inoperans
1775 1346 1803 1374 in

1019 1396 1108 1428 nobis,
1122 1395 1169 1430 qui
1183 1396 1225 1422 sui
1240 1394 1345 1421 arbitrii
1366 1398 1497 1429 potestate
1521 1393 1589 1420 tales
1617 1401 1679 1420 esse
1704 1392 1803 1420 voluit.

1019 1442 1090 1469 Deus
1105 1442 1177 1468 enim
1194 1442 1285 1468 omnia
1297 1449 1357 1475 qua:
1372 1440 1445 1473 fecit,
1463 1440 1534 1467 bona
1548 1439 1622 1466 valde
1636 1438 1708 1472 fecit,
1725 1439 1803 1467 liberi

1019 1487 1125 1514 arbitrii
1141 1494 1251 1514 sensum
1266 1485 1412 1521 unicuique
1425 1486 1508 1518 dedit,
1532 1493 1585 1521 qua
1601 1485 1707 1512 ratione
1720 1485 1802 1512 etiam

187 1533 292 1555 ειη-εγω,
304 1550 311 1561 ,
337 1538 398 1555 cum
427 1529 477 1555 sibi
502 1529 684 1564 sepluagesies
706 1530 805 1564 septies
831 1530 910 1556 fuerit
928 1530 967 1556 in-
981 1524 1001 1552 ε
1019 1533 1104 1569 legem
1114 1532 1208 1567 judicii
1220 1532 1319 1567 posuit.
1331 1531 1448 1559 Peccare
1464 1536 1587 1558 nostrum
1601 1535 1659 1562 est;
1672 1535 1702 1558 ut
1712 1535 1802 1557 autem

186 1575 300 1602 dultum.
319 1575 376 1602 Non
393 1577 477 1603 solum
495 1581 584 1602 autent
601 1576 680 1608 huic,
700 1577 745 1603 sed
770 1576 851 1602 etiam
867 1577 888 1603 si
907 1576 968 1611 quis

188 1622 255 1648 Filio
262 1622 380 1649 hominis
388 1622 522 1648 intulisset
531 1622 775 1656 injuriam,veniam
783 1621 897 1649 dedit.Si
905 1628 968 1648 vero

188 1667 300 1702 Spiritui
316 1674 420 1700 sancto,
435 1669 541 1695 duobus
554 1677 614 1694 eum
628 1668 748 1695 subdidit
761 1668 921 1699 maledictis,
943 1668 969 1694 id

187 1713 319 1747 estllloysi
328 1714 402 1748 legis,
415 1719 439 1740 et
449 1722 515 1745 sure;
526 1712 722 1748 Moysiquidem
736 1713 761 1739 in
771 1714 904 1747 praesenti,
915 1721 970 1740 sua:

187 1766 251 1786 vero
265 1759 290 1785 in
303 1759 396 1794 judicii
409 1765 544 1793 tempore;
558 1760 595 1786 ait
606 1760 677 1786 enim
690 1759 725 1785 ila
740 1768 761 1786 :r
777 1758 867 1794 Neque
879 1760 903 1786 in
920 1760 970 1786 hoc

187 1806 295 1836 stnculo,
315 1814 400 1840 neque
412 1806 437 1832 in
450 1806 539 1833 l'uturo
550 1806 700 1833 remittetur
709 1806 733 1832 ei
744 1806 775 1832 ⁸⁷.
794 1805 894 1841 tMoysi
907 1814 970 1839 ergo

188 1852 228 1878 lex
248 1856 289 1878 est
302 1872 308 1883 ,
329 1860 388 1886 qua:
404 1853 429 1878 in
445 1853 569 1887 praesenti
587 1853 687 1879 saaculo
713 1852 778 1879 rutili
797 1853 901 1879 veniam
923 1853 970 1879 tri-

187 1898 261 1930 buit;
282 1898 382 1924 Christi
411 1906 473 1926 vero
499 1903 556 1931 est,
581 1907 641 1933 qua:
663 1899 782 1926 vindicat
808 1899 835 1925 in
866 1899 968 1925 futuro.

187 1941 225 1968 Ex
240 1943 290 1969 hoc
301 1943 404 1969 intuere
415 1943 643 1977 quemadmodum
656 1943 798 1970 conﬁrmat
807 1943 903 1977 legem,
915 1951 968 1969 non

187 1987 275 2014 solum
290 1986 341 2014 non
357 1988 466 2015 solvens
480 1996 552 2021 eam,
568 1989 613 2015 sed
629 1989 753 2023 implens.
770 1989 893 2016 Redemit
907 1998 970 2024 ergo

187 2040 233 2059 eos
246 2033 279 2058 ab
291 2040 333 2064 eo,
349 2033 420 2066 quod
436 2033 462 2059 in
477 2033 600 2067 praesenti
613 2034 731 2068 positum
744 2038 813 2065 erat,
826 2033 969 2061 maledicto

187 2078 265 2114 legis,
278 2087 309 2105 ex
322 2087 375 2113 quo
390 2088 397 2103 ε
415 2079 584 2106 maledictum
598 2079 664 2113 legis
681 2089 690 2105 ι
707 2079 870 2113 appellatum
884 2084 926 2106 est
937 2080 968 2106 ⁸⁸.

188 2123 250 2152 Hrec
271 2126 360 2153 omnis
385 2126 465 2159 hujus
483 2125 618 2152 sermonis
643 2130 685 2152 est
707 2125 787 2151 ratio.
805 2126 860 2153 Cur
877 2131 968 2153 autem

499 2183 522 2197 θθ
547 2182 640 2209 Matth.
667 2191 731 2209 ιιι-ιιι
746 2203 753 2214 ,
775 2183 820 2209 2|.

463 2218 485 2232 ⁷¹
503 2217 580 2244 .loan.
600 2226 657 2249 vni,
674 2219 718 2245 Η.

227 2181 249 2196 ⁸³
261 2181 340 2209 Num.
358 2191 400 2212 xv,
418 2183 461 2209 52.

188 2217 210 2232 ⁷⁸
236 2216 243 2242 l
262 2217 332 2244 Τιιιι.
349 2226 366 2249 l,
383 2219 408 2244 9.

867 2184 997 2211 “Matth.
1026 2193 1074 2218 ιιι,
1104 2185 1148 2212 52.

773 2220 795 2233 ⁷¹
810 2219 902 2246 Matth.
921 2228 976 2252 six,
995 2220 1037 2247 Π.

1020 1587 1074 1606 non
1090 1586 1242 1614 peccemus,
1256 1578 1302 1606 Dei
1316 1578 1417 1605 donum
1430 1582 1482 1609 est,
1498 1585 1531 1605 ex
1541 1584 1574 1604 eo
1584 1576 1655 1611 quod
1667 1577 1693 1603 in
1709 1581 1803 1604 nostro

1021 1625 1056 1651 sit
1070 1624 1183 1652 arbitrio
1199 1624 1375 1651 constitutum
1398 1631 1510 1658 peccare
1520 1643 1528 1656 ,
1541 1623 1583 1650 vel
1598 1630 1651 1650 non
1673 1630 1802 1657 peccare;

1022 1671 1092 1698 sicut
1108 1671 1189 1698 etiam
1203 1675 1230 1698 tu
1247 1670 1306 1698 sine
1321 1669 1402 1697 dubio
1419 1669 1506 1700 nosti,
1523 1675 1539 1694 ο
1555 1667 1657 1700 Manes,
1670 1667 1692 1695 si
1712 1672 1801 1694 tamen

1012 1715 1232 1751 ‘congregansjn
1247 1723 1330 1742 unum
1343 1715 1492 1749 discipulos
1504 1719 1576 1745 tuos.
1592 1719 1618 1741 et
1629 1721 1675 1741 eos
1686 1721 1805 1740 commo-

1023 1770 1089 1789 neus
1104 1762 1159 1797 (59)
1172 1769 1206 1789 ne
1219 1761 1385 1797 delinquant,
1398 1769 1464 1788 neve
1475 1760 1576 1796 aliquid
1588 1760 1687 1795 inju~te
1698 1765 1802 1796 gerant,

1019 1808 1114 1842 judicii
1141 1808 1226 1842 legem
1246 1807 1435 1842 unusquisque
1462 1814 1555 1834 eorum
1580 1807 1664 1842 possit
1677 1806 1802 1835 evadere.

1023 1854 1055 1881 Et
1067 1857 1139 1881 certe
1156 1853 1203 1888 qui
1219 1853 1365 1886 voluerint,
1378 1853 1525 1880 observant
1547 1853 1672 1880 mandata
1696 1853 1735 1885 "’;
1757 1853 1803 1887 qni

1022 1907 1086 1927 vero
1100 1899 1312 1934 contempserint
1324 1903 1351 1926 et
1366 1898 1392 1925 in
1411 1906 1567 1933 perversum
1593 1898 1802 1929 declinaverint,

1023 1946 1081 1973 sine
1097 1946 1180 1972 dubio
1194 1945 1279 1979 legem
1293 1943 1387 1979 judicii
1411 1944 1507 1971 ferent.
1523 1943 1561 1970 Ex
1589 1944 1640 1971 hoc
1657 1945 1737 1972 etiam
1755 1952 1804 1971 an-

1023 1992 1145 2027 gelorum
1158 1991 1280 2025 quidam,
1296 1990 1422 2016 mandato
1435 1989 1480 2015 Dei
1501 1997 1553 2016 non
1578 1990 1690 2022 subditi,
1706 1990 1804 2016 volun-

1023 2037 1070 2064 tati
1087 2036 1146 2070 ejus
1162 2036 1338 2062 restiterunt:
1360 2039 1386 2062 et
1410 2035 1508 2070 aliquis
1532 2036 1640 2070 quidem
1663 2036 1695 2062 de
1712 2036 1781 2063 ccelo
1794 2056 1801 2068 ,

1023 2086 1152 2117 tanquam
1166 2081 1254 2115 l‘ulgur
1268 2081 1337 2116 ignis
1352 2081 1386 2114 ⁷³,
1402 2081 1497 2108 cecidit
1518 2089 1599 2116 super
1622 2086 1738 2113 terram;
1757 2082 1803 2108 alii

1022 2135 1088 2155 vero
1103 2127 1129 2154 in
1143 2126 1271 2154 felicitate
1297 2126 1436 2153 hominum
1452 2126 1558 2153 ﬁliabus
1570 2126 1678 2154 admisti
1693 2127 1750 2162 (60)
1762 2145 1771 2160 ,
1787 2135 1802 2155 a

1203 2185 1225 2201 "
1243 2184 1330 2213 Galat.
1360 2193 1402 2218 nt,
1431 2185 1475 2212 ll".
1531 2185 1653 2213 "lCor.
1682 2193 1727 2219 xv,
1757 2186 1801 2214 56.

1091 2220 1113 2236 ’³
1129 2221 1195 2248 Luc.
1213 2228 1240 2252 x,
1259 2221 1301 2248 18.
1617 2243 1622 2247 .

188 2288 246 2325 qnit
263 2289 295 2315 D.
310 2289 478 2323 Augustinus
494 2290 520 2316 in
536 2290 605 2316 libro
619 2290 656 2316 De
672 2289 764 2316 Gratia
786 2290 895 2322 Christi,
908 2299 966 2325 cap.
985 2293 1006 2320 D
1020 2295 1047 2318 et
1062 2291 1106 2318 isti
1133 2291 1253 2318 fecerunt
1265 2311 1273 2323 ,
1297 2295 1324 2318 et
1338 2290 1365 2317 in
1380 2297 1463 2317 causa
1479 2289 1619 2322 l’uerunt,’
1633 2294 1662 2316 ut
1686 2291 1802 2325 populus

188 2324 233 2355 ΞΛ,
251 2332 302 2351 non
318 2325 374 2359 lege
393 2329 473 2358 atque
488 2325 610 2352 doctrina
633 2326 776 2352 insonaute
798 2324 968 2359 forinsecus;

188 2360 235 2387 sed
249 2359 352 2386 interula
368 2364 449 2394 atque
463 2361 565 2387 occulta
584 2361 700 2387 mirabili
716 2369 747 2387 ac
774 2361 899 2387 inelTabili
922 2369 970 2395 po-

189 2398 286 2421 testate
300 2400 428 2428 opcratnr
452 2395 478 2422 in
495 2396 622 2422 cordibus
643 2397 782 2421 hominum
802 2404 853 2421 non
881 2397 968 2422 solum

192 2436 267 2456 veras
280 2430 467 2462 revelationes,
485 2431 531 2457 sed
547 2431 627 2457 etiam
647 2431 732 2458 bonas
747 2431 910 2457 voluntates.
927 2431 970 2457 Si-

190 2464 263 2501 milia
278 2464 467 2501 inculcatrturn
481 2466 507 2492 iu
525 2466 612 2499 capite
624 2466 729 2492 decimo
742 2466 821 2492 tertio
845 2466 968 2501 ejusdem

189 2500 288 2534 operis,
296 2504 358 2534 tum
373 2500 436 2527 alibi
454 2501 564 2534 passim.

225 2533 280 2568 (57)
295 2532 323 2560 In
338 2532 479 2562 Casinensi
497 2536 599 2566 codice.
619 2544 628 2561 ε
654 2535 783 2562 ultionem
809 2535 908 2563 fecerat
924 2544 969 2562 re-

189 2569 343 2603 torquebat.
357 2578 366 2594 »
383 2569 435 2596 Sed
450 2571 603 2598 necessaria
620 2571 677 2598 visa
693 2575 733 2597 cst
743 2572 845 2598 relativi
860 2571 967 2598 articuli

190 2604 307 2639 additio,
314 2611 349 2639 ne
361 2612 457 2632 sensus
471 2607 525 2632 ulla
538 2614 569 2632 ex
583 2610 658 2639 parte
675 2611 790 2632 nutaret.

226 2638 282 2674 (58)
299 2638 357 2665 Non
374 2647 459 2673 pauca
472 2638 614 2675 primitivaa
629 2640 755 2668 Ecclesia:
768 2640 860 2668 Patres
873 2649 903 2668 ex
919 2640 968 2667 Ju-

190 2673 309 2710 da-orum
327 2675 459 2701 sententia
473 2673 665 2710 loquebantur,
680 2680 709 2704 ut
720 2683 753 2702 ex
768 2676 811 2703 his
823 2677 868 2710 qui
883 2677 909 2702 in
926 2685 967 2703 ca-

191 2709 244 2745 pite
259 2710 380 2744 sequenti
394 2715 424 2745 et
441 2710 472 2736 ad
490 2710 632 2745 Theophili
653 2709 965 2745 Alexandrini'disputa-

191 2744 291 2780 tionem
306 2752 368 2771 cum
384 2744 494 2780 Simone
520 2744 614 2772 Iudaeo
631 2753 691 2780 cap.
707 2745 740 2772 13
760 2747 965 2777 annotavimus.

191 2779 278 2816 lucid_e
294 2785 419 2816 apparet.
437 2779 524 2816 llujus
540 2781 646 2816 generis
660 2779 741 2807 etiam
755 2786 807 2816 West
823 2783 895 2816 quod
924 2782 967 2808 hic

190 2815 223 2840 de
245 2813 379 2849 Egyptiis
395 2813 565 2842 vituli'auréi
579 2815 813 2842 constructoribns
826 2813 853 2842 et
868 2816 966 2843 adora-

192 2849 294 2876 tor-ibus
318 2850 398 2876 tradit
418 2850 582 2882 Archelaus;
600 2858 661 2877 nam
682 2851 709 2877 in
726 2850 851 2877 Scemoth
874 2850 967 2878 Rabba

192 2890 258 2924 pag._
272 2884 333 2924 l51,
348 2885 400 2911 col.
418 2885 452 2924 l_:
472 2894 482 2924 ς
498 2885 530 2912 Et
547 2885 717 2924 isti-(nempe
737 2884 855 2924 Egyptii
874 2893 963 2924 prose-

192 2919 261 2953 lyti)
276 2919 398 2947 fecerunt
417 2920 542 2954 vitulum,
559 2920 623 2955 quia
638 2919 762 2949 colebant
776 2919 964 2953 idololatrian).

1020 2331 1152 2361 peccaret.
1169 2325 1235 2353 Vide
1249 2326 1313 2361 quid
1327 2326 1457 2359 scriptum
1469 2327 1505 2352 sit
1520 2325 1614 2361 Exodi
1625 2333 1710 2357 xxxn,
1729 2334 1800 2353 vers.

1019 2360 1045 2388 λ.
1062 2361 1120 2388 Non
1140 2364 1181 2388 est
1198 2360 1328 2396 scriptum
1347 2361 1410 2388 hic:
1427 2361 1477 2396 lstir
1498 2365 1562 2396 sunt
1579 2360 1615 2396 dii
1630 2361 1732 2396 nostri,
1753 2362 1800 2388 sed

1019 2396 1064 2423 iui
1081 2401 1140 2423 sunt
1155 2396 1194 2422 dii
1213 2394 1270 2423 tui':
1294 2396 1367 2430 quod
1391 2395 1535 2431 proselyti,
1552 2395 1598 2429 qui
1624 2402 1695 2431 cum
1709 2394 1802 2430 Moyse

1019 2431 1207 2466 ascenderant.
1220 2431 1270 2466 ipsi
1285 2431 1405 2458 fecerunt
1417 2430 1503 2462 illum,
1515 2435 1541 2457 et
1550 2431 1678 2466 dixerunt
1688 2430 1779 2457 lsraeli
1793 2440 1799 2458 :

1019 2465 1072 2492 Im’
1095 2471 1155 2492 sunt
1173 2466 1211 2492 dii
1228 2466 1277 2492 tui.
1307 2466 1409 2493 Idcirco
1426 2466 1497 2493 Deus
1520 2471 1630 2492 sanctus
1643 2465 1801 2493 benedictus

1020 2501 1091 2528 dixit
1103 2500 1188 2535 Moysi
1201 2510 1207 2528 :
1222 2499 1305 2534 Vade,
1318 2501 1461 2535 descende,
1474 2500 1537 2535 quia
1549 2499 1801 2535 eorrupit_populns

1022 2543 1095 2563 tuus.
1109 2546 1118 2562 ι
1133 2534 1199 2563 Vide
1207 2535 1379 2563 Salomouem
1393 2534 1523 2563 Jarchi’in
1538 2534 1753 2562 eumdemExodi
1763 2534 1802 2561 lo-

1021 2578 1083 2598 cum
1091 2578 1162 2598 vers.
1177 2570 1209 2603 8;
1218 2571 1293 2598 Aben
1309 2569 1376 2597 Ezra
1387 2570 1452 2597 ibid.
1465 2577 1536 2597 vers.
1547 2569 1593 2602 2%,
1601 2573 1628 2596 et
1635 2569 1801 2596 Abarbanel-

1021 2606 1076 2633 lum
1088 2605 1158 2641 ,ibid.
1177 2605 1310 2641 vers:__l_l.
1326 2606 1362 2632 At
1374 2605 1415 2631 vel
1427 2612 1460 2631 ex
1470 2605 1542 2632 nuda
1558 2603 1628 2641 sacri
1642 2608 1732 2641 textus
1744 2604 1800 2641 lec-

1021 2638 1104 2674 tione,
1119 2645 1146 2667 et
1160 2648 1194 2668 ex
1218 2639 1287 2666 LXX
1305 2640 1481 2674 interpretum
1494 2639 1625 2674 versione
1641 2638 1712 2666 hanc
1728 2639 1802 2665 rabi-

1020 2672 1117 2703 norum
1130 2675 1316 2710 conjecturam
1326 2672 1403 2702 valde
1419 2675 1550 2702 incertam
1567 2672 1726 2708 {utilemque
1738 2681 1800 2702 esse

1019 2711 1091 2738 clare
1104 2710 1249 2745 colligitur.

1051 2746 1108 2781 (59)
1126 2743 1373 2781 lta‘restituendam
1389 2743 1550 2781 censuimus
1570 2743 1708 2781 depravati
1724 2743 1800 2771 codi-

1016 2778 1228 2808 cis‘Casinensis
1243 2779 1398 2811 lectionem,
1418 2780 1445 2805 in
1459 2786 1513 2813 quo
1530 2778 1569 2805 sic
1582 2778 1726 2811 scribitur,
1743 2787 1754 2804 ι
1771 2783 1800 2805 et

1015 2815 1169 2843 communis
1185 2822 1228 2848 ne,
1250 2823 1260 2840 ι
1275 2820 1339 2849 etc.,
1351 2815 1403 2842 nisi
1419 2814 1481 2849 quis
1493 2813 1628 2845 maluerit,
1647 2822 1657 2839 ι
1673 2821 1798 2841 commu-

1016 2858 1102 2877 mens.
1119 2859 1129 2875 ι

1051 2883 1173 2922 (60)_En_
1188 2884 1256 2922 alter
1268 2883 1394 2922 Archelai
1411 2883 1499 2915 locus,
1513 2890 1546 2910 ex
1562 2890 1617 2922 quo
1634 2883 1660 2922 id
1677 2882 1750 2918 quod
1768 2881 1796 2922 in

1016 2918 1175 2955 praecedenti
1190 2920 1278 2955 capite
1288 2920 1322 2948 de
1342 2919 1516 2948 Hebraeorum
1528 2918 1701 2954 opinionibus
1712 2925 1727 2945 a
1741 2918 1796 2952 pri-
