4090 6386
521 394 545 450 I
558 395 661 453 £79

1504 399 1690 456 ACTA
1728 399 2258 457 DISPUTATIONIS
2297 400 2357 457 S.
2397 400 2743 457 ARCIIELAI

3645 398 3783 462 iisti

519 516 765 573 dracone
797 518 1004 585 afflicti,
1038 519 1182 591 ignis
1218 521 1404 576 κιετηί
1437 534 1654 592 paruam
1687 524 1965 594 suscipere
1994 539 2109 578 me-
2138 529 2180 583 A
2209 538 2400 580 omnes
2426 532 2691 580 creaturae
2728 523 2970 580 visibiles
3004 526 3113 580 sint
3150 540 3373 582 necesse
3394 533 3514 591 est,
3544 524 3780 593 coelum,

518 619 771 667 ruerunt.
800 610 894 667 Ille
920 612 1084 683 igitur
1107 613 1161 667 in
1186 620 1388 667 terram
1406 613 1664 672 decidens
1688 630 1789 669 nec
1815 615 1952 670 ultra
1975 614 2097 671 οωΙί

519 704 838 774 regionibus
871 704 1166 769 admissus,
1199 706 1342 760 inter
1376 706 1628 762 homines
1674 708 1968 773 volutatur,
2000 706 2098 762 de-

518 794 729 865 cipiens
780 808 918 861 eos,
958 804 1123 862 atque
1173 795 1513 863 persuadens
1569 795 1673 851 sibi
1729 796 1936 851 similes
1962 795 2098 850 etlici

520 895 979 955 transgressores,
1016 894 1072 939 et
1100 902 1275 956 usque
1315 888 1369 942 in
1401 887 1724 942 hodiernum
1755 888 2100 943 adversarius

519 988 603 1032 est
654 978 927 1033 mandatis
980 979 1092 1034 Dei.
1133 979 1241 1033 Sed
1278 994 1384 1034 non
1437 981 1869 1049 omneslapsum
1928 980 2101 1035 ruinae

518 1069 643 1139 ejus
663 1077 984 1138 sequentur,
1010 1084 1109 1139 pro
1133 1085 1199 1124 eo
1227 1070 1373 1140 quod
1398 1071 1691 1142 unicuique
1719 1072 1940 1127 libertas
1957 1071 2102 1127 arbi-

519 1161 607 1215 trii
634 1170 719 1215 est
744 1179 759 1215 :
794 1176 861 1215 ex
894 1161 999 1215 hoc
1022 1162 1167 1215 enim
1211 1172 1263 1217 et
1292 1163 1596 1233 appellatus
1622 1173 1707 1218 est
1738 1163 2007 1231 diabolus,
2033 1179 2099 1220 eo

515 1252 662 1323 quod
712 1253 1002 1308 transitum
1042 1252 1234 1308 fecerit
1261 1254 1328 1309 de
1377 1255 1694 1309 caelestibus
1726 1297 1738 1321 ,
1772 1266 1824 1311 et
1845 1258 1988 1327 quod
2044 1258 2098 1310 in

502 1346 675 1401 lteri-is
706 1346 961 1399 mandato
1007 1344 1099 1399 Dei
1126 1346 1457 1401 obtrectator
1489 1347 1794 1402 exsisteret.
1829 1346 1965 1414 Quia
1997 1364 2099 1401 au-

515 1445 626 1492 tem
661 1437 803 1493 Deus
831 1439 903 1493 sit
927 1439 1018 1510 qui
1052 1439 1203 1509 prius
1230 1441 1543 1495 mandatum
1570 1441 1738 1507 dedit,
1772 1457 1890 1511 ipse
1914 1441 2099 1495 Domi-

516 1545 621 1585 nus
642 1527 803 1586 Jesus
834 1531 910 1585 ait
932 1532 999 1587 ad
1038 1533 1351 1588 diabolum:
1384 1552 1402 1584 ι
1438 1531 1585 1588 Vade
1632 1542 1756 1604 post
1789 1550 1894 1598 me,
1943 1532 2100 1588 Sata-

514 1637 585 1677 na
615 1623 703 1690 7";
746 1642 765 1676 ι
804 1633 860 1678 et
891 1624 1009 1679 sine
1038 1623 1207 1679 dubio
1241 1625 1322 1681 ire
1352 1636 1472 1696 post
1501 1629 1692 1692 licunt,
1729 1627 1868 1680 servi
1898 1635 2011 1692 est;
2048 1632 2103 1679 et

514 1711 714 1767 iterum
740 1715 884 1783 quod
939 1715 1016 1769 ait
1043 1715 1111 1770 ad
1144 1731 1309 1770 eum:
1349 1735 1367 1767 ι
1405 1715 1694 1771 Dominum
1729 1715 1897 1771 Deum
1945 1728 2096 1771 tuum

513 1804 766 1859 adorabis
794 1815 848 1861 et
879 1806 979 1877 ipsi
1009 1807 1112 1862 soli
1152 1807 1357 1863 servies
1382 1808 1451 1863 ⁷⁵.
1487 1828 1507 1860 i
1537 1807 1806 1874 Quendam
1839 1824 1968 1879 ergo
1999 1809 2097 1862 ob-

2203 623 2349 668 terra
2373 653 2388 679 ,
2440 628 2592 669 mare
2618 655 2632 680 ,
2666 614 2953 678 homines,
2981 616 3187 683 angeli,
3235 615 3545 687 archangeli
3573 632 3588 669 :
3636 614 3781 670 Deus

2200 720 2353 772 vero,
2385 721 2509 761 cum
2555 722 2584 760 a
2618 707 2768 761 nullo
2817 723 3055 777 unquam
3106 708 3258 763 visus
3304 710 3411 774 sit,
3445 708 3577 779 quid
3604 708 3653 763 ei
3690 722 3783 776 po-

2201 805 2308 852 test
2356 812 2423 853 ex
2471 799 2594 854 istis
2627 800 2894 855 creaturis
2940 813 3062 855 esse
3104 801 3473 857 liomousion?
3522 800 3679 858 Unde
3723 811 3782 856 et

2201 887 2415 959 singula
2443 905 2671 960 quaeque
2702 893 3007 949 secundum
3040 894 3286 949 ordinem
3315 911 3473 952 suum
3500 902 3776 969 propriam

2200 979 2437 1036 dicimus
2475 981 2677 1038 habere
2710 984 3095 1044 substantiam.
3121 987 3202 1044 Tu
3227 1006 3357 1046 vero
3385 1008 3449 1046 ex
3480 1009 3588 1047 uno
3616 1010 3780 1051 omne

2200 1071 2402 1127 animal
2433 1076 2577 1143 quod
2619 1086 2886 1143 movetur,
2924 1077 3128 1133 factum
3158 1081 3316 1148 dicis,
3342 1095 3396 1137 et
3417 1085 3778 1142 substantiam

2201 1176 2231 1215 a
2257 1159 2367 1218 Deo
2388 1164 2663 1234 accepisse
2688 1167 2825 1222 dicis
2846 1169 3101 1237 similem,
3126 1181 3177 1226 et
3203 1188 3362 1242 posse
3384 1190 3501 1229 eam
3526 1193 3778 1247 peciare,

2202 1263 2367 1323 atque
2392 1256 2459 1310 ad
2489 1255 2755 1325 judicium
2782 1259 3002 1325 venire;
3038 1269 3091 1314 et
3126 1277 3249 1317 eum
3282 1281 3390 1318 non
3423 1266 3504 1321 vis
3536 1269 3780 1337 recipe'e

2201 1358 2508 1398 sermonem
2535 1346 2825 1412 dicentem,
2855 1347 3128 1403 diabolum
3153 1353 3401 1421 angelum
3429 1354 3616 1421 fuisse,
3641 1368 3695 1411 et
3718 1358 3777 1413 in

2200 1436 2645 1504 praevaricatione
2677 1439 2977 1509 decidisse,
3002 1453 3056 1497 et
3091 1459 3196 1498 non
3226 1460 3347 1500 esse
3373 1446 3615 1516 ejusdem
3645 1463 3774 1504 cum

2202 1523 2314 1580 Deo
2329 1528 2665 1583 substantiae.
2686 1531 3000 1589 lutei-iniere
3024 1534 3387 1606 delesjuilicii
3411 1540 3619 1594 ratione
3638 1542 3774 1611 (64),

2200 1627 2263 1671 ut
2292 1620 2414 1689 quis
2444 1631 2689 1676 nostrum
2719 1622 2870 1679 fallat
2905 1637 3179 1696 appareat.
3206 1628 3261 1683 Si
3288 1631 3432 1684 enim
3462 1648 3569 1685 non
3600 1643 3778 1703 potest

2203 1714 2354 1783 quia
2388 1715 2499 1770 Deo
2528 1725 2747 1773 creatus
2790 1728 2875 1775 est
2931 1722 3186 1793 angelus,
3244 1725 3300 1778 in
3339 1730 3774 1798 transgressione

2200 1804 2470 1873 decidere,
2506 1809 2780 1877 quomodo
2815 1821 2994 1880 potest
3026 1828 3151 1882 pars
3174 1810 3267 1869 Dei
3296 1815 3475 1870 anima
3506 1819 3771 1886 peccare?

514 1898 891 1968 temperabant
915 1899 1138 1968 quidam
1170 1900 1453 1955 hominum
1492 1900 1868 1955 voluntatibus
1901 1899 2093 1970 ipsius,
2128 1889 2170 1944 Β
2202 1895 2258 1952 Si
2287 1913 2415 1953 vero
2434 1898 2703 1969 judicium
2750 1916 2874 1958 esse
2900 1903 3038 1959 dicis
3061 1907 3401 1975 peccantium
3437 1909 3766 1978 animarum,

512 1988 805 2044 audierunt
829 2006 859 2044 a
884 1987 1169 2046 Salvatore
1194 2010 1208 2045 :
1242 2009 1262 2044 ι
1295 1990 1403 2047 Vos
1428 2007 1492 2047 ex
1524 2003 1673 2061 patre
1698 1992 1913 2047 diabolo
1936 1992 2093 2057 estis,

508 2089 567 2135 et
594 2081 865 2137 desideria
897 2083 1068 2153 patris
1092 2082 1261 2138 vestri
1291 2083 1470 2139 facere
1496 2084 1660 2138 vultis
1683 2084 1749 2137 ⁷⁸.
1782 2103 1800 2136 ι
1833 2083 2093 2154 Denique,

510 2190 636 2230 cum
676 2174 879 2232 faciant
909 2177 1215 2232 voluntates
1264 2175 1406 2247 ejus,
1438 2177 1707 2232 audiunt:
1750 2195 1769 2228 ι
1807 2175 2097 2231 Generatio

511 2267 846 2337 viperarum,
873 2267 998 2336 quis
1026 2268 1179 2323 vobis
1202 2268 1440 2324 ostendit
1486 2267 1672 2339 fugere
1696 2268 1764 2323 ab
1794 2268 1875 2322 ira
1906 2276 2097 2322 ventu-

510 2360 611 2416 ra?
645 2358 829 2415 Facite
871 2375 1002 2431 ergo
1047 2360 1288 2416 fructum
1320 2360 1545 2431 dignum
1594 2362 1928 2431 paenitentiae
1956 2360 2038 2414 ".'
2067 2378 2087 2413 ι

508 2448 589 2506 Ex
625 2451 729 2507 hoc
770 2468 899 2522 ergo
926 2453 1146 2523 pervide
1178 2462 1385 2525 quanta
1416 2455 1497 2509 vis
1533 2456 1604 2510 sit
1629 2455 1907 2511 hominem
1937 2455 2094 2511 liberi

506 2557 631 2598 esse
656 2544 906 2599 arbitrii:
958 2530 1105 2599 d'ieat
1136 2554 1318 2599 tamen
1363 2545 1525 2599 etiam
1565 2546 1701 2615 ipse,
1738 2546 1785 2599 si
1819 2556 1902 2602 est
1946 2545 2096 2617 judi-

504 2637 653 2693 cium
683 2636 897 2707 pioruin
947 2636 1338 2708 etimpiorum.
1374 2636 1556 2692 Manes
1587 2639 1727 2692 dixit
1764 2654 1783 2693 :
1817 2636 1913 2694 Est
1941 2639 2092 2711 judi-

506 2730 681 2785 cium.
731 2728 1024 2783 Archelaus
1061 2729 1239 2783 dixit:
1296 2727 1436 2785 Puto
1474 2745 1597 2801 quae
1620 2746 1651 2785 a
1682 2730 1840 2787 nobis
1871 2730 1984 2802 (6|)
2027 2731 2094 2788 de

505 2820 728 2877 diabolo
756 2821 902 2877 dicta
933 2832 1085 2885 sunt.
1118 2839 1228 2879 non
1278 2838 1471 2894 parum
1524 2822 1755 2879 rationis
1784 2829 1839 2878 ct
1872 2823 2092 2895 pietatis

506 2914 780 2971 obtinent.
815 2913 989 2971 Habet
1016 2916 1160 2972 enim
1191 2925 1247 2973 et
1280 2933 1623 2989 unaquaeque
1652 2927 1906 2974 creatura
1938 2919 2090 2975 ordi-

504 3022 631 3063 nem
657 3020 860 3062 suum:
915 3017 970 3063 et
1001 3009 1143 3065 alius
1187 3009 1408 3079 quidem
1443 3010 1579 3065 ordo
1599 3018 1683 3066 est
1730 3010 1957 3066 humani
1999 3026 2093 3083 ge-

504 3100 677 3165 neris.
721 3110 776 3155 et
796 3100 938 3157 alius
974 3101 1296 3156 animalium
1329 3111 1452 3168 est,
1505 3112 1668 3173 atque
1697 3101 1838 3157 alius
1863 3102 2089 3173 angelo-

2198 1998 2249 2043 et
2277 1989 2440 2046 unius
2466 2006 2559 2047 eas
2587 2007 2713 2047 cum
2763 1992 2873 2050 Deo
2901 1995 3039 2052 dicis
3064 2012 3186 2053 esse
3215 1998 3557 2068 substantiae,
3601 2009 3657 2056 et
3686 2009 3771 2058 ta-

2197 2095 2321 2135 men
2350 2097 2474 2137 cum
2498 2083 2565 2138 de
2583 2084 2765 2140 divina
2779 2101 2872 2142 eas
2895 2103 3112 2145 asseras
3140 2104 3261 2145 esse
3288 2100 3507 2160 natura,
3525 2093 3660 2149 dieis
3688 2094 3772 2149 ni-

2198 2175 2495 2233 hilominus
2519 2175 2615 2232 Dei
2645 2194 2753 2233 noii
2786 2195 3004 2236 servare
3027 2182 3282 2238 mandata
3315 2182 3426 2255 (65)
3451 2202 3466 2251 ;
3499 2185 3661 2240 etiam
3690 2187 3772 2243 sic

2195 2265 2493 2335 plurimum
2533 2282 2687 2323 meus
2730 2284 2909 2325 sermo
2938 2271 3179 2340 procedit
3206 2270 3336 2343 (66),
3379 2275 3567 2329 dicens
3595 2278 3770 2343 primo

2196 2358 2500 2427 diabolum,
2529 2375 2595 2416 eo
2620 2363 2766 2432 quod
2793 2364 3107 2420 mandatum
3133 2381 3239 2420 non
3270 2369 3586 2436 servaverit,
3616 2371 3767 2425 deci—

2195 2451 2380 2519 disse;
2436 2466 2547 2507 non
2594 2454 2739 2509 enim
2783 2465 2901 2510 erat
2930 2472 2995 2511 ex
3053 2455 3149 2512 Dei
3197 2460 3498 2515 substantia
3528 2480 3541 2515 :
3570 2463 3769 2518 decidit

2195 2558 2303 2599 non
2332 2552 2440 2598 tam
2472 2555 2533 2599 ut
2557 2545 2775 2601 laederet
2801 2547 3099 2602 humanum
3131 2565 3300 2620 genus
3322 2590 3338 2615 ,
3372 2552 3467 2607 sed
3501 2560 3561 2606 ut
3605 2554 3674 2609 ab
3702 2571 3767 2608 eo

2194 2635 2378 2705 potius
2400 2635 2719 2691 illuderetur
2747 2653 2761 2690 :
2791 2638 2939 2693 dedit
2963 2639 3109 2693 enim
3135 2639 3296 2697 nobis
3316 2650 3637 2712 potestatem
3665 2646 3771 2699 cal-

2193 2726 2354 2782 candi
2389 2743 2553 2798 super
2582 2737 2865 2800 serpentes
2890 2738 2944 2787 et
2963 2733 3300 2804 scorpiones,
3336 2741 3390 2790 et
3418 2748 3636 2793 omnem
3666 2738 3773 2792 vir-

2195 2827 2364 2876 tutem
2400 2821 2609 2876 inimici
2641 2822 2708 2877 τ’.

2261 2909 2505 2966 XXXIII.
2535 2909 2752 2968 lodices
2775 2913 3021 2969 dixerunt
3038 2932 3057 2971 :
3089 2916 3429 2974 Sullicienter
3448 2920 3683 2976 ostendit
3701 2921 3771 2976 de

2191 3007 2403 3079 origine
2436 3007 2661 3063 diaboli.
2694 3005 2831 3063 Cum
2864 3008 3008 3063 enini
3044 3018 3273 3080 utraque
3313 3027 3440 3077 pars
3478 3011 3770 3067 conﬁtetur

2192 3094 2439 3153 futurum
2496 3113 2620 3153 esse
2647 3097 2915 3168 judicium
2941 3141 2958 3167 ,
2990 3101 3303 3156 necessario
3349 3101 3505 3158 liberi
3556 3102 3768 3158 arbitrii

506 3208 668 3249 rum:
704 3209 815 3248 una
865 3208 993 3248 vero
1034 3203 1088 3248 et
1128 3194 1241 3249 sola
1290 3193 1723 3249 inconvertibilis
1775 3201 1859 3250 est
1904 3194 2087 3249 divina
2117 3228 2159 3286 ο
2195 3188 2577 3259 unusquisque
2619 3197 2989 3258 monstratur;
3041 3205 3151 3261 quo
3181 3191 3459 3246 evidenter
3505 3202 3764 3258 ostenso,

505 3284 812 3342 substantia
833 3325 847 3349 ,
874 3295 1075 3341 aeterna
1113 3295 1167 3341 et
1212 3285 1533 3352 invisibilis,
1576 3287 1721 3342 sicut
1749 3294 1805 3341 et
1834 3286 2091 3341 omnibus
2124 3280 2159 3286 ⁷
2191 3282 2324 3336 nulli
2356 3280 2583 3335 dubium
2606 3288 2708 3348 est,
2730 3281 2875 3351 quod
2904 3281 3279 3353 unusquisque
3302 3284 3353 3338 in
3382 3296 3769 3357 quamcunque

503 3385 697 3430 nolunt
739 3384 860 3444 est,
908 3374 1211 3431 secundum
1259 3376 1394 3431 illud
1443 3375 1589 3447 quod
1646 3375 1911 3445 scriptum
1965 3383 2089 3430 est:

510 3486 530 3520 ι
557 3467 844 3522 Dominum
872 3466 983 3538 (62)
1007 3483 1169 3522 nemo
1193 3467 1327 3522 vidit
1354 3483 1618 3538 unquam,
1643 3468 1750 3521 nisi
1780 3465 2094 3537 unigenitus

501 3552 679 3614 Filius
717 3558 812 3628 qui
839 3567 925 3613 est
952 3557 1007 3611 in
1040 3557 1163 3613 sinu
1186 3556 1366 3614 Patris
1388 3557 1452 3611 ⁷⁸.
1486 3576 1505 3611 ι
1536 3556 1781 3629 Reliquae
1818 3572 1949 3630 ergo
1977 3556 2092 3628 (65)

573 3711 622 3745 "
649 3710 841 3768 Matth.
866 3727 939 3781 tv,
977 3713 1065 3768 ID.
1155 3713 1202 3746 ⁷⁸
1235 3712 1371 3769 Ibid.

501 3877 709 3953 mitive
738 3876 994 3933 Ecclesize
1019 3875 1273 3953 Patribus
1304 3878 1573 3953 interdum
1608 3883 1968 3953 propugnatis
1989 3882 2078 3937 di-

501 3951 689 4024 ximus
710 3987 725 4012 ,
776 3960 959 4024 aperte
985 3949 1363 4024 conﬁrmatur.
1410 3949 1565 4024 Quod
1598 3949 1742 4024 enim
1774 3949 1842 4024 de
1871 3954 2080 4024 angelis

502 4035 629 4075 cum
664 4018 883 4092 feminis
906 4021 1398 4092 coiiciiitibentibus
1432 4021 1594 4076 tradit
1621 4018 2079 4092 Archelausfjam

501 4104 680 4168 usque
709 4105 740 4144 a
774 4088 1019 4168 Philonis
1047 4089 1256 4146 Hebraei
1286 4100 1340 4145 et
1369 4090 1590 4168 Iosephi
1622 4088 2079 4168 temporilﬂis'lu-

501 4162 744 4232 datorum
768 4162 956 4232 opinio
983 4171 1084 4225 est,
1120 4177 1284 4229 quani
1333 4162 1497 4215 etiam
1528 4176 1835 4232 sequuntur
1865 4162 2081 4219 Tertul-

503 4231 687 4285 Iianus
709 4270 726 4296 ,
760 4230 1009 4301 Justinus
1039 4273 1053 4297 ,
1085 4232 1338 4287 Clemens
1364 4230 1767 4289 Alexandrinus
1795 4274 1812 4301 ,
1840 4234 2083 4289 Athena-

504 4316 686 4371 goras,
717 4300 1052 4372 _Mntbodius,
1083 4303 1423 4372 Qyprianus,
1460 4302 1781 4359 Lactantius
1806 4343 1821 4369 ,
1875 4315 1937 4359 ut
1974 4306 2082 4361 late

503 4370 697 4443 prohat
716 4370 989 4426 Panielius
1016 4373 1068 4425 in
1091 4370 1411 4443 Tertulliani
1440 4374 1718 4443 paradoxa
1748 4390 1766 4427 ι
1795 4382 1850 4428 et
1876 4373 2083 4430 Feuar-

503 4441 797 4514 deiitiusiii
828 4443 969 4496 notis
994 4446 1060 4496 ad
1095 4442 1354 4514 Irenaeum
1391 4441 1638 4514 ejusdem
1689 4446 1964 4514 opinionis
1993 4461 2083 4500 as-

506 4510 707 4592 seclam
738 4511 832 4564 lib.
864 4528 937 4592 μ’,
967 4529 1087 4592 cap.
1115 4513 1201 4566 70.
1235 4510 1437 4592 l_l_ori_ini
1477 4523 1657 4569 tamen
1693 4510 1916 4592 Patrum
1950 4532 2085 4592 non-

505 4581 839 4655 nullibOnos
864 4581 903 4635 'a
926 4581 1086 4655 malis
1108 4584 1321 4655 angelis
1334 4585 1609 4655 deceptos,
1634 4585 1879 4638 nonnulli
1906 4586 2081 4641 malos
2114 4592 2159 4648 Β

507 4652 732 4720 angelos
776 4666 899 4705 cuni
946 4652 1224 4707 hominum
1271 4652 1488 4709 llliabus
1534 4654 1855 4710 commistos
1907 4655 2082 4712 fuisse

504 4721 821 4795 credidere;
856 4722 1265 4795 sed_uti_':.imqoe
1294 4725 1607 4795 opinionem
1656 4726 1935 4779 communi
1969 4727 2083 4780 cal-

503 4791 632 4861 culo
653 4791 905 4860 rejiciunt
927 4792 1017 4846 alii
1034 4791 1243 4861 Patres,
1266 4791 1673 4851 et’receiitiores
1694 4809 1888 4850 omnes
1909 4811 2082 4851 saera:

507 4858 807 4931 Scriptura
850 4863 1180 4934 interpretes
1207 4858 1481 4934 ,quorum
1520 4866 1827 4934 catalogum
1878 4876 2078 4933 texere,

501 4945 630 4989 cum
648 4946 752 5004 res
774 4932 1148 5004 viilgaiissinia
1172 4932 1773 5004 sit,’prietermittimtis.

575 5003 689 5072 (6i)
713 5002 771 5056 In
802 5003 1088 5057 Casineiisi
1115 5002 1308 5074 legitur
1336 5008 1611 5061 contrario
1637 5020 1803 5060 sensu
1826 5045 1841 5071 ,
1871 5022 1891 5056 ι
1923 5020 1954 5060 a
1987 5022 2082 5062 vo-

502 5071 623 5144 bis,
646 5071 675 5144 ι
701 5075 845 5144 quod
882 5083 1061 5127 tamen
1092 5075 1145 5127 in
1170 5071 1319 5129 hunc
1353 5076 1532 5130 locum
1560 5091 1666 5130 non
1696 5077 1948 5144 quadrat.

576 5091 611 5138 ι,
649 5091 668 5124 i
701 5092 715 5126 ι
741 5091 845 5126 uou
882 5091 1061 5127 tamen
1092 5091 1145 5127 in
1174 5091 1319 5129 nunc
1353 5091 1532 5130 iocum
1560 5091 1666 5130 non
1696 5091 1948 5144 quadrat.

576 5142 689 5209 (62)
720 5091 881 5199 Itone
923 5145 1103 5199 locum
1159 5145 1352 5201 iisdem
1382 5146 1566 5199 verbis
1609 5146 1799 5199 laudat
1839 5145 2079 5201 [renatus

499 5218 634 5272 Adii.
657 5218 869 5279 horrea,
895 5214 994 5273 lib.
1015 5229 1097 5285 tit,
1115 5229 1166 5271 c.
1194 5215 1282 5284 11,
1305 5216 1430 5271 licet
1456 5216 1584 5270 alibi
1608 5214 1851 5287 Vulgata:
1876 5220 2081 5272 versio-

506 5300 628 5338 IIeIII
666 5296 947 5353 sequatur.

578 5353 691 5423 (65)
723 5356 1024 5411 Archelaus
1055 5353 1141 5409 bic
1170 5361 1409 5410 veterum
1463 5353 1824 5424 quorumdam
1855 5354 2078 5410 Patrum

506 5435 831 5479 sententiam
861 5428 1206 5495 amplectitur
1228 5466 1243 5490 ,
1275 5428 1370 5494 qui
1399 5428 1574 5480 solum
1608 5426 1778 5480 Deum
1829 5428 2080 5495 incorpo-

504 5507 685 5556 reum,
721 5497 930 5567 reliqua
955 5512 1081 5549 vero
1110 5509 1289 5549 creata
1312 5499 1496 5551 omnia
1536 5510 1797 5566 corporea
1828 5512 1950 5567 esse
1982 5513 2078 5567 pu-

506 5571 688 5636 tarunt
726 5606 740 5629 ,
772 5566 921 5634 quod
957 5581 1146 5635 nempe
1175 5569 1294 5621 loco
1331 5567 1765 5636 circumscripta,
1794 5567 1848 5619 in
1876 5566 2074 5636 seipsis

507 5633 893 5707 subsisterent;
922 5636 1047 5689 licet
1085 5633 1270 5689 nostri
1304 5647 1547 5706 respectu
1577 5676 1592 5699 ,
1641 5633 1739 5707 Qui
1790 5633 1976 5691 crassa
1998 5660 2001 5663 π
2024 5648 2080 5692 et

505 5703 933 5777 d_ciisa__corpora
968 5707 1249 5777 habemus,
1281 5703 1629 5777 incorporeus
1662 5703 1770 5762 diei
1802 5716 2075 5776 putarent.

508 5771 645 5847 Vide
667 5770 981 5847 Dionysium
1015 5770 1291 5847 I’etaviu'i.)
1317 5770 1464 5831 tumo
1487 5782 1646 5832 tertio
1669 5770 2078 5847 theofogicorum

504 5844 833 5916 dogmatum,
869 5846 963 5898 lib.
1004 5861 1043 5911 i,
1078 5860 1196 5916 cap.
1228 5845 1283 5913 9.,
1345 5855 1398 5902 et
1442 5850 1817 5921 sequentibus,
1843 5844 1961 5903 ‘ubi
1992 5849 2074 5902 la-

1462 3714 1510 3747 "
1533 3714 1820 3781 .loati.vut,
1848 3714 1938 3769 44.
2013 3715 2059 3747 ⁷⁷
2083 3713 2276 3768 Matth.
2304 3726 2387 3772 tit.
2429 3710 2482 3764 7.

2190 3375 2412 3447 elegerit
2444 3386 2654 3446 partem
2682 3417 2697 3444 ,
2735 3376 2957 3446 propria
2992 3392 3128 3435 usus
3169 3377 3335 3432 luerit
3368 3379 3580 3435 arbitrii
3614 3390 3770 3451 pote-

2193 3475 2333 3521 state
2362 3465 2493 3537 (67).
2527 3465 2711 3520 Manes
2740 3467 2881 3520 dixit
2902 3483 2921 3521 :
2950 3466 3001 3522 Si
3031 3482 3062 3522 a
3090 3467 3203 3523 Deo
3227 3469 3428 3535 bonus,
3456 3480 3515 3525 ut
3544 3472 3765 3538 asseris,

2196 3557 2515 3627 mendacem
2544 3572 2666 3612 esse
2698 3556 2885 3613 dixisti
2903 3555 3089 3612 Jesum
3115 3557 3248 3633 (68).
3281 3561 3569 3615 Archelaus
3591 3562 3767 3617 dixit:

2591 3710 2637 3742 ⁷⁸
2664 3709 2823 3765 Joan.
2850 3725 2892 3777 i,
2927 3706 3017 3764 I8.
3121 3710 3170 3743 ν’
3201 3709 3331 3766 Luc.
3362 3728 3418 3777 ι,
3453 3712 3548 3800 I9.

2185 3881 2402 3936 tissime
2441 3878 2689 3935 omnium
2741 3878 2966 3932 Patrum
3010 3892 3076 3933 ea
3126 3878 3195 3933 de
3240 3893 3299 3933 re
3341 3880 3642 3937 sententias
3666 3897 3766 3938 ex-

2224 3951 2392 4005 endit.

2186 3966 2609 4091 ortes
2640 4018 2933 4091 rationem,
2972 4035 2990 4067 ι
3030 4026 3092 4071 ut
3116 4033 3311 4075 sensus
3337 4019 3408 4073 sit
3430 4036 3536 4075 non
3569 4022 3766 4080 debere

2187 4088 2454 4161 Ma'iietem
2483 4088 2750 4161 judicium
2782 4089 3104 4161 admittere,
3125 4103 3248 4141 cum
3276 4090 3397 4157 ejus
3417 4092 3669 4161 dogmata
3699 4095 3766 4150 de

2188 4160 2412 4215 homine
2451 4158 2503 4213 et
2532 4158 2740 4229 angelis
2783 4159 2993 4228 judicio
3020 4159 3413 4229 iadverst-ntur.
3477 4158 3533 4215 lii
3577 4163 3767 4220 Gnaeo

2187 4232 2333 4286 enim
2365 4238 2517 4285 textu
2573 4228 2742 4299 hujus
2770 4228 3185 4298 disputationis,
3218 4233 3482 4300 ἀναιρεῖν,
3533 4231 3767 4292 fortasse

2188 4306 2453 4370 scriptum
2477 4307 2626 4363 erat;
2650 4300 2795 4368 quod
2818 4315 2943 4354 cum
2968 4301 3215 4370 occidere
3239 4311 3440 4369 pariter
3464 4317 3528 4356 ac
3548 4305 3766 4362 auferre

2187 4380 2244 4425 et
2274 4368 2341 4426 de
2372 4371 2552 4425 medio
2585 4370 2771 4424 tollere
2822 4368 3109 4440 signiﬁcet.
3142 4368 3376 4438 prierem
3416 4388 3637 4429 sensum
3674 4392 3764 4431 se-

2187 4450 2350 4515 cutus
2378 4449 2463 4515 est
2496 4456 2603 4495 non
2636 4443 2771 4495 satis
2793 4448 3104 4504 accuratus,
3137 4456 3238 4495 nee
3255 4444 3401 4497 satis
3430 4444 3650 4515 elegans
3672 4462 3767 4502 an-

2189 4512 2374 4581 tiquus
2402 4512 2690 4581 interpres.

2259 4579 2372 4653 (υὸ)
2407 4580 2589 4653 Series
2620 4588 2678 4634 et
2703 4579 3398 4653 consequentiansermonis
3421 4584 3651 4640 omnino
3678 4587 3763 4642 vi-

2187 4648 2651 4721 detur'pnstulare
2676 4660 2738 4704 ut
2768 4648 3000 4719 legatur,
3034 4669 3053 4701 ι
3082 4648 3177 4703 Dei
3207 4667 3314 4706 non
3345 4668 3565 4709 servare
3608 4670 3766 4712 maii-

2185 4724 2339 4797 data,
2372 4744 2392 4773 ο
2429 4722 2555 4797 licet
2585 4721 2640 4797 in
2661 4721 2952 4797 Casiuensi
2982 4721 3170 4797 codice
3196 4724 3339 4777 desit
3367 4727 3612 4797 negativa
3640 4743 3765 4797 par-

2185 4794 2383 4858 ticula;
2422 4795 2523 4847 nisi
2545 4790 2673 4861 quis
2705 4792 2885 4861 potius
2931 4791 3214 4861 legendum
3246 4802 3416 4860 putet,
3442 4790 3472 4844 ἶ
3524 4793 3619 4850 Dei
3640 4790 3764 4852 'ser-

2186 4877 2334 4926 vare,
2363 4864 2446 4916 vel
2474 4878 2580 4916 non
2613 4876 2831 4918 servare
2857 4864 3114 4925 mandata
3135 4900 3150 4926 ,
3188 4878 3208 4912 ι
3243 4877 3343 4932 pro
3369 4864 3582 4919 arbitrii
3610 4870 3761 4922 scili-

2183 4942 2269 4988 cet
2303 4934 2571 4988 libertate.

2256 5006 2370 5074 (66)
2398 5002 2456 5074 In
2491 5001 2801 5074 Casiuensi,
2828 5001 3152 5074 «praecedit.
3186 5019 3206 5052 ι

2256 5070 2369 5145 (67)
2420 5072 2479 5126 In
2515 5073 2725 5145 eodem
2749 5073 2939 5126 codice
2980 5071 3219 5145 legitur:
3279 5090 3298 5123 ι
3336 5070 3458 5138 Quo
3509 5075 3764 5130 videntur

2183 5142 2406 5200 ostenso
2435 5143 2569 5197 nulli
2603 5143 2826 5197 dubium
2854 5149 2941 5196 est
2966 5142 3343 5214 unusquisque
3374 5161 3427 5197 ιιι
3456 5161 3761 5214 quamcon—

2184 5231 2292 5285 que
2312 5214 2537 5284 elegerit
2564 5221 2771 5283 partem
2797 5212 3014 5282 pr0pria
3039 5215 3404 5285 ususarhitrii
3432 5212 3752 5285 potestate.»

2182 5282 2294 5340 Nos
2321 5298 2389 5338 an
2408 5282 2569 5339 recte
2592 5284 2771 5338 locum
2805 5285 2955 5336 hunc
2997 5282 3471 5341 emendaverimus
3491 5324 3508 5350 ,
3540 5288 3762 5342 videant

2218 5367 2405 5408 I‘udtll.
2684 5380 2693 5393 ³

2183 5356 2571 5496 ῗνῗὲἑῗίὶοάθι
2609 5380 2927 5496 (Sasiaensis
2958 5421 3047 5475 hic
3076 5421 3149 5477 ita
3183 5439 3243 5479 se
3280 5424 3441 5479 habet
3471 5443 3483 5479 :
3529 5443 3551 5496 ι
3589 5426 3679 5482 Sic
3727 5443 3756 5482 a

2185 5494 2296 5549 Deo
2338 5504 2517 5550 bonus
2562 5503 2623 5549 ut
2662 5510 2725 5548 as
2770 5494 3088 5547 mendacem
3117 5508 3241 5551 esse
3285 5496 3467 5550 dixisti
3511 5495 3690 5552 lusus.
3733 5516 3755 5551 ι

2164 5568 2523 5620 Λιιιιιειιειιιιι·
2554 5574 2738 5619 autem
2780 5562 2965 5617 Manes
2990 5606 3006 5629 ,
3064 5574 3124 5618 ut
3169 5580 3330 5620 suum
3362 5567 3433 5620 de
3473 5568 3618 5621 malo
3646 5568 3763 5625 Deo

2182 5639 2378 5706 dogma
2399 5644 2683 5698 statueret,
2702 5634 2931 5706 Joannis
2953 5633 3235 5705 Evangelii
3260 5636 3383 5689 loco
3402 5636 3459 5706 in
3484 5651 3604 5706 cap.
3638 5652 3757 5706 viii,

2181 5707 2216 5762 5
2244 5703 2299 5761 et
2319 5706 2407 5769 44,
2437 5708 2490 5759 in
2521 5719 2631 5775 quo
2658 5706 2737 5760 sic
2761 5703 3068 5760 Pharins
3090 5703 3367 5776 redarguit
3390 5703 3588 5761 Iesus:
3617 5703 3759 5765 «Vos

2181 5791 2250 5847 ex
2275 5791 2427 5846 patre
2450 5776 2668 5831 diabolo
2694 5776 2917 5840 estis,et
2931 5776 3201 5831 desideria
3218 5777 3389 5847 patris
3414 5778 3579 5833 vestri
3594 5777 3763 5833 vultis

2181 5845 2397 5913 facere;
2430 5847 2519 5903 ille
2565 5847 2837 5901 homicida
2877 5854 2995 5900 erat
3041 5847 3115 5900 ab
3150 5845 3330 5917 initio,
3367 5856 3423 5901 et
3452 5848 3506 5901 iu
3540 5848 3703 5903 verita
