4090 6382
379 420 512 476 H81

1464 419 1609 475 CUM
1646 418 1927 475 MANETE
1966 417 2505 475 HERESIABCHA.

3480 425 3616 480 H83

373 538 648 594 Conﬁtere
695 539 874 610 primo
899 580 913 605 ,
951 537 1079 609 quia
1109 551 1235 592 vera
1285 536 1358 592 sit
1405 536 1544 593 ratio
1578 553 1767 592 eorum
1822 551 1945 608 quas
1973 544 2016 599 Α
2046 538 2141 607 qui
2175 553 2299 592 eum
2333 538 2388 591 in
2419 545 2572 590 utero
2598 536 2848 605 concepit
2874 544 2925 590 et
2950 538 3134 607 genuit
3164 547 3325 607 atque
3355 537 3410 592 in
3435 538 3613 593 lucem

375 646 524 686 nunc
549 631 897 696 adduximus,
925 637 979 684 et
1007 639 1137 685 tunc
1152 628 1429 684 ostendam
1453 629 1548 683 tibi
1577 637 1784 699 patrem
1806 629 1944 700 ejus.

378 721 564 778 Manes
591 722 769 776 dixit:
811 722 868 776 Si
900 721 1033 775 mihi
1068 720 1371 775 ostenderis
1402 728 1610 790 patrem
1640 721 1758 790 ejus
1792 735 1948 775 men—

374 814 587 879 dacem,
621 821 675 868 et
707 812 816 868 Deo
842 812 1038 868 horum
1074 812 1209 866 nihil
1231 811 1570 882 ascripseris,
1604 821 1733 867 tunc
1762 812 1855 865 tibi
1884 812 1950 866 de

375 904 633 959 omnibus
683 904 1185 958 accommodabitur
1229 903 1380 959 ﬁdes.
1434 904 1722 958 Archelaus
1764 904 1901 958 dixit
1931 921 1949 958 :

374 994 537 1049 Omni
559 997 770 1051 ratione
796 997 863 1051 de
900 995 1116 1050 diabolo
1133 995 1419 1065 diligenter
1449 997 1719 1065 exposita,
1751 1006 1805 1050 et
1838 996 1951 1052 dis-

376 1087 695 1157 pensatione
726 1088 932 1158 prolata
960 1126 977 1152 ,
1014 1086 1158 1141 sicut
1198 1087 1481 1141 hominum
1525 1089 1668 1157 viget
1720 1103 1947 1154 sensus,

374 1176 537 1231 etiam
583 1179 726 1246 apud
751 1179 990 1247 seipsum
1015 1185 1193 1248 potest
1212 1178 1494 1248 diligenter
1516 1179 1810 1245 advertere,
1826 1179 1950 1249 quis

377 1267 482 1323 iste
508 1269 599 1334 sit,
634 1270 727 1340 qui
750 1270 950 1325 diaboli
973 1270 1271 1340 appellatus
1297 1279 1379 1325 est
1400 1279 1572 1341 pater.
1601 1269 1706 1324 Sed
1739 1285 1863 1325 cum
1898 1279 1949 1324 te

374 1365 434 1413 tu
459 1356 796 1415 Paracletum
820 1375 941 1415 esse
963 1360 1113 1414 dicas
1132 1400 1147 1425 ,
1173 1360 1466 1430 plurimum
1521 1360 1616 1415 tibi
1664 1360 1827 1414 etiam
1880 1358 1949 1413 ab

373 1449 615 1506 humana
635 1452 785 1507 deest
806 1452 1111 1521 prudentia.
1166 1449 1435 1518 Quoniam
1487 1468 1615 1524 ergo
1662 1452 1949 1524 prodidisti

374 1541 737 1613 ignorantiam
773 1551 945 1607 tuam,
978 1543 1155 1598 dicam
1197 1557 1297 1615 ego
1329 1543 1460 1615 quid
1489 1544 1577 1599 ille
1604 1545 1675 1601 sit
1704 1545 1815 1615 (69)
1850 1563 1944 1617 pa-

372 1640 457 1686 ter
474 1633 695 1687 diaboli.
723 1632 904 1688 Manes
925 1634 1062 1688 dixit
1084 1651 1103 1689 :
1127 1677 1139 1691 .
1167 1674 1183 1688 .
1203 1675 1218 1690 .
1244 1675 1258 1688 .
1290 1636 1445 1700 dico;
1469 1643 1523 1691 et
1552 1637 1749 1707 adjecit
1771 1658 1784 1693 :
1810 1639 1941 1693 Om-

373 1721 460 1776 nis
493 1723 587 1791 qui
620 1723 867 1779 conditor
897 1733 1000 1787 est,
1030 1726 1113 1779 vel
1153 1734 1371 1781 creator
1395 1726 1699 1797 aliquorum
1726 1768 1741 1792 ,
1794 1738 1947 1797 pater

370 1826 560 1866 eorum
593 1850 607 1864 .
635 1852 648 1864 .
672 1853 686 1866 .
711 1853 725 1867 .
749 1852 763 1867 .
797 1815 1097 1870 condiderit
1130 1816 1431 1885 appellatur
1474 1816 1606 1888 (76).
1655 1818 1942 1874 Archelaus

2053 629 2222 684 edidit
2248 643 2503 698 serpens;
2540 627 2809 684 secundus
2838 642 2965 683 vero
2990 628 3146 694 Cain,
3172 629 3267 700 qui
3293 644 3388 698 per
3416 628 3619 698 iniqui-

2050 732 2189 776 tates
2226 730 2514 791 conceptas
2538 761 2553 785 ,
2601 721 2818 775 dolores
2850 730 2904 774 ct
2965 721 3317 791 parricidium
3373 721 3612 791 peperit;

2051 812 2352 869 interfectio
2384 815 2583 868 etenim
2638 814 2977 883 iniquitatem
3008 854 3024 880 ,
3079 812 3399 883 injustitiam
3454 824 3617 883 atque

2050 906 2382 977 impietatem
2433 906 2636 984 pariter
2689 904 3035 975 perpetravit.
3071 903 3175 959 Sed
3223 914 3276 961 et
3306 906 3617 975 quicunque

2049 1013 2175 1053 eum
2205 996 2550 1066 suscipiunt,
2597 1006 2650 1051 et
2683 996 2891 1050 faciunt
2926 998 3047 1064 ejus
3082 996 3370 1062 desideria,
3420 995 3616 1052 fratres

2050 1088 2170 1159 ejus
2201 1088 2525 1144 efﬁciuntur.
2562 1086 2722 1142 Pater
2766 1087 2885 1157 ejus
2914 1085 3185 1157 perfectus
3236 1097 3319 1143 est
3362 1086 3615 1154 Pharao;

2049 1188 2202 1249 pater
2231 1179 2350 1249 ejus
2375 1178 2680 1234 eﬁiciuntur
2712 1178 3084 1248 unusquisque
3108 1179 3430 1248 impiorum;
3465 1189 3617 1249 pater

2047 1270 2167 1342 ejus
2195 1269 2417 1326 effectus
2440 1280 2523 1326 est
2555 1268 2744 1337 Judas,
2779 1272 2909 1339 quia
2943 1271 3190 1341 concepit
3219 1272 3437 1341 quidem
3464 1287 3611 1340 eum,

2048 1360 2142 1416 sed
2175 1361 2396 1416 abortus
2418 1370 2496 1416 est
2519 1377 2534 1427 ;
2559 1377 2664 1415 non
2690 1362 2832 1416 enim
2864 1361 3160 1432 perfectum
3188 1363 3356 1417 edidit
3378 1372 3614 1432 partum,

2046 1454 2175 1524 quia
2203 1454 2463 1524 majorem
2491 1470 2775 1524 personam
2814 1470 3104 1526 aggressus
3135 1464 3219 1510 est
3245 1471 3337 1525 per
3384 1454 3574 1510 ludam
3596 1495 3612 1521 ,

2044 1552 2100 1598 et
2131 1544 2252 1599 ideo
2282 1546 2536 1599 abortum
2569 1545 2770 1601 factum
2799 1562 2921 1602 esse
2946 1547 3101 1613 dico;
3130 1547 3255 1616 quia
3278 1556 3537 1617 tanquam
3565 1548 3613 1603 si

2046 1641 2245 1697 mulier
2287 1656 2472 1697 semen
2508 1643 2610 1696 viri
2643 1642 2930 1712 concipiat,
2966 1651 3133 1711 atque
3174 1643 3229 1697 in
3277 1657 3397 1698 sese
3425 1643 3609 1713 quoti-

2045 1731 2238 1785 dianos
2265 1730 2497 1800 accipiat
2526 1730 2820 1799 profectus,
2850 1732 2921 1785 ita
2948 1740 3000 1784 et
3026 1730 3193 1787 Judas
3220 1732 3461 1802 quotidie
3488 1748 3616 1802 pro-

2046 1822 2262 1878 ﬁciebat
2291 1823 2347 1877 in
2379 1823 2534 1893 pejus
2567 1823 2706 1894 (75),
2740 1824 3121 1879 occasionibus
3154 1825 3257 1879 sibi
3284 1839 3317 1879 a
3350 1824 3612 1895 maligno,

370 1904 547 1957 dixit:
578 1902 743 1959 Miror
771 1908 1044 1975 quomodo
1074 1908 1264 1962 saltem
1300 1908 1405 1964 hoc
1435 1918 1579 1965 recta
1607 1911 1821 1967 ratione
1856 1928 1940 1967 re-
1972 1913 2012 1968 Β
2040 1914 2199 1983 quasi
2231 1914 2553 1978 seminibus,
2585 1914 2747 1969 datis.
2775 1912 2843 1968 Et
2870 1914 3106 1984 primum
3140 1914 3360 1984 quidem
3411 1915 3513 1971 fuit
3559 1917 3613 1971 ei

370 1996 682 2065 sponderis,
711 2012 811 2053 nec
842 1999 1104 2055 celaveris
1137 2004 1406 2056 sermonis
1432 2002 1595 2072 hujus
1635 2003 1940 2077 intelligen-

370 2086 500 2139 tiam
532 2088 615 2141 vel
647 2095 917 2143 naturam.
948 2090 1087 2143 Audi
1124 2091 1235 2159 jam
1266 2106 1332 2145 ex
1379 2092 1482 2147 hoc
1535 2096 1659 2163 quis
1693 2095 1765 2150 sit
1792 2108 1943 2165 pater

368 2177 508 2246 ejus.
541 2176 678 2232 Cum
707 2194 771 2233 ex
801 2180 1060 2235 caelorum
1092 2197 1258 2251 regno
1283 2184 1589 2248 cecidisset,
1640 2194 1755 2239 erat
1780 2202 1943 2257 super

368 2276 565 2333 terras,
594 2268 879 2324 intendens
901 2278 955 2324 et
980 2270 1261 2341 inquirens
1290 2273 1377 2327 cui
1429 2289 1488 2328 se
1534 2284 1717 2344 posset
1746 2277 1940 2348 adjun-

369 2375 516 2431 gere,
553 2375 716 2430 quem
746 2376 813 2415 ex
839 2363 1115 2418 consortio
1139 2364 1222 2417 sui
1256 2365 1571 2435 participem
1598 2383 1814 2437 quoque
1848 2385 1942 2423 ne-

367 2452 555 2523 quitia:
580 2467 693 2507 sua:
718 2453 920 2508 valeret
946 2453 1175 2509 efﬁcere.
1210 2454 1277 2509 Et
1323 2456 1539 2525 quidem
1574 2457 1748 2515 donec
1777 2459 1941 2515 homo

368 2560 480 2601 non
514 2552 654 2612 erat,
684 2559 861 2615 neque
887 2545 976 2599 ille
1024 2545 1396 2615 appellabatur
1420 2548 1690 2603 homicida
1717 2587 1733 2614 ,
1765 2566 1940 2620 neque

365 2654 494 2693 cum
519 2646 667 2708 patre
689 2637 949 2704 mendax;
976 2647 1099 2708 post
1128 2638 1242 2693 haec
1263 2653 1413 2705 vero,
1442 2653 1565 2693 cum
1598 2638 1772 2717 factus
1795 2652 1938 2699 esset

367 2731 554 2797 homo,
585 2744 649 2786 ac
676 2729 961 2785 mendacio
990 2729 1110 2799 ejus
1140 2729 1335 2786 fuisset
1385 2739 1440 2786 et
1477 2733 1940 2791 circumventionc

364 2823 646 2892 deceptus,
680 2837 803 2877 cum
834 2836 954 2877 sese
975 2820 1293 2877 inseruisset
1313 2824 1525 2893 corpori
1557 2824 1824 2893 serpentis
1852 2842 1941 2883 sa-

364 2915 649 2984 pientioris
685 2913 931 2968 omnium
970 2914 1304 2979 bestiarum,
1337 2922 1467 2969 tunc
1520 2915 1820 2986 appellatus
1857 2928 1941 2974 est

364 3006 619 3069 mendax,
657 3020 767 3061 una
810 3019 933 3060 cum
970 3014 1123 3075 patre
1175 3020 1295 3071 suo,
1326 3016 1379 3061 et
1425 3006 1540 3077 (7i)
1578 3007 1828 3063 effectum
1857 3020 1941 3067 est

361 3111 475 3153 non
501 3096 679 3151 solum
712 3109 877 3164 super
907 3094 1085 3164 ipsum
1135 3095 1403 3149 mendacii
1443 3097 1811 3163 maledictum,
1843 3100 1938 3154 sed

362 3197 422 3243 et
470 3203 634 3257 super
662 3197 868 3256 patrem
901 3186 1037 3257 ejus.
1067 3187 1204 3242 Cum
1233 3202 1362 3258 ergo
1392 3203 1615 3258 serpens
1643 3191 1937 3260 recepisset

2044 2021 2227 2062 semen
2253 2005 2496 2075 pecunia:
2515 2006 2801 2075 cupiditas,
2827 2006 3219 2062 incrementum
3238 2021 3366 2061 vero
3386 2005 3615 2075 furtum,

2044 2094 2332 2150 iurabatur
2357 2094 2501 2150 enim
2530 2109 2593 2149 ea
2617 2109 2738 2164 quze
2763 2094 3116 2150 mittebantur
3137 2093 3191 2147 in
3219 2093 3492 2158 loculum;
3517 2094 3616 2150 do-

2040 2187 2186 2242 lores
2217 2201 2344 2241 vero
2368 2195 2557 2257 partus
2586 2184 2825 2252 fuerunt,
2857 2195 2912 2241 et
2938 2186 3231 2242 collocutio
3258 2202 3384 2242 cum
3419 2184 3614 2242 Phari-

2040 2278 2183 2344 saeis,
2207 2285 2261 2333 et
2286 2277 2444 2348 pretii
2469 2277 2728 2332 scelerata
2747 2277 3067 2344 conventio;
3107 2277 3328 2333 abortus
3355 2287 3439 2333 est
3463 2294 3613 2344 vero,

2043 2386 2150 2426 non
2182 2380 2392 2441 partus,
2440 2369 2668 2440 laqueus
2707 2372 2899 2425 mortis
2927 2367 3197 2425 informis.
3236 2368 3342 2424 Sed
3374 2379 3428 2425 et
3454 2377 3532 2435 tu,
3566 2371 3614 2424 si

2044 2463 2343 2533 malignum
2370 2479 2436 2518 ex
2464 2472 2517 2517 te
2562 2461 2872 2532 protuleris,
2901 2469 2956 2517 et
2982 2460 3153 2517 facias
3182 2461 3303 2532 ejus
3346 2463 3611 2532 concupi-

2038 2556 2278 2610 scentias
2298 2594 2313 2620 ,
2342 2554 2576 2624 genuisti
2602 2568 2725 2607 eum
2746 2593 2761 2617 ,
2788 2563 2843 2606 et
2877 2561 3029 2622 pater
3068 2552 3187 2623 ejus
3221 2565 3343 2607 esse
3374 2553 3608 2618 diceris;

2041 2645 2090 2702 si
2122 2659 2251 2700 vero
2281 2643 2673 2715 paenitentiam.
2699 2643 2933 2713 gesseris
2979 2650 3034 2697 et
3066 2642 3328 2713 abjeceris
3357 2641 3569 2713 pondus
3593 2685 3610 2708 ,

2040 2737 2187 2790 velut
2212 2733 2502 2805 parturies.
2539 2730 2608 2788 Ut
2655 2732 2802 2787 enim
2850 2731 2904 2787 in
2937 2731 3079 2789 ludis
3127 2733 3471 2789 scholaribus
3496 2774 3513 2800 ,
3562 2734 3609 2788 si

2040 2824 2306 2896 acceperit
2356 2824 2479 2894 quis
2539 2838 2571 2877 a
2647 2822 2907 2894 magistro
2962 2824 3241 2880 materiam
3283 2865 3299 2892 ,
3341 2824 3609 2895 reliquum

2040 2932 2240 2988 corpus
2271 2916 2531 2973 orationis
2562 2931 2629 2969 ex
2675 2916 2966 2986 semetipso
3005 2925 3223 2986 generet
3245 2933 3308 2973 ac
3340 2927 3607 2987 procreet,

2040 3025 2230 3066 eorum
2262 3026 2385 3081 quae
2415 3009 2661 3081 genuerit
2710 3010 2958 3063 conditor
3009 3010 3122 3079 ipse
3145 3010 3371 3078 dicitur;
3397 3012 3468 3066 ita
3515 3013 3610 3081 qui

2039 3118 2108 3157 ex
2156 3118 2372 3159 summa
2447 3101 2653 3157 malitia
2704 3116 2895 3171 parum
2952 3101 3084 3170 quid
3144 3101 3395 3158 fermenti
3450 3119 3609 3158 acce-

2045 3192 2217 3261 perit,
2271 3200 2423 3262 pater
2452 3202 2505 3247 et
2564 3189 2776 3260 genitor
2826 3188 3038 3243 dicatur
3070 3204 3291 3246 necesse
3324 3200 3406 3247 est
3440 3192 3608 3257 illius,

361 3293 489 3334 eum
522 3279 575 3332 in
604 3293 745 3344 sese,
766 3288 819 3332 et
840 3279 1130 3348 recepisset
1156 3278 1492 3342 universum,
1519 3288 1772 3349 tanquam
1798 3296 1930 3349 prae.
1961 3274 2002 3331 C
2037 3280 2129 3350 qui
2158 3281 2226 3335 ab
2259 3281 2414 3335 initio
2438 3280 2639 3335 restitit
2662 3279 2894 3334 veritati.
2929 3277 3083 3344 Quod
3115 3280 3277 3334 simili
3303 3282 3464 3335 modo
3487 3297 3610 3351 pru-

362 3387 538 3441 gnans
561 3371 789 3427 eﬂectus
817 3380 919 3437 est,
941 3372 1175 3443 ingentis
1199 3371 1418 3426 malitiae
1444 3370 1647 3426 fascem
1675 3381 1928 3443 portans;

361 3473 419 3520 et
450 3473 567 3520 erat
599 3465 740 3519 sicut
774 3479 1036 3534 puerpera
1066 3479 1187 3534 quas
1234 3473 1392 3534 partu
1433 3471 1652 3533 urgetur
1674 3504 1690 3529 ,
1742 3465 1930 3522 volens

360 3569 617 3611 evomere
673 3556 924 3625 malignae
982 3557 1349 3627 suggestionis
1383 3556 1502 3626 ejus
1540 3559 1739 3629 agitata
1790 3559 1923 3631 (72).

358 3645 529 3701 Primi
574 3646 720 3702 enim
774 3647 1010 3702 hominis
1055 3648 1282 3717 gloriam
1331 3648 1564 3719 graviter
1594 3648 1774 3704 ferens
1815 3665 1930 3704 ser-

361 3755 496 3807 pens
516 3781 531 3806 ,
572 3740 851 3810 ingressus
895 3741 1235 3809 paradisum,
1267 3750 1321 3795 et
1353 3743 1627 3811 conceptis
1657 3742 1709 3795 in
1742 3757 1801 3797 se
1827 3742 1927 3797 do-

360 3829 593 3893 loribus,
620 3829 908 3884 mendaces
928 3830 1093 3899 etrapit
1113 3846 1370 3901 generare
1395 3845 1693 3897 sermones,
1717 3841 1772 3887 et
1791 3847 1931 3887 mor-

361 3930 471 3974 tem
503 3934 694 3989 parere
726 3919 1042 3974 hominibus
1065 3959 1080 3984 ,
1111 3920 1203 3990 qui
1229 3935 1260 3974 a
1292 3921 1401 3975 Deo
1429 3918 1632 3974 fuerint
1679 3921 1926 3990 ﬁgurati,

357 4021 416 4067 et
439 4020 759 4083 acceperant
809 4013 996 4067 vitam.
1043 4009 1245 4066 Verum
1302 4027 1410 4067 non
1444 4013 1618 4083 potuit
1672 4022 1842 4067 totum
1872 4028 1931 4068 se

361 4104 714 4159 manifestum
743 4103 922 4159 facere
967 4119 1063 4174 per
1109 4113 1447 4173 serpentem;
1497 4106 1591 4160 sed
1636 4108 1930 4161 reservavit

358 4196 747 4267 perfectionem
778 4210 954 4260 suam,
1000 4209 1164 4264 quam
1196 4194 1592 4250 demonstraret
1614 4195 1668 4250 in
1690 4196 1846 4259 Cain,
1898 4211 1929 4251 a

360 4305 473 4359 quo
504 4299 789 4360 generatus
814 4299 898 4343 est
930 4296 1096 4343 totus.
1130 4287 1195 4341 Et
1236 4303 1331 4358 per
1358 4298 1662 4359 serpentem
1710 4290 1928 4361 quidem

362 4382 680 4455 hypocrises
705 4392 758 4437 et
789 4381 1032 4437 fallacias
1082 4381 1148 4435 ad
1182 4379 1349 4435 Evam
1378 4381 1799 4447 demonstravit;
1834 4397 1930 4451 per

359 4474 495 4527 Cain
531 4488 663 4528 vero
697 4472 971 4527 homicidii
1024 4472 1307 4527 exordium
1341 4471 1530 4537 dedit,
1580 4471 1825 4527 inserens
1871 4488 1931 4527 se

356 4564 419 4618 in
443 4563 711 4635 primitias
748 4562 964 4632 frugum
988 4604 1005 4630 ,
1055 4577 1194 4632 quas
1223 4562 1312 4616 ille
1338 4562 1479 4615 male
1510 4561 1803 4616 distribuit.
1849 4560 1928 4615 Ex

2037 3373 2223 3426 venire
2255 3379 2431 3441 potest
2476 3371 2641 3424 etiam
2684 3369 2769 3424 bis
2827 3369 2918 3439 qui
2963 3369 3145 3423 virtuti
3182 3370 3432 3437 student;
3479 3387 3607 3425 nam

2036 3464 2219 3520 audivi
2257 3462 2586 3519 fortissimos
2617 3461 2766 3517 viros
2809 3462 2988 3516 dicere
3017 3461 3082 3516 ad
3116 3459 3285 3516 Deum
3325 3483 3336 3517 :
3381 3461 3608 3533 Propter

2036 3559 2288 3614 timorem
2315 3565 2468 3611 tuum
2496 3555 2784 3610 Dominum
2810 3553 2921 3623 (Ἠ)
2951 3552 3003 3606 in
3035 3562 3191 3607 utero
3221 3554 3601 3624 concepimus:

2035 3658 2091 3704 et
2119 3648 2428 3712 doluimus,
2457 3657 2511 3700 et
2538 3644 2845 3715 peperimus
2878 3644 3129 3715 spiritum
3157 3644 3384 3711 salutis;
3443 3646 3516 3699 ita
3555 3657 3610 3701 et

2034 3740 2349 3809 quicunque
2379 3738 2446 3792 de
2471 3737 2665 3790 timore
2691 3733 2911 3803 maligni
2939 3733 3274 3803 concipiunt,
3305 3743 3358 3789 et
3387 3735 3607 3804 pariunt

2035 3829 2289 3899 spiritum
2319 3825 2620 3896 iniquitatis
2642 3866 2658 3893 ,
2708 3825 2809 3895 ipsi
2846 3834 3026 3894 patres
3072 3825 3192 3894 ejus
3229 3826 3476 3881 dicantur
3507 3842 3604 3880 ne-

2035 3933 2189 3975 cesse
2214 3926 2327 3984 est;
2352 3915 2449 3971 ﬁlii
2475 3916 2618 3970 enim
2645 3915 2919 3978 dicuntur,
2945 3914 3074 3968 dum
3101 3915 3277 3969 adhuc
3302 3916 3604 3970 ministerio

2035 4012 2156 4082 ejus
2180 4018 2404 4080 parent;
2433 4017 2616 4078 patres
2641 4021 2791 4073 vero,
2815 4009 2910 4076 qui
2937 4006 3005 4061 ad
3030 4006 3412 4075 perfectionem
3446 4008 3604 4061 mali-
3698 4040 3703 4047 ι

2035 4104 2124 4156 tiae
2152 4107 2531 4171 pervenerunt.
2569 4097 2647 4153 lta
2676 4112 2911 4166 namque
2936 4105 2991 4151 et
3017 4095 3282 4151 Dominus
3313 4105 3497 4152 noster
3526 4099 3604 4152 ait

2035 4194 2104 4249 ad
2129 4193 2427 4249 Pbarisaeos
2453 4209 2466 4246 :
2500 4209 2519 4243 ι
2547 4188 2659 4245 Vos
2682 4189 2750 4245 de
2775 4197 2927 4258 patre
2946 4187 3160 4243 diabolo
3179 4189 3309 4242 estis
3329 4188 3397 4253 ει,
3420 4207 3437 4240 ι
3461 4188 3601 4242 ﬁlios

2034 4303 2129 4343 eos
2159 4287 2363 4342 faciens
2393 4285 2559 4352 illius,
2594 4284 2764 4339 donec
2804 4283 2982 4337 adhuc
3006 4281 3318 4337 conturbari
3343 4280 3602 4335 videban-

2037 4389 2146 4444 tur,
2188 4389 2243 4434 et
2278 4378 2586 4450 cogitabant
2612 4378 2668 4432 in
2702 4376 2958 4432 cordibus
2987 4374 3101 4429 suis
3136 4373 3277 4427 mala
3306 4388 3404 4443 pro
3441 4373 3599 4429 bonis

2036 4472 2325 4527 adversum
2366 4470 2562 4540 justos.
2609 4468 2750 4540 Ergo
2776 4467 2918 4538 apud
2963 4481 3023 4523 se
3057 4464 3186 4519 talia
3215 4465 3596 4535 cogitantibus,

2034 4560 2314 4615 translatis
2347 4559 2403 4614 in
2437 4574 2494 4613 se
2519 4558 2768 4628 malignis
2794 4572 2983 4613 eorum
3014 4554 3462 4627 cogitationibus,
3497 4552 3598 4608 Ju-

361 4630 468 4710 ιιοᾶ
498 4654 770 4710 homicida
795 4630 1093 4724 appellatus
1120 4662 1203 4709 est
1228 4654 1298 4707 ab
1327 4653 1515 4717 initio;
1548 4652 1777 4707 mendax
1800 4666 1933 4706 vero
1960 4630 2006 4684 ι)
2033 4651 2131 4707 das
2154 4651 2425 4707 malorum
2453 4660 2634 4720 caput,
2661 4657 2717 4705 et
2743 4649 2811 4704 ad
2840 4645 3136 4719 perfectum
3163 4646 3465 4716 perducens
3494 4644 3599 4698 ini-

358 4747 622 4817 quoniam
652 4745 859 4811 fefellit,
889 4747 1113 4801 dicens:
1146 4764 1165 4797 (
1199 4744 1362 4799 Eritis
1396 4753 1652 4813 tanquam
1687 4742 1763 4797 dii
1784 4741 1863 4808 ⁸⁶;
1906 4760 1925 4794 ι

358 4838 519 4908 ejecti
547 4848 675 4894 sunt
706 4838 852 4894 enim
886 4847 1072 4908 postea
1102 4838 1167 4891 dc
1202 4836 1455 4907 paradiso
1505 4835 1583 4889 illi
1625 4849 1764 4905 quos
1802 4834 1933 4889 deos

359 4932 579 4987 futuros
612 4945 735 4986 esse
755 4929 991 4986 fallebat.
1027 4928 1270 4984 Eﬁicitur
1292 4942 1422 4998 ergo
1452 4926 1600 4997 prior
1618 4934 1770 4996 pater
1791 4926 1932 4995 ejus,

464 5027 515 5060 ⁸⁸
540 5025 679 5082 Gen.
713 5040 793 5091 Ill,
819 5024 873 5079 5.
979 5023 1023 5055 “
1056 5022 1210 5077 Joan.
1239 5037 1354 5087 vm,
1385 5020 1474 5075 M.

360 5135 472 5176 non
489 5119 668 5183 stetit,
699 5118 825 5187 quia
856 5133 964 5171 non
987 5125 1072 5172 est
1097 5116 1299 5187 veritas
1330 5115 1384 5169 in
1409 5129 1508 5187 eo;
1539 5128 1662 5167 cum
1686 5111 1927 5187 loquitur

362 5181 745 5254 mendacium,
763 5202 828 5243 ex
859 5187 1094 5256 propriis
1116 5186 1375 5254 loquitur,
1403 5184 1533 5253 quia
1562 5181 1794 5256 mendax
1825 5191 1927 5245 est,

361 5269 417 5314 et
442 5269 593 5330 pater
619 5251 757 5330 ejus.
805 5275 824 5308 ι
859 5251 1044 5330 Qua—rc
1086 5251 1202 5330 hoc
1235 5251 1553 5330 argumento
1602 5251 1926 5330 Archelaum

361 5321 459 5385 hic
479 5338 632 5397 urget
647 5321 857 5397 'Manes
875 5325 1047 5379 z—Si
1071 5342 1102 5380 a
1130 5325 1240 5380 Deo
1261 5321 1375 5397 sola
1406 5330 1732 5393 promanant
1764 5321 1926 5397 bona,

360 5390 586 5467 ipseque
616 5411 829 5467 summe
851 5396 1150 5467 bonusgest,
1175 5390 1489 5467 mendacem
1522 5402 1736 5467 oportet
1761 5390 1930 5444 fuisse

393 5462 569 5540 esum,
589 5467 760 5540 quiin
781 5464 1006 5519 Joannis
1032 5465 1342 5540 Evangelia,
1367 5462 1794 5540 diabolipatrem
1818 5475 1927 5513 non

360 5538 527 5592 modo
549 5530 861 5592 mendacem
891 5549 1032 5600 esse,
1051 5536 1142 5589 sed
1175 5530 1229 5589 Et
1253 5532 1526 5588 mendacis
1547 5530 1748 5585 diaboli
1767 5544 1923 5583 crea-

359 5616 534 5662 torem
552 5607 826 5663 exstitisse
844 5603 1208 5659 dicit.—llinc
1221 5613 1401 5658 autem
1426 5610 1572 5671 patet
1588 5615 1694 5655 non
1723 5599 1926 5671 impro-

358 5676 595 5749 bandam
620 5692 741 5749 esse
765 5673 1196 5749 emendationem
1230 5669 1472 5749 nostrain
1514 5687 1619 5742 qua
1651 5669 1923 5749 legimus;

366 5764 387 5797 ι
420 5746 477 5799 Si
510 5762 542 5802 a
567 5746 676 5802 Deo
704 5747 978 5810 bonus,ut
1003 5746 1226 5809 asseris,
1257 5739 1570 5799 mendacem
1599 5756 1720 5797 esse
1740 5739 1927 5794 dixisti

357 5814 565 5872 Jesum.
611 5835 631 5868 ι

638 5909 911 5968 Ρλτιιοι..
955 5905 1073 5966 Gn.
1116 5906 1194 5966 Χ.

2029 4756 2140 4812 qua
2166 4741 2416 4802 consilia,
2442 4739 2665 4796 effectus
2693 4750 2776 4795 est
2800 4740 3018 4795 sceleris
3041 4746 3211 4807 pater,
3242 4735 3599 4791 immanitatis

2032 4848 2146 4887 suae
2182 4833 2405 4903 praemio
2452 4832 2521 4886 ab
2572 4832 2651 4886 eis
2695 4830 2915 4900 triginta
2960 4828 3226 4897 argenteis
3258 4828 3593 4892 honoratus;

2031 4934 2181 4980 totus
2197 4926 2342 4980 enim
2377 4944 2396 4977 ι
2422 4925 2479 4979 in
2506 4939 2632 4980 eum
2661 4931 2783 4994 post
2802 4922 3099 4979 buccellam
3128 4920 3284 4990 panis
3319 4920 3598 4991 ingressus

2124 5110 2214 5174 69)
2249 5109 2430 5174 Forte,
2469 5128 2489 5162 t

2101 5110 2214 5181 (69)
2249 5110 2430 5174 Forte,
2469 5128 2489 5162 ‹
2527 5110 2650 5178 quis
2679 5110 2768 5163 ille
2801 5110 2890 5163 sit.
2932 5126 2951 5160 ι

2104 5180 2217 5251 (70)
2251 5179 2485 5234 Lacuna
2511 5180 2628 5251 ista:
2672 5178 2829 5251 facile
2858 5175 3068 5251 impleri
3117 5189 3276 5251 posse
3307 5174 3595 5251 videntur,

2029 5250 2076 5320 si
2098 5245 2173 5305 ita
2188 5245 2435 5320 legamus
2461 5267 2473 5302 :
2506 5268 2524 5299 ι
2552 5248 2734 5301 Manes
2758 5249 2895 5302 dixit
2919 5245 3073 5301 :lam
3101 5245 3224 5320 dico
3242 5254 3337 5320 ;_et
3363 5245 3591 5320 adjecit:

2030 5314 2404 5387 Omnis,'etc.,
2435 5328 2595 5387 pater
2626 5333 2815 5372 eorum
2847 5333 2970 5387 quae
3005 5314 3328 5382 condiderit,
3360 5318 3586 5385 appella,

2031 5399 2142 5446 tur.
2178 5410 2197 5443 ι

2099 5460 2209 5530 (Ἡ)
2240 5458 2298 5530 l_n
2328 5455 2515 5510 codice
2538 5453 2843 5530 Ca_sinensi,
2882 5472 2903 5506 ‹
2934 5463 3015 5510 ιιι.
3052 5473 3075 5509 ι

2104 5524 2214 5608 (lg)
2246 5525 2480 5608 Porte,__i
2506 5524 2759 5608 cogitata.
2795 5542 2814 5608 ρ

2106 5593 2221 5669 (73)
2263 5599 2319 5651 In
2352 5595 2538 5650 codice
2561 5593 2846 5649 Casinensi
2876 5604 2960 5648 est
2978 5633 2993 5661 ,
3023 5613 3044 5648 ι
3076 5593 3397 5667 proﬁciebat
3426 5593 3601 5668 impe-

2036 5680 2219 5812 ωἷίῖί)
2257 5736 2436 5803 Forte,
2472 5754 2491 5787 ι
2523 5732 2766 5790 Domine.
2809 5751 2828 5785 ι

2527 5109 2650 5178 quis
2679 5109 2768 5163 ille
2801 5108 2890 5163 sit.
2932 5126 2951 5160 ι

3152 5888 3230 5946 1ιῖ
