4090 6396
528 409 551 465 Ι
563 410 665 464 485

1518 409 1702 501 ACTA
1741 409 2268 466 DISPUTATIONIS
2307 411 2367 464 S.
2402 410 2747 472 ARCHELAI

3618 414 3756 474 1484

523 539 608 585 εει
634 531 881 585 diabolus
907 532 971 586 ⁸⁸.
1012 551 1029 583 ι
1065 530 1191 597 Sed,
1215 540 1273 585 ut
1301 530 1558 595 diximus,
1588 541 1874 602 postquam
1908 542 2093 587 uterus
2123 538 2168 593 A
2196 542 2372 602 portet
2422 548 2616 587 nomen
2667 547 2845 587 meum
2898 532 2953 586 in
3007 544 3298 603 conspectu
3331 549 3519 606 regum
3546 544 3601 591 et
3625 552 3754 607 gen-

526 623 804 688 intumuit,
835 632 888 677 et
920 624 1163 677 dolorum
1195 633 1408 691 tempus
1436 623 1653 677 advenit
1674 665 1690 689 ,
1737 624 1983 678 abortum
2013 623 2093 678 fa-

524 729 671 769 scem
704 715 901 784 iniquae
938 716 1309 784 conceptionis
1342 717 1551 782 eﬁ‘udit,
1599 723 1654 770 et
1687 715 1809 770 ideo
1845 730 1947 769 nec
1977 731 2096 784 per—

522 804 662 861 fecte
699 816 847 876 pater
880 808 1283 876 appellabatur,
1331 810 1439 865 nisi
1479 824 1546 864 eo
1593 817 1801 862 tantum
1851 817 2092 876 tempore

521 912 634 965 quo
677 907 966 966 conceptus
1008 898 1294 968 gerebatur
1350 901 1404 954 in
1471 909 1664 964 utero;
1723 908 1910 969 postea
1964 912 2093 952 vero

524 1004 689 1057 quam
721 989 963 1057 confugit
997 990 1062 1043 ad
1098 990 1350 1059 laqueum
1371 1031 1385 1056 ,
1434 1007 1542 1045 non
1580 993 1847 1063 integrum
1879 991 2093 1046 videtur

523 1081 758 1135 edidisse
789 1089 1034 1149 partum,
1066 1083 1193 1151 quia
1223 1083 1538 1151 poenitentia
1567 1085 1855 1138 subsecuta
1881 1091 1982 1137 est.

593 1169 831 1224 XXXIV.
870 1170 1123 1241 Ignorare
1184 1189 1280 1229 vos
1334 1190 1442 1229 non
1501 1175 1771 1239 arbitror,
1836 1173 2090 1244 quoniam

523 1270 672 1329 pater
722 1276 888 1313 unum
942 1262 1157 1329 quidem
1206 1264 1276 1317 sit
1320 1280 1561 1333 nomen,
1620 1268 1863 1323 diversos
1911 1277 2091 1322 tamen

522 1349 685 1405 habet
719 1349 1022 1404 intellectus
1056 1367 1069 1402 :
1112 1351 1251 1407 alius
1281 1354 1423 1408 enim
1459 1366 1612 1425 pater
1640 1357 1838 1411 dicitur
1880 1373 2089 1423 eorum,

521 1459 660 1513 quos
700 1445 1017 1498 naturaliter
1053 1447 1296 1516 genuerit
1334 1445 1603 1513 ﬁliorum;
1648 1446 1787 1502 alius
1832 1462 1960 1503 vero
1999 1463 2092 1502 eo-

522 1550 668 1600 rum,
705 1551 844 1605 quos
884 1537 1262 1591 tantummodo
1312 1538 1629 1604 enutrierit;
1671 1540 1919 1593 nonnulli
1962 1556 2092 1596 vero

522 1624 780 1693 temporis
810 1633 973 1696 atque
1011 1627 1182 1681 artatis
1219 1626 1501 1697 privilegio
1536 1646 1550 1682 :
1581 1629 1726 1683 unde
1750 1641 1801 1684 et
1828 1630 2090 1686 Dominus

514 1725 709 1771 noster
737 1715 896 1773 Jesus
932 1718 1195 1787 plurimos
1227 1726 1409 1787 patres
1436 1720 1638 1774 habere
1680 1721 1915 1789 dicitur;
1962 1739 2088 1777 nam

518 1815 574 1861 et
606 1806 772 1862 David
803 1818 952 1879 pater
979 1810 1097 1878 ejus
1125 1811 1423 1879 appellatus
1454 1819 1570 1878 est,
1603 1819 1659 1867 et
1701 1811 1898 1883 Joseph
1938 1823 2091 1884 pater

2196 624 2328 678 tium
2355 625 2422 678 ⁸⁸.
2463 644 2482 675 ι
2519 623 2638 694 Ipse
2667 638 2885 693 quoque
2935 624 2989 678 in
3043 624 3218 695 prima
3250 624 3490 695 Epistola
3533 641 3630 682 sua
3662 641 3759 696 po-

2193 712 2303 765 suit
2328 750 2343 774 ,
2396 712 2626 766 dicens:
2666 729 2685 762 (
2723 710 3029 766 Secundum
3078 715 3307 782 gratiam
3361 732 3482 784 quae
3522 717 3644 771 data
3676 726 3759 772 est

2193 803 2325 857 mihi
2353 818 2383 857 a
2418 804 2525 857 Deo
2548 843 2562 868 ,
2613 812 2671 857 ut
2709 802 2811 857 sim
2861 803 3109 859 minister
3134 805 3335 860 Christi
3374 808 3427 860 in
3463 809 3711 879 gentibus
3740 845 3756 873 ,

2193 909 2517 949 consecratis
2551 893 2899 964 Evangelium
2932 893 3028 948 Dei
3067 896 3132 949 ⁸⁸.
3188 895 3478 952 Veritatem
3521 899 3644 954 dico
3701 900 3755 953 in

2191 984 2430 1048 Christo,
2463 1000 2571 1039 non
2598 987 2852 1050 mentior,
2881 987 3250 1042 testimonium
3279 989 3410 1042 mihi
3445 991 3759 1059 perhibentc

2191 1074 2523 1130 conscientia
2569 1091 2688 1130 mea
2733 1077 2787 1130 in
2819 1075 3022 1146 Spiritu
3052 1088 3241 1132 sancto
3273 1079 3338 1133 ⁸⁷.
3376 1098 3396 1131 ι
3430 1079 3494 1134 Et
3539 1095 3758 1135 rursum

2192 1167 2268 1221 ait
2295 1185 2309 1221 :
2342 1185 2360 1219 ί
2390 1166 2508 1221 Non
2533 1168 2676 1223 enim
2709 1169 2882 1223 audeo
2908 1169 3200 1239 quidquam
3230 1170 3375 1240 loqui
3401 1187 3612 1237 eorum,
3643 1187 3763 1242 quae

2193 1273 2287 1327 per
2315 1275 2400 1313 me
2431 1275 2539 1314 non
2574 1259 2749 1316 eﬁecit
2776 1259 3027 1317 Christus
3065 1261 3230 1315 verbo
3266 1271 3322 1316 et
3349 1262 3507 1318 factis
3538 1263 3604 1320 ⁸⁸.
3649 1262 3761 1333 Ego

2191 1350 2335 1404 enim
2380 1365 2499 1404 sum
2549 1350 2876 1407 novissimus
2910 1351 3023 1422 (77)
3051 1350 3292 1405 omnium
3346 1354 3761 1421 apostolorum,

2191 1441 2281 1509 qui
2318 1455 2425 1493 non
2454 1456 2573 1495 sum
2608 1441 2803 1511 dignus
2831 1442 3011 1497 vocari
3040 1443 3338 1511 apostolus.
3363 1441 3547 1496 Gratia
3576 1450 3760 1496 autem

2191 1530 2285 1584 Dei
2312 1546 2432 1586 sum
2456 1531 2511 1585 id
2536 1531 2680 1601 quod
2711 1546 2830 1586 sum
2852 1532 2917 1584 ⁸³.
2940 1550 2958 1583 ι
2986 1530 3053 1585 Et
3083 1547 3177 1586 eos
3205 1532 3296 1602 qui
3330 1532 3760 1601 experimentum

2192 1623 2506 1692 quaerebant
2527 1623 2667 1693 ejus,
2704 1624 2796 1693 qui
2828 1624 2882 1678 in
2922 1638 2987 1678 eo
3012 1624 3333 1694 loquebatur
3352 1624 3620 1688 Christus,
3648 1625 3764 1679 vult

2189 1724 2470 1784 propterea
2514 1714 2747 1780 habere,
2798 1714 2926 1784 quia
2956 1727 3098 1770 esset
3138 1715 3349 1785 in’ipso
3400 1716 3716 1771 Paracletus
3742 1755 3758 1780 ,

2192 1805 2349 1874 cuius
2400 1806 2644 1861 muneris
2692 1807 2920 1877 gratiam
2956 1817 3319 1872 consecutus,
3369 1816 3424 1861 et
3472 1808 3762 1878 magniﬁco

520 1900 639 1969 ejus
667 1873 886 1970 putaius
919 1873 1024 1967 est,
1057 1873 1392 1957 cum-nullus
1420 1873 1614 1958 horum
1649 1914 1803 1973 pater
1826 1873 2093 1975 ejus-fue-
2122 1873 2163 1927 Β
2192 1873 2397 1952 “(more
2425 1897 2535 1969 (78)
2579 1898 2783 1954 dimus
2828 1899 2903 1953 ³η
2932 1918 2945 1953 ε
2981 1918 3001 1951 ί
3032 1897 3076 1952 Ρ
3078 1916 3138 1954 νο
3188 1915 3298 1968 (1υο
3345 1908 3428 1955 ἴθι·
3467 1899 3762 1957 Dominum

522 1992 594 2046 rit
622 1993 847 2048 veritate
892 2002 1122 2050 naturae.
1167 1995 1302 2051 Nam
1342 1995 1509 2051 David
1539 2005 1692 2067 pater
1728 1998 1846 2068 ejus
1889 1999 2090 2054 dicitur

520 2082 697 2137 anatis
728 2097 791 2137 ac
819 2084 1078 2152 temporis
1108 2084 1388 2156 privilegio
1406 2129 1420 2151 ,
1450 2084 1664 2156 lJoseph
1693 2102 1822 2141 vero
1843 2087 1959 2157 lege
1988 2104 2091 2142 nu-

519 2175 751 2241 triendi;
802 2176 951 2231 solus
1003 2186 1183 2231 autem
1229 2176 1371 2233 Deus
1407 2178 1567 2233 Pater
1601 2180 1720 2249 ejus
1751 2191 1943 2235 natura
1971 2192 2086 2249 est,

513 2267 616 2336 qui
644 2268 826 2321 omnia
857 2283 952 2337 per
989 2268 1220 2337 Verbum
1251 2286 1410 2324 suum
1440 2271 1700 2325 velociter
1727 2271 1884 2327 nobis
1910 2274 2087 2327 maui-

514 2356 718 2413 lestare
741 2360 992 2429 dignatus
1022 2370 1125 2416 est.
1172 2361 1282 2418 Nec
1316 2364 1370 2417 in
1418 2364 1602 2433 aliquo
1647 2373 1949 2420 remoratus
1976 2366 2087 2421 Do-

519 2449 703 2504 minus
740 2459 927 2505 noster
948 2448 1132 2516 Jesus,
1161 2453 1302 2507 intra
1332 2454 1443 2524 (75)
1479 2454 1641 2510 unius
1682 2456 1807 2510 anni
1852 2457 2086 2527 spatium

514 2538 888 2610 languentium
915 2543 1287 2598 multitudines
1314 2545 1547 2599 reddidit
1572 2544 1810 2611 sanitati,
1842 2557 2087 2606 mortuos

515 2630 657 2698 luci;
684 2632 776 2701 qui
815 2633 966 2687 verbi
988 2635 1071 2689 sui
1098 2643 1365 2703 potestate
1394 2637 1644 2693 universa
1673 2639 1953 2708 amplexus
1981 2650 2084 2707 est,

514 2720 575 2775 in
601 2737 711 2792 quo
741 2722 955 2777 tandem
983 2733 1287 2778 remoratus
1323 2732 1427 2791 est,
1465 2733 1525 2779 ut
1559 2726 1613 2779 in
1654 2725 1932 2782 Paracleto
1958 2728 2086 2782 mit-

514 2813 680 2865 tendo
708 2812 894 2866 tandiu
924 2828 1047 2867 eum
1089 2821 1423 2866 remoratum
1460 2813 1767 2889 credamus.
1808 2815 1947 2883 Quin
1987 2831 2086 2887 po—

512 2901 647 2967 tius,
678 2912 739 2956 ut
760 2902 1008 2972 superius
1030 2903 1233 2957 dictum
1256 2913 1361 2968 est,
1392 2904 1565 2960 adl‘uit
1588 2907 1768 2961 statim
1792 2907 2086 2977 plurimum

514 2996 749 3052 diffusus
779 2998 834 3051 in
867 2994 1133 3062 Paulum,
1176 2998 1333 3067 cujus
1361 2998 1525 3052 etiam
1560 2999 1871 3054 testimonio
1910 2998 2088 3053 credi-

516 3091 698 3147 dimus
741 3092 986 3171 dicenti:
1024 3113 1043 3144 ε
1080 3091 1208 3146 Mihi
1251 3101 1429 3147 autem
1476 3095 1577 3150 soli
1621 3095 1746 3150 data
1786 3104 1870 3151 est
1914 3096 2084 3167 gratia

518 3185 633 3239 haec
663 3184 726 3237 ⁸³.
764 3204 782 3237 ι
821 3184 923 3251 Qui
954 3187 1104 3255 prius
1135 3187 1350 3256 quidem
1388 3186 1492 3240 fuit
1540 3197 1857 3257 persecutor
1898 3186 2084 3243 Eccle-
2109 3200 2153 3263 ο

516 3277 612 3331 aias
642 3274 755 3338 Dei,
785 3277 876 3331 sed
909 3292 1126 3331 rursum
1158 3277 1532 3333 manifestatus
1556 3286 1640 3333 est
1660 3278 1934 3346 omnibus,
1957 3279 2085 3349 quia

516 3375 661 3421 esset
698 3367 869 3421 ﬁdelis
901 3366 1167 3423 Paracleti
1198 3350 1474 3435 minister;
1504 3385 1598 3439 per
1623 3385 1783 3441 quem
1817 3370 2086 3424 universis

517 3458 754 3515 innotuit
791 3460 1083 3530 singularis
1131 3461 1249 3530 ejus
1279 3461 1594 3526 clementia,
1641 3462 1787 3532 quod
1826 3471 1880 3516 et
1913 3476 2087 3530 usque

515 3548 583 3603 ad
611 3562 714 3602 nos
762 3549 854 3616 qui
905 3549 1192 3618 aliquando
1239 3553 1356 3605 sine
1401 3566 1496 3621 spe
1540 3565 1777 3615 eramus,
1814 3550 2084 3603 donorum

513 3636 635 3705 ejus
680 3637 893 3706 largitio
941 3639 1204 3706 pervenit.
1235 3639 1368 3705 Quis
1400 3641 1545 3694 enim
1588 3649 1835 3693 nostrum
1868 3652 2086 3706 sperare

514 3737 727 3799 poterat
773 3739 1170 3798 persecutorem
1220 3729 1449 3786 Paulum
1479 3740 1534 3786 et
1563 3731 1844 3785 inimicum
1893 3728 2082 3783 Eccle-

514 3820 632 3885 siae,
666 3820 1009 3877 defensorem
1038 3823 1158 3891 ejus
1196 3838 1260 3879 ae
1291 3832 1521 3878 tutorem
1552 3821 1836 3876 futurum?
1869 3819 1935 3874 Et
1972 3834 2081 3873 non

508 3912 690 3966 solum
720 3912 844 3977 hoc,
868 3929 1052 3968 verum
1077 3916 1238 3969 etiam
1268 3924 1323 3969 et
1351 3914 1690 3985 magistrum,
1720 3911 2082 3967 Ecclesiarum

513 4006 846 4061 conditorem
900 4016 953 4061 et
1000 4007 1441 4064 architectonem.
1487 4006 1617 4061 Post
1665 4006 1809 4059 hunc
1837 4018 1996 4075 ergo,
2029 4012 2085 4057 et

503 4108 634 4167 post
660 4112 753 4153 eos
785 4100 878 4167 qui
913 4114 1035 4153 cum
1070 4100 1187 4169 ipso
1214 4100 1450 4162 fuerant,
1483 4098 1538 4153 id
1571 4105 1653 4152 est
1699 4104 1823 4166 post
1846 4094 2083 4163 discipu-

503 4188 618 4255 los,
652 4189 858 4242 nullum
884 4189 1047 4243 alium
1079 4190 1261 4244 venire
1286 4188 1584 4244 secundum
1614 4185 1926 4255 Scripturas
1957 4197 2081 4252 spe-

508 4280 738 4335 randum
772 4287 886 4345 est;
919 4280 994 4333 ait
1021 4279 1163 4333 enim
1195 4278 1461 4334 Dominus
1488 4286 1674 4331 noster
1701 4274 1860 4330 Jesus
1888 4274 1954 4328 de
1977 4272 2083 4327 Pa-

504 4371 713 4425 racleto
742 4389 757 4425 :
799 4390 817 4423 ι
848 4370 993 4437 Quia
1036 4381 1091 4427 et
1126 4373 1192 4427 de
1235 4386 1357 4426 meo
1403 4370 1632 4439 accipiet
1656 4369 1722 4423 ⁸⁸.
1759 4386 1779 4420 ι
1813 4365 1922 4421 Vas
1951 4379 2080 4435 ergo

510 4463 791 4531 probabile
835 4464 993 4533 elegit
1030 4465 1176 4518 hunc
1220 4465 1432 4528 virum,
1480 4477 1642 4532 quem
1676 4460 1825 4515 misit
1867 4459 1933 4514 ad
1980 4473 2081 4513 nos

509 4552 739 4609 Paulum
772 4557 824 4609 in
862 4556 1096 4625 Spiritus
1126 4556 1340 4610 inﬂuxit
1381 4555 1614 4625 Spiritus
1648 4553 1760 4624 (76)
1791 4594 1807 4619 ,
1841 4560 1894 4607 et
1938 4552 2080 4605 sicut

510 4660 622 4698 non
654 4661 815 4715 super
843 4663 1034 4704 omnes
1064 4649 1316 4703 homines
1352 4648 1588 4717 Spiritus
1639 4644 1885 4735 habitare
1925 4650 2079 4711 pote-

506 4745 612 4802 τίη,
642 4737 748 4791 nisi
779 4753 940 4807 super
964 4756 1086 4794 eum
1122 4741 1214 4810 qui
1244 4740 1310 4794 de
1332 4739 1499 4793 Maria
1519 4738 1611 4793 Dei
1634 4738 1895 4809 genitrice
1921 4743 2081 4789 natus

506 4837 611 4891 est,
657 4830 727 4883 ita
764 4840 817 4885 et
853 4832 907 4885 in
938 4833 1144 4885 nullum
1175 4832 1340 4885 alium
1371 4830 1608 4900 Spiritus
1636 4828 1951 4884 Paracletus
1985 4841 2081 4880 ve—

508 4919 624 4973 nire
654 4931 894 4990 poterat,
939 4924 1042 4977 nisi
1071 4939 1233 4992 super
1260 4923 1562 4991 apostolos,
1591 4931 1645 4977 et
1675 4936 1837 4991 super
1866 4921 2081 4974 beatum

2190 1989 2396 2059 rogavi,
2435 1998 2497 2044 ut
2525 1990 2879 2046 discedereta
2919 2006 3039 2056 me;
3079 1999 3134 2046 et
3169 1991 3305 2047 dixit
3348 1992 3481 2046 mihi
3541 2004 3558 2044 :
3632 1990 3764 2048 Suf-

2189 2079 2300 2133 ﬁcit
2332 2078 2426 2133 tibi
2454 2079 2621 2150 gratia
2645 2094 2796 2147 mea;
2823 2095 2951 2134 nam
2979 2081 3152 2135 virtus
3180 2080 3234 2135 in
3262 2080 3574 2138 inﬁrmitate
3600 2085 3765 2152 perli-

2189 2169 2330 2222 citur
2355 2168 2423 2222 9°.
2459 2187 2478 2220 ›
2508 2166 2767 2233 Rursum,
2810 2169 2936 2239 quia
2988 2186 3116 2226 vere
3171 2171 3287 2240 ipse
3330 2173 3400 2226 sit
3447 2172 3765 2229 Paracletus

2188 2258 2283 2328 qui
2308 2266 2425 2312 erat
2466 2259 2520 2313 in
2549 2257 2739 2326 Paulo,
2771 2259 2847 2313 ait
2877 2259 3138 2316 Dominus
3189 2272 3373 2318 noster
3411 2263 3569 2319 Jesus
3599 2264 3764 2320 Chri—

2188 2358 2305 2404 stus
2326 2348 2382 2402 in
2411 2346 2747 2419 Evangelia:
2786 2367 2807 2401 ι
2843 2349 2900 2403 Si
2929 2349 3154 2420 diligitis
3202 2366 3310 2416 me,
3348 2355 3601 2409 mandata
3637 2370 3759 2409 mea

2188 2448 2417 2496 servate.
2471 2438 2537 2494 Et
2578 2455 2678 2508 ego
2727 2441 2931 2509 rogabo
2977 2440 3191 2496 Patrem
3239 2459 3455 2510 meum,
3484 2454 3538 2499 et
3587 2446 3757 2501 alium

2187 2528 2524 2583 Paracletum
2553 2529 2704 2583 dabit
2745 2530 2900 2585 vobis
2924 2530 2990 2583 “.
3027 2549 3046 2583 ι
3102 2530 3161 2585 In
3197 2548 3303 2602 quo
3330 2536 3566 2589 ostendit
3592 2537 3756 2591 etiam

2188 2615 2425 2684 seipsum
2465 2615 2799 2671 Paracletum
2827 2659 2843 2684 ,
2884 2634 3006 2674 eum
3058 2619 3185 2675 dicit
3221 2622 3406 2676 alium.
3457 2624 3609 2680 Unde
3643 2641 3754 2682 cre-

2187 2704 2385 2760 dentes
2404 2704 2594 2771 Paulo,
2620 2708 2922 2764 audivimus
2937 2725 3059 2764 eum
3087 2710 3349 2766 dicentem
3374 2732 3426 2767 ς(
3462 2716 3570 2769 Aut
3596 2732 3758 2786 expe-

2188 2794 2478 2850 rimentum
2526 2797 2767 2867 queritis
2804 2799 2942 2868 ejus,
2975 2801 3066 2870 qui
3105 2801 3160 2855 in
3200 2819 3287 2856 me
3325 2804 3565 2875 loquitur
3597 2807 3757 2862 Chri-

2187 2896 2302 2943 ειυς
2328 2888 2403 2954 ⁹²;
2434 2906 2454 2939 ι
2497 2898 2549 2943 et
2594 2890 2785 2944 horum
2818 2892 3039 2956 similia,
3082 2893 3148 2949 de
3172 2895 3372 2963 quibus
3399 2900 3650 2967 superius
3680 2901 3756 2954 di-

2185 2977 2403 3044 ximus;
2461 2977 2605 3033 unde
2659 2988 2711 3034 et
2743 2989 3000 3050 tanquam
3041 2981 3289 3038 ﬁdelibus
3325 2986 3482 3042 nobis
3528 2987 3755 3043 haeredi-

2185 3068 2289 3125 bus
2316 3069 2431 3124 suis
2463 3070 2746 3141 consiguat
2786 3081 3190 3135 testamentum,
3218 3089 3315 3129 sua
3343 3078 3409 3131 ad
3443 3077 3756 3138 Corinthios

2185 3160 2448 3233 Epistola,
2474 3163 2623 3217 velut
2661 3172 2818 3232 pater
2841 3165 3027 3221 dicens
3055 3184 3067 3221 :
3109 3185 3128 3217 ι
3161 3166 3378 3223 Tradidi
3415 3172 3559 3224 enim
3598 3171 3758 3231 vobis

2187 3252 2242 3306 in
2278 3253 2491 3322 primis,
2522 3254 2753 3322 quodet
2809 3256 3025 3325 accepi,
3067 3256 3193 3325 quia
3225 3257 3475 3314 Christus
3510 3271 3756 3319 mortuus

2185 3352 2270 3399 est
2312 3359 2412 3414 pro
2468 3344 2704 3410 peccatis
2751 3348 2955 3402 nostris
2988 3350 3284 3404 secundum
3328 3349 3670 3423 Scripturas;
3702 3365 3755 3411 et

2184 3435 2310 3506 quia
2342 3437 2584 3505 sepultus
2626 3444 2728 3503 est,
2771 3445 2825 3491 et
2850 3439 2976 3507 quia
3018 3442 3315 3496 resurrexit
3352 3444 3508 3498 tertia
3544 3445 3631 3499 die
3670 3460 3757 3500 se-

2184 3551 2421 3606 cundum
2448 3549 2784 3618 Scripturas;
2809 3559 2864 3605 et
2893 3551 3018 3621 quia
3045 3555 3292 3621 apparuit
3318 3554 3533 3625 Cephaa,
3562 3557 3754 3612 deinde

2183 3643 2432 3697 undecim
2463 3644 2743 3712 apostolis,
2774 3654 2959 3713 postea
2996 3646 3229 3711 amplius
3252 3662 3413 3715 quam
3441 3647 3752 3716 quingentis

2183 3733 2440 3789 fratribus
2485 3734 2552 3788 de
2597 3736 2764 3789 semel
2809 3735 2959 3801 (79),
2988 3750 3054 3790 ex
3091 3736 3289 3804 quibus
3317 3737 3535 3805 plurimi
3570 3737 3752 3796 adhuc

2184 3833 2410 3878 manent
2456 3839 2630 3894 usque
2694 3840 2877 3891 nunc;
2925 3826 3146 3896 quidam
3197 3837 3375 3881 autem
3421 3836 3476 3882 et
3515 3830 3752 3884 dormie-

2182 3922 2326 3969 runt.
2369 3913 2563 3969 Postea
2586 3923 2767 3969 autem
2799 3915 2949 3971 visus
2977 3923 3059 3970 est
3085 3914 3289 3971 Jacobo
3310 3935 3325 3984 ;
3350 3918 3545 3972 deinde
3572 3920 3751 3974 omni-

2181 4003 2284 4057 bus
2338 4004 2630 4073 apostolis;
2664 4004 2962 4061 novissime
2990 4015 3167 4061 autem
3190 4009 3457 4073 omnium,
3490 4018 3747 4080 tanquam

2181 4093 2444 4159 abortivo,
2484 4094 2637 4149 visus
2658 4102 2743 4148 est
2784 4102 2836 4149 et
2870 4094 3001 4148 mihi
3032 4114 3045 4149 :
3079 4110 3178 4167 ego
3202 4096 3346 4150 enim
3376 4112 3497 4152 sum
3525 4099 3754 4153 novissi-

2180 4200 2305 4239 mus
2351 4184 2591 4239 omnium
2632 4185 3002 4255 apostolorum
3040 4185 3106 4240 ’³.
3160 4186 3287 4242 Sive
3316 4202 3445 4257 ergo
3482 4203 3601 4258 ego,
3635 4189 3750 4244 sive

2182 4276 2282 4341 illi,
2308 4277 2381 4330 ita
2407 4277 2853 4332 annuntiavimus
2880 4275 2946 4331 “.
2984 4295 3003 4328 ι
3039 4276 3103 4331 Ει
3129 4292 3349 4338 rursum
3386 4280 3603 4335 tradens
3639 4281 3752 4337 ha:-

2180 4368 2402 4423 redibus
2443 4383 2564 4422 eam
2609 4383 2772 4437 quam
2827 4368 2943 4437 ipse
2994 4368 3356 4424 hereditatem
3407 4374 3749 4442 promeruit,

2181 4455 2314 4511 dicit
2350 4474 2364 4510 :
2414 4475 2432 4508 ι
2474 4454 2662 4512 Timeo
2706 4465 2888 4512 autem
2920 4473 2989 4513 ne
3027 4456 3199 4526 forte,
3233 4459 3376 4514 sicut
3403 4476 3627 4532 serpens
3664 4480 3752 4520 se-

2110 4532 2154 4586 Ῑ)
2182 4548 2338 4604 duxit
2378 4548 2543 4602 Evam
2590 4549 2787 4604 astutia
2817 4564 2947 4614 sua,
2992 4550 3063 4604 ita
3104 4563 3522 4622 corrumpantur
3554 4570 3750 4612 sensus

2176 4640 2380 4703 vestri,
2421 4650 2475 4695 et
2504 4640 2754 4695 excidant
2786 4656 2816 4695 a
2848 4641 3195 4711 simplicitate
3238 4643 3350 4715 (80)
3389 4654 3442 4699 et
3479 4647 3746 4711 castitate,

2176 4747 2298 4801 qua:
2328 4730 2384 4784 in
2412 4729 2629 4785 Christo
2670 4738 2769 4785 est.
2821 4729 2878 4786 Si
2920 4733 3063 4791 enim
3112 4732 3158 4788 is
3208 4734 3301 4802 qui
3353 4736 3538 4801 venit,
3579 4738 3748 4792 alium

2177 4822 2458 4877 Christum
2507 4822 2763 4891 praedicat
2798 4838 2959 4892 quem
3004 4838 3112 4878 non
3158 4824 3610 4892 przedicavimus;
3656 4836 3751 4882 aut

2182 4913 2443 4986 Spiritum
2491 4913 2655 4967 alium
2690 4914 3007 4983 acceperitis
3055 4929 3215 4984 quem
3260 4930 3368 4970 non
3419 4920 3745 4990 accepistis;

507 5009 754 5067 Paulum.
798 5032 815 5065 ι
856 5013 963 5070 Vas
989 5016 1133 5070 enim
1164 5017 1464 5084 electionis,
1493 5015 1689 5085 inquit,
1721 5012 1856 5067 mihi
1889 5019 1990 5074 est,
2026 5018 2088 5064 ut
2179 5014 2274 5062 aut
2303 5004 2449 5060 aliud
2478 5004 2827 5075 Evangelium
2849 5045 2864 5069 ,
2911 5007 3055 5076 quod
3088 5022 3196 5061 non
3230 5010 3553 5079 accepistis;
3611 5012 3748 5067 bene

575 5148 622 5222 ff
643 5147 802 5222 Joan.
830 5166 950 5222 xui.
986 5150 1074 5205 27.
1095 5220 1109 5222 _
1151 5151 1195 5222 ν
1228 5150 1421 5222 Ephes.
1448 5150 1599 5217 "1,8.
1652 5146 1905 5222 _°‘_Joan.
1934 5161 2043 5222 xvi,
2072 5143 2087 5195 l

2190 5210 2203 5222 _
2229 5140 2275 5172 ⁸³
2293 5140 2409 5193 Act.
2436 5137 2620 5222 IX,‘in5.
2674 5137 2930 5222 fliam.
2959 5157 3048 5204 xv,
3083 5141 3166 5222 Ιξὶ,
3188 5142 3273 5222 lﬁ.
3303 5212 3320 5222 _
3350 5144 3396 5222 ‘1
3421 5143 3554 5199 Ibid.
3594 5163 3670 5222 tx_,
3693 5149 3745 5222 l.

503 5215 552 5288 ⁸9
580 5218 710 5288 ibid.
742 5235 832 5284 xv,
864 5207 950 5273 18.
1024 5220 1113 5274 8"1
1144 5207 1288 5276 Cor.‘
1308 5238 1398 5288 xv,
1422 5222 1475 5276 9.
1516 5207 1595 5253 ’⁸ο
1625 5218 1668 5273 ll
1698 5219 1824 5273 Cor.
1860 5232 1957 5278 xu,
1987 5207 2039 5268 9.

2184 5210 2337 5265 Joan.
2364 5224 2478 5272 xw,
2513 5207 2599 5261 16.
2674 5210 2720 5240 ⁹²
2751 5209 2791 5261 ll
2817 5209 3069 5274 Cor.xm,
3100 5212 3151 5265 5.
3228 5212 3321 5265 ⁸³1
3357 5214 3481 5269 Cor.
3507 5232 3594 5281 xv,
3629 5207 3742 5273 5-9.

506 5287 553 5320 ⁵⁸
576 5287 706 5343 Ibid.
746 5290 829 5343 11.

575 5398 686 5471 (75)
724 5402 784 5453 In
817 5402 1000 5455 codice
1031 5412 1142 5467 est,
1188 5423 1206 5455 ι
1243 5404 1400 5458 inter.
1455 5424 1474 5456 ι
1516 5404 1619 5459 Sed
1652 5420 1818 5459 unum
1867 5417 2073 5457 annum

575 5471 707 5519 tristi
741 5471 1130 5519 nratdicntinni.
1159 5488 1222 5519 an
1248 5474 1524 5519 miraculis
1557 5475 1767 5519 videtur
1802 5473 2075 5519 ascribere

2184 5398 2474 5519 ὲλάξιστος.

2246 5471 2262 5519 l
2304 5467 2358 5519 8i
2398 5469 2457 5519 In

503 5468 707 5524 Christi
741 5471 1130 5539 przedicationi,
1159 5488 1222 5527 ac
1248 5474 1524 5529 miraculis
1557 5475 1767 5529 videtur
1802 5473 2075 5529 ascribere

505 5540 804 5615 Archelaus
833 5554 955 5615 cum
987 5541 1105 5595 aliis
1124 5544 1382 5615 _:_intiq_uis
1422 5543 1674 5599 Patribus
1722 5562 1736 5597 :
1790 5560 1958 5615 quare
1996 5544 2074 5596 le-

501 5608 774 5683 gendum,
808 5627 825 5659 ‹
870 5610 1031 5664 intra.
1069 5629 1087 5661 ›
1124 5609 1259 5666 Vide
1274 5608 1434 5683 '_inl'ra
1463 5630 1581 5683 cap.
1615 5615 1705 5667 49.

579 5677 903 5753 (ilijlfows
932 5689 1237 5749 corruptus.
1278 5681 1458 5748 Forte,
1501 5677 1606 5737 (in
1638 5683 1863 5753 Spiritu.
1907 5682 2071 5737 Inﬁn-

508 5747 596 5802 ιη
617 5747 870 5815 Spiritus,
905 5767 923 5799 ι
955 5758 1059 5805 eis.

576 5816 688 5890 (77)
727 5815 915 5872 Melius
948 5818 1197 5888 vulgata,
1232 5839 1250 5871 ε
1293 5820 1585 5891 minimus,
1623 5842 1641 5874 ι
1674 5822 1859 5879 Grzece
1886 5823 2030 5879 enim
2052 5862 2068 5889 ,

2304 5467 2358 5537 8)
2398 5467 2707 5540 ln_codice_
2743 5466 3029 5540 Casinensi
3065 5477 3178 5540 est,
3237 5489 3256 5522 ς
3308 5471 3597 5540 magniﬁco
3637 5473 3747 5531 hoc

2246 5471 2263 5536 (

2172 5553 2296 5599 ore;
2344 5536 2365 5587 ὼ
2399 5536 2492 5590 sed
2524 5537 2805 5606 legendum
2840 5538 3024 5591 censui
3058 5561 3075 5588 ι
3116 5538 3337 5594 honore.
3370 5559 3388 5591 ι

2244 5606 2355 5678 (79)
2397 5606 2595 5678 Forte,
2632 5624 2650 5657 ‹
2694 5608 2935 5678 insimul.
2976 5627 2995 5659 ι
3032 5608 3277 5678 Vulgata,
3315 5629 3333 5660 ‹
3369 5608 3553 5664 simul.
3592 5629 3612 5663 ι

2244 5606 2335 5675 (79
2397 5606 2577 5671 Forte,
2632 5624 2650 5657 ‹
2694 5608 2935 5661 insimul.
2976 5627 2995 5659 ι
3032 5608 3277 5678 Vulgata,
3315 5629 3333 5660 ‹
3369 5608 3553 5664 simul.
3592 5629 3612 5663 ι

2244 5606 2355 5749 (8οζ
2393 5679 2451 5749 In
2476 5675 2779 5749 Casinensi,
2809 5696 2829 5729 ι
2853 5688 3272 5749 corrumpantur
3299 5694 3491 5735 sensus
3526 5682 3685 5736 vestri
3708 5696 3742 5738 a

2172 5747 2539 5817 simplicitate.
2584 5766 2602 5799 ι
2643 5747 2745 5802 Sed
2778 5762 2970 5803 noscx
3008 5747 3231 5820 Vulgata
3258 5750 3646 5821 supplevimns.
