4090 6400
463 386 601 443 M85

1566 392 1711 451 CUM
1745 392 2023 449 MANETE
2058 392 2591 453 HIEBESIARCHA.

3558 400 3698 457 H86

459 509 803 581 pateremini.
837 508 976 565 Puto
1004 510 1148 566 enim
1188 512 1314 583 quia
1348 513 1484 569 nihil
1514 515 1694 571 minus
1734 516 1835 572 feci
1879 517 2029 572 vobis
2058 520 2102 577 A
2130 527 2281 584 stus;
2329 526 2385 573 et
2426 519 2628 573 multos
2676 516 2954 573 seducent.
3005 516 3164 586 Quod
3200 516 3247 575 si
3288 518 3451 574 etiam
3498 518 3699 590 aliquis

450 618 482 657 ιι
518 603 729 658 ueteris
754 603 1018 671 apostolis
1049 604 1116 657 ".
1148 623 1166 655 ι

519 692 735 767 XXXV.
777 694 901 751 Haec
942 704 1122 750 autem
1166 696 1323 763 dixit,
1354 700 1648 756 ostendens
1672 715 1866 756 omnes
1906 702 2023 756 reli-

450 801 590 857 quos
629 786 722 856 qui
755 787 1037 851 venerint,
1074 786 1239 842 falsos
1282 791 1590 859 apostolos,
1637 792 1858 846 dolosos
1895 807 2022 861 ope-

450 876 630 931 rarios
648 918 664 943 ,
700 877 1149 947 transﬁgurantes
1176 893 1233 932 se
1266 881 1319 934 in
1346 882 1621 949 apostolos
1648 880 1850 936 Christi
1881 901 1893 934 :
1917 901 1937 933 ι
1957 882 2022 937 Ει

449 984 558 1023 non
585 968 819 1033 mirum;
864 970 978 1037 ipse
1011 970 1157 1023 enim
1188 968 1420 1026 Satanas
1450 972 1799 1042 transﬁgurat
1824 988 1905 1037 se,
1937 989 2024 1028 ve-

448 1059 530 1114 lut
575 1060 828 1129 angelum
861 1060 999 1115 lucis
1026 1060 1162 1130 (81).
1210 1060 1351 1126 Quid
1392 1078 1521 1133 ergo
1552 1079 1840 1134 magnum,
1884 1064 1931 1119 si
1969 1075 2023 1120 et

448 1153 686 1206 ministri
723 1153 842 1221 ejus
884 1153 1335 1222 trausﬁgurentur
1360 1155 1414 1213 in
1447 1156 1725 1211 ministros
1745 1156 1970 1225 iustitiae
2003 1176 2017 1212 :

447 1257 683 1311 quorum
722 1242 844 1295 ﬁnis
873 1243 975 1296 erit
1013 1244 1310 1298 secundum
1343 1260 1503 1314 opera
1533 1261 1718 1301 eorum
1744 1248 1830 1299 "?
1861 1266 1881 1300 ι
1930 1248 2020 1302 ln-

447 1334 594 1388 dicat
618 1343 797 1388 autem
847 1335 1036 1404 quales
1065 1346 1272 1403 essent,
1317 1346 1371 1392 et
1412 1354 1441 1393 a
1471 1339 1670 1408 quibus
1718 1339 2022 1394 circumve-

448 1426 755 1482 niebantur.
801 1426 1118 1483 Volentibus
1156 1437 1337 1484 autem
1382 1430 1586 1485 Galatis
1622 1433 1692 1487 ab
1729 1431 2021 1501 Evangelia

448 1517 756 1583 transferri,
789 1518 866 1572 ait
902 1536 915 1573 :
955 1538 974 1571 ‹
1008 1518 1175 1575 Miror
1206 1522 1350 1592 quod
1369 1522 1449 1578 sic
1477 1531 1587 1577 tam
1609 1523 1718 1578 cito
1741 1524 2022 1579 transferi—

446 1610 580 1664 mini
610 1612 679 1666 ab
703 1626 769 1665 eo
794 1612 888 1682 qui
913 1614 1126 1668 vocavit
1159 1630 1292 1682 vos,
1340 1615 1395 1670 in
1438 1616 1586 1671 aliud
1620 1616 1967 1686 Evangelium
2000 1630 2018 1671 :

444 1703 592 1772 quod
634 1718 742 1758 non
772 1713 856 1760 est
894 1706 1077 1767 aliud;
1106 1709 1210 1761 nisi
1242 1718 1370 1762 sunt
1416 1707 1508 1778 qui
1543 1722 1641 1763 vos
1669 1708 2016 1774 conturbant,

444 1801 501 1846 et
540 1793 728 1847 volunt
766 1804 1006 1851 avertere
1044 1812 1141 1853 vos
1187 1798 1256 1852 ab
1294 1796 1587 1868 Evangelia
1624 1796 1827 1853 Christi
1880 1797 2015 1866 (82).

2129 608 2283 663 vobis
2309 609 2506 663 dixerit
2535 628 2547 661 :
2586 608 2721 663 Ecce
2756 609 2844 663 hic
2868 616 2949 664 est
2980 608 3250 675 Christus,
3283 620 3379 664 aut
3421 626 3546 667 ecce
3578 612 3651 667 ibi
3677 653 3696 680 ,

2128 699 2295 753 nolite
2324 699 2563 754 credere.
2593 697 2900 770 Exsurgent
2921 700 3065 754 enim
3095 700 3216 756 falsi
3249 702 3462 766 christi,
3491 712 3546 757 et
3574 704 3697 761 falsi

2127 790 2358 859 apostoli
2400 790 2551 861 (87),
2588 800 2640 844 et
2668 789 2792 844 falsi
2842 791 3136 861 prophetae,
3188 802 3243 847 et
3289 783 3497 848 dabunt
3542 794 3698 864 signa

2128 896 2344 952 magna,
2382 890 2437 935 et
2464 882 2730 952 prodigia,
2765 882 2836 935 ita
2871 890 2929 936 ut
2958 884 3012 936 in
3057 898 3297 937 errorem
3335 884 3617 949 inducant,
3651 884 3698 938 si

2126 984 2302 1043 potest
2321 973 2458 1036 ﬁeri,
2480 976 2641 1028 etiam
2674 974 2893 1029 electos.
2927 970 3063 1029 Ecce
3089 974 3310 1044 praedixi
3332 974 3502 1029 vobis.
3536 974 3591 1028 Si
3614 974 3700 1029 di-

2127 1064 2304 1118 xerint
2326 1065 2477 1119 vobis
2508 1083 2521 1118 :
2550 1064 2688 1119 Ecce
2716 1065 2769 1118 in
2793 1065 3005 1121 deserto
3026 1075 3128 1130 est,
3158 1066 3322 1120 nolite
3348 1066 3516 1121 exire.
3544 1064 3601 1119 Si
3619 1065 3699 1119 di-

2126 1156 2466 1211 xerintvobis
2493 1174 2506 1209 :
2532 1155 2669 1210 Ecce
2689 1156 2741 1210 in
2760 1157 3147 1225 penetralibus,
3178 1157 3343 1212 nolite
3367 1157 3585 1212 credere
3604 1156 3647 1214 ³.
3669 1173 3696 1212 ι

2127 1245 2192 1299 Ει
2222 1255 2343 1316 post
2388 1246 2490 1300 ista
2522 1249 2702 1300 omnia
2740 1247 3014 1313 mandata,
3048 1250 3148 1302 iste
3191 1263 3290 1302 nec
3326 1248 3538 1317 signum
3567 1248 3697 1318 qui-

2125 1337 2246 1391 dem
2275 1336 2494 1407 aliquod
2522 1346 2616 1390 aut
2646 1337 2948 1407 prodigium
2984 1333 3153 1391 ullum
3183 1338 3492 1405 ostendens,
3520 1353 3698 1409 neque

2125 1428 2434 1483 afﬁnitatem
2469 1428 2706 1498 aliquam
2742 1428 2978 1496 habens;
3006 1430 3097 1484 sed
3130 1444 3197 1483 ne
3236 1428 3289 1483 in
3323 1444 3550 1484 numero
3571 1430 3695 1500 qui-

2124 1518 2247 1573 dem
2276 1518 2667 1587 discipulorum
2711 1520 2942 1589 positus,
2993 1534 3170 1589 neque
3214 1519 3469 1575 deiuncto
3502 1528 3695 1575 nostro

2124 1609 2438 1675 obsecutus,
2468 1610 2626 1680 cujus
2659 1610 2969 1665 haereditate
3004 1612 3331 1681 gaudemus;
3362 1627 3485 1667 eum
3519 1627 3695 1683 neque

2123 1703 2174 1756 ei
2222 1702 2499 1772 languenti
2534 1703 2803 1767 astiterit,
2858 1718 2967 1757 non
3006 1704 3160 1758 testis
3209 1704 3476 1759 exstiterit
3522 1713 3693 1760 testa-

2122 1793 2311 1858 menti,
2345 1793 2456 1847 imo
2498 1794 2679 1863 potius
2704 1809 2830 1848 cum
2862 1809 2931 1848 ne
2963 1793 3017 1847 in
3060 1795 3306 1849 notitiam
3349 1795 3565 1865 quidem
3598 1811 3693 1851 ve-

446 1882 556 1937 Sed
578 1883 741 1938 etiam
781 1884 827 1940 si
870 1899 968 1940 nos
999 1886 1125 1954 ipsi,
1173 1896 1266 1942 aut
1303 1888 1526 1957 angelus
1566 1887 1635 1943 de
1680 1888 1820 1944 caelo
1866 1888 2022 1943 vobis
2052 1875 2096 1930 Β
2123 1882 2263 1936 nerit
2282 1897 2497 1949 eorum,
2529 1883 2623 1953 qui
2648 1883 2891 1938 obsecuti
2917 1892 3045 1939 sunt
3070 1885 3348 1955 egrotanti
3378 1903 3391 1939 :
3418 1894 3693 1955 postremo

445 1975 863 2042 ann'untiaverit,
888 1987 1243 2047 praeterquam
1273 1979 1418 2047 quod
1442 1978 1699 2033 traditum
1725 1986 1811 2034 est
1841 1978 2017 2047 vobis,

447 2066 735 2123 anathema
778 2069 850 2123 sit
890 2070 958 2124 ⁸⁷.
1000 2089 1020 2121 ι
1056 2069 1122 2124 Et
1170 2087 1387 2125 rursum
1430 2072 1553 2124 ait:
1598 2089 1618 2122 ι
1656 2070 1786 2125 Mihi
1833 2072 2019 2127 inﬁmo

443 2165 687 2218 omnium
729 2165 1095 2233 apostolorum
1144 2164 1256 2235 (85)
1298 2165 1422 2220 data
1463 2174 1547 2220 est
1578 2166 1749 2235 gratia
1792 2165 1908 2220 haec
1948 2165 2015 2218 “.

443 2253 577 2321 Qure
602 2255 746 2310 enim
781 2257 1007 2311 deerant
1050 2256 1466 2311 tribulationum
1508 2256 1734 2317 Christi.
1771 2255 1825 2309 in
1858 2271 2020 2313 carne

444 2362 567 2400 mea
615 2347 884 2417 adimpleo
928 2349 995 2403 ”.
1031 2366 1051 2400 ι
1091 2346 1156 2401 Ει
1186 2349 1240 2402 iu
1274 2348 1382 2401 alio
1405 2359 1623 2402 rursum
1650 2348 1769 2401 loco
1797 2347 2019 2416 proﬁte-

442 2446 566 2504 tur,
598 2439 723 2508 quia
750 2457 769 2490 ‹
802 2455 964 2509 super
986 2450 1210 2495 caateros
1239 2438 1442 2494 Christi
1469 2438 1716 2494 minister
1746 2440 1799 2506 ¹,
1839 2457 1859 2492 ι
1892 2448 2018 2494 tan~

444 2543 608 2598 quam
638 2530 686 2584 si
708 2539 894 2599 postea
921 2531 1146 2585 omnino
1172 2545 1280 2585 non
1311 2531 1382 2586 sit
1408 2531 1550 2586 alius
1582 2530 2014 2601 exspectandus;

438 2620 593 2690 jubet
615 2622 760 2675 enim
793 2637 966 2691 neque
992 2622 1240 2693 angelum
1272 2622 1340 2677 de
1372 2623 1510 2678 coelo
1533 2625 1756 2692 suscipi.
1795 2622 1863 2677 Et
1890 2638 2021 2692 quo-

444 2713 608 2767 modo
639 2713 705 2767 de
746 2710 970 2768 Perside
995 2714 1298 2768 venientem
1329 2713 1542 2769 Manem
1584 2714 1718 2786 (84),
1755 2723 1810 2768 et
1834 2715 2025 2769 dicen-

444 2812 552 2861 tem
596 2820 655 2859 se
691 2820 812 2859 esse
854 2803 1191 2860 Paracletum
1215 2845 1231 2870 ,
1281 2821 1381 2861 nos
1424 2820 1545 2861 esse
1585 2805 1898 2861 credimus?
1938 2806 2016 2861 lta

441 2897 589 2951 enim
625 2910 864 2966 agnosco
891 2910 956 2949 ex
990 2896 1125 2961 hoc,
1157 2895 1303 2966 quod
1331 2911 1475 2951 unus
1525 2896 1630 2950 iste
1683 2897 1755 2951 sit
1799 2912 1867 2951 ex
1908 2897 2017 2953 illis

443 2991 536 3058 qui
577 2986 1052 3054 transformantur,
1079 2987 1147 3041 de
1187 2988 1385 3056 quibus
1428 2986 1713 3042 manifeste
1743 2988 1899 3044 vobis
1931 2990 2016 3042 in-

441 3082 643 3137 dicavit
696 3096 793 3135 vas
841 3080 1123 3135 electionis
1179 3080 1458 3150 apostolus
1517 3078 1720 3135 Paulus
1775 3078 2011 3135 dicens:

448 3194 468 3227 (
510 3175 651 3241 Quia
680 3174 734 3228 in
771 3172 1080 3226 novissimis
1132 3171 1464 3240 temporibus
1509 3171 1759 3226 recedent
1791 3171 2013 3241 quidam

443 3283 473 3322 a
500 3268 623 3330 ﬁde,
659 3264 995 3319 attendentes
1042 3261 1323 3332 spiritibus
1373 3262 1791 3327 seductoribus,
1823 3272 1877 3317 et
1916 3262 2014 3319 do-

440 3358 633 3413 ctrinis
678 3355 1107 3418 daemoniorum,
1154 3352 1208 3406 in
1267 3352 1543 3423 hypocrisi
1592 3351 1879 3406 mendacia
1934 3352 2015 3406 lo-

440 3454 671 3517 quentes
692 3486 709 3512 ,
757 3444 1109 3499 cauteriatam
1144 3441 1402 3496 habentes
1431 3441 1819 3496 conscientiam
1840 3481 1856 3508 ,
1889 3456 2016 3511 pro-

441 3540 743 3595 hibentium
769 3537 882 3607 (85)
906 3536 1130 3599 nubere,
1163 3534 1435 3590 abstinere
1484 3548 1544 3588 se
1587 3548 1619 3587 a
1667 3533 1841 3599 cibis,
1878 3548 2019 3603 quos

440 3630 588 3686 Deus
613 3632 816 3685 creavit
858 3628 929 3684 ad
971 3626 1376 3699 percipiendum
1414 3623 1529 3696 (86)
1558 3640 1683 3680 cum
1710 3625 2011 3695 gratiarum

442 3723 659 3778 actione
688 3720 956 3785 ﬁdelibus,
989 3727 1044 3773 et
1077 3719 1161 3774 his
1186 3719 1277 3788 qui
1301 3726 1673 3788 cognoverunt
1702 3718 2010 3784 veritatem;

441 3813 700 3882 quoniam
725 3811 903 3865 omnis
940 3817 1188 3864 creatura
1223 3806 1318 3863 Dei
1351 3808 1492 3862 bona
1523 3816 1627 3873 est,
1658 3814 1714 3861 et
1745 3807 1881 3860 nihil
1914 3808 2012 3862 ab-

438 3901 736 3970 jiciendum
782 3900 926 3968 quod
981 3913 1105 3953 cum
1175 3899 1473 3969 gratiarum
1520 3897 1734 3952 actione
1780 3896 2015 3966 percipi-

440 3999 531 4046 tur
557 3992 598 4044 ².
631 4009 651 4042 ι
700 3989 804 4043 Sed
836 3998 892 4043 et
936 3987 1170 4057 Spiritus
1211 3988 1535 4057 evangelista
1564 3985 1848 4043 Matthaeus
1890 3988 2015 4041 dili-

441 4090 629 4151 genter
657 4080 923 4150 significat
957 4077 1171 4133 Domini
1198 4078 1372 4132 nostri
1403 4075 1533 4131 Jesu
1569 4077 1771 4131 Christi
1806 4091 2015 4131 sermo-

442 4188 566 4229 nem
604 4190 618 4227 :
650 4190 670 4224 ι
708 4170 896 4225 Videte
930 4184 998 4224 ne
1046 4171 1171 4238 quis
1207 4183 1305 4221 vos
1360 4167 1617 4233 seducet;
1666 4168 1821 4221 multi
1867 4168 2011 4222 enim

440 4267 658 4321 venient
687 4265 741 4319 in
788 4262 1006 4318 nomine
1056 4275 1201 4326 meo,
1232 4260 1476 4315 dicentes
1514 4279 1527 4313 :
1564 4259 1677 4329 Ego
1706 4273 1827 4313 sum
1855 4256 2014 4312 Chri—

513 4405 558 4437 "
593 4402 632 4457 ll
661 4403 785 4456 Cor.
814 4417 891 4464 ιι,
922 4400 1037 4455 5-5.
1149 4397 1196 4430 ⁸*
1227 4396 1269 4451 ll
1295 4397 1425 4452 Cor.
1461 4413 1533 4464 xt,
1571 4398 1654 4463 14,
1685 4397 1771 4451 15.
1845 4396 1892 4429 ’⁷
1917 4395 2013 4450 Gal

441 4491 497 4529 XI
519 4516 534 4540 ,
567 4476 656 4528 23.
731 4475 751 4506 ³
778 4473 799 4526 ι
837 4470 977 4524 Tim.
1008 4487 1083 4536 ιν,
1112 4470 1230 4523 1-4.

441 4561 515 4609 Iv,
552 4547 604 4611 7,
635 4546 688 4599 8.

1337 4467 1358 4499 ⁸
1391 4467 1579 4523 Matth.
1623 4484 1773 4532 xxiv,
1812 4473 1869 4530 4,
1902 4466 1955 4533 5,
2002 4466 2191 4520 23—26.
2265 4464 2288 4498 ⁸
2315 4463 2527 4521 ColoSs.
2564 4481 2603 4530 ι,
2631 4466 2722 4520 23.

2119 1987 2244 2028 cum
2279 1973 2483 2027 nullius
2512 1988 2738 2043 prorsus
2767 1974 2999 2044 accipiat
3024 1975 3416 2042 testimonium,
3441 1974 3693 2032 Paracle—

2121 2073 2237 2118 tum
2266 2078 2325 2118 se
2357 2080 2479 2120 esse
2508 2066 2621 2120 vult
2648 2066 2825 2129 credi;
2856 2082 2980 2120 cum
3010 2066 3172 2121 etiam
3206 2067 3250 2122 si
3279 2068 3432 2138 signa
3476 2078 3529 2124 et
3562 2085 3691 2138 pro-

2119 2154 2261 2223 digia
2288 2152 2515 2221 faceres,
2542 2153 2738 2210 falsum
2765 2154 3041 2212 Christum
3072 2166 3125 2211 et
3150 2154 3345 2213 falsum
3372 2157 3691 2227 prophetam

2120 2252 2171 2298 te
2198 2247 2433 2316 reputari
2463 2256 2735 2316 oporteret
2769 2248 3068 2303 secundum
3101 2247 3432 2318 Scripturas.
3472 2248 3537 2303 Et
3570 2251 3690 2303 ideo

2118 2339 2371 2394 convenit
2412 2353 2512 2393 nos
2544 2340 2756 2395 cautius
2790 2356 2970 2411 agere,
3000 2341 3296 2396 secundum
3325 2342 3470 2412 quod
3498 2342 3692 2397 beatus

2117 2429 2410 2501 Apostolus
2438 2438 2642 2497 monet,
2673 2430 2860 2486 dicens
2889 2432 2942 2484 in
2974 2429 3212 2501 Epistola
3243 2448 3407 2503 quam
3441 2432 3552 2504 (88)
3580 2432 3691 2488 Co-

2118 2520 2453 2576 lossensibus
2484 2521 2702 2591 scripsit
2737 2539 2751 2574 :
2794 2539 2814 2573 ι
2864 2519 3185 2577 Permanete
3232 2524 3286 2577 in
3336 2523 3439 2579 ﬁde
3478 2525 3691 2581 fundati

2116 2620 2171 2665 et
2201 2613 2450 2677 radicati,
2473 2621 2528 2668 et
2551 2612 2859 2667 immobiles
2889 2612 2957 2665 ab
2981 2627 3075 2681 spe
3103 2611 3376 2682 Evangelii
3414 2617 3558 2685 quod
3592 2632 3692 2672 au-

2116 2703 2351 2759 divimus
2381 2702 2490 2775 (89)
2512 2743 2527 2768 ,
2562 2703 2707 2774 quod
2739 2703 3089 2774 praedicatum
3138 2712 3221 2758 est
3250 2704 3304 2758 iu
3346 2706 3494 2760 omni
3534 2722 3689 2763 crea-

2116 2805 2238 2852 tura
2264 2811 2386 2866 quae
2408 2796 2511 2850 sub
2540 2796 2679 2849 caalo
2698 2802 2782 2849 est
2811 2797 2852 2849 ⁸.
2891 2813 2911 2847 ι
2945 2794 3009 2848 Et
3031 2810 3247 2851 rursum
3277 2816 3291 2853 :
3330 2816 3348 2848 ι
3386 2798 3537 2853 Sicut
3560 2815 3691 2871 ergo

2116 2884 2400 2954 accepistis
2424 2882 2702 2939 Christum
2747 2882 2933 2939 Iesum
2966 2884 3254 2939 Dominum
3278 2925 3294 2950 ,
3329 2886 3385 2941 in
3432 2887 3548 2957 ipso
3575 2888 3689 2957 (90)

2116 2974 2408 3040 ambulate,
2439 2973 2666 3027 radicati
2712 2980 2767 3026 et
2797 2970 3005 3027 fundati
3046 2988 3211 3043 super
3253 2975 3453 3045 ipsum,
3492 2976 3690 3030 conﬁr-

2116 3065 2247 3118 mati
2292 3064 2417 3128 ﬁde,
2466 3063 2626 3118 sicuti
2669 3063 2810 3119 docti
2843 3065 2997 3131 estis,
3039 3066 3379 3121 abundantes
3404 3067 3457 3123 in
3490 3067 3693 3137 gratia-

2118 3169 2239 3207 rum
2275 3154 2507 3209 actlone.
2556 3152 2745 3209 Videte
2793 3170 2859 3209 ne
2899 3155 3022 3225 quis
3050 3172 3143 3211 vos
3168 3158 3430 3228 exspolict
3451 3174 3547 3229 per
3577 3159 3691 3229 (91)

2114 3245 2516 3316 philosophiam
2568 3252 2623 3299 et
2667 3245 2882 3299 inanem
2936 3246 3306 3301 seductionem
3333 3287 3349 3313 ,
3388 3250 3688 3304 secundum

2113 3339 2377 3393 elementa
2422 3337 2630 3403 mundi,
2665 3345 2720 3391 et
2752 3352 2860 3391 non
2905 3340 3204 3392 secundum
3234 3340 3532 3407 Christum,
3562 3343 3692 3412 quia

2114 3431 2169 3485 in
2202 3430 2320 3501 ipso
2350 3429 2557 3482 habitat
2579 3428 2756 3484 omnis
2787 3427 3066 3498 plenitudo
3092 3430 3315 3485 deitatis
3344 3431 3386 3486 '.
3424 3451 3443 3484 ι
3483 3431 3694 3501 Quibus

2114 3522 2370 3577 omnibus
2404 3521 2477 3575 ita
2518 3519 2801 3590 diligenter
2829 3521 3111 3590 expositis,
3143 3522 3335 3577 beatus
3373 3523 3690 3594 Apostolus,

2115 3613 2264 3667 velut
2306 3620 2456 3682 pater
2484 3610 2634 3675 ﬁliis,
2664 3610 2814 3669 addit
2848 3619 3109 3681 tanquam
3137 3613 3476 3684 signaculum
3518 3619 3693 3687 quod-

2118 3705 2244 3759 dam
2282 3703 2589 3759 testamenti
2632 3703 2819 3757 dicens
2854 3720 2869 3756 :
2919 3720 2938 3754 ι
2984 3702 3272 3759 Certamen
3327 3705 3531 3763 bonum
3574 3723 3693 3765 cer-

2121 3797 2252 3860 tavi,
2284 3796 2491 3853 circum
2524 3796 2764 3861 cucurri,
2799 3794 2958 3850 ﬁdem
2993 3796 3226 3852 servavi.
3278 3795 3353 3852 De
3378 3808 3574 3854 caetero
3606 3816 3693 3857 re-

2118 3890 2295 3956 posita
2320 3895 2404 3942 est
2432 3886 2566 3940 mihi
2600 3886 2829 3955 justitim
2856 3901 3092 3952 corona,
3137 3903 3301 3957 quam
3337 3890 3525 3946 reddet
3557 3893 3695 3946 mihi

2120 3977 2382 4033 Dominus
2430 3978 2487 4031 in
2531 3977 2620 4030 illa
2663 3980 2749 4032 die
2788 3977 2969 4046 justus
3003 3978 3202 4045 judex;
3245 3995 3352 4033 non
3384 3981 3558 4037 solum
3595 3997 3696 4039 au-

2121 4079 2229 4125 tem
2258 4070 2426 4136 mihi,
2457 4068 2552 4125 sed
2596 4074 2651 4122 et
2697 4068 2950 4123 omnibus
2991 4070 3087 4138 qui
3130 4070 3361 4141 diligunt
3398 4073 3691 4132 adventum

2117 4164 2238 4233 ejus
2267 4162 2319 4218 ‘.’
2345 4180 2364 4213 ι
2878 4186 2883 4191 ·

2188 4250 2429 4307 XXXVI.
2470 4248 2689 4305 Nullum
2717 4264 2785 4306 ex
2808 4249 2983 4315 vobis,
3015 4264 3049 4305 ο
3080 4248 3288 4318 Manes,
3322 4253 3566 4309 Galatam
3611 4256 3693 4312 fa-

2023 4437 2037 4451 .
2070 4412 2120 4460 ι,
2147 4392 2261 4449 6-8.
2335 4393 2384 4464 ξ’
2410 4393 2609 4464 Ephes.
2644 4410 2729 4461 ιιι,
2757 4394 2811 4449 8.
2886 4396 2933 4429 ”
2960 4393 3172 4452 Coloss.
3205 4413 3244 4461 ι,
3268 4399 3362 4454 24.
3440 4401 3456 4432 ί
3493 4397 3535 4452 ll
3558 4401 3688 4455 Cor.

2816 4466 2840 4499 ⁸
2872 4466 3084 4522 Coloss.
3118 4482 3181 4535 ιι,
3206 4468 3326 4523 6-9.
3430 4469 3451 4500 ⁸
3476 4470 3520 4524 ll
3545 4469 3687 4526 Tim.

511 4661 623 4731 (8|)
664 4658 738 4712 lta
770 4666 845 4731 et_
849 4654 1153 4731 Cyprianus
1185 4650 1561 4731 haudnprocul
1597 4650 1666 4704 ab
1700 4650 1862 4705 initio
1886 4649 2012 4731 libri
2044 4658 2092 4715 ι)
2113 4649 2256 4731 apud
2281 4648 2674 4731 Tertullianum
2716 4650 2898 4731 versio
2946 4650 3235 4722 improbat,
3285 4666 3409 4723 quae
3450 4651 3695 4725 Vulgata

441 4719 531 4786 De‘
559 4719 760 4784 unitate
798 4719 1080 4789 autem,
1118 4737 1183 4776 ac
1228 4723 1275 4776 si
1329 4719 1516 4775 Graeco
1551 4730 1698 4775 textu
1740 4733 1883 4776 esset
1911 4720 2008 4783 ὡς.

442 4801 548 4856 Sed
580 4799 803 4868 Vulgata
844 4806 898 4850 et
944 4794 1310 4868 Tertullianus
1343 4790 1592 4860 pluribus
1639 4793 1698 4845 in
1751 4791 1887 4846 locis
1932 4791 2010 4845 le-

440 4864 1263 4943 gunt,«iniungejumlucis.i
1315 4934 1327 4943 _
1409 4933 1422 4943 _
1697 4929 1735 4943 Π
1842 4930 1852 4941 ⁸

513 4929 623 5010 ('82)
663 4929 870 5010 Melius
901 4934 1125 5003 Vulgata
1149 4973 1166 4999 ,
1229 4932 1648 5010 astipulantibus
1695 4929 1966 5010 Cypriano
1991 4968 2007 4989 .

439 5004 760 5074 Ambrosio,
795 5006 1121 5075 Hieronymo
1156 5012 1212 5075 et
1252 5004 1579 5075 Augustino,
1631 5018 1652 5051 ι
1694 5008 2012 5075 convertere

442 5069 792 5148 Eiaugelium
826 5069 1061 5138 Christi;
1085 5092 1123 5149 __i
1155 5073 1280 5128 licet
1308 5069 1674 5127 Thrtullianus
1694 5069 1818 5149 odi}.
1858 5069 2008 5149 Mar-

442 5140 642 5202 ciomvn
683 5150 777 5201 lib.
809 5163 887 5210 iv,
935 5160 1054 5214 cap.
1082 5143 1135 5205 5,
1165 5160 1184 5194 ι
1237 5151 1570 5213 pervertere,
1623 5163 1643 5197 ι
1692 5140 1886 5207 legisse
1926 5140 2010 5192 vi—

441 5221 652 5274 deatur.
1962 5257 1974 5269 .

514 5289 625 5358 (85)
660 5286 846 5343 Grazce
883 5293 986 5351 est,
1031 5281 1223 5351 ἁγίων,
1260 5300 1281 5333 ι
1325 5289 1663 5341 sanctorum.
1711 5297 1730 5329 ι
1766 5286 1827 5331 ιιι
1851 5277 2012 5333 habet

442 5356 693 5413 Vulgata.

514 5400 721 5499 (girl-n
751 5423 1037 5499 casinensi
1065 5433 1352 5493 corruptus
1383 5430 1466 5477 est
1504 5420 1593 5474 hic
1622 5417 2009 5499 locus_,‘liahet

439 5488 584 5551 enim
610 5488 641 5548 ἰ
676 5502 741 5549 de
783 5490 999 5549 Persida
1040 5488 1342 5548 venientem
1375 5501 1591 5556 monet;
1639 5508 1660 5540 ι
1695 5490 1790 5543 sed
1828 5488 2010 5557 legen-

439 5569 591 5626 dum.
626 5586 645 5618 ι
687 5567 920 5629 Mauem,
949 5564 1034 5617 vel
1060 5566 1245 5624 modo,
1275 5574 1378 5617 etc.
1416 5581 1436 5614 ι

512 5625 626 5709 (55)
668 5638 725 5691 lu
754 5625 989 5709 Vulgata
1007 5635 1164 5701 juxta
1209 5634 1456 5709 Graecum
1493 5637 1880 5709 textum‘esttc
1907 5625 2011 5709 nlo-

440 5704 746 5778 quentium,
779 5706 1124 5778 habentium,
1154 5704 1575 5778 prohibentium.
1624 5719 1644 5751 ι
1692 5704 1803 5778 aut
1849 5704 2014 5778 igitur

443 5770 531 5832 hic
581 5770 769 5832 eodem
832 5777 995 5848 modo
1044 5770 1327 5848 legendum
1359 5813 1406 5848 ,_
1435 5782 1529 5827 aut
1585 5770 1966 5848 corrigendum
1995 5808 2011 5830 ,

449 5866 468 5899 ι
502 5848 867 5920 prohibentes.
907 5862 926 5897 I
955 5844 1061 5902 Sed
1104 5844 1245 5899 hanc
1288 5843 1573 5899 lectionem
1600 5841 1822 5909 antiqua
1849 5841 2013 5895 etiam

2113 4720 2217 4773 hac
2244 4721 2296 4773 in
2325 4730 2475 4788 parte
2511 4721 2707 4774 similis
2735 4729 2837 4774 est.

2186 4788 2297 4859 (86)
2330 4789 2396 4842 -ln
2430 4790 2715 4844 Casiuensi
2758 4798 2873 4855 est,
2915 4809 2933 4844 ι
2972 4791 3039 4845 ad
3070 4791 3481 4860 perﬁciendum.
3521 4811 3540 4844 ι
3580 4790 3689 4850 Sed

2115 4857 2357 4916 Vulgata:
2389 4860 2672 4913 lectionem
2708 4861 3038 4915 substituere
3068 4857 3239 4916 satius
3270 4862 3450 4916 visum
3477 4871 3581 4916 est.

2186 4926 2300 5000 (87)
2340 4926 2516 5000 Verba
2547 4929 2717 5000 iila,_i
2770 4939 2826 4984 et
2873 4932 2995 4986 falsi
3043 4932 3305 4999 apostoli,
3344 4949 3373 4983 ι
3425 4931 3493 4984 ab
3523 4932 3692 4985 inter-

2113 4997 2289 5067 prete'
2330 4997 2580 5052 Archelai
2644 4998 2913 5071 videntur
2960 4997 3213 5071 adjuncta
3241 5042 3257 5067 ,
3310 5000 3690 5071 explicationis

2113 5083 2316 5138 causa;
2365 5084 2492 5121 nam
2543 5083 2643 5123 nec
2690 5070 2744 5122 in
2796 5069 3162 5133 Graeco,’nec
3203 5070 3258 5123 in
3289 5069 3549 5138 Vulgata,
3589 5086 3692 5126 nec

2115 5140 2256 5207 apud
2289 5137 2615 5208 Cyprianum
2643 5140 2887 5208 aliosque
2912 5139 3099 5193 Patres
3133 5140 3403 5207 leguntur.

2186 5209 2299 5278 (88)
2342 5207 2577 5278 Vocem,_
2606 5226 2626 5259 ‹
2660 5207 2844 5278 quam,
2884 5229 2903 5260 ι
2936 5224 3036 5263 nos
3061 5209 3390 5272 addidimus,
3420 5207 3494 5261 ita
3523 5221 3688 5262 sensu

2112 5275 2389 5348 poSceiite.
2418 5276 2527 5348 ᾼ-ιιι
2559 5275 2717 5340 forte,
2756 5296 2775 5329 ι
2813 5280 3037 5348 scripta,
3074 5295 3094 5328 ι
3129 5278 3435 5348 legendum.

2185 5347 2299 5415 (89)
2336 5348 2398 5400 In
2431 5345 2679 5415 Vulgata,
2716 5365 2734 5398 ι
2768 5345 3019 5401 audistis.
3058 5366 3077 5398 ι

2183 5404 2294 5487 (‘90)
2330 5416 2420 5487 lia
2438 5404 2694 5484 vulgata”;
2726 5417 2781 5471 in
2807 5417 2994 5472 codice
3024 5426 3204 5471 autem
3246 5415 3531 5471 Casinensi
3566 5415 3693 5486 legi-

2112 5495 2221 5550 tur,
2265 5506 2285 5537 ‹
2326 5486 2382 5540 in
2411 5486 2609 5555 ipsum.
2652 5504 2669 5536 ι

2184 5557 2298 5625 (91)
2337 5552 2650 5609 Casiuensis
2672 5554 2860 5626 codex,
2888 5573 2907 5605 ι
2938 5554 3221 5625 exspoliet,
3244 5564 3297 5612 et
3321 5571 3439 5626 per.
3468 5573 3488 5606 ›
3519 5552 3685 5626 Cypr.

2115 5627 2268 5680 initio
2297 5626 2419 5679 libri
2456 5626 2528 5678 De
2556 5626 2687 5678 bona
2713 5625 3017 5695 patientins,
3056 5627 3248 5695 habet,
3289 5625 3328 5677 ι
3351 5625 3689 5695 ἀερταιόθιιιι·

2116 5712 2211 5765 per
2242 5695 2662 5765 philosophiam.
2707 5692 2947 5765 {Graece
2991 5706 3074 5750 est
3118 5692 3488 5765 σελαγωγῶἦι,
3538 5694 3687 5763 quod

2114 5762 2339 5820 verbum
2370 5762 2620 5834 Vulgata,
2653 5782 2671 5815 ι
2709 5763 2977 5833 decipiat.
3013 5783 3034 5815 ι
3071 5774 3127 5820 et
3153 5762 3410 5830 Tertull.,
3440 5762 3687 5833 Βολιναῖ-

2117 5837 2303 5905 script.
2322 5876 2340 5904 ,
2361 5851 2412 5894 c.
2448 5834 2503 5903 7,
2536 5853 2557 5889 ι
2592 5835 2998 5903 circumveniet,
3027 5854 3046 5888 ›
3077 5836 3520 5907 interpretantur.
