4090 6404
446 410 585 466 “87
1446 408 1626 463 ACTA
1667 405 2194 463 DlSPUTATlONlS
2234 404 2291 461 S.
2333 405 2676 461 ARCHELAI
3546 409 3692 468 “88

446 526 578 592 cies,
634 541 732 581 nec
754 525 826 581 ita
875 543 974 582 nos
1032 524 1324 580 transferes
1376 523 1486 595 (92)
1544 541 1572 578 a
1621 524 1722 579 ﬁde
1776 522 2012 588 Christi;
2045 521 2310 583 ANonne
2360 530 2577 594 oportet
2627 532 2678 578 te
2734 522 3082 593 multiplicari
3130 532 3390 594 tanquam
3445 526 3691 596 zizania,

438 616 661 671 etiamsi
707 616 861 685 signa
893 624 947 670 et
991 614 1234 685 prodigia
1280 611 1487 679 facias,
1531 612 1741 667 etiamsi
1775 620 2019 666 mortuos
2120 629 2398 684 usquequo
2452 615 2542 669 ille
2587 615 2703 683 ipse
2752 629 2981 684 magnus
3027 623 3182 685 pater
3229 623 3356 671 tuus
3406 618 3695 686 adveniat,

448 709 706 775 suscites,
746 708 958 763 etiamsi
987 706 1279 777 imaginem
1324 704 1478 758 nobis
1510 703 1661 758 Pauli
1689 702 1861 773 ipsius
1890 700 2019 756 aﬁ‘e-

443 815 559 867 ras,
583 800 867 855 anathema
886 812 967 864 es,
992 796 1192 853 Satana
1215 795 1323 867 (95)
1344 814 1359 863 ;
1378 782 1747 867 ρι-ιεεειίριιιω
1770 802 1852 848 εει
1872 794 2015 847 enim

445 893 514 948 de
541 902 621 960 te;
651 889 953 962 praemoniti
976 898 1029 944 et
1052 888 1356 959 praestructi
1386 902 1572 944 sumus
1596 901 1626 940 a
1650 885 1854 940 sanctis
1877 883 2018 939 Scri-

442 986 635 1056 pturis.
675 982 782 1039 Vas
804 998 864 1038 es
890 981 1232 1045 Antichristi,
1256 988 1311 1035 et
1338 994 1512 1049 neque
1539 979 1742 1033 bonum
1773 993 1889 1042 vas,
1922 977 2017 1032 sed

443 1074 720 1130 sordidum
749 1082 803 1128 et
828 1072 1134 1144 indignum,
1176 1072 1322 1142 quod
1350 1071 1440 1125 ille
1474 1069 1614 1125 sicut
1651 1068 1846 1138 aliquis
1885 1068 2015 1123 bar-

440 1163 609 1220 barus
630 1164 714 1218 vel
744 1173 1026 1235 tyrannus,
1061 1178 1185 1218 cum
1218 1163 1271 1217 in
1301 1177 1398 1217 eos
1420 1161 1514 1232 qui
1557 1160 1659 1216 sub
1691 1160 1868 1230 legum
1902 1159 2014 1231 (94)

437 1261 649 1333 justitia
692 1260 931 1330 degunt,
980 1271 1208 1315 conatur
1250 1260 1457 1315 irruere
1483 1300 1501 1326 ,
1554 1258 1814 1328 praemisit
1861 1260 2012 1328 prius

436 1363 699 1423 tanquam
733 1352 893 1406 morti
915 1352 1266 1416 destinatum,
1298 1352 1363 1406 ad
1389 1350 1777 1421 explorandum
1810 1359 2014 1420 quanta

434 1455 491 1501 et
519 1444 698 1515 qualis
736 1445 805 1498 sit
835 1444 1060 1514 legitimi
1103 1444 1246 1515 regis
1297 1444 1472 1498 virtus
1515 1459 1580 1498 ac
1631 1442 1818 1512 populi
1851 1461 1864 1497 :
1898 1442 2014 1512 ipse

435 1531 581 1587 enim
619 1532 933 1601 inopinatus
965 1532 1170 1586 irruere
1191 1532 1486 1603 pertimuit,
1518 1532 1610 1588 sed
1637 1546 1811 1602 neque
1844 1532 2012 1587 alium

432 1637 501 1677 cx
551 1622 873 1678 necessariis
914 1622 1048 1677 viris
1087 1622 1302 1677 mittere
1347 1622 1515 1677 ullum
1564 1638 1733 1678 ausus
1775 1631 1895 1689 est,
1944 1638 2014 1677 ne

433 1715 562 1785 quid
630 1723 905 1785 pateretur
962 1715 1195 1770 adversi.
1269 1713 1453 1769 Talem
1523 1723 1574 1770 te
1647 1715 1848 1781 nobis,
1910 1714 2013 1770 sub

432 1806 578 1861 bono
623 1816 678 1862 et
714 1814 903 1861 sancto
948 1821 1072 1876 rege
1110 1806 1338 1877 positis,
1375 1806 1522 1861 velut
1568 1806 1730 1860 morti
1769 1806 2011 1861 destina-

2119 705 2390 760 suscitans
2422 714 2687 773 mortuos,
2722 720 2861 775 pene
2914 720 3089 775 usque
3126 706 3192 761 ad
3227 707 3529 776 gehennam
3572 726 3695 765 om-

2119 813 2215 851 nes
2260 812 2591 867 persequens
2636 798 2732 868 qui
2786 798 2889 853 sibi
2951 798 3328 869 obtemperare
3381 801 3694 871 noluerint,

2115 889 2382 958 plurimos
2415 890 2695 945 deterrens
2744 889 3069 960 arrogantiae
3117 898 3264 945 metu
3305 906 3416 961 quo
3447 900 3531 946 est
3579 892 3696 963 ipse

2116 981 2506 1049 circumdatus,
2541 982 2663 1037 aliis
2690 981 2958 1037 adhibens
2983 981 3181 1046 minas,
3214 983 3398 1038 vultus
3432 983 3516 1037 sui
3556 999 3691 1039 con-

2115 1074 2368 1128 versione
2412 1081 2467 1127 et
2510 1072 2993 1133 circumductione
3022 1073 3309 1129 ludiﬁcans
3351 1092 3365 1128 :
3410 1075 3504 1128 sed
3550 1075 3693 1129 ultra

2116 1178 2225 1219 non
2255 1162 2497 1234 proﬁciet
2517 1166 2560 1231 ’;
2593 1164 2905 1234 insipientia
2937 1165 3080 1218 enim
3112 1165 3232 1235 ejus
3273 1166 3532 1221 omnibus
3568 1181 3694 1236 per»

2116 1256 2330 1327 vulgata
2363 1256 2487 1321 erit,
2527 1257 2669 1312 sicut
2700 1255 2920 1312 Jamnes
2947 1267 2999 1311 et
3032 1256 3324 1313 Mambres.
3358 1256 3574 1312 Iudices
3600 1258 3691 1313 di-

2112 1357 2302 1401 xerunt
2328 1364 2347 1402 :
2385 1345 2538 1403 Sicut
2563 1363 2631 1403 ex
2656 1356 2712 1403 te
2736 1348 3122 1418 comperimus,
3153 1357 3412 1418 tanquam
3441 1350 3691 1419 apostolo

2112 1438 2282 1495 Paulo
2325 1440 2569 1504 dicente,
2603 1440 2842 1510 |insuper
2886 1438 3048 1492 etiam
3096 1438 3165 1492 ab
3213 1436 3502 1507 Evangelio
3549 1453 3689 1507 pra:-

2113 1532 2387 1587 scrihente
2419 1531 2553 1586 nulli
2584 1530 2678 1586 alii
2710 1544 2862 1600 aeque
2895 1530 2948 1585 in
2976 1538 3249 1599 posterum
3274 1529 3387 1599 (99)
3418 1531 3688 1598 prmbetur

2112 1623 2391 1694 ingressus
2425 1624 2492 1678 ad
2534 1623 2961 1693 praedicandum,
2992 1622 3074 1677 vel
3119 1622 3448 1687 docendum,
3488 1621 3571 1675 vel
3616 1621 3685 1676 ad

2111 1714 2612 1786 evangelizandum,
2636 1714 2722 1768 vel
2749 1714 3184 1785 prephetandum‘
3210 1713 3262 1766 in
3287 1714 3388 1767 hac
3410 1712 3522 1766 vita
3547 1712 3687 1767 dun-

2113 1816 2286 1873 taxat,
2320 1807 2425 1862 nisi
2458 1806 2599 1861 forte
2630 1804 2804 1862 falsus
2833 1806 3096 1876 prepheta
3127 1804 3411 1869 habeatur,
3440 1810 3537 1857 aut
3579 1802 3684 1857 fal-

432 1904 573 1964 tum,
622 1912 714 1952 rex
751 1907 877 1952 tuus
908 1869 1172 1966 prae—misit
1204 1896 1589 1952 Antichristus.
1630 1895 1697 1951 Et
1742 1897 1856 1952 haec
1892 1898 2008 1966 qui-
2042 1869 2085 1925 Β
2112 1912 2208 1955 sus
2243 1869 2514 1952 Christus.
2565 1894 2719 1950 Unde
2769 1869 2892 1950 cuin
2936 1869 3141 1949 dixeris
3195 1894 3251 1945 in
3302 1890 3471 1945 Paulo
3513 1889 3687 1947 fuisse

431 1988 555 2043 dem
598 2003 706 2043 non
751 1988 1090 2058 inexplorata
1131 1990 1466 2059 proloquor;
1526 1989 1620 2044 sed
1662 2004 1728 2044 ex
1765 2003 1832 2044 eo
1863 1988 2008 2060 quod

432 2079 635 2134 nullam
685 2089 739 2134 te
788 2080 945 2135 video
993 2079 1172 2135 facere
1212 2078 1489 2145 virtutem,
1526 2079 1599 2134 ita
1624 2078 1692 2134 de
1719 2090 1772 2134 te
1806 2080 2001 2134 sentio.

429 2167 586 2225 Illum
637 2170 783 2226 enim
828 2179 882 2225 et
929 2170 982 2224 in
1034 2170 1284 2241 angelum
1313 2171 1453 2226 lucis
1485 2170 2004 2239 transformaudum,

430 2274 488 2323 et
516 2267 799 2322 ministros
828 2267 946 2337 ejus
982 2266 1118 2322 tales
1144 2266 1473 2322 adventuros
1506 2267 1918 2337 prrenoscimus,
1952 2276 2005 2322 et

431 2359 586 2431 signa
625 2358 951 2432 elprodigia
995 2358 1269 2422 facturos,
1325 2359 1395 2414 ita
1433 2367 1510 2424 ut,
1545 2360 1589 2413 si
1616 2360 1874 2429 possibile
1911 2360 2004 2426 sit,

428 2452 593 2508 etiam
634 2451 788 2506 electi
840 2451 1167 2506 seducantur
1210 2451 1253 2504 ⁷.
1309 2450 1444 2517 Quis
1491 2466 1622 2521 ergo
1663 2467 1723 2506 es
1769 2459 1866 2518 tu,
1909 2452 2001 2521 qui

430 2560 606 2615 neque
631 2544 998 2599 necessarium
1027 2543 1263 2613 aliquem
1294 2543 1472 2599 locum
1511 2544 1743 2599 sortitus
1768 2559 1827 2599 es
1856 2558 1884 2596 a
1908 2559 2004 2613 pa-

426 2642 513 2690 tre
568 2644 661 2689 tuo
706 2634 942 2689 Satana?
993 2633 1127 2689 Nam
1185 2649 1347 2705 quem
1405 2642 1680 2689 mortuum
1735 2636 2007 2690 suscitas?

429 2727 575 2798 quod
624 2725 944 2796 proﬂuvium
994 2726 1274 2797 sanguinis
1320 2725 1500 2781 sistis?
1541 2724 1690 2793 Quos
1737 2728 1851 2781 luto
1889 2726 2002 2798 (95)

427 2817 554 2873 caeci
585 2816 775 2871 oculos
805 2815 1029 2870 illinitos
1057 2815 1241 2869 videre
1271 2813 1448 2870 facis?
1482 2813 1713 2880 Quando
1754 2817 2004 2871 esurien-

425 2913 534 2958 tem
562 2903 774 2957 turbam
799 2903 986 2972 paucis
1016 2902 1248 2973 panibus
1276 2903 1494 2958 reﬁcis?
1524 2901 1623 2958 Ubi
1653 2919 1815 2975 super
1834 2920 2003 2975 aquas

425 2992 653 3059 incedis,
685 3000 780 3046 aut
808 2992 932 3063 quis
977 3001 1031 3047 te
1076 2993 1209 3047 vidit
1252 3008 1317 3047 ex
1365 2994 1448 3048 his
1479 2995 1573 3065 qui
1607 2994 1661 3049 in
1698 2994 2001 3051 Jerusalem

427 3083 711 3138 habitant?
752 3081 918 3137 Persa
958 3082 1222 3144 barbare,
1267 3097 1377 3138 non
1425 3082 1737 3140 Graecorum
1780 3085 2001 3156 linguae,

2104 1989 2474 2055 Paracletum,
2530 1996 2585 2045 et
2632 1988 2807 2059 ipsum
2863 1987 3046 2041 omnia
3098 1985 3474 2055 consignasse,
3512 1999 3685 2055 quare

2104 2083 2241 2138 dixit
2266 2100 2280 2135 :
2312 2100 2333 2134 ι
2361 2081 2440 2136 Ex
2474 2089 2629 2152 parte
2653 2078 2880 2146 scimus,
2909 2087 2963 2133 et
2986 2094 3050 2132 ex
3078 2086 3228 2147 parte
3252 2076 3683 2146 pr0phetamus;

2104 2189 2228 2228 cum
2263 2182 2446 2228 autem
2485 2172 2696 2227 venerit
2731 2170 2875 2241 quod
2922 2169 3223 2240 perfectum
3268 2178 3390 2234 est,
3439 2169 3491 2223 id
3537 2170 3684 2239 quod

2105 2280 2172 2321 ex
2206 2273 2362 2335 parte
2391 2272 2477 2320 est
2515 2264 2828 2318 destruetur
2871 2261 2917 2293 ¹⁶
2948 2279 2961 2316 :
2996 2280 3016 2313 ι
3065 2275 3228 2331 quem
3275 2261 3441 2314 alium
3491 2275 3685 2330 exspe-

2103 2364 2279 2422 ctans,
2314 2355 2421 2410 hoc
2451 2354 2623 2410 dixit?
2649 2352 2806 2420 Quod
2839 2354 2885 2408 si
2910 2352 3025 2423 ipse
3049 2352 3338 2407 conﬁtetur
3364 2361 3683 2421 exspectare

2104 2462 2165 2503 se
2200 2446 2437 2515 aliquem
2462 2444 2797 2515 perfectum;
2829 2452 2884 2498 et
2911 2444 2958 2498 si
2989 2443 3175 2498 venire
3200 2443 3435 2512 aliquem
3460 2455 3682 2496 necesse

2102 2546 2217 2602 est,
2249 2526 2477 2592 Ostende
2505 2536 2662 2592 nobis
2690 2534 2757 2590 de
2784 2550 2894 2604 quo
2924 2534 3107 2589 dicat?
3147 2548 3216 2587 ne
3259 2532 3399 2587 forte
3440 2532 3495 2586 in
3535 2531 3683 2587 hunc

2101 2629 2352 2683 videatur
2376 2628 2479 2683 iste
2509 2642 2691 2683 sermo
2719 2641 3023 2692 recurrere,
3048 2633 3142 2680 aut
3166 2625 3220 2678 in
3247 2639 3372 2679 eum
3404 2622 3496 2693 qui
3530 2622 3681 2678 misit

2101 2721 2277 2787 illum,
2310 2717 2589 2786 Satanam,
2616 2720 2760 2775 sicut
2809 2727 2863 2773 ιιι
2912 2718 3071 2775 dicis.
3116 2715 3173 2772 Si
3224 2717 3370 2773 enim
3405 2715 3681 2771 conﬁteris

2102 2817 2390 2864 venturum
2418 2824 2539 2865 esse
2563 2809 2709 2880 quod
2742 2809 3041 2879 perfectum
3074 2816 3179 2876 est,
3205 2823 3315 2862 non
3345 2816 3522 2878 potest
3555 2822 3679 2863 esse

2104 2901 2371 2967 Satanas;
2404 2901 2452 2957 si
2492 2910 2673 2956 autem
2719 2899 2979 2955 Satanam
3024 2909 3331 2971 exspectas,
3360 2914 3469 2955 non
3504 2907 3680 2970 potest

2105 3008 2228 3049 esse
2264 2992 2590 3063 perfectum.

2173 3083 2437 3139 XXXVII.
2473 3084 2763 3139 Archelaus
2784 3084 2922 3140 dixit
2948 3100 2967 3139 :
2995 3083 3264 3151 Quoniam
3294 3099 3403 3140 non
3428 3083 3546 3140 sine
3567 3082 3679 3139 Deo

425 3191 535 3230 non
563 3173 966 3247 Egyptiorum,
998 3189 1107 3231 non
1153 3174 1549 3243 Romanorum,
1580 3192 1689 3232 non
1730 3178 1893 3233 ullius
1922 3178 2001 3233 al-
2025 3207 2069 3265 ο
2101 3174 2245 3230 dicta
2281 3182 2409 3231 sunt
2435 3189 2555 3245 qum
2588 3190 2618 3228 a
2652 3174 2811 3230 beato
2845 3174 3014 3229 Paulo
3041 3174 3251 3244 prolata
3279 3184 3427 3239 sunt,
3468 3182 3676 3229 certum

425 3266 595 3322 terius
622 3266 822 3337 linguae
854 3264 1138 3320 scientiam
1174 3266 1371 3322 habere
1409 3267 1667 3337 potuisti;
1700 3269 1795 3323 sed
1831 3268 1997 3324 Chal-

421 3357 662 3413 daeorum
695 3354 806 3427 (96)
840 3355 1040 3420 solum,
1085 3371 1207 3425 quae
1251 3372 1319 3410 ne
1358 3356 1413 3410 in
1445 3372 1731 3412 numerum
1775 3360 1996 3430 quidem

423 3447 657 3513 aliquem
693 3444 941 3511 ducitur;
994 3447 1200 3501 nttllum
1250 3448 1415 3503 alium
1453 3448 1759 3518 loquentem
1807 3454 1998 3509 audire

423 3548 599 3609 potes.
631 3537 749 3592 Non
785 3538 859 3592 ita
894 3536 1125 3608 Spiritus
1159 3548 1400 3606 sanctus,
1440 3540 1581 3595 absit
1615 3543 1719 3597 hoc
1754 3544 1991 3599 malum!

420 3628 515 3683 sed
555 3628 811 3681 omnibus
855 3626 1075 3693 dividit,
1125 3636 1179 3682 et
1231 3628 1413 3681 omnia
1460 3628 1765 3698 linguarum
1797 3646 1994 3702 genera

423 3716 593 3782 novit,
626 3726 680 3770 et
709 3717 951 3786 agnoscit
986 3718 1257 3781 universa,
1294 3727 1348 3773 et
1381 3719 1637 3773 omnibus
1668 3720 1851 3773 omnia
1881 3720 1994 3775 eﬂi-

422 3810 589 3875 citur,
617 3808 691 3862 ita
720 3818 777 3863 ut
804 3824 928 3863 eum
958 3810 1121 3864 etiam
1156 3809 1338 3864 cordis
1364 3810 1599 3881 cogitata
1631 3826 1740 3866 non
1767 3812 1987 3868 lateant.

416 3899 560 3967 Quid
590 3902 733 3954 enim
764 3900 895 3957 dicit
935 3899 1252 3971 Scriptura?
1280 3902 1407 3972 quia
1443 3904 1815 3973 unusquisque
1861 3920 1990 3976 pro-

420 3991 539 4060 pria
578 4005 675 4045 sua
714 3990 898 4061 lingua
939 3990 1195 4045 audiebat
1226 4004 1322 4059 per
1354 3988 1693 4044 Paracletum
1729 3990 1989 4061 Spiritum

2100 3274 2203 3331 est,
2233 3267 2377 3336 quod
2410 3264 2697 3321 Dominum
2736 3274 2985 3322 nostrum
3017 3262 3203 3321 Jesum
3225 3263 3503 3321 Christum
3523 3264 3677 3318 dixe-

2099 3356 2171 3410 rit
2193 3357 2618 3426 exspectandum
2649 3370 2772 3411 esse
2795 3355 3116 3426 perfectum,
3150 3355 3244 3425 qui
3272 3354 3423 3410 solus
3453 3352 3675 3409 Patrem

2098 3446 2279 3513 novit,
2305 3455 2362 3501 et
2404 3447 2492 3501 cui
2533 3445 2768 3501 voluerit
2793 3446 3037 3501 revelare
3066 3447 3130 3514 “,
3175 3446 3315 3501 sicut
3341 3459 3567 3515 possum
3609 3458 3677 3497 ex

2098 3537 2279 3593 verbis
2310 3538 2485 3608 ipsius
2516 3538 2916 3593 demonstrare.
2954 3534 3058 3591 Sed
3093 3536 3244 3606 quia,
3289 3550 3415 3589 cum
3467 3534 3675 3590 venerit

2096 3627 2246 3699 quod
2276 3627 2575 3698 perfectum
2608 3636 2713 3692 est,
2747 3627 3057 3681 destruetur
3110 3626 3179 3681 id.
3215 3626 3360 3695 quod
3408 3640 3473 3679 ex
3523 3635 3675 3694 parte

2096 3729 2210 3787 est;
2248 3721 2351 3775 iste
2377 3734 2507 3773 vero
2539 3734 2660 3773 sese
2695 3726 2975 3773 asseverat
2996 3731 3120 3771 esse
3153 3715 3493 3784 perfectum;
3539 3715 3670 3786 quid

2094 3809 2362 3866 destruxit
2404 3810 2655 3865 ostendat
2694 3828 2707 3864 :
2745 3808 2893 3879 quod
2944 3808 3091 3863 enim
3138 3808 3470 3875 destruetur,
3519 3809 3675 3878 igno-

2097 3902 2274 3957 rantia
2303 3910 2388 3956 est
2424 3916 2546 3971 quae
2580 3902 2634 3956 in
2670 3901 2828 3956 nobis
2852 3909 2954 3957 est.
2990 3898 3145 3955 Dicat
3171 3900 3355 3970 igitur,
3401 3900 3533 3973 quid
3579 3901 3673 3956 de-

2092 3991 2313 4057 struxit,
2363 3992 2495 4062 quid
2539 3992 2594 4048 in
2630 3993 2879 4049 notitiam
2923 3992 3191 4067 protulit?
3224 3990 3278 4048 Si
3322 3994 3453 4064 quid
3496 3992 3675 4049 facere

419 4083 705 4152 loquentes
756 4081 1029 4152 apostolos
1065 4081 1107 4136 ⁸.
1158 4081 1263 4138 Sed
1310 4081 1440 4152 quid
1491 4081 1725 4152 amplius
1764 4082 1992 4142 dicabo?
2089 4090 2286 4154 potest,
2321 4081 2503 4150 faciat,
2530 4095 2591 4141 nt
2626 4087 2779 4143 credi
2809 4087 2860 4142 ei
2890 4086 3103 4158 possit?
3131 4084 3326 4140 Sermo
3373 4100 3504 4140 vero
3547 4085 3670 4150 iste,

416 4173 592 4229 Barba
620 4173 734 4245 (97)
765 4175 1020 4229 sacerdos
1052 4173 1283 4238 Mithrae,
1310 4184 1364 4229 et
1385 4173 1641 4241 collusor,
1674 4175 1842 4230 solem
1871 4185 1993 4231 tan-

415 4277 531 4320 tum
567 4266 713 4321 coles
753 4265 1005 4320 Mithram
1037 4266 1284 4321 locorum
1317 4266 1676 4336 mysticorum
1713 4266 1990 4321 illumina-

416 4364 591 4409 torem
621 4354 753 4427 (98),
792 4364 853 4409 ιιι
888 4355 1152 4424 opinaris,
1185 4362 1239 4408 et
1272 4354 1578 4421 conscium,
1603 4354 1707 4409 hoc
1736 4363 1820 4409 est
1843 4355 1988 4425 quod

412 4448 554 4516 apud
586 4461 681 4501 eos
707 4447 882 4509 ludes,
917 4455 972 4501 et
1014 4455 1273 4515 tanquam
1305 4445 1525 4513 elegans
1554 4446 1736 4501 minus
1764 4460 1989 4515 perages

2090 4185 2352 4243 quantam
2384 4176 2583 4231 habeat
2611 4177 2891 4242 virtutem,
2939 4177 2984 4231 si
3013 4175 3252 4246 potuerit
3279 4174 3564 4246 diligenter
3591 4173 3674 4228 in-

2089 4265 2283 4337 telligi,
2313 4267 2388 4321 ita
2419 4267 2637 4323 demum
2668 4268 2816 4323 credi
2844 4269 3043 4340 poterit
3084 4269 3171 4324 his
3198 4282 3321 4338 qua:
3354 4282 3386 4321 a
3421 4281 3509 4321 me
3549 4265 3670 4321 fue-

2095 4358 2210 4413 rint
2235 4368 2467 4414 asserta.
2497 4357 2665 4429 Igitur
2698 4360 2751 4414 in
2785 4360 2960 4429 prima
2989 4358 3057 4414 ad
3085 4358 3402 4414 Corinthios
3425 4355 3669 4427 Epistola

2095 4448 2213 4504 haec
2259 4448 2393 4504 dicit
2436 4447 2641 4505 Paulus
2679 4449 2747 4505 de
2778 4448 3051 4519 perfecto,
3085 4449 3181 4519 qui
3233 4456 3493 4503 venturus
3539 4453 3665 4500 est:

414 4536 698 4608 mysteria.
732 4535 933 4592 Verum
957 4536 1087 4607 quid
1116 4552 1217 4607 ego
1243 4536 1361 4592 haec
1385 4537 1732 4607 indignanter
1753 4537 1993 4607 accipio?
2022 4536 2067 4590 D
2102 4558 2122 4592 ι
2153 4540 2281 4596 Sive
2319 4541 2620 4611 prOphetim
2661 4542 3030 4606 destruentur,
3079 4540 3195 4595 sive
3238 4538 3438 4610 lingua:
3483 4550 3668 4592 cessa-

488 4672 510 4705 ⁷
539 4666 729 4726 Matth.
766 4689 913 4739 xxiv,
945 4673 1036 4727 24.
1113 4674 1135 4706 ⁸
1174 4674 1291 4730 Αει.
1324 4690 1387 4739 ιι,
1417 4674 1469 4732 6.
1545 4678 1567 4709 ’
1606 4673 1648 4728 ll
1678 4671 1819 4729 Tim.
1854 4692 1935 4742 ιιι,
1966 4676 1999 4732 8

2101 4722 2105 4732 .
2185 4679 2227 4710 ¹⁰
2264 4676 2285 4731 Ι
2316 4677 2442 4734 Cor.
2491 4694 2609 4743 xm,
2644 4679 2698 4744 9,
2731 4677 2819 4746 lO,
2895 4677 2936 4710 “
2975 4676 3162 4732 Matth.
3205 4692 3293 4743 ιιι,
3328 4675 3417 4730 27.

483 4790 597 4861 (92)
632 4789 693 4862 lu
722 4789 914 4845 eodem
945 4790 1131 4846 codice
1153 4792 1563 4862 corruptissime
1580 4793 1794 4862 legitur,
1832 4811 1849 4843 ι
1881 4792 1989 4847 Ga-

412 4859 577 4917 latam
623 4859 789 4915 facies
820 4863 989 4924 vicit,
1044 4876 1077 4916 o
1108 4859 1332 4917 nostras
1353 4861 1515 4917 feras.
1566 4881 1583 4914 ι
1634 4859 1744 4916 Nos
1772 4865 1983 4917 modica

412 4931 710 4987 mutatione
733 4931 909 4984 locum
939 4931 1085 4986 hunc
1108 4932 1395 4986 restituere
1422 4933 1600 4987 conati
1628 4947 1839 4986 sumus.

484 5003 598 5069 (95)
639 4999 703 5055 Ει
745 5001 833 5054 hic
874 5001 1010 5055 mire
1034 5001 1361 5071 depravatus
1389 5012 1474 5057 est
1518 5002 1660 5056 idem
1697 5002 1887 5069 codex,
1927 5002 1982 5056 in

406 5088 518 5141 quo
552 5071 766 5140 legitur,
814 5089 832 5121 ι
879 5072 1165 5125 anathema
1192 5086 1313 5127 esse
1357 5086 1481 5125 ana.
1522 5089 1541 5122 ι
1582 5071 1848 5141 Αηηιεειε
1884 5086 1985 5125 nos

412 5139 882 5196 eritendaverimus
901 5141 1185 5195 doctorum
1206 5141 1625 5210 estojudicium.
1660 5139 1787 5194 Vide
1818 5141 1982 5195 etiam

412 5226 479 5264 an
510 5211 888 5275 corrigendum
918 5210 1008 5275 sit,
1046 5229 1064 5261 ι
1103 5211 1389 5265 anathema
1430 5227 1488 5265 es
1521 5221 1574 5264 et
1595 5212 1933 5264 maranatha.
1963 5229 1982 5261 ι

485 5281 597 5347 (94)
637 5281 770 5350 _Vide
799 5295 887 5346 an,
925 5299 944 5332 ι
984 5296 1191 5350 regum.
1229 5299 1248 5332 ι

486 5349 599 5419 (95)
636 5348 693 5403 In
728 5348 1086 5415 Casinensiﬁ
1119 5350 1264 5419 quod
1292 5349 1433 5403 luto.
1468 5368 1487 5401 ι

492 5418 604 5488 (96)
643 5419 1020 5473 Οιιίιιιιιεοι-ιιιη
1049 5418 1316 5489 siquidem
1340 5421 1579 5489 linguam
1607 5418 1843 5489 Syriaca:
1869 5418 1987 5472 dia-

416 5487 613 5559 lectuut
650 5504 772 5545 esse
810 5491 972 5543 tradit
1009 5487 1391 5559 Abulfaragius
1425 5487 1490 5543 in
1527 5487 1771 5542 Historia
1816 5490 1986 5557 dyna-

418 5558 662 5629 stiarttm,
692 5574 813 5629 pag.
846 5561 933 5629 11.

490 5627 602 5699 (97)
633 5627 708 5682 Ita
732 5627 786 5682 iri
807 5628 992 5685 codice
1013 5628 1323 5692 Casinensi,
1355 5629 1499 5699 quod
1524 5638 1705 5685 tamen
1736 5629 1980 5684 nonnulli

419 5699 652 5754 fortasse
697 5700 1088 5769 emendandum
1141 5708 1391 5769 putarent
1434 5700 1538 5753 hoc
1579 5710 1760 5769 pacto,
1804 5718 1822 5751 ι
1852 5700 1981 5769 quid

418 5770 651 5851 amplius
678 5768 887 5822 dicam?
907 5767 1163 5851 Barbare.
1193 5788 1220 5851 ξ
1243 5767 1349 5851 Sed
1376 5770 1488 5822 ﬁeri
1514 5767 1711 5837 potest,
1738 5779 1799 5824 ut
1818 5767 1982 5851 verbo

421 5857 444 5893 ι
474 5839 655 5897 dicare
684 5856 703 5891 ι
744 5853 878 5895 usus
908 5840 979 5895 sit
1014 5839 1169 5895 rudis
1206 5839 1471 5908 interpres
1503 5854 1602 5909 pro
1633 5840 1980 5909 contendere,

2096 4793 2273 4850 dicam
2309 4795 2548 4861 trahere,
2582 4794 2667 4849 vel
2698 4793 2937 4848 dicarem
2972 4807 3111 4849 esse.

2160 4865 2273 4937 (98)
2314 4862 2445 4931 Qum
2472 4858 2794 4937 sequuntur,
2827 4864 3027 4937 nostris
3053 4860 3380 4937 coniecturis
3408 4858 3666 4913 emenda—

2090 4931 2301 5001 vimus;
2337 4949 2462 4987 nam
2494 4931 2870 4989 in_Casinensi
2908 4933 3093 4989 codice
3123 4932 3212 5001 hic
3241 4931 3378 5001 mire
3403 4939 3665 4998 corrupto

2088 5000 2366 5075 scribitur,
2402 5022 2421 5054 ι
2452 5005 2692 5075 locorum
2734 5005 3117 5075 mysteriorum
3162 5000 3604 5075 illuminatorem.
3639 5018 3685 5051 ι.

2087 5074 2234 5139 Mox,
2266 5093 2283 5124 ι
2321 5068 2463 5142 apud
2497 5089 2591 5128 eos
2640 5068 2808 5127 ludis:
2837 5093 2855 5125 ι
2886 5071 2949 5125 Et
2998 5068 3159 5142 infra,
3189 5069 3521 5142 «adveniat?
3566 5085 3663 5123 su-

2090 5146 2294 5200 scitans
2329 5140 2613 5219 mortuos?
2638 5158 2782 5219 pene
2831 5158 3002 5212 usque
3040 5141 3105 5193 ad
3139 5140 3440 5219 gehennam
3471 5153 3663 5219 omnes

2090 5228 2446 5288 persequens,
2480 5215 2575 5282 qui
2606 5209 2657 5267 si
2700 5223 2760 5266 ut
2790 5209 3164 5288 obtemperare
3197 5209 3448 5288 noluerit,
3487 5209 3659 5288 pluri-

2093 5279 2213 5338 inos
2244 5279 2521 5338 deterrens
2552 5286 2878 5352 arrogantia:
2909 5279 3076 5335 metu.
3104 5279 3256 5344 Quod
3285 5288 3369 5333 est
3408 5280 3523 5346 ipse
3556 5279 3659 5330 cir-

2091 5353 2400 5418 cumdatus,
2443 5354 2563 5407 aliis
2596 5351 2810 5407 adhibet
2858 5352 3033 5406 minas
3080 5353 3259 5403 vultus
3298 5351 3380 5402 sui
3429 5362 3661 5402 conver-

2091 5425 2245 5477 sione
2273 5423 2628 5478 circumdatio
2651 5423 2910 5477 ludiﬁcat.
2938 5421 3063 5484 Sed,
3096 5438 3114 5471 ι
3141 5430 3245 5474 etc.
3273 5418 3457 5491 Manes
3478 5426 3660 5491 autem

2092 5501 2350 5561 tanquam
2380 5492 2591 5547 Mithrae
2636 5494 2892 5547 sacerdos
2939 5489 3436 5561 traducitur,_quia
3487 5489 3657 5541 solem

2090 5559 2489 5617 venerabantur
2517 5562 2823 5625 Manichaei,
2856 5573 2914 5616 ut
2943 5561 3069 5615 alibi
3103 5559 3351 5614 ostendo.
3393 5602 3399 5623 ,

2159 5630 2271 5701 (99)
2311 5631 2368 5685 ln
2417 5632 2703 5687 Casinensi
2750 5641 2853 5698 est,
2892 5651 2908 5682 ι
2944 5631 3077 5685 nulli
3116 5630 3225 5683 alio
3267 5638 3430 5701 atque
3474 5632 3658 5701 poste-

2086 5695 2304 5783 mag.
2353 5717 2513 5772 quem
2562 5703 2776 5770 locum,
2828 5695 2904 5759 uti
2959 5701 3163 5757 editum
3207 5708 3291 5755 est
3341 5695 3658 5768 'legendum

2088 5787 2296 5826 CCHSUI.
