4090 6386
423 470 561 525 Ηὸῡ
1515 476 1660 533 CUM
1700 476 1980 532 MANETE
2019 476 2553 536 HERESIARCHA.
3536 486 3673 542 “90

421 584 579 651 bunt,
615 585 730 639 sive
769 584 996 641 scientia
1030 586 1371 657 destruetur;
1404 605 1470 644 ex
1512 600 1666 660 parte
1701 590 1848 646 enim
1894 592 2003 647 sci-
2032 596 2081 652 Α
2175 592 2464 652 XXXVIII.
2509 596 2577 651 Et
2623 611 2721 667 ego
2766 597 2985 668 quidem
3019 599 3267 657 beatiﬁco
3319 599 3711 667 Marcionemﬁ

422 691 567 737 mus,
592 683 647 729 et
678 690 742 730 ex
775 685 927 745 parte
968 679 1377 748 praphetamus.
1408 679 1546 735 Cum
1581 689 1761 735 autem
1793 682 2000 736 venerit
2102 698 2155 739 et
2184 683 2623 742 Valentinianum
2649 688 2748 761 (5),
2791 705 2855 745 ac
2897 690 3188 748 Basilidem
3227 693 3471 764 aliosque
3503 694 3676 749 haere-

420 767 563 836 quod
594 766 890 836 perfectum
932 777 1043 836 est,
1078 770 1132 825 id
1162 771 1308 841 quod
1333 787 1398 826 ex
1424 782 1574 843 parte
1604 782 1705 838 est,
1750 773 1998 827 destrue-

420 866 511 912 tur
534 859 599 913 ¹².
632 878 650 911 ι
682 858 815 914 Vide
840 875 970 932 ergo
993 874 1253 933 quantam
1285 864 1341 917 in
1372 879 1493 919 sese
1523 864 1717 918 habeat
1746 863 1998 919 virtutem

420 949 567 1018 quod
596 948 898 1020 perfectum
945 960 1063 1020 est,
1099 962 1153 1009 et
1184 954 1342 1023 cujus
1391 955 1461 1010 sit
1491 954 1699 1010 ordinis
1734 956 1835 1011 ista
1879 972 2001 1026 per-

421 1035 602 1091 fectio.
641 1038 795 1095 Dicat
840 1050 1019 1097 autem
1057 1043 1161 1099 iste
1190 1059 1353 1115 quam
1396 1046 1726 1101 destruxerit
1767 1047 2000 1117 prophe-

420 1128 552 1182 tiam
579 1127 891 1186 Iudaeorum
920 1148 985 1189 ac
1008 1132 1383 1201 Hebraeorum,
1412 1152 1507 1191 seu
1536 1137 1612 1209 (l)
1640 1137 1854 1209 linguas
1884 1154 2001 1192 ces-

420 1233 543 1274 sare
573 1217 698 1276 fecit
727 1220 1063 1288 Graecorum,
1093 1236 1188 1281 aut
1220 1243 1410 1282 eorum
1451 1228 1545 1298 qui
1589 1229 1733 1284 idola
1781 1230 1996 1295 colunt,

419 1313 502 1366 vel
547 1328 669 1382 qua:
710 1309 1108 1389 alia‘dogmata
1151 1320 1444 1385 destruxit,
1489 1320 1875 1390 Valentiniani,
1907 1333 2001 1377 aut

418 1400 733 1472 Marcionis,
775 1416 870 1462 aut
910 1407 1158 1472 Tatiani,
1187 1420 1281 1465 aut
1307 1410 1526 1466 Sabellii
1572 1421 2001 1482 caeterorumque

418 1494 514 1563 qui
547 1499 822 1566 propriam
854 1500 1214 1571 sibimetipsis
1237 1502 1522 1558 scientiam
1549 1513 1995 1574 composuerunt.

419 1583 593 1650 Quem
630 1588 827 1641 horum
862 1589 1150 1658 destruxit,
1180 1592 1344 1656 dicat,
1370 1601 1465 1648 aut
1489 1594 1710 1665 quando
1736 1595 1997 1661 destruet,

417 1676 576 1746 quasi
608 1677 919 1747 perfectus?
952 1679 1207 1738 Inducias
1236 1683 1486 1741 fortassis
1519 1687 1731 1757 aliquas
1770 1688 2002 1758 quaerit?

416 1765 536 1823 Non
564 1770 745 1839 plane,
781 1786 889 1826 non
919 1782 1030 1828 tam
1066 1773 1144 1845 (2)
1174 1777 1410 1832 obscure
1450 1787 1505 1833 et
1550 1779 1862 1848 ignobiliter
1900 1780 1998 1834 ad-

416 1861 598 1916 veniet
623 1863 729 1930 ille,
765 1865 858 1935 qui
894 1865 1167 1935 perfectus
1190 1878 1314 1937 est,
1344 1870 1399 1926 id
1429 1878 1514 1927 est
1552 1870 1711 1945 Iesus
1747 1872 1999 1928 Christus

2104 777 2265 853 ticos,
2307 778 2388 833 sic
2425 788 2484 833 ut
2506 779 2665 834 istius
2706 782 3110 851 comparatione
3144 782 3242 854 (6),
3277 784 3371 854 qui
3406 784 3553 839 velut
3590 785 3675 838 in-

2101 870 2316 925 tellectu
2347 872 2533 941 aliquo
2577 872 2662 928 usi
2695 882 2843 939 sunt,
2890 875 2984 943 qui
3016 874 3267 929 videntur
3307 875 3414 930 sibi
3456 891 3676 930 omnem

2103 958 2439 1029 Scripturam
2490 974 2654 1029 posse
2706 962 3037 1033 intelligere,
3087 972 3142 1017 et
3191 963 3265 1017 ita
3317 978 3377 1019 se
3423 964 3677 1020 ductores

2102 1057 2408 1104 statuerunt
2439 1051 2507 1105 iis
2537 1051 2630 1121 qui
2681 1052 2759 1121 (7)
2796 1067 2854 1107 se
2891 1052 3081 1106 audire
3118 1055 3449 1120 voluissent;
3492 1054 3676 1107 nullus

2101 1148 2281 1196 tamen
2311 1142 2551 1211 ipsorum
2585 1159 2753 1199 ausus
2789 1153 2874 1199 est
2915 1144 3085 1199 Deum
3132 1160 3191 1199 se
3232 1145 3547 1215 praedicare,
3592 1145 3674 1199 vel

2101 1231 2402 1300 Christum,
2434 1236 2516 1290 vel
2546 1234 2909 1301 Paraclctum,
2939 1236 3082 1292 sicut
3114 1237 3237 1300 iste,
3265 1237 3358 1307 qui
3383 1236 3677 1306 aliquando

2100 1323 2317 1393 quidem
2376 1324 2443 1379 de
2487 1326 2701 1380 szeculis
2755 1325 3015 1395 disputat,
3066 1326 3363 1396 aliquando
3410 1326 3478 1382 de
3533 1326 3671 1394 sole,

2100 1414 2380 1483 quomodo
2404 1413 2541 1470 facta
2575 1416 2706 1481 sint,
2725 1424 2982 1486 tanquam
3006 1417 3181 1487 major
3206 1416 3322 1487 ipse
3348 1417 3421 1473 sit
3442 1431 3630 1471 eorum
3656 1434 3674 1481 ;

2101 1506 2281 1560 omnis
2309 1506 2455 1561 enim
2492 1507 2584 1577 qui
2626 1506 2693 1562 de
2729 1508 2912 1578 aliquo
2933 1509 3155 1578 exponit
3185 1507 3459 1577 quomodo
3500 1506 3676 1562 factus

2101 1596 2191 1661 sit,
2224 1596 2485 1666 majorem
2518 1612 2576 1653 se
2608 1605 2663 1652 et
2692 1598 3054 1667 antiquiorem
3078 1597 3312 1653 ostendit
3346 1613 3488 1662 esse,
3512 1613 3676 1668 quam

2100 1694 2185 1740 est
2223 1685 2312 1740 ille
2351 1686 2419 1740 de
2459 1700 2569 1755 quo
2609 1686 2759 1741 dicit.
2802 1684 2936 1752 Quis
2969 1696 3147 1741 autem
3187 1696 3241 1742 et
3277 1686 3344 1741 de
3373 1686 3677 1741 substantia

2102 1775 2198 1831 Dei
2224 1776 2406 1831 dicere
2438 1777 2653 1843 audeat,
2687 1777 2790 1832 nisi
2818 1777 2961 1833 forte
2997 1779 3146 1834 solus
3189 1776 3452 1832 Dominus
3493 1786 3680 1832 noster

2100 1867 2263 1924 Jesus
2290 1868 2578 1925 Christus?
2615 1868 2748 1935 Quae
2778 1869 3000 1939 quidem
3028 1885 3128 1941 ego
3156 1884 3263 1924 non
3298 1885 3365 1923 ex
3393 1870 3529 1923 meis
3551 1884 3676 1922 ver-

421 1950 689 2009 Dominns
717 1963 922 2010 noster.
961 1956 1067 2013 Sed
1095 1958 1236 2014 sicut
1259 1976 1354 2016 rex
1383 1961 1679 2019 adveniens
1704 1964 1770 2018 ad
1803 1964 1990 2019 urbem
2028 1949 2065 2004 Ιῖ
2095 1960 2180 2015 bis
2205 1966 2415 2027 astruo,
2444 1960 2537 2014 sed
2570 1959 2862 2028 Scriptura:
2889 1976 3010 2030 quae
3028 1960 3141 2030 fnos
3174 1959 3415 2022 edocuit,
3439 1959 3679 2013 auctori-

418 2058 599 2110 suam,
630 2046 911 2115 praemittit
943 2050 1121 2119 primo
1154 2062 1490 2122 protectores
1522 2069 1652 2110 suos
1692 2055 1794 2125 (5),
1819 2055 1992 2123 signa,

418 2133 708 2206 dracones,
756 2137 995 2207 labaros,
1038 2141 1227 2211 duces,
1272 2145 1565 2216 principes,
1598 2145 1901 2216 praefectos,
1943 2157 1998 2204 et

418 2228 677 2284 universa
727 2230 987 2289 continuo
1036 2246 1480 2303 commoventur,
1520 2238 1643 2293 aliis
1688 2254 1821 2294 vero
1884 2255 2000 2296 me—

416 2322 716 2388 tuentibus,
750 2324 872 2381 aliis
900 2342 1032 2381 vero
1074 2328 1436 2399 gaudentibus
1457 2345 1557 2400 pro
1590 2333 1998 2403 exspectatione

416 2414 561 2484 regis
588 2432 602 2468 :
634 2414 708 2469 ita
731 2426 785 2470 et
810 2415 1075 2475 Dominus
1107 2435 1265 2475 meus
1292 2418 1452 2475 Jesus
1488 2420 1581 2491 qui
1608 2432 1690 2476 est
1725 2438 1851 2478 vere
1872 2439 1998 2493 per-

426 2502 624 2572 fectus,
655 2507 950 2564 adveniens
978 2510 1257 2580 praemittit
1283 2512 1336 2565 in
1364 2511 1541 2581 primo
1564 2513 1789 2583 gloriam
1820 2530 1996 2579 suam,

421 2598 839 2655 incontaminati
884 2610 1048 2672 atque
1076 2602 1410 2659 immaculati
1440 2605 1593 2675 regni
1623 2608 2001 2676 praedicatores

419 2699 705 2758 sacratos;
733 2700 788 2746 et
817 2701 948 2748 tunc
979 2693 1236 2750 universa
1268 2702 1523 2750 creatura
1550 2697 2000 2761 commovebitur,

415 2788 471 2834 et
493 2782 930 2848 conturbabitur,
953 2784 1266 2853 supplicans
1282 2792 1447 2854 atque
1468 2785 1784 2852 obsecrans,
1804 2801 2003 2857 usque-

416 2885 525 2942 quo
546 2887 665 2927 eam
693 2874 950 2929 servitute
973 2875 1178 2930 liberet.
1207 2874 1514 2931 Humanum
1540 2892 1667 2933 vero
1690 2893 1863 2948 genus
1891 2893 2005 2933 me—

418 2970 535 3017 tuat
555 2979 776 3019 necesse
798 2975 902 3030 est,
943 2974 997 3021 et
1019 2967 1481 3037 quamplurimum
1532 2970 1885 3024 conturbetur
1904 2968 2002 3041 (4),

414 3066 515 3122 pro
539 3067 604 3106 eo
636 3054 780 3122 quod
813 3055 983 3109 multa
1003 3055 1195 3111 delicta
1215 3058 1577 3125 commiserit;
1603 3058 1704 3113 soli
1729 3075 1857 3116 vero
1872 3059 2004 3130 justi

416 3139 765 3211 laetabuntur,
802 3154 1180 3216 exspectantes
1228 3163 1351 3217 quae
1398 3149 1501 3205 sibi
1540 3150 1810 3220 promissa
1846 3160 2003 3216 sunt;

419 3249 522 3289 nec
556 3235 699 3290 ultra
731 3237 1131 3293 mundanarum
1166 3255 1351 3294 rerum
1383 3241 1688 3297 substantia
1716 3258 2000 3313 permaneo
2025 3279 2069 3313 ,η

419 3329 522 3396 bit,
558 3331 742 3386 omnia
780 3331 1152 3398 destruentur,
1184 3333 1300 3389 sive
1326 3335 1623 3405 prephetiaa
1654 3336 1770 3391 sive
1800 3336 1998 3391 borum

417 3422 563 3489 libri,
597 3424 711 3478 sive
742 3424 940 3495 lingua:
970 3426 1136 3480 totius
1164 3427 1381 3496 generis
1408 3429 1723 3497 cessabunt,
1758 3445 1824 3485 eo
1854 3429 1999 3499 quod

416 3509 558 3563 ultra
588 3525 696 3564 non
722 3520 916 3581 egeant
945 3511 1166 3567 solliciti
1209 3526 1331 3568 esse
1363 3513 1634 3583 homines,
1668 3523 1722 3570 et
1762 3515 2001 3586 cogitare

416 3598 485 3653 de
519 3598 604 3653 his
635 3614 757 3668 quae
790 3598 860 3654 ad
891 3600 1059 3656 vitam
1091 3603 1399 3658 necessaria
1438 3612 1586 3672 sunt,
1628 3605 1744 3660 sive
1775 3606 2002 3661 scicntia

416 3703 875 3761 quorumcunque
927 3691 1215 3749 doctorum
1266 3695 1430 3749 etiam
1476 3695 1594 3766 ipsa
1642 3696 2000 3753 destruetur:

419 3778 557 3833 nihil
589 3779 735 3835 enim
770 3780 968 3837 horum
1001 3783 1230 3840 sufferre
1266 3785 1468 3855 poterit
1512 3787 1697 3857 magni
1742 3787 1890 3842 illius
1918 3804 2004 3843 re-

422 3872 506 3945 gis
540 3875 853 3929 adventum.
889 3874 1045 3931 Sicut
1071 3877 1217 3933 enim
1249 3893 1415 3946 parva
1453 3878 1687 3934 scintilla
1715 3878 1785 3933 ad
1823 3879 2005 3949 splen-

418 3965 607 4019 dorem
643 3966 775 4021 solis
814 3965 1034 4021 admota
1066 3970 1388 4035 assumitur,
1418 3969 1564 4025 illico
1598 3985 1709 4023 non
1741 3980 1999 4040 apparet;

419 4058 496 4113 ita
546 4059 801 4115 universa
864 4067 1150 4127 creatura,
1212 4061 1393 4114 omnis
1426 4061 1748 4131 prophetia,
1806 4068 2001 4116 cuncta

421 4149 668 4216 scientia,
721 4150 989 4205 universae
1022 4150 1241 4220 linguae,
1277 4128 1701 4221 sicut‘superius
1734 4151 1998 4218 diximus,

419 4242 791 4297 destruentur.
850 4240 958 4297 Sed
1010 4241 1139 4311 quia
1190 4241 1430 4298 caelestis
1477 4242 1623 4313 regis
1654 4243 1999 4312 praesentiam

419 4331 611 4402 paucis
650 4333 850 4399 verbis,
879 4341 934 4387 et
973 4332 1253 4405 fragilibus
1283 4343 1337 4389 et
1380 4334 1533 4389 valde
1576 4333 1807 4389 infirmis
1837 4349 2001 4402 expo-

423 4435 551 4475 nere
579 4436 685 4476 non
717 4421 859 4477 valet
888 4423 1126 4477 humana
1156 4432 1351 4478 natura
1370 4465 1386 4490 ,
1431 4430 1492 4479 ut
1524 4421 1757 4479 fortasse
1785 4432 2003 4478 sancto-

421 4527 545 4566 rum
575 4512 774 4568 debeat
805 4528 932 4569 esse
961 4524 1016 4569 et
1042 4515 1198 4570 valde
1226 4515 1514 4584 dignorum
1540 4514 1606 4570 de
1640 4514 1762 4585 ipso
1798 4514 2001 4584 aliquid

2099 2061 2210 2107 tate
2235 2052 2528 2120 conﬁrmo;
2562 2054 2823 2123 quoniam
2870 2052 3088 2121 quidem
3126 2063 3180 2108 et
3223 2051 3517 2123 Apostolus
3546 2051 3677 2107 dicit

2098 2143 2167 2198 ad
2193 2158 2292 2199 nos
2319 2162 2332 2197 :
2363 2161 2382 2195 ‹
2419 2140 2489 2198 Ut
2517 2143 2639 2198 sitis
2683 2143 2827 2199 sicut
2860 2143 3153 2198 luminaria
3195 2145 3251 2197 in
3305 2142 3412 2199 hoc
3451 2143 3678 2208 mundo,

2099 2233 2323 2287 verbum
2351 2232 2474 2287 vitae
2500 2232 2843 2288 continentes
2871 2232 2939 2287 ad
2979 2232 3206 2303 gloriam
3236 2247 3414 2288 meam
3450 2233 3504 2286 in
3534 2232 3678 2287 diem

2099 2323 2325 2389 Christi,
2368 2322 2627 2392 quoniam
2670 2339 2781 2378 non
2832 2324 2888 2378 in
2929 2338 3162 2379 vacuum
3203 2324 3442 2390 cucurri,
3480 2339 3581 2379 nec
3621 2325 3677 2379 in

2102 2429 2332 2468 vacuum
2362 2413 2603 2467 laboravi
2631 2413 2696 2468 ¹³.
2741 2431 2760 2465 ι
2807 2413 3113 2484 Intelligere
3159 2414 3424 2468 debemus
3454 2430 3576 2484 quae
3610 2414 3681 2469 sit

2101 2506 2185 2560 vis
2226 2512 2280 2558 et
2322 2504 2463 2558 ratio
2510 2504 2781 2559 sermonis
2829 2503 3026 2571 hujus;
3062 2504 3287 2560 verbum
3332 2505 3476 2558 enim
3522 2505 3680 2559 ducis

2102 2595 2308 2650 obtinet
2340 2594 2545 2659 locum,
2575 2609 2737 2663 opera
2765 2610 2897 2649 vero
2928 2595 3072 2665 regis
3105 2593 3203 2665 (8).
3238 2594 3392 2649 Sicut
3417 2610 3545 2665 ergo
3576 2597 3681 2649 ali-

2104 2687 2228 2756 quis
2256 2686 2369 2757 regi
2398 2700 2501 2741 suo
2530 2686 2861 2753 adventanti,
2898 2700 3089 2741 omnes
3122 2686 3216 2757 qui
3264 2686 3368 2741 sub
3409 2701 3542 2742 cura
3580 2701 3680 2741 sua

2105 2784 2255 2845 sunt,
2283 2776 2463 2833 studet
2496 2774 2833 2843 obcdientes,
2865 2786 3080 2845 paratos
3119 2785 3174 2830 et
3211 2777 3408 2832 charos
3450 2777 3682 2833 hilares-

2104 2883 2211 2940 que
2245 2869 2530 2925 ostendere
2553 2885 2618 2925 ac
2643 2869 2887 2935 devotos,
2918 2870 3012 2924 sed
3050 2870 3213 2925 etiam
3260 2870 3577 2926 innocentes
3614 2885 3681 2926 ac

2106 2960 2266 3014 bonis
2290 2961 2547 3016 omnibus
2571 2961 2934 3027 abundantes,
2974 2971 3036 3017 ut
3076 2962 3195 3033 ipse
3235 2961 3450 3017 laudem
3482 2974 3681 3017 conse-

2107 3058 2308 3120 quatur
2335 3065 2367 3104 a
2397 3066 2540 3119 rege,
2572 3060 2625 3106 et
2657 3051 2864 3122 majore
2891 3053 2959 3107 ab
3005 3067 3072 3108 eo
3116 3052 3321 3108 honore
3349 3053 3546 3124 dignus
3580 3054 3680 3107 lia-

2108 3142 2319 3209 beatur,
2355 3152 2613 3214 tanquam
2644 3142 2781 3199 bene
2804 3144 3104 3215 gubernata
3137 3160 3259 3215 quae
3287 3144 3386 3200 sibi
3419 3154 3504 3201 est
3530 3160 3681 3200 eom-

2108 3232 2274 3288 missa
2310 3234 2593 3303 provincia
2621 3253 2634 3288 :
2661 3234 2735 3288 ita
2763 3230 2817 3289 et
2844 3234 3037 3290 beatus
3056 3233 3259 3291 Paulus
3279 3235 3412 3290 dicit
3440 3235 3509 3290 ad
3536 3250 3636 3291 nos
3662 3254 3677 3291 :

2108 3341 2127 3375 ι
2160 3321 2227 3378 Ut
2261 3324 2382 3379 sitis
2421 3325 2571 3379 velut
2616 3324 2908 3379 luminaria
2956 3326 3010 3380 in
3054 3326 3159 3381 hoc
3191 3327 3418 3393 mundo,
3451 3327 3682 3383 verbum

2101 3415 2225 3471 vitae
2253 3416 2593 3473 continentes
2640 3417 2707 3471 ad
2749 3417 2981 3486 gloriam
3029 3433 3206 3473 meam
3252 3419 3307 3473 in
3353 3419 3497 3474 diem
3520 3418 3681 3474 Chri-

2102 3508 2172 3563 sti
2195 3508 2257 3561 ".
2288 3527 2308 3561 ι
2340 3507 2563 3563 Scilicet
2583 3508 2729 3578 quod
2754 3506 3023 3565 Dominus
3047 3518 3233 3565 noster
3252 3509 3411 3566 Jesus
3428 3510 3683 3567 Christus

2102 3598 2351 3667 veniens,
2379 3600 2561 3656 videat
2586 3598 2884 3671 profecisse
2910 3600 3213 3656 doctrinam
3250 3602 3369 3672 ejus
3401 3601 3457 3657 in
3490 3603 3680 3670 nobis;

2101 3700 2155 3747 et
2181 3692 2309 3763 quia
2334 3708 2443 3748 non
2474 3693 2530 3747 in
2561 3708 2795 3748 vacuum
2829 3694 3093 3760 cucurrit,
3124 3709 3226 3749 nec
3253 3694 3308 3748 in
3338 3709 3573 3748 vacuum
3600 3695 3682 3749 la-

2103 3781 2338 3849 boravit,
2363 3780 2629 3837 retribuat
2673 3783 2724 3837 ei
2766 3783 3006 3839 debitam
3052 3797 3338 3838 coronam.
3381 3780 3447 3837 Et
3488 3798 3683 3840 rursus

2102 3888 2322 3945 quoque
2360 3875 2417 3928 in
2464 3874 2654 3929 eadem
2700 3874 2932 3944 epistola
2967 3882 3279 3929 commonet
3309 3888 3432 3938 nos,
3472 3888 3540 3929 ne
3569 3885 3682 3929 term

2103 3978 2233 4017 reua
2272 3964 2574 4034 sapiamus,
2592 3963 2686 4019 sed
2718 3962 3190 4018 conversationem
3216 3972 3457 4017 nostram
3484 3964 3683 4020 debere

2100 4066 2222 4109 esse
2252 4052 2306 4106 in
2344 4052 2498 4108 caelis
2523 4052 2588 4119 ";
2626 4052 2770 4107 unde
2816 4060 2872 4107 et
2918 4051 3254 4107 Salvatorem
3298 4064 3681 4123 exspectamus

2101 4142 2393 4198 Dominum
2438 4151 2689 4198 nostrum
2737 4141 2920 4198 Jesum
2960 4142 3264 4198 Christum.
3318 4143 3386 4198 Et
3418 4147 3681 4215 quoniam

2102 4233 2260 4290 nobis
2293 4250 2401 4288 non
2431 4242 2516 4290 est
2548 4243 2724 4290 tutum
2768 4234 2912 4290 scire
2943 4234 3192 4291 ultimam
3222 4235 3390 4303 diem,
3423 4236 3676 4306 designa-

2100 4325 2180 4379 vit
2200 4325 2268 4395 .in
2296 4321 2539 4394 Epistola
2577 4341 2741 4396 quam
2781 4327 2972 4386 scribit
3011 4327 3079 4383 ad
3119 4326 3635 4384 Thessalonicenses
3658 4366 3674 4383 .

2108 4436 2127 4471 ε
2160 4415 2234 4472 De
2263 4417 2599 4487 temporibus
2628 4426 2808 4474 autem
2848 4427 2902 4473 et
2941 4420 3254 4485 momentis,
3300 4419 3517 4484 fratres,
3564 4433 3677 4473 non

2103 4508 2315 4564 habetis
2344 4521 2506 4577 Opus,
2545 4516 2609 4563 ut
2647 4508 2851 4579 aliquid
2895 4508 3051 4563 vobis
3094 4510 3358 4575 scribam;
3393 4508 3496 4579 ipsi
3527 4509 3677 4564 enim

422 4618 713 4671 enarrare;
748 4613 927 4659 tamen
963 4606 1305 4661 necessitatis
1334 4621 1524 4673 causa,
1555 4606 1660 4661 ista
1689 4620 1776 4661 me
1802 4605 2000 4661 sullicit
2029 4632 2074 4688 ο
2102 4600 2389 4671 diligenter
2440 4599 2628 4665 scitis.
2678 4600 2805 4669 quia
2850 4597 2969 4654 dies
3018 4600 3254 4666 Domini.
3302 4601 3448 4658 Sicut
3495 4600 3579 4654 Γυτ
3620 4601 3677 4654 in

423 4698 737 4767 protulisse,
762 4698 927 4769 hujus
941 4699 1353 4770 importunitate
1369 4701 1732 4772 compulsum,
1750 4709 1811 4756 ut
1830 4702 1994 4757 istum

422 4791 578 4846 vobis
609 4792 789 4861 qualis
814 4800 959 4847 esset
981 4794 1346 4849 ostenderem.

492 4949 540 4985 “
578 4949 757 5007 lCor.
800 4968 924 5018 xm,
966 4952 1122 5008 8-l0.
1200 4953 1246 4986 ⁸³
1280 4951 1513 5026 Philipp.
1552 4971 1611 5021 ιι,
1648 4954 1734 5009 I5.
1814 4956 1856 4987 ί*
1893 4954 2027 5012 Ibid.

494 5138 572 5281 ξι)
611 5139 668 5194 1η
702 5139 986 5199 Casinensi
1017 5152 1122 5203 est.
1151 5161 1171 5194 ι
1201 5142 1317 5209 sed,
1354 5162 1372 5194 ι
1409 5158 1573 5212 prava
1602 5143 1783 5201 lectio.

517 5210 574 5280 2)
613 5211 796 5266 Codex
840 5212 1175 5277 Casiaensis,
1211 5232 1229 5264 ‹
1259 5229 1367 5267 non
1418 5213 1577 5281 plane
1626 5224 1777 5269 nota.

517 5210 574 5282 2)
613 5211 796 5266 Codex
840 5212 1175 5277 Casiaensis,
1211 5232 1229 5264 ι
1259 5229 1367 5267 non
1412 5210 1577 5282 plane
1626 5224 1777 5269 nota.
1823 5233 1842 5268 ι
1876 5213 1999 5269 lSed

423 5281 661 5356 omissas
695 5283 764 5335 ab
795 5284 1063 5356 oscitante
1099 5285 1321 5338 librario
1369 5281 1845 5356 lineolasicensui,
1880 5301 2001 5356 quae

423 5351 706 5423 vocalibus
736 5354 1089 5422 superpositae
1121 5363 1486 5423 consonantes
1509 5354 1877 5423 designarent.

429 5422 573 5543 Γ’(5)
616 5420 692 5502 De
734 5420 819 5477 his
862 5420 967 5476 late
1000 5433 1121 5493 post
1161 5421 1553 5478 Gothofredum
1599 5420 1912 5495 Ducangius
1946 5424 2002 5479 in

453 5518 470 5541 ι
498 5507 719 5544 οδδανιο.

500 5529 888 5631 ξλῖίιιυέοᾱίοθ
908 5560 1194 5617 Casinensi
1216 5600 1232 5625 ,
1263 5579 1283 5615 ι
1318 5570 1373 5618 et
1401 5576 1526 5617 cum
1557 5562 1849 5633 plurimum
1872 5577 2004 5618 con-

427 5632 695 5686 turbetur.
736 5650 755 5684 t
1560 5632 1571 5633 ί

501 5701 579 5768 (5)
620 5699 1059 5756 Valentinianum
1088 5709 1276 5764 vocat,
1313 5716 1475 5772 quem
1513 5703 1604 5757 alii
1653 5700 2006 5759 Valentinum

429 5772 736 5894 nomcilr‘mnt,
768 5772 1032 5829 celebrem
1059 5773 1476 5841 apostolieorum
1506 5780 1809 5844 temporum
1837 5775 2003 5830 haere-

431 5857 543 5896 siar
614 5857 722 5895 am.

500 5910 579 5980 ιϐ)
619 5913 677 5966 In
727 5912 912 5970 codice
954 5913 1239 5969 Casiuensi
1271 5920 1380 5985 est,
1412 5932 1431 5967 ‹
1463 5914 1605 5971 sicut
1650 5914 1811 5971 istius
1843 5930 2004 5987 para-

2102 4704 2281 4760 nocte,
2307 4696 2380 4749 ita
2415 4693 2596 4748 veniet
2620 4693 2708 4748 ¹⁵’.
2743 4713 2762 4747 ι
2794 4692 2861 4748 Ει
2895 4694 3171 4765 quomodo
3202 4710 3348 4751 nunc
3389 4704 3529 4749 astat
3575 4695 3678 4747 iste

2102 4790 2454 4863 persuadens,
2489 4796 2546 4842 et
2585 4804 2785 4860 rogans
2830 4805 3274 4860 unumquemque
3316 4790 3676 4844 maniehzeunt

2121 4954 2165 4987 ¹⁶
2205 4949 2435 5019 Philipp.
2472 4964 2566 5015 ιιι,
2620 4949 2709 5004 l9.
2788 4952 2853 4983 “‘
2894 4951 2911 5005 Ι
2947 4949 3192 5007 Thessal.
3221 4966 3274 5016 v,
3308 4946 3358 5014 ί,
3392 4950 3447 5003 2.

2098 5143 2268 5198 tione.
2299 5158 2318 5192 ι
2352 5137 2458 5194 Sed
2500 5137 2808 5208 legendum,
2840 5155 2860 5189 ς
2902 5137 3080 5208 sicut
3125 5137 3676 5208 istiuscomparatio—

2101 5228 2187 5268 ne.
2222 5230 2241 5264 ι
2273 5206 2573 5264 Archelaus
2593 5207 2738 5262 enim
2770 5208 2955 5262 beatos
2985 5206 3115 5263 facit
3142 5206 3467 5261 Marcionem
3511 5208 3675 5263 alios-

2110 5297 2218 5354 que
2243 5279 2576 5354 haereticosL
2610 5291 2725 5354 non
2763 5277 3029 5354 quodita
3069 5278 3137 5332 de
3177 5277 3284 5331 illis
3330 5278 3675 5354 sentiendum

2104 5347 2204 5418 sit;
2235 5349 2504 5426 sedquod
2532 5347 2729 5426 Maneti
2760 5347 3111 5403 insanisslmo
3133 5347 3454 5416 comparati,
3491 5347 3674 5403 minus
3757 5406 3781 5426 η

2104 5436 2289 5478 errare
2318 5418 2808 5488 deprehendantur.

2177 5491 2255 5560 (7)
2294 5486 2597 5560 Casinensi,
2632 5505 2652 5537 ε
2695 5488 2768 5541 ita
2798 5486 3111 5560 seductores
3142 5492 3469 5560 statuerunt,
3502 5486 3616 5555 qui.
3649 5504 3694 5537 ιΔ

2177 5557 2254 5632 (8)
2289 5559 2403 5632 Cur
2426 5559 2542 5632 haec
2572 5571 2699 5612 cum
2730 5557 3155 5632 praecedentibus
3186 5571 3292 5632 non
3340 5557 3670 5632 cohaereant,

2103 5624 2628 5700 vide'praefationem
2655 5624 2980 5700 nostram'jn
3019 5626 3296 5700 Archelao.
3338 5624 3674 5700 Sensus_au-

2104 5712 2212 5758 tem
2243 5695 2368 5755 esse
2408 5699 2642 5763 videtur,
2689 5698 2860 5754 solius
2900 5695 3095 5768 Regis,
3148 5697 3369 5767 perfecti
3428 5695 3678 5768 videlicet

2104 5774 2251 5827 illius
2285 5769 2379 5840 qui
2425 5777 2961 5840 exspectatunopus
2989 5766 3150 5832 ‘esse,
3184 5768 3477 5840 hominum
3523 5766 3678 5840 ignog

2107 5837 2359 5904 rantiarn,
2396 5848 2454 5891 ut
2501 5847 2657 5909 antea
2700 5838 2867 5903 dixit,
2905 5840 3118 5909 penitus
3168 5837 3482 5904 destruere,
3529 5837 3686 5908 quod.

2104 5927 2214 5967 non
2241 5910 2567 5981 praestiterat
2594 5907 2793 5964 Manes.
