4090 6390
444 488 576 546 “91

1427 483 1614 540 ACTA
1652 481 2182 541 DISPUTATIONIS
2217 480 2273 535 S.
2315 476 2658 535 ARCHELAI

3545 475 3686 533 “92

441 610 605 676 elllci,
627 619 683 665 et
704 608 1083 673 circumvenit,
1112 616 1167 662 et
1192 606 1493 677 ingreditur
1524 608 1737 672 domos,
1766 606 2015 675 decipere
2047 612 2088 666 Α
2119 603 2307 657 chelao
2341 599 2573 656 traditur
2620 613 2651 651 a
2700 594 2971 654 Marcello.
2998 593 3176 665 ’quem
3220 608 3346 648 cum
3394 592 3684 649 diaconum

444 716 697 772 quaerens
717 701 927 755 animas
959 707 1214 755 oneratas
1248 700 1487 769 peccatis
1504 698 1547 730 ¹⁶
1570 700 1593 753 Ἰ
1643 697 1745 753 Sed
1780 714 1878 753 nos
1906 712 2017 751 non

444 796 522 850 ita
553 794 861 857 sentimus;
896 792 1029 862 quin
1060 792 1245 861 potius
1283 807 1371 847 res
1408 792 1555 861 ipsas
1577 791 1920 862 proferamus
1960 789 2015 843 in

444 886 705 951 medium,
736 894 788 941 et
833 884 1218 952 conferamus,
1270 884 1316 939 si
1368 886 1563 954 placet,
1612 884 1678 938 ad
1721 883 2013 953 perfectum

447 975 807 1033 Paracletum.
832 975 1039 1032 Videtis
1069 977 1214 1031 enim
1244 976 1374 1046 quia
1402 976 1672 1031 interdum
1700 976 2013 1045 interrogat,

444 1083 842 1137 nonnunquam
868 1068 1209 1137 deprecatur.
1243 1066 1349 1121 Sed
1367 1067 1628 1136 scriptum
1651 1075 1735 1121 est
1762 1066 1816 1119 in
1842 1065 2017 1118 Evan-

444 1158 584 1227 gelio
617 1156 915 1214 Salvatoris
964 1159 1162 1223 nostri,
1200 1159 1327 1228 quia
1368 1166 1424 1213 et
1462 1156 1539 1211 illi
1581 1158 1734 1227 quia
1778 1156 2016 1210 sinistris

443 1249 588 1320 regis
622 1250 910 1316 assistunt,
940 1250 1161 1304 dicent:
1200 1266 1219 1300 ι
1252 1248 1500 1315 Domine,
1534 1248 1754 1318 quando
1792 1257 1844 1302 te
1880 1247 2014 1302 vidi-

443 1355 569 1395 mus
601 1344 960 1405 esurientem,
1006 1350 1100 1395 aut
1145 1341 1445 1406 sitientem,
1491 1349 1586 1395 aut
1629 1340 1872 1406 nudum,
1924 1350 2019 1395 aut

443 1433 794 1502 peregrinum
819 1475 833 1498 ,
868 1442 964 1487 aut
997 1434 1052 1486 in
1089 1448 1306 1488 carcere
1329 1430 1429 1502 (9),
1455 1440 1510 1486 et
1535 1447 1641 1486 non
1682 1433 2018 1487 ministravi-

443 1540 570 1580 mus
617 1525 715 1579 tibi
745 1525 825 1579 ‘7?
872 1545 892 1578 ι
943 1534 1198 1596 rogantes
1251 1536 1311 1580 ut
1369 1525 1471 1579 sibi
1527 1524 1864 1595 indulgeret;
1920 1526 2014 1580 sed

442 1613 715 1686 quidiillis
748 1615 1423 1686 responditjustusjodex
1454 1613 1605 1669 Rex?
1630 1634 1648 1666 ι
1682 1615 1950 1671 Discedite
1986 1631 2015 1669 a

442 1718 531 1759 me
562 1704 618 1758 in
648 1706 828 1776 ignem
867 1715 1154 1771 aeternum,
1181 1704 1415 1777 operarii
1445 1704 1751 1774 iniquitatis
1773 1707 1834 1762 ⁸⁸.
1866 1726 1885 1759 ι
1911 1707 2017 1761 Ab-

438 1795 569 1866 iecit
593 1812 689 1853 eos
719 1798 772 1851 in
806 1808 1066 1852 :eternum
1114 1796 1313 1869 ignem,
1362 1811 1487 1849 cum
1540 1797 1615 1850 illi
1671 1812 1864 1867 rogare
1907 1812 2016 1850 non

441 1897 677 1942 cessent.
707 1886 963 1949 Videsne,
996 1886 1125 1956 quid
1161 1888 1232 1942 sit
1260 1886 1483 1957 perfecti
1514 1887 1676 1958 Regis
1715 1887 2015 1942 adventus?

441 1994 552 2032 non
580 1980 765 2046 talem,
799 1981 1016 2051 qualem
1060 1988 1116 2034 tu
1167 1981 1371 2037 asseris
1410 1980 1820 2051 perfectionem.
1860 1978 2015 2046 Quod
2047 1959 2091 2014 Β

441 2070 489 2124 si
519 2080 643 2140 post
672 2071 850 2140 ipsum
882 2072 1281 2140 exspectandus
1309 2084 1392 2128 est
1415 2072 1854 2151 magnusjudicii
1877 2072 2015 2134 dies,

442 2163 618 2218 multo
653 2165 842 2234 utique
874 2165 963 2220 hic
997 2166 1090 2221 illo
1127 2166 1352 2222 inferior
1374 2177 1477 2222 est.
1513 2164 1670 2230 Quod
1705 2164 1752 2220 si
1791 2163 2017 2218 inferior

439 2255 566 2319 erit,
597 2255 1004 2326 perfectus‘non
1048 2261 1172 2315 erit.
1209 2257 1266 2313 Si
1306 2257 1579 2330 perfectus
1609 2272 1717 2311 non
1752 2257 1875 2323 erit,
1906 2272 2016 2311 non

438 2347 508 2402 tle
538 2347 657 2417 ipso
683 2348 813 2403 dicit
841 2350 1155 2421 Apostolus.
1190 2349 1346 2416 Quod
1378 2349 1423 2404 si
1458 2364 1569 2404 non
1594 2342 1677 2403 ’de
1720 2349 1840 2419 ipso
1885 2349 2018 2402 dicit

439 2438 759 2507 Apostolus,
794 2439 897 2494 iste
929 2448 1108 2511 autem
1141 2425 1297 2495 dese
1327 2439 1532 2494 dictum
1575 2453 1698 2493 esse
1731 2438 2015 2504 mentitur,

436 2530 932 2600 pseudo-propheta
958 2526 1487 2601 tttiquejudicandus
1509 2539 1610 2585 est.
1644 2528 1746 2584 Sed
1770 2539 1824 2584 et
1846 2531 2015 2584 multa

439 2622 544 2677 alia
578 2622 774 2676 borum
807 2622 1008 2678 similia
1031 2623 1137 2677 dici
1169 2632 1432 2692 possunt;
1462 2635 1584 2691 qua;
1609 2620 1655 2675 si
1677 2621 1860 2674 omnia
1892 2635 2016 2691 per-

439 2712 594 2782 sequi
628 2712 880 2781 velimus,
914 2714 1120 2768 nullutn
1157 2715 1316 2769 nobis
1353 2723 1567 2784 tempus
1602 2713 1671 2768 ad
1697 2714 1883 2769 omnia
1910 2728 2013 2767 ex-

436 2803 630 2873 plenda
663 2803 912 2860 sufﬁciet.
951 2804 1099 2860 Unde
1126 2806 1405 2861 abundare
1431 2805 1739 2861 existimavi
1774 2805 1843 2859 de
1873 2804 2014 2858 mul-

434 2896 507 2951 tis
550 2912 721 2965 pauca
762 2898 985 2964 dixisse,
1032 2899 1276 2968 reliquas
1323 2907 1505 2968 partes
1548 2904 1813 2953 tractatus
1848 2896 2013 2967 hujus

433 2989 659 3058 exsequi
697 2990 1002 3046 volentibus
1034 2990 1439 3061 derelinquens.

504 3076 749 3133 XXXIX.
790 3077 886 3134 liis
934 3080 1135 3135 auditis
1178 3081 1443 3135 dederunt
1489 3079 1715 3150 gloriam
1761 3080 1872 3136 Deo
1904 3080 2010 3134 imo
2050 3142 2053 3147 ι

435 3185 706 3239 mensam,
731 3178 784 3224 et
819 3171 937 3239 ipso
977 3170 1230 3241 dignam;
1277 3171 1603 3225 Archelaum
1652 3186 1783 3226 vero
1823 3171 2011 3226 multis

434 3248 741 3317 honoribus
775 3262 1092 3318 aii’ecerunt.
1122 3262 1275 3318 Tunc
1302 3263 1587 3319 Marcellus
1615 3279 1931 3335 assurgens,
1957 3273 2011 3319 et

432 3354 603 3421 stolas
647 3352 760 3427 (10)
806 3368 1048 3421 exuens,
1094 3355 1397 3412 circumdat
1439 3355 1798 3421 Archelaum,
1848 3365 2012 3424 atque

432 3440 638 3510 osculis
675 3455 799 3494 eum
836 3442 1048 3497 deﬁxus
1094 3444 1456 3512 amplectitur,
1483 3452 1537 3499 et
1573 3444 1817 3515 inhaeret.
1857 3444 2012 3505 Tunc

431 3546 561 3585 vero
595 3530 853 3599 infantes,
886 3533 978 3602 qui
1010 3531 1150 3588 forte
1181 3546 1568 3600 convenerant,
1613 3536 1772 3605 primi
1806 3537 1860 3590 in
1892 3536 2008 3591 Ma—

431 3636 556 3674 nem
601 3621 801 3690 pellere
833 3636 898 3676 ac
945 3620 1132 3689 fugere
1163 3623 1276 3694 (ll)
1323 3632 1632 3693 coeperunt,
1670 3639 1811 3693 quos
1849 3628 2009 3680 turba

429 3708 640 3777 reliqua
672 3708 942 3775 insecuta,
974 3710 1268 3765 concitavit
1295 3727 1354 3766 se
1394 3712 1463 3766 ad
1494 3712 1858 3783 effugiendum
1892 3714 2008 3781 Ma:

430 3813 578 3853 nem.
614 3797 771 3865 Quod
816 3814 939 3854 cum
976 3800 1299 3878 pervidisset
1347 3802 1668 3868 Archelaus,
1705 3804 1908 3858 elevata
1950 3805 2004 3859 in

428 3891 653 3946 modum
685 3892 830 3947 tubae
858 3907 987 3947 voce
1013 3906 1133 3964 sua,
1163 3893 1564 3965 multitudinem
1598 3894 1826 3965 cupiens
1853 3895 2005 3950 cohi-

429 3986 579 4048 bere,
605 3986 681 4052 ait
708 4002 721 4039 :
755 3983 995 4052 Cessate,
1032 3984 1227 4041 fratres
1258 3986 1462 4050 dilecti,
1489 4002 1557 4041 ne
1589 3986 1727 4042 forte
1763 3988 1839 4042 rei
1879 4005 2007 4044 san-

428 4079 613 4150 guinis
642 4078 985 4151 inveniamur
1012 4078 1067 4132 in
1093 4078 1421 4148 diejudicil;
1458 4079 1721 4149 scriptum
1753 4090 1835 4135 est
1858 4066 2005 4135 enim

429 4169 499 4227 de
530 4172 750 4238 talibus,
780 4173 909 4241 quia
945 4190 963 4224 ι
993 4181 1207 4241 oportet
1234 4181 1287 4227 et
1312 4174 1544 4228 haereses
1572 4188 1695 4229 esse
1725 4175 1865 4229 inter
1884 4190 2005 4239 vos,

429 4271 492 4316 ut
511 4263 602 4333 qui
625 4264 836 4333 probati
854 4273 1002 4325 sunt,
1027 4262 1301 4319 manifesti
1331 4263 1463 4318 ﬁant
1504 4265 1644 4320 inter
1675 4281 1768 4322 vos
1789 4266 1853 4321 ‘9.
1902 4287 1922 4321 ι
1941 4267 2008 4341 Et

432 4354 523 4409 his
549 4354 727 4429 dictis,
759 4356 959 4411 sedatae
984 4364 1113 4411 sunt
1141 4356 1329 4411 turbae.
1361 4354 1631 4423 Quoniam
1654 4374 1782 4413 vero
1803 4359 2008 4430 placuit

429 4443 687 4500 Marcello
715 4445 1142 4516 disputationem
1175 4448 1317 4502 hanc
1346 4447 1520 4517 excipi
1551 4461 1713 4517 atque
1745 4451 2003 4524 describi,

429 4538 804 4593 contradicere
835 4554 942 4592 non
977 4540 1153 4609 potui,
1185 4540 1431 4596 confisus
1464 4541 1531 4595 de
1559 4541 1894 4612 benignitate
1923 4543 2003 4596 le-

2119 694 2420 749 Archelans
2454 692 2751 756 ordinaret,
2784 689 2838 743 in
2885 686 3120 741 Marcelli
3165 684 3521 741 contubernio
3563 700 3686 753 per-

2120 788 2406 842 severavit.
2427 784 2613 842 Manes
2635 794 2814 838 autem
2840 783 3053 852 fugiens
3072 781 3286 836 advenit
3307 781 3372 835 ad
3394 780 3685 850 quemdam

2116 879 2298 933 vicum
2349 877 2508 946 longe
2556 876 2624 929 ab
2672 874 2808 928 urbe
2854 873 3126 943 positum,
3171 871 3265 941 qui
3315 872 3686 941 appellabatur

2116 968 2357 1023 Diodori.
2415 966 2546 1021 Erat
2585 974 2765 1021 autem
2810 964 3090 1035 presbyter
3131 963 3237 1017 loci
3281 962 3426 1017 illius
3468 962 3688 1017 nomine

2116 1071 2170 1116 et
2193 1062 2309 1130 ipse
2345 1059 2614 1114 Diodorus
2644 1057 2777 1129 (l2),
2802 1057 3019 1127 quietus
3047 1063 3101 1109 ct
3138 1055 3305 1120 mitis,
3343 1053 3463 1108 ﬁdei
3501 1070 3579 1109 ac
3601 1054 3689 1108 faq

2119 1169 2221 1208 mae
2245 1154 2404 1207 bonae
2439 1151 2631 1205 valde:
2662 1158 2713 1204 et
2759 1164 2882 1204 cum
2916 1146 3150 1217 quadam
3194 1147 3282 1201 die
3326 1145 3529 1213 Manes,
3557 1162 3687 1201 eon-

2118 1250 2337 1314 gregata
2365 1240 2544 1305 turba,
2572 1238 2985 1294 concionaretur
3002 1234 3134 1306 (1'5),
3154 1251 3219 1290 ac
3241 1238 3522 1304 peregrina
3543 1252 3689 1304 quai-

2118 1336 2242 1389 dam
2266 1341 2320 1388 et
2352 1332 2529 1386 aliena
2561 1346 2591 1385 a
2619 1339 2843 1400 paterna
2878 1327 3167 1382 traditione
3198 1325 3394 1396 populo
3419 1326 3510 1395 qui
3538 1335 3687 1381 asta-

2119 1425 2213 1479 bat
2257 1430 2557 1486 assereret,
2598 1421 2807 1476 nullum
2857 1418 3081 1472 omnino
3129 1433 3196 1473 ex
3252 1417 3338 1472 his
3388 1416 3688 1473 formidans

2118 1512 2267 1582 quod
2289 1512 2392 1566 sibi
2417 1520 2602 1581 posset
2623 1510 2907 1573 obsistere,
2932 1508 3200 1562 Diodorus
3219 1506 3408 1561 videns
3429 1506 3689 1576 proiicere

2118 1608 2239 1674 ejus
2272 1605 2593 1676 nequitiam,
2625 1604 2888 1659 deliberat
2911 1602 3183 1657 Archelao
3228 1600 3443 1656 mittere
3486 1603 3693 1672 episto-

2120 1694 2251 1760 lam,
2282 1697 2647 1751 continentem
2684 1696 2817 1748 baec.
3189 1706 3192 1710 λ

2329 1802 2604 1842 Αιιειιειιιο
2633 1799 2883 1842 EPISCOPO
2908 1800 3171 1841 ιιιοιιοιιιιε
3200 1801 3247 1841 s.
3278 1801 3332 1840 ι).
3363 1785 3502 1856 (id).

2193 1877 2307 1932 XL.
2350 1877 2502 1934 Scire
2532 1887 2583 1933 te
2602 1879 2746 1945 volo,
2775 1876 3183 1947 religiosissime
3215 1876 3396 1942 Pater,
3429 1876 3690 1947 quoniam

2118 1973 2337 2027 advenit
2365 1973 2588 2042 quidam
2622 1973 2676 2026 in
2707 1970 2900 2026 diebus
2942 1969 3079 2035 istis,
3125 1969 3346 2023 nomine
3376 1968 3585 2036 Manes,
3619 1971 3688 2024 ad

2117 2063 2237 2117 loca
2272 2073 2482 2125 nostra,
2516 2063 2608 2132 qui
2638 2058 2775 2115 Novi
2809 2057 3146 2113 Testamenti
3174 2059 3477 2115 doctrinam
3509 2075 3567 2115 se
3588 2061 3690 2115 ad-

2117 2155 2342 2224 implere
2374 2154 2659 2224 promittit.
2697 2152 2762 2207 Et
2793 2153 3012 2223 quidem
3046 2159 3205 2209 erant
3229 2152 3474 2222 quaedam
3505 2152 3559 2205 in
3601 2150 3692 2207 bis

2116 2260 2238 2314 quae
2268 2246 2338 2299 ab
2370 2260 2437 2299 eo
2463 2244 2804 2312 dicebantur,
2836 2252 3038 2299 nostra:
3071 2244 3194 2298 fidei
3220 2261 3236 2310 ;
3273 2243 3519 2313 quaedam
3558 2255 3691 2297 vero

2114 2336 2393 2392 asserebat
2417 2336 2576 2408 longe
2599 2336 2813 2391 diversa
2837 2336 2906 2390 ab
2936 2335 3003 2389 iis
3030 2349 3150 2404 quae
3181 2348 3212 2387 a
3245 2343 3431 2388 nostra
3461 2340 3689 2403 paterna

2116 2429 2404 2483 traditione
2448 2428 2785 2484 descendunt
2828 2428 2962 2497 (15).
3021 2426 3484 2497 lnterpretabatur
3539 2425 3687 2480 enim

2114 2519 2361 2590 quaedam
2394 2519 2594 2586 aliene,
2634 2519 2832 2589 quibus
2872 2520 3036 2574 etiam
3078 2535 3144 2573 ex
3171 2519 3406 2589 propriis
3435 2518 3686 2584 addebat,

2113 2626 2236 2681 quae
2276 2611 2410 2665 mihi
2451 2611 2606 2666 valde
2634 2611 2917 2682 peregrina
2953 2612 3064 2666 visa
3096 2620 3222 2667 sunt
3253 2618 3308 2665 et
3349 2609 3532 2663 infida.
3579 2607 3689 2662 Pro

2113 2702 2315 2773 quibus
2356 2706 2517 2757 etiam
2568 2712 2847 2773 permotus
2892 2718 3012 2757 sum
3061 2702 3299 2758 scribere
3356 2701 3470 2755 haec
3501 2700 3568 2754 ad
3612 2708 3688 2766 te,

2114 2797 2295 2851 sciens
2327 2795 2589 2851 doctrinae
2611 2805 2717 2852 tua:
2746 2797 3045 2868 perfectum
3079 2807 3132 2852 ct
3155 2796 3528 2872 plenissimum
3562 2811 3689 2850 sen—

2114 2903 2258 2952 sum,
2286 2889 2543 2958 quoniam
2566 2890 2734 2944 latere
2766 2901 2816 2945 te
2841 2890 3034 2944 borum
3070 2889 3206 2943 nihil
3239 2897 3449 2958 potest;
3478 2895 3532 2941 et
3564 2888 3689 2942 ideo

2112 2980 2352 3036 conlisus
2386 2996 2507 3036 sum
2554 2983 2621 3036 ad
2667 2981 3006 3053 explananda
3047 2982 3205 3036 nobis
3249 2981 3363 3035 haec
3402 2978 3603 3033 invidia
3635 2988 3688 3034 te

2111 3087 2222 3127 non
2251 3087 2413 3142 posse
2456 3062 2752 3142 prohiberi.
2800 3072 3062 3139 Quamvis
3094 3088 3195 3126 nec
3221 3087 3321 3142 ego
3367 3071 3586 3141 quidem
3629 3071 3685 3125 in

2112 3165 2343 3219 alterum
2376 3166 2612 3236 aliquem
2649 3166 2899 3221 inclinari
2931 3165 3198 3235 potuerim
3230 3179 3474 3231 sensum,
3504 3173 3685 3228 tamen

2113 3267 2335 3327 propter
2375 3259 2649 3329 simplices
2693 3273 2970 3329 quosque,
3007 3266 3113 3312 tum
3154 3256 3494 3311 auctoritatis
3537 3270 3688 3310 com-

2115 3350 2306 3418 pulsus
2337 3365 2458 3404 sum
2491 3350 2783 3420 implorare
2809 3363 3141 3404 sermonem.
3173 3345 3381 3402 Revera
3418 3348 3560 3401 enim
3601 3345 3686 3399 vir

2110 3440 2268 3494 valde
2310 3440 2602 3496 vehemens
2647 3449 2756 3494 tam
2800 3458 3053 3499 sermone
3091 3459 3254 3513 quam
3290 3454 3472 3509 Opere,
3510 3438 3602 3494 sed
3630 3445 3688 3491 et

2111 3538 2335 3598 aspectu
2376 3530 2495 3598 ipso
2538 3539 2701 3600 atque
2751 3531 2937 3585 habitu
2983 3541 3227 3601 apparet.
3266 3530 3371 3584 Sed
3414 3538 3467 3584 et
3511 3540 3685 3598 pauca

2108 3620 2382 3689 quaedam,
2432 3636 2556 3691 quae
2593 3622 2825 3676 retinere
2863 3636 3088 3691 possum
3138 3622 3304 3676 exiis
3348 3636 3471 3690 quae
3514 3620 3584 3672 ab
3616 3632 3684 3671 eo
3782 3628 3791 3643 ν

2108 3708 2255 3762 dicta
2294 3717 2443 3776 sunt,
2480 3710 2661 3764 scribo
2696 3710 2813 3773 tibi,
2843 3712 3021 3766 sciens
3054 3711 3183 3780 quia
3207 3710 3368 3765 exiis
3395 3709 3557 3763 etiam
3592 3723 3681 3763 re-

2109 3798 2260 3877 liqua
2295 3799 2580 3871 intelliges.
2613 3798 2768 3856 Nosti
2800 3802 2928 3870 quia
2956 3817 3163 3857 morem
3195 3802 3342 3855 hunc
3364 3801 3567 3859 habent
3586 3798 3682 3869 qui

2107 3888 2304 3960 dogma
2335 3890 2555 3961 aliquod
2599 3902 2844 3947 asSerere
2885 3893 3093 3957 volunt,
3126 3902 3185 3948 ut
3217 3908 3555 3963 quaecunque
3588 3906 3686 3946 vo-

2107 3979 2315 4035 luerint
2342 3982 2410 4037 de
2435 3981 2735 4052 Scripturis
2771 3998 3074 4050 assumere,
3102 3982 3219 4037 haec
3242 3983 3567 4051 propensius
3592 3981 3681 4039 sui

2110 4070 2462 4142 intelligentia
2493 4074 2809 4143 depravent.
2842 4072 2947 4128 Sed
2972 4076 3077 4129 hoc
3101 4075 3438 4143 praeveniens
3463 4086 3683 4145 aposto-

2109 4167 2249 4221 licus
2277 4169 2500 4221 denotat
2527 4161 2730 4241 sermo,
2756 4168 2942 4222 dicens
2970 4185 2982 4220 :
3015 4185 3033 4216 ι
3062 4165 3120 4221 Si
3155 4168 3278 4237 quis
3300 4167 3456 4221 vobis
3469 4182 3683 4220 annun-

2108 4260 2324 4314 tiaverit
2362 4269 2557 4329 praeter
2597 4259 2741 4329 quod
2791 4258 3098 4330 accepistis,
3147 4258 3435 4313 anathema
3466 4259 3536 4312 sit
3558 4258 3623 4310 η.
3652 4275 3672 4308 ο

2108 4353 2296 4423 itaque
2314 4361 2437 4422 post
2458 4353 2574 4407 haec
2594 4367 2717 4422 quae
2744 4354 2912 4407 semel
2935 4353 3003 4407 ab
3026 4352 3287 4421 apostolis
3307 4351 3678 4417 tt-adita'sunt,

2108 4445 2253 4499 ultra
2292 4458 2399 4498 non
2441 4451 2656 4512 oportet
2690 4444 2985 4515 quidquam
3017 4444 3163 4497 aliud
3199 4444 3475 4511 suscipere
3508 4441 3679 4496 disci-

2107 4536 2296 4606 pulum
2339 4534 2563 4589 Christi.
2596 4536 2797 4607 Verum
2837 4551 2905 4589 ne
2952 4551 3260 4594 sermonem
3297 4536 3513 4605 longius
3551 4550 3677 4604 pro-

429 4630 694 4702 gentium,
725 4633 869 4701 quod
903 4632 1114 4685 veniam
1143 4632 1383 4696 dabunt,
1426 4634 1473 4687 si
1515 4633 1645 4703 quid
1691 4633 1999 4706 imperitum
2034 4661 2078 4716 Β
2110 4628 2349 4692 traham,
2376 4627 2442 4681 ad
2467 4626 2802 4696 propositum
2818 4626 2998 4679 redeo.
3031 4623 3225 4694 Legem
3257 4625 3447 4696 Moysi,
3467 4634 3527 4679 ut
3556 4626 3679 4679 bre-

427 4730 525 4777 aut
551 4723 817 4776 rusticum
852 4722 1067 4777 sonabit
1095 4723 1307 4788 oratio;
1351 4723 1458 4778 hoc
1490 4725 1634 4778 enim
1672 4733 1882 4778 tantum
1920 4734 2003 4779 est

427 4814 575 4884 quod
610 4815 918 4878 studemus,
966 4824 1027 4869 ut
1075 4816 1151 4869 rei
1203 4825 1366 4885 gestae
1418 4816 1656 4886 cognitio
1697 4817 2001 4873 studiosum

426 4921 702 4977 quemque
727 4922 837 4961 non
871 4907 1054 4973 lateat.
1085 4907 1238 4961 Tunc
1268 4921 1418 4976 ergo,
1441 4923 1564 4972 cum
1592 4907 1877 4978 eti‘ugisset
1899 4906 2004 4963 Ma-

420 5008 547 5063 nes,
578 5012 851 5067 nusquam
877 4999 1204 5067 comparuit.
1241 4998 1426 5054 Turbo
1459 5012 1588 5052 vero
1627 4998 1875 5053 minister
1902 4998 2005 5051 Ar-

2106 4721 2244 4775 viter
2272 4720 2474 4786 dicam,
2506 4718 2718 4773 dicebat
2742 4717 2830 4770 hic
2852 4732 2961 4770 non
2987 4732 3106 4771 esse
3127 4716 3220 4771 Dei
3252 4718 3373 4771 boni
3399 4718 3490 4772 sed
3516 4717 3676 4770 mali-

2109 4815 2200 4884 gni
2223 4812 2505 4884 principis,
2534 4828 2632 4867 nec
2651 4811 2851 4865 habere
2875 4823 2992 4862 eam
3015 4810 3308 4878 quidquam
3333 4809 3677 4877 cognationis

2109 4906 2174 4961 ad
2216 4919 2415 4959 novam
2448 4905 2618 4973 legem
2665 4904 2903 4971 Christi,
2950 4904 3043 4959 sed
3089 4915 3210 4958 esse
3256 4903 3585 4956 contrariam
3619 4909 3676 4955 et

2109 4997 2407 5061 inimicam,
2444 4996 2671 5052 alteram
2700 4997 2854 5052 alteri
2885 4998 3259 5053 obsistentem.
3292 4993 3405 5065 Ego
3423 4994 3672 5059 audiens,

499 5141 544 5173 ¹⁶
578 5138 626 5194 ll
655 5139 799 5195 Tim.
835 5157 917 5209 nt,
944 5142 997 5195 6.
1028 5116 1029 5119 Ἴ
1075 5141 1118 5176 ⁸⁷
1155 5140 1346 5197 Matth.
1369 5157 1499 5207 xxv,
1528 5142 1618 5196 44.
1694 5142 1741 5174 η
1775 5142 1907 5197 Luc.
1938 5156 2013 5196 xu

2111 5142 2181 5197 Π.
2259 5141 2302 5173 ⁸⁸
2340 5139 2361 5193 Ι
2391 5138 2519 5194 Cor.
2552 5155 2627 5207 XI,
2662 5140 2748 5194 19.
2825 5138 3071 5195 “.Galat.
3102 5154 3141 5204 ι,
3171 5137 3226 5191 8.

499 5255 601 5332 (9)-
616 5259 692 5312 ita
722 5255 1126 5332 Vulgatajuxta
1154 5258 1399 5332 Graecum
1433 5270 1662 5332 textum,
1684 5260 2002 5332 Cyprianus

426 5324 524 5383 lib.
555 5324 817 5401 Deppere
833 5324 894 5382 'et
920 5324 1280 5399 eléemosynis,
1304 5330 1523 5401 aliique,
1571 5324 1885 5401 Casinéiisis
1921 5342 2003 5388 ta-

425 5412 550 5451 men
580 5396 761 5462 bahet,
793 5416 812 5449 ι
851 5401 906 5451 in
937 5396 1235 5454 carcerem.
1265 5418 1285 5451 ι
1414 5396 1434 5401 ’
1728 5400 1735 5405 “

498 5463 612 5536 (10)
652 5464 837 5536 Forte,
871 5486 890 5519 ι
918 5470 1135 5523 stolam.
1169 5491 1188 5522 ι

497 5533 612 5606 (ili
647 5553 667 5586 ι
693 5534 925 5616 fugere,
959 5557 978 5589 ›
1004 5548 1102 5616 et}
1131 5538 1386 5616 eliugere,
1420 5560 1439 5592 ι
1471 5541 1802 5616 profugam,
1834 5541 1889 5616 in
1920 5541 2005 5596 fu-

427 5621 549 5684 gam
583 5610 876 5674 conjicere,
909 5623 1011 5662 suo
1055 5610 1312 5679 loquendi
1361 5626 1513 5665 more
1558 5611 1692 5667 dicit
1746 5612 2005 5681 antiquus

428 5684 717 5730 tuterDt'es.

499 5688 842 5826 ﬁgflsescio
866 5761 976 5826 quo
991 5758 1158 5826 pacto
1205 5749 1500 5826 Diodorum
1532 5750 1682 5826 hunc
1713 5750 2004 5826 Tryphona

426 5812 954 5897 vocesﬁpiplianius
990 5812 1043 5897 i'u
1083 5819 1185 5897 hac
1212 5819 1633 5897 Manichaeorum
1669 5812 2000 5889 meridi”.

499 5884 613 5952 (1'5)
653 5887 714 5941 1n
748 5884 1034 5943 Casincnsi
1066 5889 1276 5947 codice.
1309 5907 1328 5941 ι
1360 5890 1793 5959 continuaretur,
1826 5912 1847 5949 ι

2179 5261 2293 5332 (14)
2331 5257 2577 5332 Meminit
2607 5258 2768 5332 hujus
2812 5256 3054 5327 epistola
3094 5255 3429 5324 Epiphanius
3469 5254 3523 5319 in
3567 5253 3671 5309 hac

2103 5328 2297 5387 haeresi
2331 5345 2484 5383 num.
2517 5328 2604 5395 Η,
2638 5329 2865 5397 ejusque
2895 5336 3296 5397 argumentum,
3344 5333 3668 5397 nouantem

2102 5401 2290 5466 verba,
2318 5407 2379 5452 ut
2403 5391 3087 5465 Petaviusviuterpretatur,
3131 5396 3364 5466 breviter
3393 5393 3573 5466 refert.
3602 5391 3660 5446 In

2105 5464 2450 5543 tituloﬂhujus
2483 5468 2738 5543 epistolte
2758 5464 2883 5532 vox,
2919 5486 2937 5517 ι
2968 5467 3217 5528 salutem,
3250 5484 3268 5515 ι
3296 5465 3447 5543 deest
3480 5464 3535 5543 in
3564 5477 3664 5525 co-

2103 5543 2224 5595 dice
2251 5534 2557 5605 Casinensi,
2590 5540 2681 5599 sed
2706 5540 2937 5597 litteram
2965 5552 3012 5600 ε,
3044 5551 3165 5593 eam
3195 5550 3380 5590 vocem
3415 5534 3667 5605 indicati.

2104 5621 2235 5674 tem,
2290 5602 2534 5679 repetere
2581 5607 2814 5679 neglexit
2859 5606 3134 5671 librarius,
3179 5619 3245 5659 eo
3284 5604 3523 5675 quodin
3560 5602 3673 5667 fine

2102 5680 2453 5751 praecedentis
2479 5679 2626 5751 vocis
2656 5678 2902 5751 exsistat.

2174 5748 2287 5821 (15)
2302 5737 2560 5821 ΔΫίιιιιξιιιι
2589 5747 2827 5821 haeretici
2844 5742 2845 5745 “
2860 5762 2964 5821 qu_a
2974 5762 3036 5821 m_
3056 5746 3201 5821 clare
3229 5756 3345 5821 tam
3360 5745 3473 5821 hic,
3502 5756 3671 5812 quam

2104 5816 2568 5873 infra'Diodorus
2615 5817 2867 5886 antiquas
2916 5816 3171 5871 Ecclesiae
3210 5816 3531 5873 traditiones
3576 5828 3666 5868 se.

2104 5888 2349 5961 quendas
2375 5887 2886 5963 amplectendasque
2910 5902 3030 5947 esse
3059 5886 3315 5945 declaret.
