4090 6414
441 450 582 508 ιιοδ

1549 454 1697 511 CUM
1734 454 2013 510 MANETE
2052 451 2586 509 HEBESIABCHA.

3547 448 3565 500 Ι
3576 449 3679 501 498

436 570 683 625 dicebam
714 570 794 625 eis
818 585 1122 626 sermonem
1152 573 1550 642 evangelicum,
1585 576 1855 643 quomodo
1880 576 2016 630 dixit
2045 591 2086 635 Α
2118 575 2231 641 ipse
2256 575 2419 635 nosti,
2440 577 2492 625 in
2525 569 2763 626 secunda
2794 570 2859 625 ad
2892 569 3205 625 Corinthios
3231 567 3489 639 Epistula.
3519 568 3678 621 Addit

438 659 702 721 Dominus
726 671 910 717 noster
941 661 1100 718 Jesus
1130 663 1384 719 Christus
1412 688 1426 720 :
1460 684 1480 717 ι
1510 664 1627 720 Non
1652 668 1773 721 veni
1802 669 2010 722 solvere

435 751 630 819 legem,
668 752 762 807 sed
795 753 1087 822 adimplere
1114 755 1179 806 ²¹.
1212 773 1231 805 ι
1261 754 1352 809 llle
1388 771 1516 810 vero
1538 758 1631 821 ait,
1666 773 2007 827 nequaquam

436 856 565 896 eum
597 842 740 897 hunc
779 842 982 897 dixisse
1024 859 1365 911 sermonem;
1399 862 1523 901 cum
1551 848 1891 917 cninripsam
1928 849 2010 901 in-

435 932 720 986 veniamus
742 947 865 986 eum
895 934 1181 989 resolvisse
1202 936 1396 1005 legem,
1422 953 1643 992 necesse
1671 948 1754 992 est
1780 954 1882 993 nos
1906 941 2010 995 hoc

436 1025 616 1092 potius
664 1025 961 1094 intelligere
1005 1027 1150 1095 quod
1199 1025 1346 1082 fecit.
1392 1028 1591 1083 Deinde
1633 1031 1795 1099 C(Bpil
1829 1030 2009 1087 dicere

438 1117 671 1186 plurima
701 1132 767 1170 ex
795 1116 927 1185 lege,
964 1119 1131 1173 multa
1164 1121 1325 1174 etiam
1354 1121 1421 1175 de
1454 1120 1743 1190 Evangelio
1778 1132 1831 1176 et
1874 1138 2008 1192 apo-

437 1210 579 1263 stolo
607 1207 796 1274 Paulo,
825 1224 943 1277 quae
976 1210 1077 1262 sibi
1110 1211 1357 1265 videntur
1400 1227 1519 1266 esse
1559 1214 1857 1278 contraria,
1887 1229 2008 1283 quae

434 1299 598 1353 etiam
634 1314 757 1352 cum
797 1297 990 1352 ﬁducia
1025 1299 1231 1364 dicens,
1260 1301 1393 1354 nihil
1429 1301 1796 1370 pertimescit;
1843 1304 2005 1356 credo

434 1390 580 1458 quod
631 1389 825 1443 habeat
876 1391 1176 1459 adjutorem
1213 1392 1502 1446 draconem
1536 1392 1687 1445 illum
1722 1392 1815 1460 qui
1852 1393 2008 1449 nobis

437 1493 654 1547 semper
689 1478 945 1533 inimicus
974 1490 1074 1534 est.
1116 1479 1336 1534 Dicebat
1367 1496 1497 1551 ergo
1529 1482 1672 1551 quod
1704 1482 1777 1535 ibi
1810 1482 2009 1537 dixerit

436 1569 579 1625 Deus
611 1588 625 1624 :
655 1570 765 1641 Ego
794 1572 1012 1626 divitem
1053 1582 1106 1626 et
1146 1588 1437 1641 pauperem
1471 1574 1611 1628 facio
1634 1576 1707 1641 ”;
1754 1575 1841 1629 hic
1880 1590 2005 1629 vero

434 1660 593 1717 Jesus
610 1663 795 1718 beatos
811 1663 1011 1719 diceret
1034 1681 1295 1735 pauperes
1307 1668 1352 1697 ’³
1372 1684 1386 1732 ;
1412 1665 1642 1721 addebat
1656 1668 1840 1730 etiam,
1861 1668 2005 1736 quod

437 1771 600 1810 nemo
644 1758 818 1827 possit
859 1758 978 1826 ejus
1019 1773 1142 1811 esse
1184 1758 1504 1827 discipulus,
1534 1759 1642 1814 nisi
1670 1761 2008 1814 renuntiaret

434 1850 689 1905 omnibus
714 1865 836 1919 qua:
858 1848 1142 1903 haberet"
1168 1867 1182 1903 :
1209 1850 1281 1903 ibi
1302 1865 1430 1903 vero
1460 1850 1689 1921 Moyses,
1722 1860 2002 1919 argentum

434 1947 489 1992 et
509 1954 701 1991 aurum
728 1939 796 1991 ab
822 1938 1088 2009 Egyptiis
1120 1954 1364 2002 sumens,
1390 1954 1514 1993 cum
1547 1939 1746 2008 populo
1776 1939 2002 2010 fugisset

433 2044 499 2083 ex
529 2028 762 2099 Egypto
784 2029 859 2094 ¹⁵;
888 2027 1047 2082 Jesus
1074 2038 1252 2083 autem
1277 2029 1409 2082 nihil
1437 2029 1665 2098 proximi
1688 2029 2002 2085 desideran-

433 2120 562 2173 dum
612 2135 733 2174 esse
777 2123 1048 2191 praecepit.
1106 2121 1308 2174 Deinde
1356 2120 1500 2188 quod
1541 2122 1630 2175 ille
1652 2122 1869 2176 oculum
1904 2137 2001 2191 pro

433 2213 614 2275 oculo,
649 2211 860 2264 dentem
890 2226 989 2280 pro
1016 2212 1174 2264 dente
1201 2210 1253 2263 in
1281 2210 1394 2277 lege
1415 2211 1647 2264 cavisset
1668 2210 1898 2281 expendi
1922 2211 1998 2275 ἰς

431 2309 621 2356 noster
653 2316 781 2356 vero
815 2300 1076 2355 Dominus
1125 2303 1445 2370 percutienti
1500 2316 1660 2355 unam
1704 2302 1997 2367 maxillam,

429 2393 644 2463 iuberet
672 2393 832 2446 etiam
860 2393 1080 2446 alteram
1114 2394 1401 2461 praeparari
1420 2393 1486 2446 ’⁷.
1516 2392 1671 2458 Quod
1697 2392 1768 2447 ibi
1790 2391 2000 2463 Moyses

433 2498 556 2537 cum
582 2483 672 2551 qui
697 2480 934 2536 Sabhato
960 2498 1097 2551 opus
1131 2480 1366 2547 fecisset,
1397 2490 1579 2537 etnon
1612 2484 2002 2552 permansisset

432 2573 487 2626 in
510 2573 764 2626 omnibus
786 2589 906 2641 quae
931 2573 1129 2641 scripta
1162 2580 1292 2626 sunt
1322 2574 1374 2627 in
1404 2574 1538 2642 lege,
1583 2574 1763 2642 puniri
1796 2573 2002 2643 lapida-

430 2664 585 2731 rique
631 2664 970 2733 praecepit”,
1027 2666 1169 2719 sicut
1216 2664 1417 2720 factum
1473 2675 1553 2720 est
1603 2666 1652 2720 ci
1695 2669 1787 2736 qui
1824 2666 2003 2720 adhuc

430 2753 692 2822 ignorans
729 2755 781 2808 in
821 2754 1060 2809 Sabbato
1090 2755 1289 2811 fascem
1322 2756 1451 2827 ligni
1478 2757 1799 2826 collegerat;
1839 2755 2000 2812 Iesus

431 2859 560 2899 vero
596 2845 647 2898 in
686 2845 920 2900 Sabhato
943 2848 1102 2900 etiam
1139 2847 1332 2902 lectum
1366 2858 1580 2919 portare
1610 2849 1862 2919 praecepit
1884 2865 1912 2903 a
1940 2864 2000 2904 se

431 2937 718 3001 curato";
755 2939 846 2991 sed
890 2950 943 2991 et
975 2938 1271 3008 discipulos
1305 2940 1360 2993 in
1405 2940 1493 2995 die
1539 2938 1759 2995 Sabbati
1802 2940 1999 2996 vellere

430 3031 609 3098 spicas
632 3029 677 3061 ’θ
700 3045 763 3084 ac
791 3030 1043 3085 manibus
1077 3029 1379 3086 confricare
1412 3049 1517 3087 non
1551 3034 1819 3102 prohibet,
1852 3033 1996 3103 quod

432 3119 684 3176 Sabbatis
708 3122 894 3190 utique
928 3138 1037 3176 non
1068 3122 1263 3177 licebat
1302 3124 1439 3178 fieri.
1475 3124 1539 3179 Et
1569 3126 1698 3195 quid
1733 3127 1881 3195 plura
1916 3125 1969 3180 di

430 3213 588 3267 cam?
640 3214 828 3266 multis
878 3222 934 3267 et
984 3214 1150 3267 variis
1192 3216 1589 3271 assertionibus
1621 3216 1994 3285 hujuscemodi
2025 3253 2068 3313 ο

427 3308 680 3376 dogmata
722 3306 789 3359 ab
828 3320 893 3359 eo
933 3320 1148 3360 summo
1188 3306 1309 3360 nisu
1355 3315 1516 3374 atque
1560 3321 1775 3361 summo
1818 3306 1998 3361 studio

429 3400 859 3454 afﬁrmabantur.
886 3397 1019 3452 Nam
1048 3414 1112 3452 ex
1144 3398 1467 3453 auctoritate
1516 3398 1781 3468 Apostoli,
1823 3398 1995 3469 Moysi

430 3490 629 3559 legem,
656 3489 825 3557 legem
858 3504 979 3543 esse
1013 3489 1203 3543 mortis
1232 3489 1530 3543 conabatur
1558 3504 1835 3556 asserere;
1867 3488 1996 3545 Jesu

431 3596 562 3635 vero
587 3581 779 3651 legem,
816 3580 984 3650 legem
1015 3596 1136 3635 esse
1168 3581 1310 3646 vitae,
1346 3596 1441 3650 per
1474 3580 1530 3635 id
1552 3582 1695 3650 quod
1724 3581 1801 3636 ait
1830 3599 1859 3653 :1
1879 3600 1897 3633 ι
1938 3579 1996 3636 In

430 3687 542 3741 quo
572 3682 625 3726 et
656 3670 884 3726 idoneos
914 3686 1016 3727 nos
1050 3671 1214 3727 faciat
1242 3671 1384 3727 Deus
1416 3672 1528 3741 (l6)
1558 3673 1840 3729 ministros
1872 3674 2000 3728 novi

427 3764 762 3821 Testamenti
793 3777 901 3816 non
947 3762 1147 3826 littera,
1176 3764 1270 3817 sed
1321 3761 1548 3832 Spiritu.
1604 3762 1805 3818 Littera
1853 3765 1998 3819 enim

428 3855 667 3917 occidit,
712 3854 953 3925 Spiritus
986 3865 1165 3911 autem
1195 3858 1452 3912 vivificat.
1486 3855 1641 3922 Quod
1670 3855 1717 3911 si
1749 3857 1998 3911 ministe—

433 3946 571 3999 rium
600 3946 814 4011 mortis,
846 3946 901 3999 in
934 3945 1130 4001 litteris
1157 3946 1447 4003 formatum
1484 3948 1540 4002 in
1569 3948 1841 4018 lapidibus
1864 3949 1999 4020 (l7),

433 4034 634 4091 factum
672 4045 754 4092 est
790 4037 843 4090 in
880 4036 1070 4104 gloria,
1119 4039 1192 4091 ita
1237 4046 1296 4091 ut
1326 4053 1434 4091 non
1462 4048 1687 4108 possent
1722 4041 2002 4095 intendere

432 4127 525 4181 ﬁlii
560 4125 725 4183 Israel
774 4127 831 4181 in
881 4124 1074 4180 faciem
1106 4125 1275 4198 Moysi
1309 4139 1527 4198 propter
1554 4130 1783 4199 gloriam
1817 4131 2000 4186 vultus

429 4221 568 4290 ejus,
606 4238 726 4291 qua!
747 4221 1049 4276 destruetur
1077 4220 1188 4291 (18)
1215 4237 1228 4285 ;
1255 4222 1529 4289 quomodo
1559 4236 1667 4276 non
1702 4225 1872 4291 magis
1900 4223 2001 4277 mi-

432 4312 715 4390 nisterium
745 4312 981 4381 Spiritus
1008 4311 1110 4366 erit
1144 4311 1200 4364 in
1245 4310 1449 4380 gloria?
1481 4309 1539 4364 Si
1574 4310 1719 4364 enim
1752 4312 2001 4366 ministe-

431 4406 572 4459 rium
598 4404 964 4458 damnationis
1000 4402 1172 4473 gloria
1212 4410 1314 4467 est,
1344 4402 1517 4456 multo
1560 4403 1732 4472 magis
1757 4403 2001 4457 abunda-

431 4496 511 4552 bit
543 4497 903 4551 ministerium
955 4495 1180 4566 justitiae
1224 4496 1290 4550 ad
1337 4496 1584 4567 gloriam.
1634 4495 1821 4565 Neque
1851 4497 1998 4550 enim

2117 675 2294 717 autem
2317 678 2382 716 ex
2406 663 2578 731 prima
2604 660 2867 730 Epistola,
2894 668 3142 713 terrenos
3168 674 3288 713 esse
3315 659 3499 711 dicens
3517 658 3680 711 disci-

2113 754 2268 822 pulos
2302 753 2499 808 veteris
2529 750 2859 805 Testamenti
2893 762 2945 804 et
2985 750 3266 814 animales,
3310 760 3363 802 et
3397 749 3517 803 ideo
3559 764 3676 801 car-

2109 858 2232 897 nem
2252 852 2306 895 et
2321 843 2639 911 sanguinem
2665 856 2887 911 regnum
2913 839 3003 892 Dei
3023 839 3298 907 possidere
3315 854 3418 891 non
3437 837 3672 907 posse".

2112 935 2296 1002 ipsum
2335 948 2554 1003 quoque
2588 931 2811 987 Paulum
2844 948 2910 986 ex
2944 932 3160 1001 propria
3189 946 3286 985 sua
3320 946 3554 999 persona
3587 931 3674 985 di-

2109 1028 2265 1080 cebat
2297 1040 2541 1080 asserere
2579 1025 2632 1078 id
2673 1024 2818 1094 quod
2866 1025 2939 1077 ait
2977 1042 2991 1077 :
3026 1041 3045 1074 (
3081 1021 3137 1077 Si
3167 1038 3228 1077 ea
3256 1039 3376 1092 quae
3407 1023 3669 1083 destruxi,

2109 1118 2306 1171 iterum
2336 1118 2565 1181 aedifico,
2593 1116 3060 1185 praevaricatorem
3086 1131 3172 1168 me
3190 1115 3402 1169 aestimo
3422 1115 3484 1169 ³³.
3520 1133 3537 1166 ι
3568 1116 3671 1170 Sed

2109 1218 2163 1260 et
2188 1206 2319 1260 illud
2351 1207 2601 1260 eumdem
2638 1208 2814 1275 ipsum
2849 1205 3253 1260 evidentissime
3285 1207 3351 1260 de
3379 1206 3558 1261 carnis
3588 1224 3674 1260 re-

2108 1299 2443 1354 surrectione
2465 1299 2692 1363 dixisse,
2720 1312 2827 1352 non
2859 1312 2980 1353 esse
3014 1296 3258 1352 Judaeum
3296 1299 3386 1367 qui
3414 1299 3466 1350 in
3500 1300 3674 1351 maniu-

2109 1390 2248 1446 festo
2278 1399 2381 1456 est,
2411 1405 2590 1461 neque
2618 1404 2739 1460 qua:
2767 1390 2820 1443 in
2853 1388 3165 1454 manifesto,
3197 1390 3250 1443 in
3281 1405 3443 1444 carne
3465 1398 3545 1444 est
3565 1390 3673 1444 cir»

2107 1483 2391 1548 cumcisio,
2444 1496 2621 1551 neque
2663 1482 2962 1535 secundum
3014 1482 3270 1547 litteram,
3315 1482 3482 1551 legem
3512 1482 3672 1550 quid-

2107 1590 2271 1644 quam
2295 1573 2545 1627 utilitatis
2570 1575 2801 1627 retinere
2823 1572 2886 1624 ³⁵.
2914 1572 2976 1625 Et
2998 1588 3213 1626 rursum
3238 1574 3380 1641 quod
3397 1573 3669 1627 Abraham

2108 1664 2271 1717 habet
2294 1662 2544 1734 gloriam,
2568 1661 2661 1717 sed
2691 1677 2797 1715 non
2819 1661 2960 1730 apud
2984 1661 3151 1715 Deum
3173 1662 3238 1714 ³⁵.
3272 1660 3670 1715 Tantummodo

2108 1754 2441 1822 agnitionem
2486 1754 2693 1824 peccati
2739 1769 2832 1823 per
2872 1754 3041 1824 legem
3088 1755 3203 1807 ﬁeri
3229 1755 3293 1809 ³⁸.
3341 1753 3445 1808 Sed
3480 1765 3533 1809 ct
3561 1756 3665 1809 alia

2108 1843 2297 1908 multa,
2328 1842 2430 1913 legi
2457 1844 2786 1905 obtrectans,
2820 1843 3111 1908 inserebat,
3147 1858 3213 1897 eo
3244 1846 3387 1914 quod
3428 1845 3513 1898 lex
3552 1846 3666 1915 ipsa

2034 1921 2076 1977 Π
2104 1943 2384 2002 peceatum
2429 1934 2520 1999 sit,
2554 1936 2607 1987 in
2644 1934 2843 2003 quibus
2878 1934 3151 2003 simplices
3190 1935 3413 2004 quique,
3454 1936 3667 1990 dicente

2100 2038 2186 2087 eo,
2221 2026 2592 2091 movebantur,
2610 2036 2663 2080 et
2692 2040 2864 2095 usque
2891 2027 2957 2079 ad
2979 2024 3241 2080 Joannem
3262 2027 3447 2097 igitur,
3470 2027 3669 2093 aiebat,

2102 2118 2187 2172 lex
2218 2126 2271 2172 et
2297 2117 2573 2187 prophetae
2592 2118 2657 2172 ³⁷.
2708 2118 2901 2171 Aiebat
2932 2127 3109 2172 autem
3141 2117 3403 2173 Joannem
3440 2136 3666 2191 regnum

2100 2209 2362 2263 caelorum
2394 2209 2720 2277 praedicare;
2756 2224 2880 2262 nam
2918 2221 2971 2262 et
3009 2223 3106 2278 per
3138 2209 3529 2264 abscissionem
3556 2212 3668 2283 (l9)

2100 2300 2289 2370 capitis
2309 2300 2428 2368 ejus
2454 2301 2556 2354 hoc
2580 2315 2701 2354 esse
2723 2300 3041 2366 indicatum,
3069 2300 3216 2369 quod
3242 2302 3496 2356 omnibus
3521 2303 3668 2372 prio-

2101 2393 2252 2447 ribus
2277 2400 2333 2445 et
2365 2392 2737 2461 superioribus
2765 2391 2883 2459 ejus
2914 2391 3195 2458 abscissis,
3226 2392 3527 2460 posteriora
3549 2394 3667 2447 sola

2102 2484 2362 2539 servanda
2392 2483 2519 2536 sint.
2545 2483 2625 2535 Ad
2649 2482 2763 2535 bazc
2790 2483 2955 2551 igitur
2982 2483 3170 2548 nobis,
3199 2497 3232 2535 o
3262 2485 3666 2555 religiosissime

2100 2573 2384 2637 Archelae,
2413 2572 2602 2641 paucis
2629 2572 2900 2638 rescribe;
2936 2573 3117 2626 audivi
3141 2574 3287 2627 enim
3325 2589 3432 2627 non
3461 2576 3668 2629 medio-

2100 2665 2262 2721 criter
2285 2664 2382 2719 tibi
2403 2678 2524 2719 esse
2554 2665 2608 2716 in
2633 2663 2834 2716 talibus
2864 2664 3141 2718 studium:
3169 2662 3262 2717 Dei
3287 2665 3432 2718 enim
3460 2666 3663 2720 donum

2099 2769 2203 2824 est,
2234 2759 2436 2814 idcirco
2465 2758 2612 2826 quod
2645 2755 2822 2825 dignis
2848 2767 2899 2810 et
2925 2757 3113 2811 amicis
3141 2757 3275 2821 suis,
3308 2757 3520 2828 sibique
3542 2775 3668 2828 pro-

2099 2851 2261 2923 positi
2284 2849 2542 2905 societate
2566 2847 2895 2918 conjunctis,
2921 2847 3062 2905 Deus
3087 2850 3254 2906 donat
3279 2851 3391 2905 haec
3416 2866 3662 2908 munera.

2099 2943 2357 3000 Nostrum
2392 2943 2537 2998 enim
2581 2952 2663 2998 est
2692 2943 3031 3013 propositum
3062 2958 3367 3012 praeparare
3397 2953 3451 2998 et
3479 2946 3665 3013 proxi-

2100 3053 2220 3093 mos
2252 3036 2368 3092 fieri
2398 3036 2641 3105 benigna:
2664 3050 2729 3089 ac
2750 3033 2901 3087 diviti
2940 3035 3107 3088 menti
3133 3035 3243 3105 (20)
3263 3076 3278 3100 ,
3318 3046 3371 3090 et
3404 3036 3665 3090 continuo

2098 3128 2168 3182 ab
2198 3142 2262 3182 ea
2309 3127 2615 3197 largissima
2662 3137 2891 3178 munera
2936 3125 3345 3196 consequimur.
3400 3126 3665 3192 Quoniam

2098 3236 2228 3290 ergo
2256 3220 2309 3273 in
2336 3220 2405 3283 iis
2434 3229 2560 3274 voto
2582 3227 2637 3272 et
2666 3218 2944 3287 proposito
2967 3234 3088 3274 meo
3117 3219 3387 3274 sermonis
3413 3235 3520 3272 non
3552 3218 3668 3273 suf-

2101 3313 2213 3367 ﬁcit
2246 3312 2481 3367 eruditio
2518 3312 2761 3373 (idiotam
2799 3311 2942 3364 enim
2974 3326 3062 3364 me
3100 3326 3221 3365 esse
3263 3310 3567 3377 confiteor),
3597 3312 3665 3365 ad

2098 3414 2151 3460 te
2176 3404 2324 3469 misi,
2350 3404 2493 3458 sicut
2518 3404 2716 3472 saepius
2743 3404 2877 3465 dixi,
2903 3402 3219 3474 quaestionis
3250 3403 3410 3472 hujus
3446 3404 3665 3457 solutio-

2098 3511 2220 3552 nem
2250 3495 2619 3566 plenissimam
2652 3505 2989 3565 recepturus.
3037 3492 3331 3548 Incolumis
3359 3493 3490 3548 mihi
3525 3502 3671 3559 esto,

2099 3586 2259 3643 Pater
2284 3588 2727 3655 incomparabilis
2759 3598 2814 3643 et
2849 3585 3208 3641 honorabilis.

2172 3676 2310 3734 XLI.
2348 3679 2580 3748 Accepta
2620 3680 2722 3734 hac
2760 3677 3006 3748 epistola,
3033 3676 3331 3731 Archelaus
3368 3675 3671 3731 admiratus

2100 3780 2183 3827 est
2205 3770 2444 3824 hominis
2473 3771 2788 3837 audaciam;
2830 3769 2922 3825 sed
2962 3768 3179 3823 interim
3217 3766 3434 3823 Diodori
3470 3767 3670 3839 allega-

2101 3861 2365 3925 tionibus,
2396 3871 2456 3914 ιιι.
2480 3876 2567 3915 res
2626 3860 2889 3915 suadebat
2927 3860 3105 3914 celere
3146 3858 3277 3913 dare
3314 3874 3667 3927 responsum,

2103 3952 2367 4006 continuo
2397 3951 2615 4021 scripsit
2644 3951 2748 4005 hoc
2782 3950 2967 4004 modo.

2157 4057 2468 4098 ARCBELAUS
2498 4056 2728 4097 υιουοιιο
2756 4055 3094 4096 ιιιιεειιγτειιο
3123 4056 3264 4096 ιἰιιο
3293 4056 3612 4095 HONORABILI

2673 4147 2918 4186 ελιυτειι
2949 4132 3083 4203 (2i).

2169 4220 2421 4290 Acceptis
2449 4220 2643 4275 litteris
2674 4222 2802 4288 tuis,
2829 4222 2980 4275 valde
3009 4223 3229 4293 gavisus
3255 4238 3398 4286 sum,
3428 4222 3666 4279 dilectis-

2101 4312 2256 4368 sime.
2306 4311 2548 4383 Cognovi
2595 4320 2777 4366 autem
2828 4312 2973 4381 quod
3015 4312 3099 4366 vir
3142 4312 3243 4367 iste
3282 4313 3373 4382 qui
3410 4323 3533 4366 ante
3566 4314 3667 4370 hos

2100 4408 2219 4463 dies
2248 4407 2314 4462 ad
2341 4422 2428 4461 me
2456 4415 2699 4473 venerat,
2733 4414 2787 4461 et
2812 4404 3093 4459 scientiam
3124 4407 3285 4459 aliam
3321 4417 3515 4476 praeter
3544 4423 3676 4464 eaut

2103 4511 2226 4567 quae
2252 4496 2551 4566 apostolica
2579 4504 2664 4550 est
2687 4505 2741 4549 et
2773 4492 3160 4561 ecclesiastica,
3196 4497 3538 4552 introducere
3572 4515 3671 4552 cu-

430 4588 787 4659 glorilicatum
817 4596 919 4653 est,
945 4590 1089 4657 quod
1119 4588 1412 4658 gloriosum
1454 4587 1658 4642 factum
1697 4588 1863 4642 estin
1897 4587 2001 4641 hac
2031 4583 2077 4642 D
2105 4589 2303 4657 piebat,
2345 4587 2415 4642 ad
2454 4596 2507 4642 te
2549 4602 2767 4657 quoque
2816 4588 3061 4656 venerit;
3103 4604 3264 4658 quem
3309 4588 3539 4658 quidem.
3567 4606 3668 4660 ego

429 4688 601 4750 parte,
637 4689 855 4749 propter
885 4695 1003 4735 eam
1055 4696 1177 4750 quae
1239 4679 1601 4750 supereminet
1651 4680 1872 4751 gloriam
1904 4696 1918 4731 :
1951 4678 1997 4733 si

427 4771 573 4825 enim
601 4770 745 4843 quod
779 4773 1089 4826 destruetur
1117 4787 1211 4840 per
1238 4773 1465 4840 gloriam
1499 4782 1601 4836 est,
1630 4771 1801 4825 multo
1828 4770 1999 4838 magis

428 4862 576 4932 quod
604 4872 809 4930 manet,
840 4864 892 4918 in
920 4864 1091 4934 gloria
1116 4873 1200 4918 est
1222 4863 1288 4918 ³³.
1321 4883 1339 4915 ι
1362 4863 1466 4919 Sed
1489 4865 1593 4919 hoc
1614 4864 1831 4934 quidem
1858 4861 2001 4916 sicut

2105 4692 2211 4732 non
2259 4676 2479 4742 admisi,
2522 4676 2576 4731 in
2611 4677 2863 4747 praesenti
2893 4679 3036 4731 enim
3080 4680 3239 4733 nobis
3268 4678 3670 4749 disputantibus

2101 4768 2413 4824 confutatus
2456 4777 2559 4824 est.
2605 4769 2669 4825 Et
2697 4772 2858 4826 velim
2885 4772 3102 4842 quidem
3146 4772 3328 4825 omnia
3374 4786 3494 4841 quae
3523 4786 3553 4825 a
3581 4785 3669 4825 me

2101 4861 2244 4915 dicta
2270 4869 2417 4925 sunt,
2447 4862 2686 4918 scribere
2715 4864 2832 4930 tibi,
2866 4873 2924 4918 ut
2952 4878 3018 4918 ex
3046 4863 3130 4918 his
3158 4877 3478 4933 agnosceres
3506 4861 3667 4916 ﬁdem

500 4981 543 5011 “
574 4977 758 5034 Matth.
789 4997 841 5043 v,
877 4980 957 5033 l7.
1007 4982 1052 5011 "
1073 4980 1231 5035 Prov.
1263 4997 1400 5047 χχιι,
1427 4982 1482 5036 2.
1549 4983 1596 5013 "
1626 4981 1812 5035 Matth.
1846 4995 1900 5044 v,
1931 4980 1984 5033 5.

2125 4978 2254 5034 Luc.
2283 4995 2392 5046 xiv,
2425 4980 2514 5034 55.
2589 4981 2636 5013 ³⁸
2668 4980 2838 5035 Exod.
2865 4996 2963 5044 xtl,
2998 4981 3085 5034 55.
3161 4979 3206 5009 ’⁸
3240 4979 3407 5034 Exod.
3433 4995 3546 5044 xxr,
3571 4979 3663 5033 2.4.

429 5050 476 5082 ’⁷
499 5050 631 5104 Luc.
666 5065 737 5114 vr,
768 5039 859 5106 29.
936 5052 980 5082 ’⁸
1017 5049 1177 5105 Num.
1211 5067 1299 5114 xv,
1335 5039 1422 5105 δέ.
1501 5052 1545 5084 ³⁸
1578 5051 1741 5106 Marc.
1778 5067 1838 5112 ιι,
1877 5039 1966 5106 Π.
2037 5039 2082 5081 ’δ
2114 5049 2246 5105 Luc.
2290 5039 2457 5115 vt,'i.

429 5118 478 5153 ³³
503 5118 622 5174 Gal.
651 5135 712 5174 ιι.
740 5119 825 5173 18.
933 5120 978 5151 ³⁸
1004 5119 1163 5174 Rom.
1200 5136 1260 5174 ιι.
1290 5120 1380 5174 28.
1458 5121 1504 5153 ³⁸
1542 5120 1697 5174 Rom.
1734 5137 1804 5174 IV.
1831 5122 1887 5174 2.
1990 5119 2035 5150 ³⁸
2081 5118 2238 5174 Rom.
2283 5134 2367 5174 ιιι.
2413 5119 2483 5172 20

2224 5158 2238 5173 ο
2284 5158 2367 5184 ΙΙΙ,
2417 5158 2501 5172 -υσ

427 5118 478 5153 ³³
503 5118 622 5176 Gal.
651 5135 712 5178 ιι.
740 5119 825 5173 l8.
933 5120 978 5151 “
1004 5119 1163 5174 Rom.
1200 5136 1260 5186 ιι,
1290 5120 1380 5175 28.
1458 5121 1504 5153 ³⁸
1542 5120 1697 5176 Rom.
1734 5137 1804 5188 IV,
1831 5122 1887 5174 2.

504 5240 614 5323 (l6)
654 5240 906 5309 Vulgata,
950 5258 970 5291 ι
1020 5240 1144 5323 fecit
1175 5239 1339 5307 Deus,
1378 5260 1396 5293 ι
1431 5244 1576 5312 quod
1612 5244 1783 5315 magis
1812 5242 2001 5299 Graeco

431 5320 601 5366 textui
636 5325 932 5365 consonum
962 5322 1064 5366 est.

505 5381 615 5451 (l7)
655 5378 981 5451 Vulgata;‘¢
1024 5380 1346 5435 Ministratio
1409 5381 1624 5443 mortis,
1670 5382 1862 5436 litteris
1903 5383 2000 5436 de-

433 5449 666 5504 formata
692 5451 746 5502 in
779 5449 1086 5518 lapidibus;
1122 5469 1141 5501 ι
1175 5451 1269 5505 sed
1300 5452 1473 5515 nostri
1510 5453 1819 5519 interpretis
1842 5453 2001 5506 lectio

434 5520 707 5643 magipitad
738 5534 959 5575 sensum
994 5519 1169 5576 Graeci
1212 5534 1322 5590 quo
1352 5536 1498 5576 nunc
1545 5521 1773 5588 utimur,
1821 5530 2001 5576 textus

434 5606 575 5643 acccc
603 5606 615 5642 ι
647 5629 662 5643 .
1009 5634 1020 5643 .

434 5590 662 5645 accedit.
1009 5634 1020 5646 .

530 5659 618 5728 l8)
660 5657 799 5728 infra
834 5673 954 5728 cap.
990 5659 1062 5712 42
1086 5658 1267 5721 habet,
1310 5677 1328 5710 ι
1358 5658 1625 5713 aboletur.
1667 5677 1686 5710 ι

532 5727 618 5794 l9)
657 5727 716 5783 In
770 5727 1075 5794 Casinensi,
1138 5748 1158 5779 ι
1212 5745 1335 5783 nam
1395 5738 1449 5783 et
1509 5729 1918 5784 abscissionem.
1973 5746 1993 5779 ι

434 5797 665 5863 omissa,
706 5808 768 5853 ut
798 5807 962 5869 patet,
992 5799 1376 5867 praepositione
1410 5817 1427 5850 ι
1467 5813 1582 5867 per.
1615 5818 1633 5851 ι
1676 5797 1780 5853 Sed
1809 5807 1863 5852 et
1894 5797 1999 5867 legi

435 5878 632 5938 potest,
672 5887 691 5920 ι
724 5869 1077 5924 abscissione.
1118 5888 1136 5920 ι

2534 5050 2577 5082 ³⁸
2605 5050 2648 5103 ll
2670 5051 2796 5104 Cor.
2844 5067 2925 5113 ιιι,
2958 5050 3106 5102 6-H.
3173 5049 3219 5079 "
3250 5049 3424 5103 iCor.
3456 5064 3544 5112 xv,
3574 5048 3664 5106 50.

2605 5122 2648 5198 ³’ξ
2678 5119 2834 5175 Joan.
2872 5137 2908 5185 ι,
2930 5120 3020 5174 29.

2174 5238 2287 5310 (20)
2327 5239 2386 5292 In
2424 5237 2730 5310 _Casinensi
2778 5236 3222 5310 codicehlegitur,
3276 5252 3302 5310 ι
3336 5245 3666 5310 praepararet

2104 5303 2384 5381 prosimus
2412 5308 2523 5363 ﬁeri
2556 5308 2928 5381 benignaehac
2959 5303 3110 5381 diviti
3138 5303 3324 5381 menti.
3358 5322 3378 5354 ι
3412 5303 3477 5381 Et
3499 5303 3662 5381 infra,

2110 5374 2130 5431 ἓ
2166 5380 2389 5434 idiotam
2411 5393 2498 5432 me
2525 5393 2646 5432 esse
2677 5374 2958 5432 conﬁteor.
2998 5396 3016 5428 ι
3047 5374 3149 5430 Sed
3174 5374 3247 5427 ita
3267 5374 3663 5428 emendandum

2089 5465 2244 5511 esse,
2294 5448 2375 5501 uti
2407 5448 2610 5502 editum
2643 5455 2744 5513 est,
2790 5462 2972 5514 nemo,
3025 5456 3084 5502 ut
3128 5442 3402 5508 arbitror,
3451 5443 3663 5499 inficias

2102 5527 2285 5659 “(23:3
2308 5588 2459 5644 Hanc
2475 5587 2724 5643 Archelai
2739 5587 3043 5659 epistolam,
3060 5601 3183 5659 eum
3207 5582 3664 5659 subsequentibus

2108 5652 2384 5715 nonnullis
2417 5673 2589 5727 usque
2614 5659 2679 5712 ad
2708 5652 2869 5727 caput
2894 5656 2963 5710 46
2987 5656 3146 5724 hujus
3173 5658 3350 5726 operis
3373 5652 3539 5727 edidit
3568 5667 3666 5727 ρει-
3764 5696 3771 5716 ,

2108 5730 2240 5782 riter
2283 5744 2348 5783 ex
2377 5721 2562 5783 codice
2602 5721 2856 5787 Bobieusi
2897 5721 3171 5793 Valesius,
3193 5721 3348 5796 cujus
3381 5721 3557 5779 varias
3584 5721 3669 5774 le—
3752 5768 3767 5776 ν

2108 5799 2314 5853 ctiones
2342 5799 2687 5854 adnotamus.
