4090 6386
485 400 622 456 1495

1496 400 1677 456 ACTA
1716 399 2239 459 DlSPUTATlONlS
2281 401 2339 457 S.
2380 400 2728 459 ARCHELAI

3595 406 3734 464 H96

481 519 633 589 ejus;
660 518 755 575 sed
778 521 908 590 quia
934 520 1002 575 de
1021 518 1234 574 vacanti
1263 519 1376 573 ﬁeri
1404 519 1599 590 pcterit
1622 520 1734 590 (22)
1756 521 1882 586 hoc,
1912 536 2057 576 nunc
2084 527 2128 583 Α
2158 522 2234 577 lta
2271 522 2404 576 mihi
2436 521 2843 593 intelligendum
2865 531 2949 577 est
2975 520 3326 593 magniﬁcum
3347 520 3441 578 Dei
3466 519 3730 577 famulum

481 608 629 679 quod
678 608 865 676 instat,
913 609 1102 678 paucis
1155 607 1485 678 reapondere
1532 610 1627 664 tibi
1675 610 2051 666 necessarium

481 700 636 762 duxi,
667 700 733 755 ad
764 714 826 755 ea
865 714 985 769 qua!
1029 698 1161 754 mihi
1206 698 1473 768 scripsisti
1506 698 1654 769 quod
1681 700 1750 754 ab
1785 700 1878 755 illo
1908 700 2052 755 dice—

481 800 691 846 rentur.
724 789 853 844 Erat
882 805 1014 860 ergo
1044 789 1094 845 ei
1129 805 1406 845 summum
1435 792 1674 846 studium
1711 790 1847 863 (25),
1878 792 2052 862 legem

480 882 651 955 Moysi
683 882 970 937 ostendere
992 896 1099 937 non
1122 897 1241 937 esse
1267 891 1660 938 consonantem
1684 883 1785 955 legi
1813 883 2052 950 Christi;

479 984 533 1030 et
566 975 680 1029 haec
720 990 787 1029 ex
827 973 1033 1030 nostris
1079 971 1378 1044 Scripturis
1421 990 1736 1031 asseverare
1789 976 2051 1032 tcntabat.

477 1065 591 1120 Nos
622 1081 753 1121 vero
777 1080 842 1120 ex
876 1066 1066 1121 eadem
1094 1066 1209 1136 ipsa
1237 1065 1517 1136 Scriptura
1553 1083 1659 1121 non
1700 1067 1879 1123 solum
1925 1084 2057 1123 con-

478 1156 818 1213 ﬁrmavimus
847 1158 1017 1227 legem
1042 1157 1238 1230 Moysi,
1261 1168 1312 1213 et
1334 1159 1517 1212 omnia
1541 1175 1663 1229 quae
1689 1160 1743 1213 in
1767 1175 1829 1214 ea
1854 1160 2055 1230 scripta

478 1260 638 1317 sunt;
669 1265 858 1304 verum
882 1250 1043 1305 etiam
1062 1266 1223 1306 omne
1244 1259 1401 1307 vetus
1424 1249 1832 1309 Testamentum
1857 1270 2057 1310 conve-

476 1341 595 1396 nire
644 1357 788 1396 novo
834 1341 1183 1398 Testamento
1213 1352 1266 1398 et
1318 1360 1621 1400 consonare
1673 1346 2052 1415 probavimus.

474 1448 756 1503 unumque
770 1449 890 1489 esse
903 1443 1133 1490 textum.
1156 1442 1414 1505 tanquam
1432 1437 1477 1490 si
1500 1451 1605 1490 una
1626 1436 1792 1491 vestis
1806 1436 2057 1491 videatur

473 1538 541 1579 ex
565 1526 905 1595 subtegmine
929 1525 1042 1595 (24)
1066 1536 1227 1597 atque
1243 1528 1475 1582 stamine
1499 1544 1620 1583 esse
1644 1537 1916 1583 contexta.
1943 1527 2058 1584 Hoc

475 1618 681 1684 solum,
708 1619 855 1689 quod
879 1619 1043 1673 veluti
1068 1634 1366 1689 purpuram
1390 1620 1639 1675 videmus
1674 1620 1729 1675 in
1760 1631 1930 1685 veste,
1957 1636 2055 1675 no-

472 1724 601 1764 vum
621 1709 1027 1766 Testamentum
1051 1711 1105 1765 in
1129 1720 1275 1767 textu
1285 1727 1341 1765 ra
1358 1711 1470 1783 (25)
1488 1712 1685 1767 veteris
1699 1711 2055 1780 Testamenti;

472 1802 701 1870 gloriam
735 1802 882 1857 enim
934 1802 1149 1857 Domini
1199 1804 1253 1858 in
1307 1803 1498 1859 eodem
1546 1805 1894 1875 speculamur
1919 1804 2052 1876 (26).

2159 613 2379 685 Moysen
2431 614 2704 670 invenisse
2726 613 2838 683 (59)
2875 614 3135 684 populum
3172 614 3429 669 alllictum
3465 614 3534 669 ab
3565 613 3735 687 Egy-

2156 706 2306 777 ptiis,
2355 719 2518 775 quem
2570 714 2911 776 assumptum
2955 706 3232 761 nutriebat
3269 707 3325 762 in
3358 706 3574 762 deserto
3612 716 3734 763 tan-

2156 812 2320 865 quam
2344 803 2517 866 pater,
2547 795 2776 851 docebat
2804 804 2864 850 ut
2893 797 3172 866 magister,
3198 797 3419 868 regebat
3445 805 3505 851 ut
3530 806 3728 853 rector.

2155 886 2513 943 Conservavit
2542 887 2823 957 pepulum,
2866 900 3154 959 usquequo
3181 888 3393 943 veniret
3427 888 3586 958 cujus
3609 898 3731 956 est;

2153 987 2209 1033 et
2238 987 2361 1049 post
2385 979 2724 1049 aliquantum
2755 988 2970 1049 tempus
2999 979 3294 1035 adveniens
3320 989 3474 1049 pater
3495 995 3624 1037 oves
3649 996 3734 1036 re-

2156 1070 2298 1139 cepit
2322 1069 2456 1142 (40).
2486 1067 2677 1125 Nonne
2701 1086 2796 1141 per
2825 1071 3007 1124 omnia
3038 1070 3399 1126 ltonorabitur
3422 1071 3638 1141 quidem
3665 1071 3733 1128 ab

2155 1177 2222 1217 eo
2250 1162 2343 1231 qui
2377 1163 2598 1217 tradidit
2627 1178 2880 1234 gregem;
2917 1162 3238 1232 gloriabitur
3274 1178 3401 1218 vero
3431 1164 3500 1219 ab
3537 1164 3608 1219 iis
3639 1164 3733 1234 qui

2157 1253 2227 1308 ab
2257 1269 2323 1308 eo
2357 1254 2665 1309 conservati
2702 1253 2863 1309 sunt?
2889 1252 3023 1320 Quis
3052 1253 3216 1324 igitur
3245 1254 3318 1309 ita
3350 1255 3547 1311 mentis
3580 1256 3733 1310 insa-

2156 1360 2242 1399 nae
2270 1353 2376 1411 est,
2406 1361 2440 1399 o
2462 1345 2816 1400 dilectissime
2848 1343 3103 1409 Diodore,
3134 1354 3189 1399 ut
3210 1345 3420 1401 alienos
3448 1361 3479 1400 a
3500 1361 3558 1401 se
3585 1346 3733 1402 dicat

2155 1450 2251 1489 eos
2276 1438 2371 1504 qui
2400 1434 2540 1488 inter
2574 1449 2633 1489 se
2660 1433 2938 1504 conjuncti
2974 1443 3123 1500 sunt,
3155 1434 3249 1505 qui
3282 1450 3380 1505 pro
3410 1451 3468 1491 se
3498 1436 3732 1493 invicem

2156 1526 2571 1595 prophetarunt,
2608 1525 2701 1595 qui
2733 1524 2964 1595 :equalia
2994 1533 3047 1579 et
3077 1525 3179 1580 sibi
3209 1526 3410 1581 similia
3443 1520 3605 1598 atque
3639 1544 3734 1583 eo-

2157 1615 2305 1687 gnita
2331 1614 2467 1686 (41),
2516 1615 2630 1670 imo
2662 1616 2845 1686 potius
2879 1631 3138 1686 germana
3176 1616 3333 1687 signa
3378 1632 3443 1672 ac
3488 1618 3732 1689 prodigia

2156 1708 2636 1763 demonstrarunt?
2668 1718 2722 1762 et
2754 1708 2932 1778 primo
2970 1707 3189 1779 quidem
3218 1708 3431 1782 Moyses
3461 1712 3527 1765 ad
3560 1726 3733 1782 popu-

2156 1799 2268 1854 lum
2299 1799 2475 1854 dixit:
2521 1819 2539 1852 (
2573 1799 2903 1871 Prophetam
2947 1802 3104 1857 vobis
3149 1802 3429 1858 suscitabit
3467 1802 3733 1861 Dominus

472 1892 592 1948 Non
624 1910 757 1965 ergo
783 1894 1148 1964 altjiciendum
1178 1901 1263 1950 est
1284 1895 1564 1965 speculum
1586 1895 1720 1967 (27),
1746 1911 1869 1952 cum
1894 1895 2054 1952 nobis
2085 1881 2125 1936 Β
2155 1888 2299 1945 Deus
2323 1900 2513 1945 noster
2543 1891 2686 1947 sicut
2713 1908 2799 1947 me
2817 1892 2885 1946 ³⁸.
2921 1892 3082 1948 Jesus
3117 1892 3312 1948 deinde
3340 1896 3416 1949 ait
3443 1914 3456 1949 :
3492 1916 3511 1948 ε
3549 1896 3623 1953 De
3647 1913 3733 1954 me

475 1985 652 2056 ipsam
684 1986 976 2054 imaginem
1007 2001 1193 2040 rerum
1229 1986 1462 2042 similem
1507 2002 1798 2057 veramque
1827 1987 2053 2042 demon-

472 2084 607 2130 stret
629 2075 777 2146 (28);
810 2075 941 2145 quin
995 2076 1178 2146 potius
1206 2084 1261 2131 et
1290 2091 1358 2132 eo
1398 2077 1634 2147 amplius
1666 2077 2049 2133 honorandum

470 2174 573 2219 est.
605 2164 710 2221 Sed
742 2173 795 2220 et
825 2181 1057 2236 puerum
1088 2167 1183 2238 qui
1206 2167 1273 2223 ad
1301 2167 1556 2224 doctores
1582 2183 1610 2223 a
1631 2169 2050 2241 paedagogo(29)

471 2257 813 2325 perducitur,
846 2273 970 2314 cum
1007 2259 1186 2315 adhuc
1220 2261 1480 2331 parvulus
1507 2269 1611 2326 est,
1648 2262 1894 2332 nunquid
1925 2277 2049 2317 cum

469 2348 536 2402 ad
568 2356 780 2404 aetatem
810 2351 1138 2419 pervenerit,
1172 2350 1511 2409 debonorare
1544 2353 1658 2426 (50)
1692 2362 1912 2425 oportet
1943 2370 2052 2424 pte-

469 2439 764 2509 dagogum,
794 2448 1077 2510 propterea
1104 2442 1247 2511 quod
1276 2443 1389 2510 jam
1424 2460 1588 2515 opera
1619 2444 1738 2515 ejus
1769 2462 1877 2500 non
1910 2444 2054 2500 indi-

471 2538 563 2600 get
580 2529 714 2601 (51),
741 2543 795 2586 ει
822 2541 999 2602 potest
1019 2533 1171 2590 solus
1194 2534 1306 2602 jam
1338 2539 1455 2591 sine
1482 2536 1603 2607 ejus
1625 2537 1959 2592 adminiculo
1981 2537 2049 2592 ad

469 2623 688 2677 scholas
725 2638 951 2695 pergere
983 2636 1147 2696 atque
1173 2626 1239 2681 ad
1270 2629 1541 2683 auditoria
1577 2629 1909 2699 properare?
1943 2630 2053 2683 Aut

468 2730 693 2770 rursum
728 2715 845 2786 (52)
889 2719 1151 2787 parvulus
1192 2722 1286 2790 qui
1330 2721 1469 2777 lacte
1518 2722 1756 2780 nutritus
1788 2733 1892 2787 est,
1926 2739 2050 2778 eum

467 2806 761 2874 profecerit
784 2809 851 2863 ad
880 2810 1173 2866 validiores
1193 2812 1366 2878 cibos,
1392 2828 1515 2869 cum
1546 2813 1747 2885 injuria
1771 2815 1931 2870 debet
1956 2816 2053 2871 ab»

465 2897 636 2968 jicere
663 2908 827 2970 atque
861 2903 1251 2959 exhorrescere
1293 2906 1526 2961 nutricis
1569 2906 1882 2963 mamillas?
1919 2906 2050 2976 quin

469 2991 653 3059 potius
674 3003 963 3047 veneratur
985 2996 1212 3062 et'colit,
1237 3003 1292 3050 et
1318 2995 1564 3053 beneﬁcii
1589 2998 1673 3053 sui
1698 2998 1913 3053 debitor
1937 2997 2050 3069 (55)

466 3081 685 3140 fatetur.
738 3084 896 3140 Aliud
947 3086 1134 3154 etiam,
1189 3087 1235 3143 si
1290 3088 1529 3156 videtur,
1571 3090 1897 3146 adhibemus
1937 3091 2051 3161 (54)

466 3177 799 3246 exemplum.
828 3176 1002 3234 Homo
1034 3181 1256 3250 quidam
1289 3182 1589 3252 projectum
1622 3183 1676 3237 in
1702 3191 1902 3239 terram
1924 3198 2048 3240 cum

2153 1981 2298 2035 enim
2330 1978 2542 2053 Moyses
2587 1982 2803 2038 loeutus
2848 1993 2931 2038 est
2953 1984 3017 2036 ³⁸.
3050 2002 3069 2035 ι
3121 1982 3282 2041 Vides
3317 1985 3432 2058 (42)
3458 1991 3733 2057 quomodo

2152 2068 2404 2125 dexteras
2453 2071 2556 2126 sibi
2608 2072 2837 2127 invicem
2885 2073 3127 2138 tradunt,
3158 2076 3407 2143 quamvis
3436 2077 3548 2150 (45)
3598 2081 3734 2136 alter

2152 2162 2439 2232 propheta,
2478 2163 2618 2217 alter
2646 2180 2775 2219 vero
2807 2163 2980 2222 Filius
3014 2167 3086 2221 sit
3123 2166 3394 2233 dilectus;
3439 2170 3571 2225 alter
3597 2172 3730 2230 fide-

2152 2252 2222 2305 lis
2256 2250 2519 2318 l'amulus,
2546 2254 2686 2309 alter
2710 2270 2841 2310 vero
2867 2254 3133 2311 Dominus
3161 2269 3513 2327 agnoscatur.
3550 2260 3653 2318 Sed
3677 2273 3733 2321 et

2152 2344 2431 2415 quondam
2473 2346 2661 2402 volens
2706 2348 2833 2418 quis
2874 2349 2992 2403 sine
3034 2344 3329 2422 paedagogo
3360 2353 3439 2408 ire
3477 2355 3543 2409 ad
3575 2357 3734 2411 scho-

2151 2436 2254 2505 las,
2288 2453 2397 2493 non
2446 2438 2748 2510 suscipitur
2777 2455 2808 2494 a
2852 2440 3113 2510 magistro
3163 2443 3411 2500 dicente:
3443 2444 3561 2501 Non
3605 2465 3730 2503 cum

2152 2529 2473 2599 suscipiam,
2508 2530 2616 2583 nisi
2658 2531 2929 2601 acceperit
2956 2532 3331 2604 paedagogum.
3361 2533 3495 2601 Quis
3528 2536 3599 2592 sit
3630 2553 3732 2592 au-

2153 2629 2260 2677 tem
2287 2622 2355 2677 de
2397 2638 2508 2693 quo
2536 2623 2759 2690 dicitur,
2795 2623 3032 2679 breviter
3074 2641 3366 2696 exponam.
3409 2627 3581 2683 Homo
3613 2631 3736 2700 qui-

2151 2716 2278 2771 dam
2308 2726 2429 2771 erat
2452 2717 2604 2773 dives
2631 2717 2699 2783 ",
2723 2718 2997 2789 gentiliter
3032 2719 3240 2787 vivens,
3269 2722 3323 2776 in
3367 2722 3537 2777 multa
3569 2722 3721 2778 luxu.

2153 2806 2236 2861 ria
2269 2806 2513 2877 quotidie
2542 2807 2778 2880 degens;
2807 2808 2951 2865 alius
2984 2825 3115 2866 vero
3143 2826 3350 2882 pauper
3383 2822 3502 2867 erat
3524 2814 3736 2869 vicinus

2152 2897 2295 2966 ejus,
2318 2898 2412 2967 qui
2438 2912 2507 2952 ne
2526 2898 2908 2967 quotidianum
2933 2898 3155 2968 quidem
3179 2901 3361 2957 cibum
3387 2912 3601 2973 poterat
3621 2902 3734 2976 (44)

2153 2990 2421 3046 invenire.
2456 2990 2671 3046 Accidit
2701 3000 3002 3062 utrumque
3033 2992 3145 3048 vita
3172 2994 3454 3050 discedere
3481 3004 3537 3051 et
3561 2996 3616 3050 in
3642 2996 3734 3050 in-

2153 3081 2364 3136 fernum
2390 3080 2742 3146 descendere,
2789 3090 2843 3136 et
2865 3097 3156 3150 pauperem
3179 3085 3319 3139 mitti
3346 3085 3399 3139 in
3432 3086 3611 3141 locum
3643 3102 3734 3142 re-

2155 3171 2323 3242 quiei,
2354 3180 2408 3226 et
2424 3171 2630 3243 reliqua
2649 3186 2771 3242 quae
2787 3173 2950 3228 nosti.
2971 3170 3357 3229 Verumtamen
3375 3185 3534 3230 erant
3549 3176 3733 3233 ("vitis

464 3271 694 3327 vidisset
720 3270 1008 3338 infantem,
1032 3280 1086 3329 et
1108 3272 1222 3345 jam
1254 3275 1603 3329 vehementer
1624 3274 1907 3339 amictum,
1938 3275 2052 3331 col-

2159 3264 2355 3320 l'ratres
2378 3264 2642 3335 quinque,
2657 3280 2720 3320 ea
2747 3281 2871 3335 qua).
2894 3273 2948 3320 et
2972 3265 3090 3336 ipse
3113 3276 3320 3336 egerat,
3346 3280 3568 3339 agentes
3596 3271 3731 3341 (45),

463 3360 595 3434 legit
630 3379 757 3419 eum
791 3372 846 3421 et
876 3366 1089 3421 nutrire
1122 3366 1265 3437 apud
1303 3382 1362 3423 se
1392 3367 1559 3439 coepit
1592 3366 1727 3439 (55),
1760 3384 2049 3440 usquequo

467 3453 534 3508 ad
589 3462 801 3509 aetatem
856 3456 1241 3511 adolescentiae
1292 3459 1622 3527 perveniret,
1687 3460 2052 3529 toleravjtque

467 3560 662 3598 omnes
689 3546 783 3615 qui
817 3547 1038 3601 evenire
1063 3548 1244 3601 solent
1275 3548 1641 3605 nutritoribus
1667 3549 1882 3605 labores
1912 3549 2047 3619 (56).

462 3635 689 3692 Accedit
715 3652 846 3693 vero
880 3647 1006 3709 post
1034 3645 1250 3709 tempus
1285 3640 1331 3695 is
1369 3640 1461 3709 qui
1492 3641 1761 3696 naturalis
1787 3641 1837 3695 ei
1873 3639 2052 3696 fuerat

464 3737 640 3798 pater,
665 3728 944 3799 requirere
976 3743 1228 3796 puerum,
1253 3738 1308 3784 et
1335 3729 1540 3785 invenit
1566 3745 1690 3785 eum
1721 3731 1859 3801 apud
1890 3730 2043 3786 illum

466 3818 560 3887 qtti
597 3819 864 3874 nutrierat
890 3817 1027 3891 (57).
1065 3816 1205 3884 Quid
1236 3819 1400 3873 faciat
1443 3820 1532 3875 hic
1567 3835 1725 3889 puer,
1763 3828 1918 3890 patre
1950 3836 2046 3876 co-

465 3909 652 3979 gnito?
684 3910 751 3966 de
781 3910 933 3981 justo
957 3912 1103 3967 enim
1139 3926 1311 3983 puero
1344 3910 1477 3966 mihi
1511 3926 1694 3966 sermo
1720 3921 1824 3967 est.
1856 3909 2050 3967 Nonne

463 3999 655 4056 multis
681 3999 842 4056 donis
870 4010 1157 4057 munerato
1183 4017 1249 4057 eo
1272 4001 1365 4072 qui
1392 4017 1451 4057 se
1481 4000 1832 4067 educaverat,
1864 4001 2049 4072 sequi-

2155 3359 2275 3415 sine
2316 3357 2504 3422 dubio,
2550 3373 2675 3428 quae
2704 3357 2852 3413 domi
2892 3373 2921 3412 a
2958 3357 3053 3412 tali
3090 3358 3352 3429 magistro
3387 3361 3731 3417 didicissent.

2154 3450 2387 3521 Rogavit
2419 3449 2572 3504 dives
2618 3449 2783 3505 simul
2817 3464 2929 3503 uno
2959 3457 3203 3521 tempore
3230 3460 3291 3506 ut
3317 3453 3586 3508 edisceret
3618 3470 3735 3508 ma-

2148 3541 2325 3612 jorem
2355 3541 2699 3607 doctrinam;
2734 3540 3011 3595 Abraham
3057 3558 3187 3597 vero
3230 3544 3431 3610 sciens,
3468 3546 3730 3613 quoniam

2155 3634 2337 3687 adhuc
2364 3631 2612 3701 indigent
2640 3632 2957 3702 padagogo,
2986 3632 3064 3685 ait
3083 3633 3133 3686 ei
3164 3651 3178 3687 :
3220 3652 3238 3684 ι
3276 3633 3489 3690 Habent
3509 3636 3730 3708 Moysen

2153 3735 2208 3780 et
2236 3725 2548 3795 prophetas.
2592 3742 2612 3776 ι
2664 3723 2722 3778 Si
2767 3725 2915 3778 enim
2967 3723 3088 3777 illos
3118 3739 3227 3779 non
3262 3727 3623 3795 susceperint,
3673 3737 3733 3783 ut

2150 3818 2220 3873 ab
2244 3833 2310 3873 eo
2354 3817 2502 3871 velut
2545 3815 2844 3887 paedagogo
2891 3818 3283 3888 gubernentur,
3333 3833 3439 3873 non
3474 3830 3733 3889 poterunt

2149 3909 2378 3980 majoris
2410 3907 2665 3978 magistri
2704 3922 2900 3977 capere
2925 3910 3254 3965 doctrinam.

2221 3998 2382 4055 XLII.
2422 3997 2528 4054 Sed
2557 4008 2611 4054 et
2640 4001 2707 4053 de
2733 3998 2858 4053 aliis
2899 4001 3266 4064 sermonibus,
3301 4009 3362 4055 ut
3396 4010 3606 4071 potero,
3637 4016 3733 4055 ex-

465 4102 555 4147 tur
576 4092 879 4149 naturalem
903 4102 1112 4164 patrem
1139 4111 1240 4166 pro
1263 4103 1512 4165 respectu
1539 4096 1653 4166 (58)
1684 4095 2051 4151 haereditatis?
2153 4107 2377 4166 ponam,
2422 4090 2475 4164 id
2508 4098 2615 4156 est,
2647 4090 2795 4161 quod
2830 4105 2941 4145 non
2979 4093 3254 4148 contraria
3297 4091 3470 4165 Moysi
3517 4093 3733 4149 locutus

536 4224 582 4258 ³⁸
617 4224 770 4281 Deut.
804 4242 956 4295 xvnt,
992 4228 1078 4284 {8.
1157 4228 1201 4261 ³³
1236 4228 1392 4284 Joan.
1421 4246 1474 4297 v,
1503 4230 1592 4287 46.
1672 4230 1718 4264 ’⁵ο
1752 4230 1885 4289 Luc.
1919 4251 2030 4303 xvt,
2060 4232 2147 4289 l9.

542 4364 655 4488 (22)
695 4367 828 4423 Cod.
863 4367 1168 4451 Bobiensis.
1212 4387 1232 4421 ‹
1259 4369 1376 4423 ﬁeri
1410 4377 1608 4452 potest.

542 4434 627 4488 {25
684 4436 816 4488 Cod.
854 4438 1159 4488 Bobiensis.
1200 4458 1218 4488 ι
1254 4455 1414 4488 suum
1451 4442 1713 4488 studium-
1753 4459 1772 4488 ι

2226 4368 2340 4438 (54)
2379 4365 2682 4431 Bobiensis,
2721 4383 2741 4417 ς
2775 4362 3152 4421 adhibeamus.
3186 4386 3205 4417 ι
3476 4418 3479 4421 ,

2226 4440 2341 4488 (551
2380 4439 2524 4488 ldem
2577 4439 2771 4488 codex.
2832 4454 2850 4487 ι
2887 4437 3096 4488 colligit
3139 4445 3193 4488 et
3223 4436 3431 4488 nutrire
3478 4482 3479 4485 η

561 4436 649 4509 g5)
684 4436 817 4509 Cod.
854 4438 1159 4504 Bobiensis.
1200 4458 1218 4490 ι
1254 4436 1426 4493 suum‘
1451 4441 1713 4496 studium.
1752 4459 1772 4494 ι
2226 4436 2341 4509 (55)
2380 4439 2524 4492 ldem
2577 4439 2771 4504 codex,
2832 4454 2850 4487 ι
2887 4437 3096 4508 colligit
3139 4445 3193 4491 et
3223 4436 3431 4493 nutrire
3478 4438 3621 4509 apud
3668 4455 3729 4497 se

559 4504 653 4576 24)
690 4506 759 4581 ln_
773 4507 1065 4581 Casinensi
1085 4520 1191 4572 est,
1218 4528 1239 4581 ς
1271 4524 1336 4563 ex
1364 4510 1688 4577 subtemine,
1713 4522 1765 4567 et
1790 4527 1911 4580 qum
1932 4521 2045 4568 sta-

2152 4504 2365 4581 quaerit.
2382 4527 2420 4581 _»

466 4575 639 4629 mine.
673 4595 692 4627 ι
727 4576 831 4649 Sed
854 4594 953 4634 nos
977 4578 1259 4635 Bobiensis
1288 4581 1411 4635 cod.
1443 4575 1730 4636 lectionem
1763 4575 2044 4638 meliorem
2077 4575 2123 4630 D
2169 4575 2185 4581 ’
2224 4579 2338 4648 (56)
2381 4577 2527 4633 Idem
2560 4577 2757 4642 codex,
2814 4594 2833 4627 ι
2864 4577 2959 4649 qui
3000 4577 3183 4633 venire
3212 4577 3392 4634 solent
3422 4580 3726 4638 nutricibus

468 4658 592 4700 esse
625 4647 961 4703 censuimus.
2146 4651 2385 4705 labores.
2422 4667 2442 4700 ι

539 4715 654 4785 (25)
694 4717 866 4771 Codd.
900 4718 1085 4774 Casin.
1118 4728 1173 4774 et
1201 4719 1359 4783 Bob.,
1403 4737 1423 4771 ε
1452 4719 1505 4774 in
1537 4727 1828 4776 texturam.
1867 4740 1887 4775 ι

539 4786 652 4858 (26)
692 4787 1104 4860 Corruptusest
1140 4789 1245 4860 hoc
1280 4789 1335 4842 in
1374 4790 1496 4844 loco
1531 4789 1817 4848 Bobiensis
1844 4793 2039 4860 codex,

466 4856 640 4929 quem
658 4872 769 4929 non
799 4866 943 4929 recte
966 4856 1222 4929 (Valesius
1250 4861 1509 4914 correxit.

539 4927 650 5000 (27)
676 4927 1007 5004 Casinensis
1038 4943 1147 5004 non
1168 4937 1340 5004 recte,
1378 4947 1398 4980 ι
1437 4930 1721 5004 speculum
1754 4933 1917 4989 nobis
1945 4950 2044 5004 per

466 4998 640 5068 ipSam
675 4998 989 5069 imaginem.
1024 5016 1044 5051 ι
1078 4998 1183 5055 Sed
1217 4998 1412 5053 melior
1441 4998 1547 5055 alia
1578 5000 1864 5059 Bobiensia
1886 4998 2041 5059 coiti—

473 5070 553 5125 cis
589 5070 770 5133 lectio,
795 5085 959 5139 quam
991 5072 1161 5125 secuti
1196 5084 1409 5125 sumus.

541 5139 652 5207 (28)
693 5139 992 5200 Bobiensis.
1030 5159 1049 5192 ‹
1081 5140 1491 5197 demonstrarit.
1524 5160 1543 5193 ι

538 5208 651 5279 (29)
692 5208 759 5263 Ει
782 5210 869 5265 hic
892 5211 1083 5265 melior
1104 5209 1391 5265 Bobiensis
1422 5212 1630 5267 codicis
1661 5212 1862 5279 lectio;
1911 5230 2054 5269 nam'

467 5278 801 5355 Casjnensis
816 5281 997 5355 habet,
1018 5299 1054 5355 _r
1085 5281 1179 5355 qui
1214 5296 1244 5334 a
1277 5279 1502 5355 doctore
1532 5282 1601 5337 iis
1626 5299 1657 5337 a
1690 5278 2036 5355 paedagogo.»

537 5349 653 5418 (50)
692 5349 869 5405 Codex
902 5349 1206 5409 Bobiensis.
1240 5368 1260 5401 ι
1292 5350 1671 5407 dehonestare.
1691 5349 1733 5404 ἰ

540 5351 631 5418 (50
692 5351 869 5405 Codex
902 5351 1206 5409 Bobiensis.
1240 5368 1260 5401 ι
1292 5351 1733 5407 dehonestare.)
1856 5351 1867 5353 ἡ
1919 5351 1937 5355 ⁷

540 5351 653 5490 (Si;
689 5419 876 5493 Codex
899 5421 1236 5493 Casinensis,
1276 5431 1559 5493 reportet,
1589 5432 1641 5478 et
1664 5423 2037 5493 paedagogum.

464 5499 686 5558 prepter
712 5492 857 5559 quod
884 5506 978 5544 ore
996 5491 1130 5562 ejus
1156 5507 1263 5545 non
1293 5491 1515 5562 indiget.
1550 5511 1569 5543 ι
1609 5491 1676 5545 Et
1705 5491 1868 5562 paulo
1896 5491 2037 5562 post,

472 5577 490 5609 ε
529 5567 693 5629 atque
717 5561 1042 5630 planditoria
1073 5576 1386 5630 properare.
1418 5561 1436 5613 ὑ
1486 5562 1593 5619 Sed
1624 5561 1726 5619 nos
1752 5561 2040 5619 Bobiensis

463 5630 669 5683 codicis
694 5630 984 5699 lectionem
1011 5632 1405 5699 expressimus.

537 5700 651 5769 (52)
687 5698 990 5757 Bobiensis.
1033 5721 1053 5750 ι
1083 5698 1142 5754 ut
1175 5715 1415 5755 rursum.
1454 5721 1473 5753 ι
1568 5714 1571 5717 ·

538 5771 651 5839 (55)
689 5769 1084 5842 Ca_sinensis._c
1120 5769 1442 5826 debitorem.
1486 5791 1505 5823 ι
1540 5771 1721 5842 Forte,
1752 5794 1770 5827 ι
1796 5783 1850 5831 et
1873 5774 2039 5830 bene-

466 5839 572 5895 ﬁcii
603 5856 662 5897 se
692 5839 992 5895 debitorem
1023 5840 1239 5895 fatetur.
1277 5860 1294 5890 ι

2218 4721 2331 4790 (57)
2374 4719 2518 4774 Idem
2551 4718 2747 4791 codex,
2782 4734 2801 4767 α
2840 4716 3039 4772 accidit
3067 4733 3197 4773 vero
3224 4728 3364 4791 post
3399 4728 3635 4791 tempus,
3668 4733 3731 4779 ut

2145 4790 2193 4847 is
2227 4787 2342 4875 qui,
2372 4800 2505 4875 lete?
2539 4788 2846 4875 requireret
2865 4803 3116 4857 puerum,
3146 4798 3201 4843 ct
3223 4787 3492 4845 inveniret
3513 4787 3718 4875 cum._r

2216 4858 2329 4932 (58)
2369 4860 2563 4932 Codex
2596 4858 2903 4932 Bobiensis.
2945 4877 2965 4909 ι
2996 4870 3215 4932 patrem
3259 4872 3570 4930 prospectu.
3604 4884 3623 4916 ι
3657 4864 3726 4921 Et

2146 4929 2354 4993 mox,'t
2385 4930 2518 4984 mihi
2553 4929 2791 4999 intellige
2825 4931 3196 4999 magnilicum.
3239 4946 3259 4980 ι

2218 5002 2333 5072 (59)
2368 4999 2513 5072 _Male
2532 4999 2871 5072 Casinettsis,
2899 5018 2916 5050 ι
2952 5000 3184 5054 venisse.
3214 5017 3233 5053 θ

2217 5069 2329 5141 (40)
2366 5070 2655 5124 Bobiensis
2682 5069 2865 5130 habet,
2901 5087 2921 5118 ι
2957 5079 3218 5138 tanquam
3247 5078 3401 5137 pater
3432 5073 3718 5133 educabat.

2146 5139 2235 5195 Ut’
2264 5139 2523 5211 magister
2566 5142 2785 5211 regebat
2828 5150 2882 5193 et
2918 5142 3277 5193 conservabat
3307 5143 3587 5211 p0pulutn,
3613 5157 3719 5201 etc.

2142 5211 2211 5266 Et
2258 5227 2383 5286 cum
2430 5217 2555 5279 post
2603 5211 2941 5286 aliquantum
2979 5220 3192 5279 tempus
3238 5212 3532 5269 adveniens
3570 5227 3723 5286 pater

2144 5284 2394 5352 proprias
2423 5296 2552 5335 oves
2580 5281 2803 5352 recepit.
2840 5299 2860 5352 ξ

2218 5348 2331 5422 (Μ)
2376 5351 2558 5425 Codex
2607 5348 2918 5425 Bobiensis.
2963 5366 2983 5399 ‹
3022 5348 3114 5419 qui
3150 5351 3382 5425 aequalia
3430 5366 3596 5425 atque
3625 5369 3722 5413 co-

2144 5433 2328 5492 gnata.
2357 5422 2567 5493 publox,
2592 5440 2611 5472 ι
2652 5422 2718 5493 ad
2748 5421 3003 5493 populum
3029 5438 3042 5486 ;
3071 5423 3409 5491 prophetam.
3445 5442 3466 5476 ι

2216 5493 2329 5563 (42)
2371 5491 2511 5563 Male
2540 5491 2858 5546 Casinensis
2895 5492 3092 5556 codex,
3133 5509 3151 5542 ι
3187 5494 3351 5546 unde.
3392 5511 3412 5545 ι

2216 5561 2329 5631 (45)
2371 5561 2510 5616 Male
2538 5562 2873 5626 Casmcnsis,
2911 5580 2929 5611 ‹
2964 5576 3149 5629 quam.
3184 5580 3204 5613 ι

2216 5576 2307 5631 (45
2371 5576 2510 5616 male
2538 5576 2873 5626 Lasmcnsns,
2911 5580 2929 5611 ‹
2964 5576 3149 5629 quam.
3184 5580 3204 5613 ι

2215 5576 2329 5706 (μ)
2362 5632 2543 5706 Codex
2575 5631 2877 5706 Dobiensis,
2908 5649 2928 5681 ι
2967 5642 3165 5700 potest,
3198 5650 3219 5683 ι
3248 5633 3387 5687 mala
3422 5634 3599 5691 lectio.

2216 5701 2329 5773 (45)
2365 5701 2896 5777 Codngpbiensis,
2932 5719 2950 5751 ι
2990 5711 3045 5756 et
3083 5717 3147 5756 ea
3172 5719 3293 5777 qua:
3324 5706 3439 5773 ipse
3477 5714 3719 5777 gesserat

2145 5770 2384 5848 agentes.
2419 5792 2438 5825 ι
2475 5770 2541 5848 Et
2570 5770 2780 5848 ittl‘ra,_c
2814 5770 3428 5848 unotempore‘discere
3455 5770 3713 5848 majorem

2146 5842 2445 5899 doctrinam
2485 5844 2553 5898 ab
2580 5842 2877 5897 Abraham.
2912 5843 3187 5898 Abraham
3219 5859 3368 5899 vero.
3408 5865 3428 5898 ι
