4090 6388
364 439 497 495 1497

1468 432 1611 491 CUM
1649 431 1931 489 MANETE
1972 432 2505 491 HERESIARCHA.

3475 436 3496 490 1
3509 434 3612 490 498

360 569 442 615 est
469 544 630 616 Iesus
656 568 748 613 aut
776 556 901 613 fecit
934 554 1066 628 (16).
1095 552 1341 608 Primum
1364 554 1507 625 quod
1537 555 1633 620 ait,
1659 574 1677 607 ι
1705 554 1937 609 Oculum
1966 557 2010 614 Α
2041 554 2165 625 quis
2192 574 2205 610 :
2240 553 2358 610 Non
2393 564 2478 612 est
2508 569 2639 626 ergo
2666 555 2869 610 bonum
2904 555 3217 610 renuntiare
3251 553 3474 608 divitiis.
3502 553 3611 609 Bo-

361 664 461 717 pro
476 648 657 713 oculo,
675 648 889 703 dentem
914 661 1011 717 pro
1026 646 1184 701 dente
1205 645 1271 712 δι,
1296 665 1313 698 3
1336 645 1439 701 hoc
1462 645 1795 717 (47)]ustum
1819 655 1931 712 est;

360 738 508 808 quod
568 748 744 792 autem
803 753 1003 793 caesum
1074 746 1330 808 praestare
1382 738 1536 808 jubet
1593 746 1648 792 et
1707 738 1934 793 alteram

363 829 661 895 maxillam,
690 829 795 884 hoc
835 830 1054 885 bonitas
1097 837 1203 885 est.
1230 829 1482 900 Nunquid
1520 830 1730 900 jnstitia
1778 830 1936 886 boni-

364 922 459 976 tati
491 922 761 976 contraria
800 922 921 977 est?
948 921 1100 977 Absit
1142 921 1289 993 (48)!
1320 921 1597 992 profectus
1638 932 1820 978 autem
1851 932 1936 978 est

361 1012 429 1068 de
455 1013 665 1084 jnstitia
696 1014 760 1067 ad
792 1014 1108 1069 bonitatem.
1159 1013 1224 1069 Et
1253 1030 1446 1070 rursus
1491 1033 1504 1069 :
1543 1035 1561 1067 σ
1606 1014 1810 1086 Dignus
1853 1024 1937 1071 est

361 1104 646 1172 aperarius
675 1104 923 1160 mercede
959 1120 1056 1159 sua
1088 1104 1154 1159 ".
1196 1124 1215 1157 3
1264 1103 1417 1170 Quod
1454 1105 1500 1160 si
1544 1106 1775 1160 voluerit
1810 1106 1933 1175 quis

360 1194 607 1251 fraudem
654 1197 848 1261 facere,
880 1196 1020 1267 exigi
1058 1197 1128 1251 ab
1161 1213 1227 1251 eo
1268 1197 1356 1251 illa
1398 1213 1519 1267 quae
1556 1214 1651 1269 per
1685 1197 1931 1254 fraudem

358 1287 717 1358 interceperat
765 1290 900 1361 (49),
949 1288 1318 1357 justissimum
1366 1300 1469 1351 est,
1526 1291 1758 1344 maxime
1808 1306 1933 1345 cum

359 1381 530 1435 multa
556 1382 628 1436 sit
659 1397 885 1438 merces.
922 1380 1035 1438 Hoc
1065 1391 1244 1437 autem
1272 1382 1417 1446 dico,
1443 1381 1663 1452 quando
1690 1381 1929 1455 Egyptii

358 1472 666 1541 aﬂligehant
695 1474 832 1529 lilios
866 1472 1031 1529 Israel
1071 1489 1170 1544 per
1213 1490 1440 1544 cperunt
1475 1475 1846 1544 compulsores
1876 1475 1929 1530 in

358 1564 622 1636 fingendis
673 1565 975 1633 lateribus,
1017 1567 1162 1636 quod
1213 1582 1335 1620 cum
1386 1565 1669 1635 suppliciis
1714 1565 1929 1638 Moyses

356 1663 530 1709 totum
554 1655 756 1725 pariter
788 1656 931 1710 intra
965 1671 1133 1710 unum
1164 1665 1497 1711 momentum
1532 1659 1792 1727 temporis
1813 1674 1930 1714 exe-

355 1746 452 1816 git.
477 1744 730 1817 Nunquid
770 1749 871 1803 hoc
902 1748 1161 1818 iniquitas
1185 1748 1297 1821 (50)
1325 1749 1643 1820 appellanda
1678 1752 1801 1805 θειῖ
1822 1750 1932 1806 Ab-

355 1838 468 1892 sit!
508 1837 599 1893 llla
634 1854 768 1894 sane
818 1839 1083 1895 bonitatis
1112 1850 1193 1895 est
1239 1841 1566 1897 abstinentia
1616 1841 1753 1913 (51),
1800 1858 1924 1898 cum

354 1930 531 1984 utitur
555 1932 679 2000 quis
711 1931 1012 2002 frugaliter,
1043 1933 1365 1989 rennntians
1403 1934 1660 1990 omnibus
1681 1951 1803 2005 qua:
1830 1953 1926 1992 su-

352 2024 557 2093 perﬂua
592 2032 741 2080 sunt.
771 2023 927 2091 Quod
958 2040 1086 2081 vero
1127 2027 1239 2099 (52)
1268 2027 1321 2080 in
1368 2025 1545 2082 Veteri
1582 2026 1931 2086 Testamento

350 2116 556 2171 dictum
585 2125 669 2171 est
698 2136 709 2171 :
744 2118 886 2190 «Ego
903 2117 1122 2172 divitem
1156 2117 1296 2173 facio
1316 2128 1371 2174 et
1394 2122 1754 2190 pauperem"
1774 2122 1929 2189 μιθ-

352 2223 451 2263 sus
474 2224 604 2263 vero
650 2209 920 2264 beatiﬁcat
947 2226 1215 2282 pauperes
1250 2210 1317 2279 “,
1350 2228 1458 2268 non
1486 2214 1623 2269 dixit
1650 2216 1931 2271 saecularis

351 2301 672 2355 substantia:
689 2302 799 2371 (55)
818 2317 1100 2372 pauperes,
1123 2303 1214 2359 sed
1235 2320 1498 2374 pauperes
1516 2306 1730 2375 spiritu,
1756 2307 1805 2362 id
1825 2316 1929 2371 est,

350 2393 445 2462 qui
480 2410 586 2448 non
626 2396 879 2465 superbia
906 2394 1311 2451 inflammantur
1340 2397 1473 2470 (54),
1501 2403 1593 2454 sed
1623 2399 1931 2457 humilitate

350 2500 411 2540 se
431 2486 799 2557 mitigant(55)
818 2496 869 2541 et
887 2487 1170 2555 inclinant,
1200 2503 1306 2542 non
1334 2489 1454 2558 plus
1468 2490 1740 2560 sapientes
1759 2508 1924 2562 quam

348 2586 565 2644 oportet
597 2591 790 2647 sapere
833 2577 901 2632 “.
938 2576 1113 2645 Quam
1151 2579 1371 2649 quidem
1406 2581 1756 2639 adversarius
1781 2600 1931 2655 qua:-

347 2671 582 2726 stionem
627 2688 736 2727 non
785 2683 1154 2743 competenter
1179 2676 1405 2746 aptavit.
1453 2674 1551 2731 Hic
1593 2677 1740 2732 enim
1769 2677 1930 2732 video

346 2771 404 2815 et
430 2760 614 2817 Jesum
669 2764 902 2820 libenter
945 2765 1244 2821 intuentem
1294 2768 1523 2823 divitum
1573 2784 1801 2825 munera
1843 2769 1927 2837 “;

347 2869 475 2909 cum
530 2844 607 2909 in.
639 2858 1029 2928 gazophylacio
1081 2858 1421 2928 offeruntur;
1470 2870 1523 2916 et
1580 2876 1772 2931 parum
1825 2862 1930 2916 hoc

346 2954 436 2999 est
459 2945 593 3015 (51)),
624 2947 670 3000 si
705 2962 734 3000 a
764 2948 895 3001 solis
918 2946 1177 3002 divitibus
1201 2949 1254 3003 in
1285 2950 1672 3021 gazophylacio
1701 2966 1928 3006 munera

348 3036 654 3091 offeruntur
685 3038 829 3107 (57);
870 3038 980 3092 imo
1026 3055 1151 3094 vero
1188 3042 1354 3095 etiam
1401 3041 1511 3097 duo
1552 3042 1764 3098 minuta
1795 3059 1929 3113 pau-

347 3129 584 3197 perculm
609 3128 785 3184 viduae
808 3130 1039 3183 libenter
1065 3131 1463 3201 suscipiuntur,
1481 3132 1538 3187 in
1561 3148 1671 3203 quo
1692 3134 1926 3204 amplius

347 3220 576 3290 aliquid,
625 3238 776 3291 quam
821 3223 966 3292 quod
1008 3222 1222 3295 Moyses
1269 3234 1600 3295 praeceperat
1644 3225 1712 3280 de
1745 3225 1923 3281 susci-

346 3311 546 3383 pienda
583 3313 810 3380 pecunia
841 3312 1270 3368 demonstratur.
1297 3313 1389 3369 Ille
1418 3313 1565 3369 enim
1614 3314 1684 3369 ab
1718 3314 1805 3370 his
1831 3316 1926 3385 qui

347 3402 623 3457 habebant
669 3403 971 3472 accipiebat
1016 3404 1169 3476 (58);
1208 3404 1297 3459 hic
1326 3413 1505 3459 autem
1539 3405 1736 3475 accipit
1763 3407 1928 3462 etiam

346 3495 524 3550 abhis
557 3497 649 3566 qui
681 3510 788 3549 non
824 3496 1043 3552 habent.
1074 3498 1200 3565 Sed,
1219 3498 1314 3565 ait,
1336 3499 1599 3569 scriptum
1623 3508 1747 3554 est:
1771 3518 1789 3550 ι
1812 3497 1929 3555 Nisi

347 3586 474 3657 quis
510 3588 903 3643 renuntiaverit
933 3590 1190 3646 omnibus
1229 3606 1351 3659 qua:
1387 3590 1651 3659 possidet,
1684 3606 1791 3645 non
1830 3606 1928 3661 po-

346 3686 455 3732 test
499 3695 653 3735 meus
691 3694 813 3734 esse
844 3681 1145 3751 discipulus
1176 3681 1242 3737 ⁸⁷.
1284 3702 1303 3735 3
1331 3682 1569 3737 Rursum
1603 3682 1762 3738 video
1795 3698 1928 3738 cen-

348 3772 644 3836 tux-ionem,
679 3772 839 3826 valde
873 3773 1092 3829 divitem
1127 3782 1181 3829 et
1222 3775 1468 3831 saeculari
1505 3775 1787 3845 praeditum
1827 3790 1927 3845 po-

350 3873 587 3930 testate,
629 3864 788 3919 fidem
844 3864 1046 3921 habere
1102 3867 1390 3937 plusquam
1435 3882 1653 3922 omnem
1707 3865 1927 3922 Israeli-

350 3964 461 4009 tam
487 3955 533 3990 "
564 3974 578 4023 ;
606 3966 666 4011 ut
691 3957 736 4011 si
765 3956 891 4027 quis
916 3955 1016 4011 fuit
1041 3958 1355 4026 (59),etiam
1380 3958 1474 4027 qui
1518 3960 1927 4014 renuntiaverat

350 4064 379 4103 a
406 4050 726 4103 centurione
749 4061 1039 4120 superatur
1074 4049 1127 4103 in
1164 4049 1289 4104 lide.
1318 4047 1421 4103 Sed
1452 4048 1596 4104 dicet
1621 4048 1731 4122 (60)
1764 4050 1926 4106 nobis

422 4141 464 4175 “
501 4140 689 4197 Matth.
723 4160 776 4204 v,
808 4142 896 4196 52.
1000 4142 1044 4176 “
1071 4140 1260 4195 Matth.
1297 4159 1353 4209 x,
1387 4143 1473 4196 10.

345 4212 439 4267 41.
516 4214 706 4267 "Luc.
738 4230 850 4267 xtv.
876 4214 966 4267 55.
1042 4213 1085 4246 "'
1116 4211 1306 4267 Matth.
1340 4229 1456 4267 vm.

348 4252 514 4347 ἱὲίιι,
557 4252 966 4339 τ’ῗ“”ἕι”ιὶιᾎιίῑί’
987 4300 1041 4350 v,
1075 4252 1620 4350 83""‘53'3iiiiiifiiu,
1653 4252 1741 4337 πεί

423 4376 535 4458 (46)
566 4374 706 4458 Male
740 4375 1081 4458 Casinensis,
1119 4393 1138 4428 ι
1174 4384 1354 4458 autem
1392 4374 1606 4458 fecit._3-
1628 4375 1699 4428 At
1725 4375 1781 4429 in
1811 4372 1922 4458 Bo:

348 4444 525 4528 biensi
574 4448 762 4503 codice
810 4448 1080 4517 sequitur,
1116 4463 1138 4498 σ
1188 4444 1433 4500 Primum
1479 4445 1723 4515 quidem,
1775 4444 1924 4516 quod

350 4526 450 4573 ait.
483 4537 502 4570 3

449 4587 538 4657 47)
577 4586 758 4643 Codex
790 4586 1097 4648 Bobiensis,
1138 4603 1158 4637 ι
1186 4585 1248 4657 in
1279 4585 1402 4657 hoc.
1436 4602 1456 4636 3

451 4653 539 4727 48)
585 4657 649 4712 In
677 4658 930 4713 Bobiensi
964 4658 1153 4712 codice
1184 4656 1273 4711 hic
1297 4655 1451 4727 plura
1487 4654 1649 4710 verba
1676 4653 1914 4722 desunt;

353 4726 708 4791 habetenim,
741 4748 759 4779 ι
789 4729 893 4783 hoc
925 4728 1140 4783 bonitas
1166 4733 1269 4780 est.
1305 4726 1480 4780 Absit.
1514 4744 1533 4777 3

426 4799 538 4871 (49)
574 4798 760 4871 Codex
787 4798 1099 4871 Bobiensis:
1131 4816 1151 4849 ι
1172 4805 1241 4871 _et
1268 4796 1411 4871 exigi
1459 4797 1528 4850 ab
1553 4810 1618 4851 eo
1661 4796 1771 4871 illa,
1796 4810 1921 4871 quae

357 4866 549 4924 fraude
590 4869 966 4937 interceperat.
1007 4887 1026 4920 3
1060 4866 1376 4923 Casinensis
1420 4882 1570 4930 vero,
1610 4884 1628 4916 ι
1659 4869 1813 4935 exige
1852 4867 1922 4920 ab

355 4956 422 4993 en
447 4940 534 4993 illa
564 4955 686 5009 qua:
711 4938 954 4993 fraudem
984 4939 1363 5009 interceperat.
1396 4955 1417 5009 3
1448 4937 1558 4991 Nos
1588 4952 1656 4991 ex
1686 4946 1923 5008 utroque

354 5009 542 5064 codice
566 5005 841 5063 meliorem
871 5009 1153 5065 lectionem
1192 5005 1568 5061 conﬂavimus.

431 5080 543 5150 (50)
568 5079 871 5150 Bobiensis,
907 5098 926 5131 ι
961 5079 1147 5150 exigit.
1182 5073 1437 5145 Nunquid
1473 5076 1752 5150 iniquitas.
1780 5093 1811 5150 _3

431 5084 521 5150 (50
568 5084 871 5140 Bobiensis,
907 5098 926 5131 ι
961 5084 1146 5203 exigit.
1182 5084 1437 5145 Nunquid
1473 5084 1752 5148 iniquitas.
1779 5093 1811 5157 _3

431 5084 543 5222 (51)
598 5149 737 5222 Hinc
780 5148 1051 5222 patet_Va
1073 5148 1263 5222 es_ium_
1298 5156 1444 5222 recte
1494 5149 1562 5202 ad
1621 5162 1921 5222 marginem

352 5216 680 5276 emendasse
705 5216 993 5276 Bobiensis
1022 5219 1226 5276 codicis
1250 5216 1559 5283 lectionem,
1583 5231 1707 5287 quae
1736 5216 1919 5286 habet,

364 5308 383 5342 ι
413 5292 675 5346 absentia.
715 5308 735 5343 3

431 5362 542 5432 (δὲ)
571 5362 752 5417 Codex
786 5359 1072 5417 Bobiensia
1115 5376 1135 5416 :
1174 5377 1194 5413 ι
1229 5358 1385 5427 Quod
1422 5371 1576 5429 ergo,
1616 5375 1636 5408 3
1683 5365 1739 5412 et
1772 5372 1922 5423 mox,

366 5449 387 5483 ι
423 5430 585 5488 Jesus
620 5433 914 5487 beatificat.
951 5449 971 5484 3

455 5503 545 5572 55)
576 5503 759 5557 Codex
786 5502 1089 5572 Bobiensis,
1127 5519 1147 5553 ι
1187 5497 1433 5555 saeculari
1461 5497 1790 5553 substantia.
1825 5517 1844 5551 3

455 5571 543 5639 51)
574 5572 756 5637 Forte,
799 5592 817 5624 ι
858 5571 1134 5625 inﬂantur.
1169 5589 1189 5622 3

456 5636 550 5701 55)
576 5644 761 5698 Codex
788 5642 1091 5704 Bobiensis,
1122 5659 1141 5693 ι
1183 5640 1487 5695 humilitate
1515 5636 1787 5708 mitigant.
1830 5656 1850 5689 3

456 5651 550 5701 '55)
576 5651 761 5698 Codex
788 5651 1091 5704 Bobiensis,
1122 5659 1141 5693 ι
1184 5651 1487 5695 humilitate
1515 5651 1787 5708 mitigant.
1830 5656 1850 5689 3

433 5651 545 5785 (56)
577 5715 758 5785 Codex
783 5713 1122 5785 Casinensis,
1150 5729 1170 5762 ι
1200 5710 1515 5785 ollenentur,
1543 5718 1597 5763 et
1627 5723 1925 5778 pauperum

362 5780 468 5839 hoc
490 5780 591 5838 est.
622 5803 642 5835 3
674 5783 957 5839 Bobiensis
983 5783 1186 5843 autem,
1222 5799 1241 5831 ‹
1276 5780 1616 5843 olieruntur;
1649 5788 1703 5835 et
1731 5794 1922 5849 parum

364 5853 469 5908 hoc
494 5862 598 5918 est,
631 5872 650 5905 3
685 5870 807 5923 quae
840 5869 965 5907 vera
992 5864 1076 5907 est
1110 5852 1273 5921 hujus
1298 5852 1401 5904 loci
1429 5851 1609 5905 lectio.

430 5923 548 5995 (57)
578 5925 756 5981 Codex
788 5923 1090 5987 Bobiensis,
1128 5941 1146 5974 ι
1181 5924 1506 5977 inferuntur.
1541 5941 1560 5972 3

516 4214 706 4267 "Luc.
738 4230 850 4279 xtv,
876 4214 966 4269 55.
1042 4213 1085 4246 "'
1116 4211 1306 4267 Matth.
1340 4207 1456 4276 vm,
1489 4211 1575 4268 10.
1652 4213 1696 4247 ⁸⁸
1731 4212 1923 4271 Matth.

2029 4228 2054 4275 ε,
2091 4208 2179 4266 8.·
2220 4209 2452 4268 "Marc.
2477 4224 2542 4278 ιι,
2568 4208 2656 4265 19.
2732 4207 2984 4265 ³⁸Μειι1ι.
3018 4222 3115 4275 vn,
3156 4207 3245 4263 15.

2037 662 2191 706 num.
2232 645 2479 715 inquam,
2512 646 2597 702 his
2628 647 2723 718 qui
2750 656 3010 717 possunt;
3037 647 3129 700 sed
3156 645 3303 701 abuti
3337 645 3448 715 (61)
3475 646 3614 699 divi-

2037 737 2128 793 tiis
2155 737 2221 792 ad
2246 752 2383 807 Opus
2402 736 2629 808 justitiae
2658 746 2819 807 atque
2852 734 3242 792 misericordia:
3272 750 3456 805 parem
3486 750 3612 804 grae

2037 830 2164 884 tiam
2198 828 2390 883 tribuit
2418 844 2483 884 ac
2518 830 2563 885 si
2593 829 2862 884 universis
2887 828 3092 899 pariter
3134 826 3496 882 renuntietur.
3537 824 3612 880 De

2034 937 2100 976 eo
2146 929 2326 976 autem
2358 922 2505 992 quod
2538 922 2689 986 dicit,
2730 920 3068 977 destructum
3116 935 3237 975 esse
3279 917 3603 983 Sabhatum,

2034 1030 2141 1069 non
2169 1015 2327 1085 plane
2352 1015 2653 1081 destruxit;
2682 1015 2797 1085 ipse
2843 1014 2988 1069 enim
3037 1012 3300 1067 Dominus
3345 1010 3457 1081 (62)
3491 1018 3611 1064 erat

2038 1103 2259 1160 Sahbati
2285 1105 2363 1174 "’;
2409 1116 2668 1177 tanquam
2697 1106 2744 1162 si
2784 1106 2971 1177 sponsi
3005 1105 3130 1175 quis
3163 1103 3478 1158 custodiens
3524 1110 3611 1155 to—

2033 1212 2154 1250 rum
2182 1196 2466 1268 diligenter
2487 1207 2825 1253 exstructum
2853 1197 2986 1269 (65),
3004 1212 3033 1251 a
3057 1196 3205 1250 nullo
3226 1196 3333 1250 alio
3349 1204 3608 1250 extraneo

2033 1290 2220 1344 vexari
2274 1291 2359 1345 vel
2394 1290 2635 1362 contingi
2688 1290 2924 1361 patiatur
2976 1290 3112 1359 (64),
3158 1302 3444 1358 usquequo
3493 1288 3609 1357 ipse

2034 1394 2269 1449 Sponsus
2320 1380 2606 1446 adveniat;
2659 1390 2713 1436 et
2762 1397 2887 1439 cum
2934 1380 3246 1445 advenerit,
3291 1388 3465 1435 strato
3504 1393 3608 1435 suo

2033 1473 2177 1530 sicut
2204 1475 2426 1531 libuerit
2455 1484 2663 1542 utatur,
2693 1476 2777 1533 vel
2809 1477 2861 1531 hi
2897 1493 3035 1547 quos
3066 1476 3185 1547 ipse
3210 1492 3394 1532 secum
3427 1476 3608 1547 jusse-

2032 1567 2104 1621 rit
2133 1566 2377 1622 introire.
2409 1565 2804 1623 Testimonium
2831 1569 2994 1624 etiam
3035 1568 3183 1624 dedit
3209 1569 3295 1623 his
3325 1582 3447 1637 qua:
3470 1567 3608 1622 dici-

2032 1675 2175 1724 mus,
2219 1661 2429 1716 caelesti
2481 1675 2616 1716 voce
2665 1661 2781 1731 ipse
2825 1660 3089 1716 Dominus
3144 1658 3305 1716 Jesus
3353 1658 3606 1717 Christus

2030 1753 2217 1810 dicens
2265 1770 2278 1805 :
2331 1771 2349 1805 ι
2387 1751 2641 1823 Nunquid
2688 1754 2919 1823 potestis
2965 1752 3105 1808 lilios
3141 1752 3328 1823 sponsi
3376 1750 3485 1823 (65)
3518 1751 3604 1808 fa-

2030 1860 2153 1900 cere
2185 1845 2456 1916 jejunare,
2496 1844 2673 1900 donec
2713 1860 2840 1900 cum
2886 1845 3018 1909 ipsis
3063 1853 3149 1901 est
3195 1860 3430 1916 sponsus
3456 1844 3542 1897 "Y
3577 1863 3596 1896 ι

1964 1914 2003 1969 Β
2033 1935 2138 1992 Sed
2169 1914 2643 1992 circumcisionem
2686 1952 2796 1992 non
2843 1937 3062 2008 abjecit,
3102 1914 3241 2006 quin
3276 1937 3456 2006 potius
3490 1936 3606 2007 ipse

2028 2044 2128 2100 pro
2174 2029 2334 2085 nobis
2378 2029 2433 2083 in
2480 2029 2833 2099 semetipsum
2883 2045 3110 2087 causam
3167 2029 3605 2085 circumcisionis

2027 2121 2242 2192 excepit
2267 2119 2400 2192 (66),
2429 2120 2617 2176 labore
2643 2136 2741 2177 nos
2766 2121 3036 2189 relevans,
3058 2131 3111 2177 et
3134 2123 3244 2194 pati
3268 2138 3370 2178 nos
3399 2122 3605 2178 frustra

2026 2214 2234 2270 doloris
2263 2214 2469 2284 aliquid
2507 2229 2614 2269 non
2645 2215 2855 2270 sinens.
2883 2214 3026 2281 Quid
3049 2216 3194 2271 enim
3222 2216 3468 2286 prodest,
3498 2214 3607 2271 cir-

2028 2308 2358 2364 cumcidenti
2391 2323 2450 2362 se
2474 2307 2693 2378 quidem
2721 2316 2775 2363 et
2795 2308 3058 2364 adversus
3089 2311 3401 2379 proximum
3442 2323 3603 2364 suum

2028 2403 2265 2475 pessima
2301 2400 2602 2474 cogitanti?
2653 2399 2839 2455 Voluit
2866 2409 3048 2455 autem
3083 2400 3256 2471 magis
3284 2400 3608 2471 largissimae

2027 2495 2131 2550 viae
2182 2494 2359 2566 spatia
2425 2493 2815 2563 compendioso
2870 2492 3031 2548 nobis
3099 2492 3318 2547 tramite
3375 2492 3608 2548 demon-

2029 2598 2205 2641 strare
2247 2585 2381 2657 (67),
2427 2600 2497 2639 ne
2537 2584 2676 2639 forte
2717 2600 2840 2639 cum
2878 2584 3038 2655 longa
3070 2584 3243 2654 spatia
3278 2584 3601 2650 circuimus,

2029 2685 2157 2733 ante
2209 2678 2369 2732 nobis
2408 2676 2526 2731 dies
2571 2676 2856 2731 claudatur
2897 2676 2950 2729 in
2992 2684 3238 2742 noctem;
3270 2684 3324 2730 et
3371 2674 3501 2729 dum
3536 2676 3606 2733 de

2028 2769 2167 2826 foris
2208 2770 2429 2840 quidem
2480 2768 2749 2839 splendidi
2784 2768 3100 2823 hominibus
3137 2784 3483 2839 apparemus,
3519 2770 3607 2825 in-

2028 2864 2303 2919 trinsecus
2338 2862 2482 2932 lupis
2521 2861 2811 2931 rapacibus
2857 2876 3238 2930 comparemur
3282 2864 3349 2928 ",
3380 2867 3475 2915 aut
3520 2877 3608 2917 se-

2029 2955 2237 3026 pulcris
2268 2954 2621 3010 conferamur
2666 2953 2932 3009 dealbatis
2978 2953 3046 3007 ⁵².
3096 2952 3266 3008 Multo
3308 2953 3454 3007 enim
3492 2952 3604 3025 (68)

2029 3048 2121 3102 ille
2156 3046 2289 3102 huic
2332 3044 2704 3118 praeferendus
2733 3053 2817 3099 est
2845 3044 2942 3114 qui
2968 3051 3115 3100 veste
3140 3043 3386 3114 squalida
3418 3059 3482 3099 ac
3513 3044 3607 3099 de-

2030 3140 2157 3195 trita
2189 3140 2581 3204 circumdatus,
2626 3137 2762 3191 nihil
2796 3138 2924 3192 mali
2970 3138 3024 3191 in
3053 3138 3216 3193 corde
3239 3153 3341 3193 suo
3378 3137 3607 3192 conclu-

2033 3244 2154 3284 sum
2198 3228 2397 3284 retinet
2422 3229 2686 3283 adversus
2717 3228 3051 3297 proximum.
3082 3226 3280 3282 Cordis
3312 3227 3456 3282 enim
3493 3225 3605 3299 (69)

2033 3323 2381 3380 circumcisio
2409 3323 2525 3379 sola
2553 3323 2783 3377 salutem
2814 3320 3026 3377 confert
3057 3341 3070 3377 :
3111 3321 3244 3376 nihil
3276 3329 3499 3392 praestat
3525 3323 3606 3379 eis

2034 3416 2136 3472 ista
2168 3416 2428 3480 carnalis,
2447 3415 2554 3470 nisi
2588 3413 2727 3469 forte
2751 3414 3020 3484 spirituali
3045 3414 3463 3471 circumcisione
3485 3431 3608 3470 mu-

2033 3508 2276 3562 niantur.
2316 3507 2459 3561 Audi
2490 3506 2654 3560 etiam
2702 3506 2833 3576 quid
2878 3505 3013 3560 dicit
3046 3505 3326 3576 Scriptura
3364 3526 3377 3561 :
3406 3527 3425 3558 ι
3456 3506 3607 3561 Beati

2034 3597 2239 3651 mundo
2272 3598 2456 3664 corde,
2490 3597 2619 3667 quia
2652 3597 2756 3667 ipsi
2804 3597 2974 3653 Deum
3017 3597 3276 3652 videbunt
3298 3599 3364 3653 ⁸³.
3398 3618 3416 3650 3
3466 3597 3608 3666 Quid

2034 3703 2166 3759 ergo
2197 3687 2332 3742 mihi
2356 3702 2497 3758 opus
2526 3699 2609 3742 εει
2635 3684 2902 3752 laborare,
2929 3702 3053 3742 eum
3082 3688 3428 3757 cognoverim
3459 3703 3609 3743 com-

2032 3778 2228 3848 pendia
2286 3778 2387 3832 vite
2445 3776 2581 3848 (70),
2614 3777 2661 3831 si
2711 3792 2933 3847 possum
2982 3777 3220 3833 mundus
3251 3793 3373 3832 esse
3422 3777 3607 3844 corde,

2033 3868 2175 3923 sicut
2197 3875 2254 3920 et
2295 3866 2341 3922 si
2366 3866 2491 3936 quis
2529 3867 2820 3936 praevaleat
2849 3868 2903 3920 in
2937 3866 3153 3922 duobus
3194 3866 3464 3921 mandatis
3491 3881 3610 3920 oui-

2032 3971 2157 4012 nem
2196 3956 2368 4026 legem
2404 3957 2627 4026 implere
2657 3964 2711 4010 et
2736 3956 3119 4025 prephetas”?
3147 3955 3279 4011 Post
3323 3957 3437 4011 haec
3479 3972 3607 4011 vero

2032 4048 2217 4101 omnia
2240 4047 2431 4101 edocet
2453 4046 2823 4117 apostolorum
2849 4047 3123 4101 maximus
3138 4047 3358 4112 Paulus,
3378 4045 3562 4101 dicens
3586 4064 3603 4102 :

1584 4143 1629 4175 ⁸⁸
1652 4141 1813 4196 Prov.
1851 4159 1928 4197 xx‘

2029 4139 2076 4194 Ξ.
2151 4139 2200 4173 ⁸⁸
2243 4138 2433 4196 Matth.
2469 4155 2546 4208 γι,
2576 4139 2633 4195 5.
2708 4138 2754 4171 ”
2802 4137 2964 4208 Rom.
2995 4152 3095 4203 xtl,
3128 4137 3181 4192 5.
3214 4137 3264 4208 7“
3296 4137 3464 4208 Marc.
3497 4155 3603 4205 xn,

3331 4210 3378 4241 "
3409 4207 3602 4267 Matth.

2103 4370 2219 4445 (58)
2250 4371 2395 4445 Idem
2440 4370 2633 4445 codex,
2673 4388 2694 4423 ι
2732 4369 2802 4425 ab
2831 4369 2917 4426 his
2942 4368 3343 4437 tantummodo,
3370 4369 3464 4439 qui
3500 4367 3603 4424 ha-

2029 4443 2232 4500 bebant
2256 4443 2647 4513 suscipiebant.
2680 4459 2700 4494 3

2103 4514 2215 4585 (59)
2254 4508 2618 4576 ldem'codex,
2649 4528 2671 4565 ‹
2705 4524 2925 4566 omnem
2955 4509 3146 4578 Israel,
3172 4517 3234 4565 ut
3254 4511 3303 4566 si
3329 4508 3455 4581 quis
3487 4508 3606 4566 fne-

1950 4589 2000 4650 D
2025 4585 2120 4639 rit.
2162 4602 2182 4636 3

2098 4653 2210 4725 (60)
2246 4652 2436 4725 _Cod_ex
2461 4650 2768 4725 Bobiensis,
2798 4667 2819 4702 ι
2849 4648 3001 4725 dicit.
3045 4667 3065 4702 3

2093 4719 2207 4796 (6i)
2244 4722 2532 4796 Bobiensis
2556 4723 2779 4796 _codex._
2813 4737 2833 4772 ι
2866 4721 2980 4796 _sed
3028 4727 3084 4796 et
3128 4719 3305 4777 abuti.
3341 4737 3363 4774 3
3420 4720 3604 4787 Forte,

2027 4814 2047 4849 ¢
2087 4790 2263 4851 sedet
2290 4795 2390 4858 uti,
2434 4811 2454 4845 3
2487 4792 2591 4858 vel,
2623 4811 2642 4843 ι
2689 4792 2782 4847 sed
2806 4790 2971 4846 etiam
3007 4791 3109 4845 uti.
3154 4809 3175 4843 3

2092 4864 2214 4935 (62)
2247 4862 2433 4917 Codex
2461 4862 2806 4935 Casinensis,
2849 4879 2868 4910 ‹
2908 4859 3132 4935 Deus._3

2092 4931 2206 5005 (65)
2255 4936 2327 5005 Ita
2381 4934 2503 4988 eod.
2532 4931 2863 4996 Bobiensis;
2911 4945 3038 4985 nam
3079 4931 3394 4988 Casinensis
3442 4931 3604 4997 male,

2026 5022 2047 5059 ι
2086 5004 2377 5061 exstruxit.
2422 5021 2443 5056 3

2092 5075 2206 5147 (64)
2251 5073 2396 5128 Idem
2444 5071 2640 5136 codex,
2676 5089 2697 5124 ι
2750 5071 2975 5142 patitur.
3034 5087 3056 5124 3
3092 5068 3159 5124 Et
3205 5085 3354 5137 mox,
3391 5090 3410 5123 ι
3468 5087 3608 5142 quos

2024 5161 2152 5202 seen
2161 5161 2210 5199 ιη
2219 5183 2233 5199 .
2271 5162 2290 5195 ι

2097 5216 2210 5285 (65)
2251 5213 2309 5268 In
2342 5213 2532 5268 Graeco
2576 5220 2663 5266 est
2697 5209 3137 5285 uiotvuutpéivoq,
3176 5227 3197 5262 ι
3231 5210 3354 5285 lilii
3381 5211 3609 5269 thalami

2025 5281 2314 5353 sponsalis,
2367 5302 2386 5335 3
2437 5292 2663 5363 seu,_'ut
2687 5282 2852 5335 vertit
2868 5281 3152 5363 ‘V_ulgata,_
3187 5298 3206 5332 ι
3230 5351 3241 5362 _
3263 5281 3355 5334 lilii
3387 5294 3607 5362 nuptza-

2024 5350 2186 5419 rum;
2240 5375 2260 5407 3
2298 5367 2421 5425 quae
2448 5353 2720 5425 _melieres
2754 5359 2885 5407 sunt
2920 5350 3087 5425 hujus
3139 5350 3245 5405 loci
3291 5351 3601 5408 versiones.

2097 5427 2210 5496 (66)
2231 5422 2414 5496 Codex
2445 5422 2751 5496 ﬁebiensis,
2790 5440 2809 5473 ι
2847 5423 3107 5496 suscepit.
3149 5439 3169 5470 3

2099 5490 2212 5568 (67)
2235 5495 2417 5568 Codex
2446 5492 2751 5558 Bobiensis,
2783 5510 2801 5544 ι
2838 5493 2939 5545 viae
2966 5490 3410 5561 compendiosum
3440 5490 3605 5545 nobis

2026 5565 2300 5621 tramitem
2332 5565 2728 5619 demonstrare.
2770 5580 2789 5615 3

2099 5636 2211 5708 (68)
2248 5637 2392 5689 Idem
2426 5632 2618 5708 codex,
2649 5651 2667 5684 ι
2708 5633 2938 5708 multum
2971 5632 3197 5708 enim.)

2100 5636 2188 5708 (68
2248 5637 2392 5689 Idem
2426 5636 2618 5698 codex,
2649 5651 2667 5684 ι
2708 5636 2938 5687 multum
2971 5636 3141 5687 enim.
3177 5649 3197 5682 3

2100 5636 2213 5779 (69)
2240 5708 2385 5760 Idem
2413 5705 2606 5779 codex,
2640 5705 2868 5779 t_co_rdis
2898 5720 3049 5773 ergo.
3084 5721 3102 5752 3
3142 5701 3207 5779 Iit
3233 5715 3385 5766 mox,
3415 5718 3436 5756 ι
3468 5698 3609 5758 nihil

2029 5772 2323 5849 praestante
2351 5775 2579 5849 carnali.
2620 5793 2638 5825 3
2667 5773 2734 5827 Et
2760 5775 2921 5837 infra,
3030 5772 3328 5849 muniatur.
3367 5788 3389 5816 ι

2098 5847 2210 5921 (70)
2244 5846 2387 5902 Idem
2414 5847 2605 5911 codex,
2644 5866 2660 5895 σ
2696 5845 3080 5917 compendium
3109 5845 3232 5898 vite.
3278 5859 3300 5894 3
