4090 6396
506 484 526 532 'l
546 478 642 533 £99

1520 476 1702 532 ACTA
1745 469 2271 531 DlSPUTATIONlS
2315 467 2372 522 S.
2406 459 2751 520 ARCHELAI

3610 448 3752 506 1500

510 614 530 647 ι
583 596 693 649 Aut
724 597 1158 666 experimentum
1191 594 1303 667 (7l)
1339 597 1584 667 quarritis
1617 596 1737 666 ejus
1768 596 1860 666 qui
1906 595 1961 648 in
1990 609 2078 650 me
2105 598 2153 655 Α
2179 589 2464 646 nistcrium
2495 585 2709 648 mortis,
2737 584 2791 637 in
2814 578 3012 636 litteris
3036 578 3333 633 formatum
3369 574 3423 628 in
3454 572 3746 667 lapidibus,

504 686 1026 755 loquitur.Christus
1061 686 1167 740 '5'?
1203 705 1223 738 ι
1259 686 1399 753 Quid
1418 703 1547 757 ergo
1563 686 1695 741 mihi
1716 702 1854 757 opus
1869 684 2076 740 estcir-

504 776 840 830 cumeisione
872 774 1005 847 (72),
1039 792 1161 830 cum
1205 777 1410 846 possim
1453 785 1508 831 et
1548 778 1601 830 in
1630 777 1895 846 praeputio
1914 775 2078 846 justi-

504 867 657 921 ﬁeari
679 866 703 920 ἲ
727 865 794 920 Ει
822 867 1083 936 scriptum
1117 877 1202 921 est
1232 885 1245 921 :
1287 887 1304 919 ι
1346 867 1402 921 Si
1438 868 1563 937 quis
1588 867 1949 922 circumcisus
1973 874 2075 932 est,

506 973 617 1012 non
663 957 895 1011 adducat
943 956 1308 1026 praeputium;
1342 967 1437 1011 aut
1473 957 1517 1011 si
1549 958 1674 1026 quis
1720 958 1775 1010 in
1816 957 2079 1027 prazputio

506 1059 609 1110 est,
642 1064 747 1103 non
775 1047 1197 1103 circumcidatur
1229 1066 1244 1104 :
1282 1057 1576 1118 utrumque
1610 1049 1755 1103 enim
1797 1049 1932 1102 nihil
1973 1057 2076 1114 est,

507 1140 613 1193 nisi
644 1139 948 1193 observatio
987 1139 1365 1193 mandatorum
1402 1137 1563 1193 Dei“
1585 1138 1718 1210 (73).
1744 1159 1761 1189 ι
1786 1138 1923 1193 Cum
1950 1153 2080 1207 ergo

509 1231 720 1285 nullum
753 1231 924 1301 possit
960 1231 1170 1285 salvare
1200 1231 1570 1296 circumcisio,
1607 1246 1713 1284 non
1747 1244 2080 1300 magnopere

508 1322 834 1393 requirenda
865 1330 980 1388 est;
1013 1322 1250 1377 maxime
1297 1336 1421 1375 cum
1458 1321 1502 1375 si
1534 1320 1658 1389 quis
1707 1320 1760 1373 in
1812 1319 2079 1393 praeputio

508 1421 736 1467 vocatus
769 1410 932 1466 fuerit
956 1420 1010 1467 et
1032 1411 1351 1467 circumcidi
1377 1411 1630 1476 voluerit,
1657 1410 1920 1464 continuo
1944 1424 2080 1478 pra:-

510 1505 781 1559 varicator
810 1504 945 1575 legis
974 1503 1085 1576 (74)
1106 1502 1387 1558 efﬁciatur.
1419 1502 1476 1557 Si
1509 1501 1657 1557 enim
1693 1500 2079 1564 circumcidor,

511 1602 566 1648 et
605 1594 859 1647 mandata
897 1592 1031 1662 legis
1074 1591 1342 1659 adimpleo
1394 1600 1453 1645 ut
1496 1589 1693 1645 salvari
1727 1589 1962 1659 possim;
1996 1588 2083 1640 in-

511 1681 868 1737 eireumcisus
926 1689 981 1736 et
1038 1681 1093 1734 in
1142 1679 1406 1749 praeputio
1455 1680 1691 1749 positus,
1750 1678 1922 1731 multo
1968 1691 2086 1729 ma-

512 1774 603 1844 gis
666 1774 920 1828 mandata
971 1774 1286 1828 custodiens
1348 1772 1559 1826 habebo
1583 1771 1770 1824 vitam.
1805 1768 1863 1823 In
1889 1768 2083 1839 spiritu

512 1865 659 1919 enim
695 1863 1170 1919 circumcisionem
1210 1861 1392 1927 cordis
1444 1860 1648 1929 accepi,
1692 1874 1801 1913 non
1833 1858 1945 1928 jam
1996 1858 2084 1911 lit-

2182 682 2386 737 factum
2418 685 2502 733 est
2533 676 2590 731 in
2636 674 2827 745 gloria,
2860 671 2933 724 ita
2970 676 3029 722 ut
3060 670 3421 736 non.possent
3454 661 3549 719 filii
3581 661 3750 715 lsrael

2181 772 2459 829 intendere
2506 768 2562 822 in
2612 765 2803 819 faciem
2840 760 3008 831 Moysi
3040 768 3257 829 propter
3288 753 3516 826 gloriam
3564 752 3751 806 vultus

2180 865 2228 935 ej
2239 880 2301 919 ns
2318 877 2438 933 qua:
2456 859 2699 915 aboletur
2722 855 2799 921 5";
2826 874 2843 905 ι
2868 862 2920 907 et
2941 851 3174 921 reliqua:
3191 858 3367 903 tamen
3387 846 3611 916 gloriam
3627 858 3753 897 esse

2180 934 2473 1012 conﬁtetur
2504 952 2560 1005 in
2599 949 2751 1003 vultu
2785 944 2987 1016 Moysi,
3019 941 3159 1011 quod
3188 948 3271 995 est
3307 940 3541 993 amicum
3570 934 3748 988 nobis.

2183 1048 2338 1115 Quod
2388 1046 2434 1101 si
2480 1042 2800 1105 destruitur,
2845 1046 2899 1093 et
2939 1036 3183 1090 velamen
3234 1032 3397 1085 habet
3444 1027 3555 1098 (8'5)
3592 1028 3752 1081 lectio

2181 1141 2324 1210 ejus,
2372 1140 2475 1191 hoc
2503 1150 2592 1190 me
2643 1148 2753 1187 non
2802 1128 3111 1191 exacerbat,
3151 1140 3326 1193 neque
3360 1122 3667 1183 conturbat,
3704 1117 3752 1173 si

2183 1209 2393 1285 tantum
2432 1229 2486 1280 in
2523 1240 2590 1281 eo
2640 1221 2932 1295 gloriasit.
2967 1217 3151 1287 Neque
3192 1229 3321 1268 vero
3365 1212 3651 1281 omnigene
3696 1209 3754 1263 in

2183 1319 2578 1392 ignobilitatem
2632 1312 2743 1386 (84)
2779 1310 3063 1380 redigitur,
3095 1306 3238 1376 quod
3274 1305 3582 1359 destruetur
3614 1299 3751 1372 (85).

2182 1411 2319 1467 Cum
2355 1408 2499 1463 enim
2531 1406 2598 1460 de
2652 1403 2824 1475 gloria
2874 1400 3114 1469 disputat
3153 1395 3453 1464 Scriptura,
3486 1392 3652 1447 scisse
3695 1405 3755 1444 se

2182 1499 2518 1557 diﬂ‘erentias
2546 1494 2735 1565 gloria:
2777 1490 2887 1562 (86)
2924 1496 3151 1544 testatur
3183 1504 3197 1540 :
3232 1504 3251 1537 ι
3305 1484 3424 1537 Alia
3471 1482 3635 1543 enim,
3670 1479 3757 1533 in-

2183 1592 2323 1662 quit,
2343 1588 2511 1661 gloria
2536 1585 2647 1657 (87)
2666 1583 2817 1647 solis,
2836 1581 2939 1636 alia
2962 1579 3130 1650 gloria
3146 1577 3308 1639 lunae,
3324 1575 3425 1629 alia
3439 1573 3607 1644 gloria
3629 1569 3759 1662 steli-

2184 1659 2366 1737 larum
2381 1695 2398 1746 ;
2442 1678 2597 1734 stella
2629 1675 2774 1730 enim
2810 1688 2839 1726 a
2865 1671 3020 1725 stella
3051 1667 3229 1722 dili'ert
3258 1668 3310 1720 in
3346 1665 3514 1734 gloria
3545 1663 3608 1715 ⁸⁸.
3644 1680 3662 1713 ι
3697 1659 3759 1715 Si

2184 1772 2331 1828 enim
2373 1770 2457 1825 sol
2500 1766 2762 1836 majorem
2812 1762 2975 1816 habet
3005 1759 3229 1830 gloriam
3268 1770 3430 1827 quam
3470 1755 3618 1819 luna,
3648 1765 3759 1804 non

2189 1865 2449 1922 continuo
2491 1862 2544 1915 in
2576 1857 2964 1929 ignobilitatem
2996 1854 3125 1907 luna
3167 1850 3448 1919 redigitur.
3494 1846 3571 1900 lta
3618 1853 3671 1899 et
3709 1843 3759 1899 si

516 1965 646 2010 terte
689 1954 801 2027 (75)
830 1969 927 2024 per
953 1963 1336 2015 atramentum,
1372 1952 1426 2006 in
1466 1966 1576 2020 quo
1606 1951 1727 2005 laus
1749 1964 1857 2003 non
1890 1964 1956 2003 ex
1986 1948 2082 2003 ho-
2115 1931 2156 1986 Β
2187 1953 2453 2009 Dominus
2494 1962 2649 2005 mens
2688 1946 2849 2002 Jesus
2897 1943 3149 2000 Christus
3190 1939 3446 2010 praecellit
3485 1936 3539 1990 in
3590 1936 3763 2006 gloria

512 2042 775 2105 minibus,
799 2041 891 2096 sed
919 2055 985 2095 ex
1025 2038 1135 2095 D60
1168 2050 1253 2097 est
1279 2039 1349 2095 ⁸⁸-
1388 2037 1506 2093 Non
1540 2054 1670 2109 ergo
1709 2037 1978 2093 ιέἷοΐειιπ
2017 2037 2086 2092 ad
2184 2045 2429 2118 Moysen,
2480 2054 2739 2113 tanquam
2789 2039 3053 2094 Dominus
3101 2033 3366 2089 famulum
3390 2073 3404 2092 ,
3436 2045 3546 2085 non
3580 2029 3760 2083 conti-

516 2149 604 2188 me
646 2132 1018 2202 hujuscemodi
1052 2132 1344 2188 incusatio.
1386 2130 1539 2186 Sicut
1564 2131 1708 2185 enim
1744 2129 1943 2200 aliquis
1974 2128 2085 2201 (76)

516 2224 669 2279 dives
729 2224 914 2278 multis
970 2225 1085 2278 auri
1138 2232 1299 2293 atque
1348 2223 1555 2294 argenti
1607 2223 1842 2288 talentis,
1902 2224 1977 2277 ita
2024 2231 2085 2277 nt

520 2330 684 2369 omne
713 2314 826 2384 (77)
863 2315 1145 2369 domestici
1181 2331 1314 2369 usus
1339 2314 1703 2369 ministerium
1734 2330 1797 2369 ex
1831 2316 2089 2385 hujusce-

520 2404 669 2459 modi
698 2405 933 2459 metallis
958 2404 1151 2459 habeat
1175 2413 1462 2471 structum,
1490 2404 1545 2458 in
1570 2404 1722 2459 nullo
1742 2406 1889 2460 vasis
1912 2404 2090 2460 fictilis

519 2494 755 2563 speciem
790 2494 1053 2565 requirit;
1080 2494 1171 2550 sed
1199 2510 1307 2548 non
1337 2504 1623 2565 propterea
1660 2496 1808 2568 ﬁguli
1833 2512 1972 2566 opus
1996 2504 2093 2551 aut

518 2600 610 2641 ars
658 2585 902 2639 lictilium
954 2584 1067 2657 (78)
1116 2598 1371 2639 vasorum
1408 2585 1476 2639 ab
1514 2600 1581 2639 eo
1611 2585 1925 2641 detestanda
1959 2596 2041 2640 est
2075 2604 2089 2640 :

520 2678 592 2731 ita
626 2677 786 2731 etiam
813 2693 913 2748 ego
943 2677 1113 2747 gratia
1161 2676 1253 2731 Dei
1280 2676 1429 2732 dives
1458 2675 1634 2731 lactus
1701 2686 1754 2731 et
1780 2677 1962 2731 cordis
1987 2677 2095 2731 cir-

521 2768 910 2824 cumcisionem
942 2777 1266 2825 consecutus
1287 2767 1425 2839 (79),
1444 2782 1787 2837 nequaquam
1813 2768 2096 2824 vilissima:

522 2861 669 2916 illius
695 2860 1132 2916 circumcisionis
1155 2861 1395 2932 indigeo,
1414 2875 1515 2916 nec
1539 2868 1717 2914 tamen
1745 2860 1942 2915 malam
1967 2876 2091 2916 esse

521 2952 668 3009 dico.
696 2951 873 3008 Absit.
916 2952 1073 3020 Quod
1106 2953 1152 3008 si
1175 2953 1488 3023 diligentius
1524 2952 1591 3007 de
1620 2951 1705 3006 bis
1730 2952 1963 3006 voluerit
1993 2952 2096 3006 ali-

523 3044 648 3113 quis
675 3042 914 3107 edoceri,
944 3044 1178 3098 inveniet
1222 3044 1340 3098 baec
1387 3044 1442 3098 in
1478 3043 1590 3112 (80)
1634 3041 1877 3113 Epistola
1921 3042 2099 3114 prima

527 3136 769 3205 Apostoli
794 3135 1107 3205 plenissime
1128 3144 1355 3191 tractata
1385 3135 1519 3207 (8l).

597 3224 779 3279 XLIII.
808 3225 881 3280 De
921 3227 1225 3281 velamento
1258 3242 1387 3282 vero
1408 3226 1602 3299 Moysi,
1629 3233 1685 3281 et
1710 3226 1776 3282 de
1799 3225 2098 3283 ministerio

525 3316 741 3380 mortis,
772 3316 949 3370 dicam
980 3331 1232 3371 sermone
1260 3316 1601 3372 brevissimo.
1630 3313 1745 3370 Non
1771 3315 1916 3370 enim
1946 3317 2099 3373 valde

526 3406 661 3460 mihi
702 3406 816 3462 hac
864 3406 1145 3461 insinuare
1172 3406 1379 3476 aliquid
1421 3406 1681 3463 adversus
1717 3408 1890 3477 legem
1913 3407 2101 3462 viden-

525 3505 638 3553 tur.
671 3495 764 3552 Ait
788 3512 921 3568 ergo
947 3512 1127 3553 sermo
1149 3498 1465 3574 propositus
1492 3498 1603 3568 (82)
1640 3516 1653 3552 :
1687 3516 1706 3550 ι
1736 3497 1890 3564 Quod
1913 3497 1961 3552 si
1999 3497 2101 3552 mi-

599 3659 668 3692 W
701 3657 744 3712 ll
766 3657 895 3713 Cor.
919 3673 1041 3725 xtn,
1069 3660 1121 3714 5.
1197 3658 1243 3692 ⁸⁸
1273 3658 1441 3715 lCor.
1478 3676 1574 3726 vn,
1614 3660 1701 3715 l8.
1776 3660 1824 3697 ”
1850 3659 2008 3721 Rom.
2044 3678 2106 3729 II.
2143 3660 2231 3717 29·

529 3746 585 3794 v,
628 3730 713 3783 14.

627 3870 717 3940 7l)
743 3870 889 3926 Idem
928 3872 1118 3939 codex,
1150 3890 1172 3925 ι
1211 3872 1418 3938 dicens,
1446 3871 1900 3940 experimentum.
1936 3891 1957 3926 ι

629 3942 718 4007 7'2)
744 3942 889 3995 idem
919 3942 1107 4007 codex,
1147 3960 1166 3994 ι
1200 3942 1570 3996 circumcisio.
1619 3961 1639 3993 ι

632 4010 724 4078 7⁵5⁷)
765 4010 955 4066 Melius
996 4011 1224 4082 Vulgata
1266 4012 1420 4080 juxta
1467 4012 1624 4065 iidem
1653 4010 1824 4069 Graeci
1870 4023 2094 4072 textus:

541 4100 561 4134 ι
612 4082 984 4137 Circumcisus
1030 4082 1226 4150 aliquis
1273 4090 1497 4136 vocatus
1542 4082 1664 4136 est?
1708 4090 1819 4137 non
1865 4084 2101 4138 adducat

534 4153 879 4223 praeputium.
917 4152 973 4206 In
1024 4152 1287 4223 pmputio
1319 4152 1531 4223 (aliquis
1568 4164 1793 4208 vocatus
1842 4152 1963 4208 est?
1993 4170 2100 4207 non

537 4221 979 4293 circumcidatur.
1010 4221 1370 4276 Circumcisio
1398 4221 1536 4293 nihil
1566 4230 1669 4285 est,
1696 4232 1761 4293 et,
1781 4225 2102 4293 praeputium

538 4292 673 4345 nihil
703 4300 787 4345 est
819 4309 831 4344 :
863 4293 956 4345 sed
987 4293 1295 4345 observatio
1328 4290 1708 4345 mandatorum
1749 4290 1865 4347 Dei.
1893 4290 1922 4344 ⁷»

541 4360 722 4484 ιθ((34)
755 4360 936 4416 Codex
963 4361 1268 4428 Bobiensia,
1302 4379 1321 4412 ι
1356 4361 1673 4431 praedicator
1703 4362 1859 4434 legis,
1898 4382 1917 4414 ι
1956 4363 2098 4418 mala

653 4446 719 4482 l0.

564 4439 719 4484 θοιιο.

614 4498 726 4569 (75)
762 4498 1071 4569 Legendum
1117 4497 1367 4565 forsitan,
1402 4517 1430 4569 ε
1480 4499 1684 4560 littera,
1722 4519 1742 4553 ι
1790 4508 1847 4556 ιιι
1876 4516 1999 4556 cum
2034 4500 2099 4556 D.

542 4565 1361 4656 Sauliiloco‘in_!l3pistola(ad
1401 4568 1678 4626 Romanos
1712 4570 1780 4625 ad
1810 4588 1972 4641 quem
2002 4571 2104 4624 Ar-
2138 4602 2179 4656 ο

544 4639 768 4691 chelaus
803 4638 1057 4705 respicit.
1077 4639 1386 4693 concordet.

643 4706 728 4776 76)
758 4705 893 4776 Male
919 4707 1232 4761 Casinensis
1252 4710 1445 4776 codex,
1486 4729 1505 4762 ι
1536 4709 1695 4764 alius.
1732 4729 1752 4762 ι

642 4775 729 4848 77)
760 4775 1117 4848 Bobiensia;
1152 4778 1367 4848 talentis
1405 4775 1661 4848 repletus,
1695 4780 1769 4834 ita
1798 4794 1980 4834 omne.
2012 4798 2032 4831 ι

642 4845 728 4919 78)
758 4846 951 4919 CodexA
989 4845 1290 4919 B_obien_sis,
1330 4865 1350 4897 ι
1400 4845 1545 4917 (ἱεςύιί
1596 4866 1733 4919 opus
1780 4849 1985 4915 aufers,
2015 4859 2110 4904 aut

546 4915 815 4989 ﬁctilium.
856 4934 876 4967 ›
914 4915 1227 4989 Casiniensis
1258 4932 1404 4989 vero,
1437 4915 1584 4989 figuli
1618 4915 1756 4989 opus
1786 4928 1839 4974 et
1879 4935 1970 4974 ars
2016 4928 2111 4973 aut

546 4986 827 5061 fictilium;
857 5005 876 5037 ι
911 4986 1003 5040 sed
1037 4987 1247 5061 videtur
1268 4986 1573 5057 legendum,
1604 5008 1623 5041 ι
1655 4986 1805 5061 iiguli
1832 5004 1991 5059 opus,
2017 4999 2113 5044 aut

552 5073 644 5111 ars
668 5056 931 5120 fictilium,
965 5075 983 5107 ι
1020 5056 1096 5109 uti
1118 5056 1320 5109 editum
1353 5069 1454 5113 est.

621 5125 733 5197 (79)
785 5126 964 5197 Codex
1019 5125 1321 5197 Bobiensis,
1356 5145 1375 5177 ι
1434 5128 1587 5182 dives
1636 5126 1811 5183 factus
1859 5143 2003 5191 sum,
2057 5135 2113 5183 et

547 5195 730 5267 cordis
773 5195 1242 5267 circumcisionem
1291 5208 1638 5267 consecutus,
1668 5214 2046 5267 nequaquam.
2087 5218 2106 5249 ι

553 5265 619 5318 At
668 5265 1001 5326 Casinensis,
1056 5284 1073 5306 ι
1109 5265 1258 5318 dives
1308 5266 1485 5322 factus
1539 5277 1593 5321 et
1639 5265 2114 5322 circumcisionem

552 5346 899 5403 consecutus,
932 5350 1032 5388 nec
1072 5350 1422 5403 quemquam.
1460 5356 1479 5388 ι
1512 5335 1622 5391 Nos
1666 5336 2115 5401 Casinensemex

554 5402 805 5457 Bobiensi
856 5405 1054 5473 partim
1090 5402 1497 5473 ’suppl’evimus,
1550 5408 1749 5477 partim
1801 5408 2114 5462 emendavi-

556 5487 696 5525 IDUS.

629 5540 740 5610 (80)
791 5539 1351 5615 Epistolamprimam
1402 5546 1649 5615 intelligit
1697 5544 1994 5615 Epistolam
2049 5546 2114 5601 ad

560 5607 844 5685 Montanos
869 5628 1030 5685 quam
1066 5607 1550 5685 ab‘antiquissimis
1575 5607 1833 5670 Ecclesia:
1862 5615 2146 5685 tempori-'

559 5678 663 5753 bus
697 5678 929 5753 primum
968 5682 1105 5753 inter
1126 5678 1572 5753 Pauli'epistolas
1607 5687 1784 5740 locum
1838 5678 2115 5751 habuisse,

558 5747 735 5830 γει-ει
769 5747 1563 5830 hocﬁrchelailoco-apparet:
1598 5755 1731 5830 Vide
1760 5747 2118 5830 Epiphanium

561 5816 615 5870 in
648 5816 948 5895 haeresi
976 5820 1066 5872 ubi
1092 5821 1306 5876 crimini
1334 5816 1493 5895 v'e'rtit
1513 5816 1966 5895 Marcioni,:quod
1994 5825 2121 5894 Epi-

565 5885 756 5941 stolam
786 5891 849 5941 ad
883 5887 1158 5943 Romanos
1179 5900 1372 5967 quarto
1400 5894 1517 5949 loco
1545 5896 1683 5949 inter
1717 5885 1958 5955 D.'P‘aull
1992 5885 2120 5966 sin-

2190 2154 2301 2194 nuo
2325 2137 2629 2208 respuenda
2655 2145 2737 2190 est
2759 2132 2930 2204 gloria
2952 2126 3122 2199 Moysi
3155 2145 3168 2179 :
3201 2126 3273 2180 ita
3295 2124 3440 2179 enim
3465 2133 3762 2191 possumus

2192 2226 2510 2284 satisfacere
2537 2222 2898 2283 auditoribus,
2931 2219 3075 2274 sicut
3103 2224 3156 2271 et
3184 2213 3335 2268 verbi
3359 2213 3532 2283 ipsius
3565 2220 3763 2264 natura

2188 2318 2476 2391 persuadet
2511 2316 2647 2387 (88),
2682 2329 2749 2369 ex
2805 2308 3123 2381 Scripturis,
3151 2320 3272 2377 quae
3311 2305 3565 2367 dicimus,
3611 2301 3760 2356 allir—

2191 2420 2405 2465 mantes
2444 2409 2526 2463 vel
2581 2415 2726 2462 certe
2778 2404 2943 2458 etiam
2998 2398 3261 2468 exemplis
3314 2411 3378 2450 ea
3424 2392 3762 2448 manifestius

2194 2500 2636 2571 eomprobantes.
2674 2497 2731 2553 Si
2761 2498 2883 2567 quis
2921 2495 3197 2548 lucernam
3234 2487 3541 2544 accenderit
3573 2493 3763 2548 noctu,

2192 2609 2316 2649 cum
2342 2593 2426 2647 sol
2456 2601 2611 2646 ortus
2646 2590 2830 2655 fuerit,
2863 2599 3030 2658 parvo
3065 2583 3300 2637 lucerna:
3322 2581 3446 2651 igne
3482 2593 3588 2631 non
3623 2575 3763 2630 indi-

2193 2694 2300 2755 get,
2334 2693 2555 2755 propter
2578 2683 2921 2753 splendorem
2953 2677 3086 2734 solis
3117 2676 3316 2745 ubique
3349 2670 3641 2732 radiantis;
3669 2666 3766 2722 sed

2194 2790 2303 2829 non
2336 2774 2458 2828 ideo
2482 2773 2681 2842 abjecit
2714 2773 3015 2833 lucernam,
3042 2767 3209 2822 veluti
3250 2763 3576 2820 contrariam
3626 2758 3764 2823 soli;

2195 2866 2327 2936 quin
2369 2865 2550 2936 potius
2591 2873 2872 2934 comperto
2905 2862 3024 2932 ejus
3070 2876 3193 2920 usu,
3245 2858 3406 2911 etiam
3458 2851 3771 2923 diligentius

2196 2958 2435 3013 servavit
2474 2956 2611 3027 (89).
2646 2956 2954 3010 Custodivit
2996 2968 3123 3023 ergo
3154 2950 3410 3022 populum
3458 2947 3542 2999 lex
3596 2943 3770 3015 Moysi

2198 3056 2457 3120 tanquam
2483 3049 2726 3111 lucerna,
2760 3059 3047 3116 usquequo
3072 3044 3154 3098 sol
3183 3042 3339 3095 nobis
3370 3054 3533 3091 verus
3568 3036 3761 3090 Salva-

2200 3151 2286 3195 tor
2317 3151 2502 3196 noster
2551 3139 2807 3204 oriretur,
2836 3138 2977 3192 sicut
3022 3145 3074 3191 et
3103 3136 3178 3189 ait
3212 3153 3226 3188 :
3267 3152 3286 3183 ι
3343 3130 3408 3185 Ει
3444 3127 3771 3184 illuminabit

2200 3231 2451 3287 Christus
2496 3230 2564 3284 ".
2624 3249 2643 3282 ι
2693 3228 2796 3283 Sed
2843 3228 2988 3298 quod
3039 3226 3173 3281 dicit
3209 3244 3222 3279 :
3266 3242 3286 3275 ι
3321 3218 3606 3277 Obscurati
3644 3224 3773 3272 sunt

2203 3338 2393 3379 sensus
2445 3336 2659 3377 eorum.
2693 3318 2879 3389 Usque
2921 3318 2976 3372 in
3027 3316 3347 3371 hodiernum
3398 3312 3543 3366 enim
3593 3310 3770 3379 ipsum

2202 3413 2450 3467 velamen
2486 3419 2669 3465 manet
2698 3410 2751 3464 in
2785 3409 3014 3465 lectione
3052 3406 3162 3476 (90)
3186 3406 3381 3461 veteris
3411 3400 3768 3458 Testamenti.

2204 3499 2323 3555 Non
2375 3500 2685 3567 revelatur,
2738 3498 2865 3570 quia
2916 3499 2971 3552 in
3015 3496 3234 3553 Christo
3284 3494 3585 3551 destruitur
3636 3490 3770 3559 (9l).

2333 3664 2377 3694 ⁸⁷
2409 3662 2449 3716 ll
2484 3661 2611 3717 Cor.
2654 3678 2736 3726 ιιι,
2782 3661 2833 3715 7.
2908 3660 3144 3716 "lCor.
3173 3675 3262 3726 xv,
3294 3660 3384 3713 H.
3483 3660 3528 3690 "
3568 3656 3764 3726 Ephes.

2200 3874 2369 3930 stolas
2400 3873 2765 3929 eollocaverit.
2802 3871 2936 3927 Vide
2963 3871 3125 3927 etiam
3157 3886 3320 3940 supra
3350 3884 3471 3937 cap.
3507 3866 3602 3921 54.

2272 3944 2385 4015 (81)
2427 3942 2564 3998 Male
2588 3943 2794 3999 codicis
2827 3941 3132 4008 Bobiensis,
3165 3959 3184 3992 ι
3221 3940 3535 4010 plenissime
3564 3946 3775 4006 pertrao

2202 4023 2377 4068 ctans.
2422 4033 2440 4065 ι

2278 4082 2389 4154 (82)
2420 4082 2558 4144 Male
2600 4082 2804 4154 codicis
2848 4080 3149 4148 Bobiensis,
3186 4098 3206 4131 ι
3240 4076 3611 4150 prepheticus.
3656 4095 3674 4128 ι
3711 4073 3777 4130 Ει

2209 4168 2359 4208 mox.
2394 4171 2411 4203 ι
2449 4153 2642 4207 litteris
2674 4153 2968 4206 firmatum.
3019 4171 3037 4202 ι
3352 4211 3357 4216 ,

2284 4222 2397 4292 (85)
2425 4222 2710 4292 Bobiensis
2740 4223 2931 4285 codex,
2967 4240 2985 4272 ι
3018 4221 3062 4275 si
3096 4218 3281 4274 habet.
3326 4236 3345 4270 ι

2277 4286 2388 4367 (84)
2426 4293 2601 4348 Codex
2632 4290 3102 4367 Bobiensis_ct_hic
3132 4296 3442 4357 corruptam
3476 4286 3772 4367 lectionem.

2204 4361 2456 4427 exhibet,
2520 4377 2738 4430 nempe,
2800 4379 2819 4412 ι
2881 4361 3083 4430 gloria;
3174 4376 3350 4429 neque
3412 4372 3569 4430 vero,
3626 4361 3774 4430 omni

2208 4448 2405 4503 genere
2431 4449 2484 4487 ιιι
2518 4426 2816 4486 nobilitate.
2852 4426 3155 4485 {Valesius
3190 4426 3333 4484 recte
3354 4428 3627 4492 emendat,
3665 4444 3684 4476 ι
3719 4426 3779 4480 in

2207 4503 2624 4572 ignobilitatem.
2642 4521 2684 4572 _)

2304 4571 2394 4637 85)
2424 4571 2606 4625 Codex
2638 4570 2942 4635 Bobiensia,
2977 4589 2996 4621 ι
3037 4569 3357 4624 destruitur.
3398 4587 3416 4618 ι

2302 4636 2394 4713 86)
2414 4640 2571 4723 ,Ιιιθιιι
2610 4642 2857 4723 eodem”:
2884 4641 3005 4723 _sc_is
3044 4655 3164 4723 esse
3196 4637 3523 4693 dill‘erentias
3555 4636 3773 4707 gloriae;

2106 4770 2109 4771 ν
2209 4708 2314 4765 alia
2339 4708 2482 4780 enim
2514 4711 2758 4780 gloria.)
2793 4708 2930 4764 Mala
2960 4710 3137 4765 lectio.

2282 4780 2395 4850 (87)
2422 4774 2669 4850 Vulgata,
2710 4778 2944 4835 lreuzeus
2978 4781 3073 4833 lib.
3104 4794 3165 4843 ιι,
3191 4793 3311 4847 cap.
3345 4777 3525 4850 2l,_et
3551 4774 3777 4850 Cypria-

2212 4846 2315 4905 nus
2353 4846 2447 4904 lib.
2483 4846 2563 4913 ιιῐ,
2600 4850 2816 4903 Testim.
2847 4851 2915 4903 ad
2939 4846 3393 4915 Quirinum,cap.
3424 4846 3516 4910 58,
3553 4847 3773 4907 habent,

2218 4938 2236 4971 ι
2272 4920 2513 4983 claritas,
2552 4939 2579 4990 r
2604 4936 2701 4989 pro
2733 4939 2751 4970 ι
2790 4922 2983 4990 gloria.
3018 4938 3037 4970 ι
3074 4918 3176 4971 Sed
3209 4926 3475 4990 postrema
3519 4916 3775 4990 voxﬂpla-

2212 4990 2327 5045 cuit
2349 4992 2510 5043 etiam
2546 4985 2880 5045 Tei'tullia'no
2909 4990 2979 5043 De
3000 4985 3433 5050 resurr.'camis,
3462 5002 3582 5055 cap.
3612 4985 3700 5039 52.

2286 5059 2395 5131 (88)
2420 5059 2955 5131 Boliieiisis,qna_tura
2977 5060 3330 5131 demonstrat.
3347 5077 3363 5107 ι
3382 5058 3525 5121 Mox,
3548 5074 3566 5105 ι
3594 5070 3777 5109 exem-

2215 5130 2331 5201 plis
2360 5127 2722 5201 manifestius.
2740 5150 2785 5201 3
2834 5129 2897 5183 Et
2927 5128 3086 5201 infra,
3129 5146 3147 5177 ι
3185 5127 3551 5201 sol_exortt_i_s._
3578 5144 3595 5177 ι

2289 5199 2401 5269 (89)
2436 5201 2490 5253 In
2524 5203 2708 5255 codice
2738 5199 3011 5263 Bobiensi,
3054 5217 3073 5249 ‹
3109 5198 3364 5269 servabit.
3400 5217 3420 5250 ο
3453 5196 3587 5248 Male
3620 5194 3785 5248 Casia

2215 5266 2400 5323 nensis
2438 5271 2628 5333 codex,
2665 5290 2683 5322 ι
2719 5271 3044 5324 obsonavit.
3089 5286 3107 5319 ι
3139 5266 3206 5320 Ει
3239 5267 3399 5332 infra,
3430 5286 3449 5317 ι
3485 5275 3775 5332 antequam

2216 5340 2457 5394 lucerna.
2494 5358 2512 5390 ι
2554 5339 2789 5395 Eeontra
2834 5341 2986 5408 pejor
3025 5340 3082 5393 in
3109 5339 3460 5406 sequentibus
3492 5334 3775 5408 Bobiensis

2217 5411 2424 5483 codicis
2459 5410 2637 5483 lectio,
2671 5412 2761 5463 ubi
2798 5405 3000 5483 As‘ic'se
3026 5405 3261 5483 habet”
3297 5410 3379 5483 sol
3419 5405 3579 5483 nobis
3612 5418 3777 5483 verus

2220 5480 2466 5532 Salvator
2504 5481 2732 5541 orietur,
2767 5480 2909 5536 sicut
2952 5479 3048 5543 ait,
3085 5487 3140 5532 et
3176 5476 3446 5531 illuminat
3488 5476 3583 5529 tibi
3620 5473 3776 5527 Chri-

2219 5548 2493 5619 stus.Se(l
2520 5550 2612 5619 qui
2644 5551 2795 5603 dicit.
2839 5568 2858 5601 ι

2291 5618 2403 5688 (90)
2431 5610 2613 5673 Cod-ex
2654 5619 2959 5681 Bobiensis,
2990 5627 3043 5673 et
3074 5615 3303 5686 Vulgata
3331 5617 3403 5688 ita
3446 5615 3649 5685 legunt,
3681 5610 3776 5666 sed

2219 5688 2274 5742 in
2301 5688 2583 5760 Casinensi
2608 5690 2859 5760 habetur,
2889 5707 2913 5760 ι
2940 5696 3085 5760 tenet
3110 5695 3164 5741 et
3189 5692 3240 5739 in
3275 5687 3523 5760 lectione.
3555 5702 3587 5760 ι-
3654 5750 3694 5760 “

2291 5757 2403 5827 (91)
2433 5756 2610 5813 Codex
2634 5750 2970 5823 Casinensis,
3002 5776 3021 5810 ι
3046 5759 3391 5820 destruetur;
3426 5775 3444 5806 ι
3470 5755 3627 5827 lectio
3654 5750 3783 5806 νηι-

2222 5837 2358 5897 gata:
2385 5826 2681 5894 Contraria,
2705 5846 2827 5898 qua:
2845 5830 3006 5884 etiam
3032 5827 3214 5889 habet,
3247 5846 3264 5876 ι
3298 5843 3403 5881 non
3428 5826 3722 5885 revelatum
3753 5841 3788 5877 ι.

2224 5898 2509 5969 utrobique
2537 5897 2692 5967 juxta
2728 5897 2885 5955 Iidem
2916 5898 3086 5955 Graeci
3123 5906 3322 5952 textus.
