  <div class='ocr_page' id='page_1' title='image "/cluster/home/n/w/nwhite01/storage/ocr_20150623/10/coo.31924054872894/762.png"; bbox 0 0 4090 6384; ppageno 0'>
   <div class='ocr_carea' id='block_1_1' title="bbox 310 477 440 531">
    <p class='ocr_par' dir='ltr' id='par_1_1' title="bbox 310 477 440 531">
     <span class='ocr_line' id='line_1_1' title="bbox 310 477 440 531; baseline 0.008 -1"><span class='ocrx_word' id='word_1_1' title='bbox 310 477 440 531; x_wconf 76' lang='grc'>1501</span> 
     </span>
    </p>
   </div>
   <div class='ocr_carea' id='block_1_2' title="bbox 1397 477 2429 534">
    <p class='ocr_par' dir='ltr' id='par_1_2' title="bbox 1397 477 2429 534">
     <span class='ocr_line' id='line_1_2' title="bbox 1397 477 2429 534; baseline 0.007 -9"><span class='ocrx_word' id='word_1_2' title='bbox 1397 477 1542 534; x_wconf 82' lang='lat' dir='ltr'><strong>CUM</strong></span> <span class='ocrx_word' id='word_1_3' title='bbox 1583 477 1860 532; x_wconf 73' lang='grc' dir='ltr'><strong>ΜΔΝΕΤΕ</strong></span> <span class='ocrx_word' id='word_1_4' title='bbox 1901 477 2429 533; x_wconf 66' lang='grc' dir='ltr'><strong>ΗᾹἸΒΕΒΙΑΒΕΠΑ.</strong></span> 
     </span>
    </p>
   </div>
   <div class='ocr_carea' id='block_1_3' title="bbox 3418 476 3555 530">
    <p class='ocr_par' dir='ltr' id='par_1_3' title="bbox 3418 476 3555 530">
     <span class='ocr_line' id='line_1_3' title="bbox 3418 476 3555 530; baseline 0.007 -1"><span class='ocrx_word' id='word_1_5' title='bbox 3418 478 3439 529; x_wconf 90' lang='grc'><strong>1</strong></span> <span class='ocrx_word' id='word_1_6' title='bbox 3451 476 3555 530; x_wconf 69' lang='lat'><strong>503</strong></span> 
     </span>
    </p>
   </div>
   <div class='ocr_carea' id='block_1_4' title="bbox 311 589 3555 668">
    <p class='ocr_par' dir='ltr' id='par_1_4' title="bbox 311 589 3555 668">
     <span class='ocr_line' id='line_1_4' title="bbox 311 589 3555 668; baseline -0.001 -18"><span class='ocrx_word' id='word_1_7' title='bbox 311 597 496 668; x_wconf 82' lang='lat' dir='ltr'><strong>Usque</strong></span> <span class='ocrx_word' id='word_1_8' title='bbox 548 597 606 651; x_wconf 91' lang='lat' dir='ltr'><strong>in</strong></span> <span class='ocrx_word' id='word_1_9' title='bbox 644 597 966 650; x_wconf 89' lang='lat' dir='ltr'><strong>hodiernum</strong></span> <span class='ocrx_word' id='word_1_10' title='bbox 1016 596 1184 661; x_wconf 91' lang='lat' dir='ltr'><strong>enim,</strong></span> <span class='ocrx_word' id='word_1_11' title='bbox 1229 612 1351 650; x_wconf 91' lang='lat' dir='ltr'><strong>cum</strong></span> <span class='ocrx_word' id='word_1_12' title='bbox 1403 595 1601 667; x_wconf 98' lang='lat' dir='ltr'><strong>legitur</strong></span> <span class='ocrx_word' id='word_1_13' title='bbox 1648 595 1884 667; x_wconf 82' lang='lat' dir='ltr'><strong>Moyses,</strong></span> <span class='ocrx_word' id='word_1_14' title='bbox 1915 603 1961 656; x_wconf 77' lang='grc' dir='ltr'><strong>Α</strong></span> <span class='ocrx_word' id='word_1_15' title='bbox 1989 613 2139 662; x_wconf 90' lang='lat' dir='ltr'><strong>cens,</strong></span> <span class='ocrx_word' id='word_1_16' title='bbox 2182 597 2425 651; x_wconf 82' lang='lat' dir='ltr'><strong>velamen</strong></span> <span class='ocrx_word' id='word_1_17' title='bbox 2463 609 2584 649; x_wconf 87' lang='lat' dir='ltr'><strong>esse</strong></span> <span class='ocrx_word' id='word_1_18' title='bbox 2608 595 2844 663; x_wconf 89' lang='lat' dir='ltr'><strong>positum</strong></span> <span class='ocrx_word' id='word_1_19' title='bbox 2881 596 2932 648; x_wconf 92' lang='lat' dir='ltr'><strong>in</strong></span> <span class='ocrx_word' id='word_1_20' title='bbox 2963 594 3192 648; x_wconf 76' lang='lat' dir='ltr'><strong>lectione</strong></span> <span class='ocrx_word' id='word_1_21' title='bbox 3221 589 3428 647; x_wconf 72' lang='lat' dir='ltr'><strong>Veteris</strong></span> <span class='ocrx_word' id='word_1_22' title='bbox 3455 592 3555 646; x_wconf 88' lang='lat' dir='ltr'><strong>Te-</strong></span> 
     </span>
    </p>
   </div>
   <div class='ocr_carea' id='block_1_5' title="bbox 309 687 1878 756">
    <p class='ocr_par' dir='ltr' id='par_1_5' title="bbox 309 687 1878 756">
     <span class='ocr_line' id='line_1_5' title="bbox 309 687 1878 756; baseline -0.001 -15"><span class='ocrx_word' id='word_1_23' title='bbox 309 690 557 742; x_wconf 87' lang='lat' dir='ltr'><strong>velamen</strong></span> <span class='ocrx_word' id='word_1_24' title='bbox 593 699 676 743; x_wconf 89' lang='lat' dir='ltr'><strong>est</strong></span> <span class='ocrx_word' id='word_1_25' title='bbox 703 689 941 756; x_wconf 89' lang='lat' dir='ltr'><strong>positum</strong></span> <span class='ocrx_word' id='word_1_26' title='bbox 972 702 1135 756; x_wconf 89' lang='lat' dir='ltr'><strong>super</strong></span> <span class='ocrx_word' id='word_1_27' title='bbox 1165 702 1257 740; x_wconf 89' lang='lat' dir='ltr'><strong>cor</strong></span> <span class='ocrx_word' id='word_1_28' title='bbox 1285 703 1497 741; x_wconf 90' lang='lat' dir='ltr'><strong>eorum.</strong></span> <span class='ocrx_word' id='word_1_29' title='bbox 1536 687 1671 742; x_wconf 88' lang='lat' dir='ltr'><strong>Cum</strong></span> <span class='ocrx_word' id='word_1_30' title='bbox 1699 698 1878 741; x_wconf 88' lang='lat' dir='ltr'><strong>autem</strong></span> 
     </span>
    </p>
   </div>
   <div class='ocr_carea' id='block_1_6' title="bbox 309 778 1879 842">
    <p class='ocr_par' dir='ltr' id='par_1_6' title="bbox 309 778 1879 842">
     <span class='ocr_line' id='line_1_6' title="bbox 309 778 1879 842; baseline -0.001 -9"><span class='ocrx_word' id='word_1_31' title='bbox 309 794 611 834; x_wconf 87' lang='lat' dir='ltr'><strong>conversus</strong></span> <span class='ocrx_word' id='word_1_32' title='bbox 665 779 827 834; x_wconf 90' lang='lat' dir='ltr'><strong>fuerit</strong></span> <span class='ocrx_word' id='word_1_33' title='bbox 886 779 953 832; x_wconf 91' lang='lat' dir='ltr'><strong>ad</strong></span> <span class='ocrx_word' id='word_1_34' title='bbox 1008 778 1338 842; x_wconf 91' lang='lat' dir='ltr'><strong>Dominum,</strong></span> <span class='ocrx_word' id='word_1_35' title='bbox 1396 779 1675 832; x_wconf 80' lang='lat' dir='ltr'><strong>auferetur</strong></span> <span class='ocrx_word' id='word_1_36' title='bbox 1732 779 1879 832; x_wconf 89' lang='lat' dir='ltr'><strong>vcla-</strong></span> 
     </span>
    </p>
   </div>
   <div class='ocr_carea' id='block_1_7' title="bbox 309 872 1879 943">
    <p class='ocr_par' dir='ltr' id='par_1_7' title="bbox 309 872 1879 943">
     <span class='ocr_line' id='line_1_7' title="bbox 309 872 1879 943; baseline -0.002 -13"><span class='ocrx_word' id='word_1_37' title='bbox 309 891 433 930; x_wconf 90' lang='lat' dir='ltr'><strong>men</strong></span> <span class='ocrx_word' id='word_1_38' title='bbox 456 875 589 943; x_wconf 72' lang='lat'><strong>(92).</strong></span> <span class='ocrx_word' id='word_1_39' title='bbox 617 873 881 927; x_wconf 87' lang='lat' dir='ltr'><strong>Dominus</strong></span> <span class='ocrx_word' id='word_1_40' title='bbox 905 883 1083 926; x_wconf 91' lang='lat' dir='ltr'><strong>autem</strong></span> <span class='ocrx_word' id='word_1_41' title='bbox 1112 872 1346 942; x_wconf 86' lang='lat' dir='ltr'><strong>Spiritus</strong></span> <span class='ocrx_word' id='word_1_42' title='bbox 1366 883 1448 927; x_wconf 90' lang='lat' dir='ltr'><strong>est</strong></span> <span class='ocrx_word' id='word_1_43' title='bbox 1475 874 1539 928; x_wconf 84' lang='grc'><strong>⁶⁰.</strong></span> <span class='ocrx_word' id='word_1_44' title='bbox 1570 891 1587 923; x_wconf 76' lang='grc' dir='ltr'><strong><em>ι</em></strong></span> <span class='ocrx_word' id='word_1_45' title='bbox 1605 873 1744 938; x_wconf 87' lang='lat' dir='ltr'><strong>Quid</strong></span> <span class='ocrx_word' id='word_1_46' title='bbox 1768 874 1879 942; x_wconf 77' lang='grc'>(95)</span> 
     </span>
    </p>
   </div>
   <div class='ocr_carea' id='block_1_8' title="bbox 310 965 1880 1036">
    <p class='ocr_par' dir='ltr' id='par_1_8' title="bbox 310 965 1880 1036">
     <span class='ocr_line' id='line_1_8' title="bbox 310 965 1880 1036; baseline 0.001 -18"><span class='ocrx_word' id='word_1_47' title='bbox 310 966 524 1035; x_wconf 85' lang='lat' dir='ltr'><strong>inquit?</strong></span> <span class='ocrx_word' id='word_1_48' title='bbox 549 965 729 1034; x_wconf 88' lang='lat' dir='ltr'><strong>Usque</strong></span> <span class='ocrx_word' id='word_1_49' title='bbox 752 966 807 1018; x_wconf 92' lang='lat' dir='ltr'><strong>in</strong></span> <span class='ocrx_word' id='word_1_50' title='bbox 833 965 1224 1020; x_wconf 90' lang='lat' dir='ltr'><strong>hodiernumne</strong></span> <span class='ocrx_word' id='word_1_51' title='bbox 1254 981 1493 1034; x_wconf 75' lang='lat' dir='ltr'><strong>przcsens</strong></span> <span class='ocrx_word' id='word_1_52' title='bbox 1519 975 1604 1020; x_wconf 92' lang='lat' dir='ltr'><strong>est</strong></span> <span class='ocrx_word' id='word_1_53' title='bbox 1631 965 1880 1036; x_wconf 81' lang='lat' dir='ltr'><strong>Moyses?</strong></span> 
     </span>
    </p>
   </div>
   <div class='ocr_carea' id='block_1_9' title="bbox 309 1057 1884 1126">
    <p class='ocr_par' dir='ltr' id='par_1_9' title="bbox 309 1057 1884 1126">
     <span class='ocr_line' id='line_1_9' title="bbox 309 1057 1884 1126; baseline -0.001 -16"><span class='ocrx_word' id='word_1_54' title='bbox 309 1074 418 1111; x_wconf 90' lang='lat' dir='ltr'><strong>non</strong></span> <span class='ocrx_word' id='word_1_55' title='bbox 450 1057 726 1119; x_wconf 80' lang='lat' dir='ltr'><strong>dormivit,</strong></span> <span class='ocrx_word' id='word_1_56' title='bbox 757 1071 864 1110; x_wconf 92' lang='lat' dir='ltr'><strong>non</strong></span> <span class='ocrx_word' id='word_1_57' title='bbox 893 1058 1176 1126; x_wconf 80' lang='lat' dir='ltr'><strong>requievit,</strong></span> <span class='ocrx_word' id='word_1_58' title='bbox 1207 1073 1316 1110; x_wconf 91' lang='lat' dir='ltr'><strong>non</strong></span> <span class='ocrx_word' id='word_1_59' title='bbox 1356 1057 1620 1111; x_wconf 85' lang='lat' dir='ltr'><strong>abscessit</strong></span> <span class='ocrx_word' id='word_1_60' title='bbox 1659 1073 1690 1111; x_wconf 92' lang='lat' dir='ltr'><strong>e</strong></span> <span class='ocrx_word' id='word_1_61' title='bbox 1735 1057 1884 1110; x_wconf 90' lang='lat' dir='ltr'><strong>vita?</strong></span> 
     </span>
    </p>
   </div>
   <div class='ocr_carea' id='block_1_10' title="bbox 308 1148 1883 1219">
    <p class='ocr_par' dir='ltr' id='par_1_10' title="bbox 308 1148 1883 1219">
     <span class='ocr_line' id='line_1_10' title="bbox 308 1148 1883 1219; baseline 0.001 -17"><span class='ocrx_word' id='word_1_62' title='bbox 308 1148 595 1215; x_wconf 83' lang='lat' dir='ltr'><strong>Quomodo</strong></span> <span class='ocrx_word' id='word_1_63' title='bbox 625 1150 679 1202; x_wconf 95' lang='lat' dir='ltr'><strong>in</strong></span> <span class='ocrx_word' id='word_1_64' title='bbox 708 1149 1028 1203; x_wconf 89' lang='lat' dir='ltr'><strong>hodiernum</strong></span> <span class='ocrx_word' id='word_1_65' title='bbox 1057 1149 1168 1219; x_wconf 77' lang='lat'><strong>(94)</strong></span> <span class='ocrx_word' id='word_1_66' title='bbox 1203 1149 1376 1203; x_wconf 90' lang='lat' dir='ltr'><strong>dicit?</strong></span> <span class='ocrx_word' id='word_1_67' title='bbox 1418 1149 1522 1204; x_wconf 88' lang='lat' dir='ltr'><strong>Sed</strong></span> <span class='ocrx_word' id='word_1_68' title='bbox 1550 1149 1760 1204; x_wconf 88' lang='lat' dir='ltr'><strong>intuere</strong></span> <span class='ocrx_word' id='word_1_69' title='bbox 1790 1165 1883 1204; x_wconf 84' lang='lat' dir='ltr'><strong>ve-</strong></span> 
     </span>
    </p>
   </div>
   <div class='ocr_carea' id='block_1_11' title="bbox 309 1241 1882 1310">
    <p class='ocr_par' dir='ltr' id='par_1_11' title="bbox 309 1241 1882 1310">
     <span class='ocr_line' id='line_1_11' title="bbox 309 1241 1882 1310; baseline 0.001 -16"><span class='ocrx_word' id='word_1_70' title='bbox 309 1242 511 1304; x_wconf 86' lang='lat' dir='ltr'><strong>lamen,</strong></span> <span class='ocrx_word' id='word_1_71' title='bbox 542 1241 634 1293; x_wconf 89' lang='lat' dir='ltr'><strong>ubi</strong></span> <span class='ocrx_word' id='word_1_72' title='bbox 674 1241 826 1302; x_wconf 92' lang='lat' dir='ltr'><strong>dicit,</strong></span> <span class='ocrx_word' id='word_1_73' title='bbox 859 1241 1096 1310; x_wconf 89' lang='lat' dir='ltr'><strong>positum</strong></span> <span class='ocrx_word' id='word_1_74' title='bbox 1150 1257 1316 1310; x_wconf 82' lang='lat' dir='ltr'><strong>supra</strong></span> <span class='ocrx_word' id='word_1_75' title='bbox 1355 1257 1451 1296; x_wconf 89' lang='lat' dir='ltr'><strong>cor</strong></span> <span class='ocrx_word' id='word_1_76' title='bbox 1479 1257 1691 1304; x_wconf 86' lang='lat' dir='ltr'><strong>eorum,</strong></span> <span class='ocrx_word' id='word_1_77' title='bbox 1720 1242 1774 1294; x_wconf 92' lang='lat' dir='ltr'><strong>in</strong></span> <span class='ocrx_word' id='word_1_78' title='bbox 1806 1243 1882 1296; x_wconf 91' lang='lat' dir='ltr'><strong>le-</strong></span> 
     </span>
    </p>
   </div>
   <div class='ocr_carea' id='block_1_12' title="bbox 309 1331 1881 1402">
    <p class='ocr_par' dir='ltr' id='par_1_12' title="bbox 309 1331 1881 1402">
     <span class='ocr_line' id='line_1_12' title="bbox 309 1331 1881 1402; baseline 0 -14"><span class='ocrx_word' id='word_1_79' title='bbox 309 1335 491 1388; x_wconf 89' lang='lat' dir='ltr'><strong>ctione</strong></span> <span class='ocrx_word' id='word_1_80' title='bbox 530 1348 744 1386; x_wconf 89' lang='lat' dir='ltr'><strong>eorum.</strong></span> <span class='ocrx_word' id='word_1_81' title='bbox 793 1331 920 1386; x_wconf 64' lang='lat' dir='ltr'><strong>llam</strong></span> <span class='ocrx_word' id='word_1_82' title='bbox 959 1340 1043 1386; x_wconf 92' lang='lat' dir='ltr'><strong>est</strong></span> <span class='ocrx_word' id='word_1_83' title='bbox 1083 1332 1196 1402; x_wconf 78' lang='grc'>(95)</span> <span class='ocrx_word' id='word_1_84' title='bbox 1231 1347 1334 1386; x_wconf 89' lang='lat' dir='ltr'><strong>vox</strong></span> <span class='ocrx_word' id='word_1_85' title='bbox 1385 1348 1506 1401; x_wconf 69' lang='lat' dir='ltr'><strong>qua:</strong></span> <span class='ocrx_word' id='word_1_86' title='bbox 1532 1334 1711 1402; x_wconf 81' lang='lat' dir='ltr'><strong>arguit</strong></span> <span class='ocrx_word' id='word_1_87' title='bbox 1743 1334 1881 1388; x_wconf 85' lang='lat' dir='ltr'><strong>ﬁlios</strong></span> 
     </span>
    </p>
   </div>
   <div class='ocr_carea' id='block_1_13' title="bbox 308 1423 1882 1494">
    <p class='ocr_par' dir='ltr' id='par_1_13' title="bbox 308 1423 1882 1494">
     <span class='ocr_line' id='line_1_13' title="bbox 308 1423 1882 1494; baseline 0.001 -15"><span class='ocrx_word' id='word_1_88' title='bbox 308 1425 495 1489; x_wconf 88' lang='lat' dir='ltr'><strong>Israel,</strong></span> <span class='ocrx_word' id='word_1_89' title='bbox 545 1425 784 1494; x_wconf 79' lang='lat' dir='ltr'><strong>legentes</strong></span> <span class='ocrx_word' id='word_1_90' title='bbox 824 1423 1044 1494; x_wconf 84' lang='lat' dir='ltr'><strong>Moysen</strong></span> <span class='ocrx_word' id='word_1_91' title='bbox 1081 1434 1135 1478; x_wconf 92' lang='lat' dir='ltr'><strong>et</strong></span> <span class='ocrx_word' id='word_1_92' title='bbox 1184 1440 1291 1478; x_wconf 92' lang='lat' dir='ltr'><strong>non</strong></span> <span class='ocrx_word' id='word_1_93' title='bbox 1344 1425 1738 1494; x_wconf 87' lang='lat' dir='ltr'><strong>intelligentes,</strong></span> <span class='ocrx_word' id='word_1_94' title='bbox 1788 1442 1882 1480; x_wconf 90' lang='lat' dir='ltr'><strong>ne-</strong></span> 
     </span>
    </p>
   </div>
   <div class='ocr_carea' id='block_1_14' title="bbox 307 1514 1883 1587">
    <p class='ocr_par' dir='ltr' id='par_1_14' title="bbox 307 1514 1883 1587">
     <span class='ocr_line' id='line_1_14' title="bbox 307 1514 1883 1587; baseline 0.001 -17"><span class='ocrx_word' id='word_1_95' title='bbox 307 1533 416 1587; x_wconf 85' lang='lat' dir='ltr'><strong>quc</strong></span> <span class='ocrx_word' id='word_1_96' title='bbox 457 1526 834 1571; x_wconf 84' lang='lat' dir='ltr'><strong>convertentes</strong></span> <span class='ocrx_word' id='word_1_97' title='bbox 882 1532 941 1570; x_wconf 89' lang='lat' dir='ltr'><strong>se</strong></span> <span class='ocrx_word' id='word_1_98' title='bbox 991 1516 1056 1568; x_wconf 90' lang='lat' dir='ltr'><strong>ad</strong></span> <span class='ocrx_word' id='word_1_99' title='bbox 1098 1514 1417 1580; x_wconf 87' lang='lat' dir='ltr'><strong>Dominum;</strong></span> <span class='ocrx_word' id='word_1_100' title='bbox 1459 1517 1716 1585; x_wconf 88' lang='lat' dir='ltr'><strong>quoniam</strong></span> <span class='ocrx_word' id='word_1_101' title='bbox 1769 1517 1883 1586; x_wconf 87' lang='lat' dir='ltr'><strong>ipse</strong></span> 
     </span>
    </p>
   </div>
   <div class='ocr_carea' id='block_1_15' title="bbox 307 1607 1884 1678">
    <p class='ocr_par' dir='ltr' id='par_1_15' title="bbox 307 1607 1884 1678">
     <span class='ocr_line' id='line_1_15' title="bbox 307 1607 1884 1678; baseline -0.001 -16"><span class='ocrx_word' id='word_1_102' title='bbox 307 1619 413 1672; x_wconf 87' lang='lat' dir='ltr'><strong>est,</strong></span> <span class='ocrx_word' id='word_1_103' title='bbox 444 1609 539 1677; x_wconf 91' lang='lat' dir='ltr'><strong>qui</strong></span> <span class='ocrx_word' id='word_1_104' title='bbox 583 1624 614 1662; x_wconf 94' lang='lat' dir='ltr'><strong>a</strong></span> <span class='ocrx_word' id='word_1_105' title='bbox 648 1607 832 1678; x_wconf 83' lang='lat' dir='ltr'><strong>Moyse</strong></span> <span class='ocrx_word' id='word_1_106' title='bbox 884 1607 1239 1676; x_wconf 87' lang='lat' dir='ltr'><strong>prophetatus</strong></span> <span class='ocrx_word' id='word_1_107' title='bbox 1281 1617 1360 1660; x_wconf 93' lang='lat' dir='ltr'><strong>est</strong></span> <span class='ocrx_word' id='word_1_108' title='bbox 1405 1608 1608 1661; x_wconf 86' lang='lat' dir='ltr'><strong>venire.</strong></span> <span class='ocrx_word' id='word_1_109' title='bbox 1647 1607 1761 1662; x_wconf 84' lang='lat' dir='ltr'><strong>Hoc</strong></span> <span class='ocrx_word' id='word_1_110' title='bbox 1799 1617 1884 1661; x_wconf 90' lang='lat' dir='ltr'><strong>est</strong></span> 
     </span>
    </p>
   </div>
   <div class='ocr_carea' id='block_1_16' title="bbox 307 1696 1879 1769">
    <p class='ocr_par' dir='ltr' id='par_1_16' title="bbox 307 1696 1879 1769">
     <span class='ocr_line' id='line_1_16' title="bbox 307 1696 1879 1769; baseline -0.001 -17"><span class='ocrx_word' id='word_1_111' title='bbox 307 1700 578 1763; x_wconf 81' lang='lat' dir='ltr'><strong>velamen,</strong></span> <span class='ocrx_word' id='word_1_112' title='bbox 613 1699 761 1769; x_wconf 91' lang='lat' dir='ltr'><strong>quod</strong></span> <span class='ocrx_word' id='word_1_113' title='bbox 808 1711 926 1752; x_wconf 89' lang='lat' dir='ltr'><strong>erat</strong></span> <span class='ocrx_word' id='word_1_114' title='bbox 971 1699 1210 1768; x_wconf 89' lang='lat' dir='ltr'><strong>positum</strong></span> <span class='ocrx_word' id='word_1_115' title='bbox 1253 1713 1416 1766; x_wconf 90' lang='lat' dir='ltr'><strong>super</strong></span> <span class='ocrx_word' id='word_1_116' title='bbox 1452 1696 1644 1753; x_wconf 85' lang='lat' dir='ltr'><strong>faciem</strong></span> <span class='ocrx_word' id='word_1_117' title='bbox 1689 1699 1879 1769; x_wconf 81' lang='lat' dir='ltr'><strong>Moysi,</strong></span> 
     </span>
    </p>
   </div>
   <div class='ocr_carea' id='block_1_17' title="bbox 306 1790 1878 1859">
    <p class='ocr_par' dir='ltr' id='par_1_17' title="bbox 306 1790 1878 1859">
     <span class='ocr_line' id='line_1_17' title="bbox 306 1790 1878 1859; baseline 0.002 -15"><span class='ocrx_word' id='word_1_118' title='bbox 306 1792 452 1859; x_wconf 90' lang='lat' dir='ltr'><strong>quod</strong></span> <span class='ocrx_word' id='word_1_119' title='bbox 509 1801 592 1844; x_wconf 92' lang='lat' dir='ltr'><strong>est</strong></span> <span class='ocrx_word' id='word_1_120' title='bbox 661 1800 1044 1844; x_wconf 81' lang='lat' dir='ltr'><strong>testamentum</strong></span> <span class='ocrx_word' id='word_1_121' title='bbox 1109 1790 1229 1858; x_wconf 86' lang='lat' dir='ltr'><strong>ejus</strong></span> <span class='ocrx_word' id='word_1_122' title='bbox 1307 1790 1390 1857; x_wconf 85' lang='grc'><strong>⁶¹;</strong></span> <span class='ocrx_word' id='word_1_123' title='bbox 1461 1793 1538 1847; x_wconf 87' lang='lat' dir='ltr'><strong>ait</strong></span> <span class='ocrx_word' id='word_1_124' title='bbox 1611 1795 1758 1847; x_wconf 89' lang='lat' dir='ltr'><strong>enim</strong></span> <span class='ocrx_word' id='word_1_125' title='bbox 1824 1793 1878 1846; x_wconf 92' lang='lat' dir='ltr'><strong>in</strong></span> 
     </span>
    </p>
   </div>
   <div class='ocr_carea' id='block_1_18' title="bbox 305 1881 1881 1954">
    <p class='ocr_par' dir='ltr' id='par_1_18' title="bbox 305 1881 1881 1954">
     <span class='ocr_line' id='line_1_18' title="bbox 305 1881 1881 1954; baseline 0.001 -18"><span class='ocrx_word' id='word_1_126' title='bbox 305 1884 423 1952; x_wconf 80' lang='lat' dir='ltr'><strong>lege</strong></span> <span class='ocrx_word' id='word_1_127' title='bbox 447 1882 598 1952; x_wconf 87' lang='lat'><strong>(96):</strong></span> <span class='ocrx_word' id='word_1_128' title='bbox 639 1901 656 1932; x_wconf 75' lang='grc' dir='ltr'>ι</span> <span class='ocrx_word' id='word_1_129' title='bbox 685 1881 803 1934; x_wconf 85' lang='grc' dir='ltr'><strong>Νυη</strong></span> <span class='ocrx_word' id='word_1_130' title='bbox 835 1883 1048 1936; x_wconf 88' lang='lat' dir='ltr'><strong>deliciet</strong></span> <span class='ocrx_word' id='word_1_131' title='bbox 1099 1882 1351 1952; x_wconf 86' lang='lat' dir='ltr'><strong>princeps</strong></span> <span class='ocrx_word' id='word_1_132' title='bbox 1398 1899 1465 1938; x_wconf 88' lang='lat' dir='ltr'><strong>ex</strong></span> <span class='ocrx_word' id='word_1_133' title='bbox 1512 1884 1672 1949; x_wconf 87' lang='lat' dir='ltr'><strong>Juda,</strong></span> <span class='ocrx_word' id='word_1_134' title='bbox 1704 1901 1881 1954; x_wconf 87' lang='lat' dir='ltr'><strong>neque</strong></span> 
     </span>
    </p>
   </div>
   <div class='ocr_carea' id='block_1_19' title="bbox 305 1971 1878 2046">
    <p class='ocr_par' dir='ltr' id='par_1_19' title="bbox 305 1971 1878 2046">
     <span class='ocr_line' id='line_1_19' title="bbox 305 1971 1878 2046; baseline -0.001 -18"><span class='ocrx_word' id='word_1_135' title='bbox 305 1975 416 2028; x_wconf 87' lang='lat' dir='ltr'><strong>dux</strong></span> <span class='ocrx_word' id='word_1_136' title='bbox 473 1972 540 2027; x_wconf 91' lang='lat' dir='ltr'><strong>de</strong></span> <span class='ocrx_word' id='word_1_137' title='bbox 601 1971 902 2028; x_wconf 79' lang='lat' dir='ltr'><strong>femoribus</strong></span> <span class='ocrx_word' id='word_1_138' title='bbox 957 1973 1120 2042; x_wconf 85' lang='lat' dir='ltr'><strong>ejus,</strong></span> <span class='ocrx_word' id='word_1_139' title='bbox 1185 1989 1470 2043; x_wconf 83' lang='lat' dir='ltr'><strong>usquequo</strong></span> <span class='ocrx_word' id='word_1_140' title='bbox 1526 1977 1708 2028; x_wconf 82' lang='lat' dir='ltr'><strong>veniat</strong></span> <span class='ocrx_word' id='word_1_141' title='bbox 1767 1974 1878 2046; x_wconf 88' lang='lat'><strong>(97)</strong></span> 
     </span>
    </p>
   </div>
   <div class='ocr_carea' id='block_1_20' title="bbox 307 2064 1879 2134">
    <p class='ocr_par' dir='ltr' id='par_1_20' title="bbox 307 2064 1879 2134">
     <span class='ocr_line' id='line_1_20' title="bbox 307 2064 1879 2134; baseline -0.001 -15"><span class='ocrx_word' id='word_1_142' title='bbox 307 2065 470 2133; x_wconf 86' lang='lat' dir='ltr'><strong>cujus</strong></span> <span class='ocrx_word' id='word_1_143' title='bbox 511 2072 596 2118; x_wconf 88' lang='lat' dir='ltr'><strong>est</strong></span> <span class='ocrx_word' id='word_1_144' title='bbox 628 2064 775 2132; x_wconf 85' lang='grc'>(98),</span> <span class='ocrx_word' id='word_1_145' title='bbox 806 2073 860 2117; x_wconf 88' lang='lat' dir='ltr'><strong>et</strong></span> <span class='ocrx_word' id='word_1_146' title='bbox 898 2064 1012 2132; x_wconf 87' lang='lat' dir='ltr'><strong>ipse</strong></span> <span class='ocrx_word' id='word_1_147' title='bbox 1042 2064 1144 2118; x_wconf 90' lang='lat' dir='ltr'><strong>erit</strong></span> <span class='ocrx_word' id='word_1_148' title='bbox 1183 2065 1518 2133; x_wconf 80' lang='lat' dir='ltr'><strong>exspectatio</strong></span> <span class='ocrx_word' id='word_1_149' title='bbox 1541 2066 1782 2134; x_wconf 87' lang='lat' dir='ltr'><strong>gentium</strong></span> <span class='ocrx_word' id='word_1_150' title='bbox 1813 2067 1879 2117; x_wconf 69' lang='grc' dir='ltr'><strong>θ’.</strong></span> 
     </span>
    </p>
   </div>
   <div class='ocr_carea' id='block_1_21' title="bbox 305 2154 1879 2226">
    <p class='ocr_par' dir='ltr' id='par_1_21' title="bbox 305 2154 1879 2226">
     <span class='ocr_line' id='line_1_21' title="bbox 305 2154 1879 2226; baseline 0.001 -18"><span class='ocrx_word' id='word_1_151' title='bbox 305 2154 414 2222; x_wconf 90' lang='lat' dir='ltr'><strong>Qui</strong></span> <span class='ocrx_word' id='word_1_152' title='bbox 455 2155 699 2224; x_wconf 84' lang='lat' dir='ltr'><strong>alligabit</strong></span> <span class='ocrx_word' id='word_1_153' title='bbox 730 2156 840 2226; x_wconf 88' lang='lat'><strong>(99)</strong></span> <span class='ocrx_word' id='word_1_154' title='bbox 877 2158 942 2209; x_wconf 92' lang='lat' dir='ltr'><strong>ad</strong></span> <span class='ocrx_word' id='word_1_155' title='bbox 965 2156 1128 2209; x_wconf 88' lang='lat' dir='ltr'><strong>vitem</strong></span> <span class='ocrx_word' id='word_1_156' title='bbox 1157 2156 1363 2225; x_wconf 91' lang='lat' dir='ltr'><strong>pullum</strong></span> <span class='ocrx_word' id='word_1_157' title='bbox 1398 2173 1583 2221; x_wconf 85' lang='lat' dir='ltr'><strong>suum,</strong></span> <span class='ocrx_word' id='word_1_158' title='bbox 1611 2167 1664 2210; x_wconf 93' lang='lat' dir='ltr'><strong>et</strong></span> <span class='ocrx_word' id='word_1_159' title='bbox 1692 2157 1756 2210; x_wconf 91' lang='lat' dir='ltr'><strong>ad</strong></span> <span class='ocrx_word' id='word_1_160' title='bbox 1786 2173 1879 2225; x_wconf 90' lang='lat' dir='ltr'><strong>op-</strong></span> 
     </span>
    </p>
   </div>
   <div class='ocr_carea' id='block_1_22' title="bbox 308 2248 1883 2318">
    <p class='ocr_par' dir='ltr' id='par_1_22' title="bbox 308 2248 1883 2318">
     <span class='ocr_line' id='line_1_22' title="bbox 308 2248 1883 2318; baseline 0 -16"><span class='ocrx_word' id='word_1_161' title='bbox 308 2250 502 2303; x_wconf 90' lang='lat' dir='ltr'><strong>timam</strong></span> <span class='ocrx_word' id='word_1_162' title='bbox 554 2249 714 2303; x_wconf 88' lang='lat' dir='ltr'><strong>vitem</strong></span> <span class='ocrx_word' id='word_1_163' title='bbox 753 2249 957 2318; x_wconf 91' lang='lat' dir='ltr'><strong>pullum</strong></span> <span class='ocrx_word' id='word_1_164' title='bbox 991 2249 1159 2302; x_wconf 75' lang='lat' dir='ltr'><strong>asinze</strong></span> <span class='ocrx_word' id='word_1_165' title='bbox 1208 2265 1340 2302; x_wconf 68' lang='lat' dir='ltr'><strong>sum.</strong></span> <span class='ocrx_word' id='word_1_166' title='bbox 1394 2248 1620 2303; x_wconf 88' lang='lat' dir='ltr'><strong>Lavabit</strong></span> <span class='ocrx_word' id='word_1_167' title='bbox 1666 2251 1716 2302; x_wconf 94' lang='lat' dir='ltr'><strong>in</strong></span> <span class='ocrx_word' id='word_1_168' title='bbox 1761 2250 1883 2303; x_wconf 88' lang='lat' dir='ltr'><strong>vino</strong></span> 
     </span>
    </p>
   </div>
   <div class='ocr_carea' id='block_1_23' title="bbox 305 2337 1878 2407">
    <p class='ocr_par' dir='ltr' id='par_1_23' title="bbox 305 2337 1878 2407">
     <span class='ocr_line' id='line_1_23' title="bbox 305 2337 1878 2407; baseline 0.002 -17"><span class='ocrx_word' id='word_1_169' title='bbox 305 2337 505 2390; x_wconf 82' lang='lat' dir='ltr'><strong>stolam</strong></span> <span class='ocrx_word' id='word_1_170' title='bbox 529 2353 712 2401; x_wconf 81' lang='lat' dir='ltr'><strong>suam,</strong></span> <span class='ocrx_word' id='word_1_171' title='bbox 731 2337 860 2390; x_wconf 89' lang='lat' dir='ltr'><strong>etin</strong></span> <span class='ocrx_word' id='word_1_172' title='bbox 885 2339 1148 2407; x_wconf 88' lang='lat' dir='ltr'><strong>sanguine</strong></span> <span class='ocrx_word' id='word_1_173' title='bbox 1168 2354 1283 2392; x_wconf 68' lang='lat' dir='ltr'><strong>uvae</strong></span> <span class='ocrx_word' id='word_1_174' title='bbox 1302 2339 1677 2392; x_wconf 89' lang='lat' dir='ltr'><strong>indumentum</strong></span> <span class='ocrx_word' id='word_1_175' title='bbox 1697 2355 1878 2393; x_wconf 86' lang='lat' dir='ltr'><strong>suum.</strong></span> 
     </span>
    </p>
   </div>
   <div class='ocr_carea' id='block_1_24' title="bbox 309 2428 1882 2502">
    <p class='ocr_par' dir='ltr' id='par_1_24' title="bbox 309 2428 1882 2502">
     <span class='ocr_line' id='line_1_24' title="bbox 309 2428 1882 2502; baseline 0.003 -20"><span class='ocrx_word' id='word_1_176' title='bbox 309 2428 516 2484; x_wconf 85' lang='lat' dir='ltr'><strong>Sull&#39;usi</strong></span> <span class='ocrx_word' id='word_1_177' title='bbox 543 2431 687 2484; x_wconf 91' lang='lat' dir='ltr'><strong>oculi</strong></span> <span class='ocrx_word' id='word_1_178' title='bbox 718 2432 793 2500; x_wconf 91' lang='lat' dir='ltr'><strong>(I)</strong></span> <span class='ocrx_word' id='word_1_179' title='bbox 818 2431 940 2498; x_wconf 86' lang='lat' dir='ltr'><strong>ejus</strong></span> <span class='ocrx_word' id='word_1_180' title='bbox 964 2446 994 2484; x_wconf 87' lang='lat' dir='ltr'><strong>a</strong></span> <span class='ocrx_word' id='word_1_181' title='bbox 1021 2432 1166 2494; x_wconf 87' lang='lat' dir='ltr'><strong>vino,</strong></span> <span class='ocrx_word' id='word_1_182' title='bbox 1217 2440 1270 2484; x_wconf 90' lang='lat' dir='ltr'><strong>et</strong></span> <span class='ocrx_word' id='word_1_183' title='bbox 1303 2432 1516 2486; x_wconf 90' lang='lat' dir='ltr'><strong>candidi</strong></span> <span class='ocrx_word' id='word_1_184' title='bbox 1545 2431 1734 2486; x_wconf 85' lang='lat' dir='ltr'><strong>dentes</strong></span> <span class='ocrx_word' id='word_1_185' title='bbox 1764 2432 1882 2502; x_wconf 84' lang='lat' dir='ltr'><strong>ejus</strong></span> 
     </span>
    </p>
   </div>
   <div class='ocr_carea' id='block_1_25' title="bbox 304 2520 1882 2590">
    <p class='ocr_par' dir='ltr' id='par_1_25' title="bbox 304 2520 1882 2590">
     <span class='ocr_line' id='line_1_25' title="bbox 304 2520 1882 2590; baseline 0.004 -19"><span class='ocrx_word' id='word_1_186' title='bbox 304 2537 334 2572; x_wconf 74' lang='grc' dir='ltr'><strong>ιι</strong></span> <span class='ocrx_word' id='word_1_187' title='bbox 370 2520 529 2586; x_wconf 89' lang='lat' dir='ltr'><strong>lacte,</strong></span> <span class='ocrx_word' id='word_1_188' title='bbox 589 2539 608 2572; x_wconf 74' lang='grc' dir='ltr'><strong><em>ι</em></strong></span> <span class='ocrx_word' id='word_1_189' title='bbox 652 2531 706 2574; x_wconf 89' lang='lat' dir='ltr'><strong>et</strong></span> <span class='ocrx_word' id='word_1_190' title='bbox 750 2523 976 2590; x_wconf 84' lang='lat' dir='ltr'><strong>reliqua.</strong></span> <span class='ocrx_word' id='word_1_191' title='bbox 1023 2521 1126 2587; x_wconf 93' lang='lat' dir='ltr'><strong>Qui</strong></span> <span class='ocrx_word' id='word_1_192' title='bbox 1167 2523 1330 2577; x_wconf 90' lang='lat' dir='ltr'><strong>etiam</strong></span> <span class='ocrx_word' id='word_1_193' title='bbox 1356 2532 1409 2576; x_wconf 90' lang='lat' dir='ltr'><strong>et</strong></span> <span class='ocrx_word' id='word_1_194' title='bbox 1449 2524 1594 2577; x_wconf 81' lang='lat' dir='ltr'><strong>unde</strong></span> <span class='ocrx_word' id='word_1_195' title='bbox 1624 2532 1882 2578; x_wconf 90' lang='lat' dir='ltr'><strong>venturus</strong></span> 
     </span>
    </p>
   </div>
   <div class='ocr_carea' id='block_1_26' title="bbox 302 2611 1882 2681">
    <p class='ocr_par' dir='ltr' id='par_1_26' title="bbox 302 2611 1882 2681">
     <span class='ocr_line' id='line_1_26' title="bbox 302 2611 1882 2681; baseline 0.001 -17"><span class='ocrx_word' id='word_1_196' title='bbox 302 2620 451 2664; x_wconf 88' lang='lat' dir='ltr'><strong>esset</strong></span> <span class='ocrx_word' id='word_1_197' title='bbox 490 2612 834 2680; x_wconf 89' lang='lat' dir='ltr'><strong>designavit,</strong></span> <span class='ocrx_word' id='word_1_198' title='bbox 895 2612 1080 2666; x_wconf 86' lang='lat' dir='ltr'><strong>dicens</strong></span> <span class='ocrx_word' id='word_1_199' title='bbox 1116 2630 1128 2665; x_wconf 91' lang='lat'><strong>:</strong></span> <span class='ocrx_word' id='word_1_200' title='bbox 1173 2631 1192 2664; x_wconf 70' lang='grc' dir='ltr'><strong><em>ι</em></strong></span> <span class='ocrx_word' id='word_1_201' title='bbox 1238 2611 1560 2681; x_wconf 86' lang='lat' dir='ltr'><strong>Prophetam</strong></span> <span class='ocrx_word' id='word_1_202' title='bbox 1593 2613 1744 2666; x_wconf 89' lang='lat' dir='ltr'><strong>vobis</strong></span> <span class='ocrx_word' id='word_1_203' title='bbox 1785 2628 1882 2666; x_wconf 86' lang='lat' dir='ltr'><strong>su-</strong></span> 
     </span>
    </p>
   </div>
   <div class='ocr_carea' id='block_1_27' title="bbox 303 2701 1883 2758">
    <p class='ocr_par' dir='ltr' id='par_1_27' title="bbox 303 2701 1883 2758">
     <span class='ocr_line' id='line_1_27' title="bbox 303 2701 1883 2758; baseline 0 -2"><span class='ocrx_word' id='word_1_204' title='bbox 303 2701 524 2756; x_wconf 86' lang='lat' dir='ltr'><strong>scitabit</strong></span> <span class='ocrx_word' id='word_1_205' title='bbox 582 2701 842 2756; x_wconf 82' lang='lat' dir='ltr'><strong>Dominus</strong></span> <span class='ocrx_word' id='word_1_206' title='bbox 892 2702 1034 2757; x_wconf 82' lang='lat' dir='ltr'><strong>Deus</strong></span> <span class='ocrx_word' id='word_1_207' title='bbox 1088 2719 1154 2756; x_wconf 91' lang='lat' dir='ltr'><strong>ex</strong></span> <span class='ocrx_word' id='word_1_208' title='bbox 1201 2703 1460 2758; x_wconf 84' lang='lat' dir='ltr'><strong>fratribus</strong></span> <span class='ocrx_word' id='word_1_209' title='bbox 1498 2703 1692 2758; x_wconf 84' lang='lat' dir='ltr'><strong>vestris</strong></span> <span class='ocrx_word' id='word_1_210' title='bbox 1741 2704 1883 2758; x_wconf 87' lang='lat' dir='ltr'><strong>sicut</strong></span> 
     </span>
    </p>
   </div>
   <div class='ocr_carea' id='block_1_28' title="bbox 304 2794 1881 2864">
    <p class='ocr_par' dir='ltr' id='par_1_28' title="bbox 304 2794 1881 2864">
     <span class='ocr_line' id='line_1_28' title="bbox 304 2794 1881 2864; baseline -0.002 -14"><span class='ocrx_word' id='word_1_211' title='bbox 304 2811 422 2859; x_wconf 88' lang='lat' dir='ltr'><strong>me;</strong></span> <span class='ocrx_word' id='word_1_212' title='bbox 455 2797 629 2864; x_wconf 90' lang='lat' dir='ltr'><strong>ipsum</strong></span> <span class='ocrx_word' id='word_1_213' title='bbox 653 2795 834 2848; x_wconf 89' lang='lat' dir='ltr'><strong>audite</strong></span> <span class='ocrx_word' id='word_1_214' title='bbox 865 2796 962 2849; x_wconf 67' lang='grc'><strong>⁸³.»</strong></span> <span class='ocrx_word' id='word_1_215' title='bbox 989 2794 1052 2848; x_wconf 85' lang='lat' dir='ltr'><strong>Et</strong></span> <span class='ocrx_word' id='word_1_216' title='bbox 1073 2795 1290 2864; x_wconf 86' lang='lat' dir='ltr'><strong>quidem</strong></span> <span class='ocrx_word' id='word_1_217' title='bbox 1313 2795 1439 2864; x_wconf 90' lang='lat' dir='ltr'><strong>quia</strong></span> <span class='ocrx_word' id='word_1_218' title='bbox 1463 2810 1570 2848; x_wconf 92' lang='lat' dir='ltr'><strong>non</strong></span> <span class='ocrx_word' id='word_1_219' title='bbox 1602 2795 1774 2864; x_wconf 82' lang='lat' dir='ltr'><strong>possit</strong></span> <span class='ocrx_word' id='word_1_220' title='bbox 1795 2795 1881 2848; x_wconf 89' lang='lat' dir='ltr'><strong>in-</strong></span> 
     </span>
    </p>
   </div>
   <div class='ocr_carea' id='block_1_29' title="bbox 305 2885 1879 2957">
    <p class='ocr_par' dir='ltr' id='par_1_29' title="bbox 305 2885 1879 2957">
     <span class='ocr_line' id='line_1_29' title="bbox 305 2885 1879 2957; baseline -0.001 -15"><span class='ocrx_word' id='word_1_221' title='bbox 305 2889 473 2957; x_wconf 86' lang='lat' dir='ltr'><strong>telligi</strong></span> <span class='ocrx_word' id='word_1_222' title='bbox 534 2888 638 2941; x_wconf 90' lang='lat' dir='ltr'><strong>hoc</strong></span> <span class='ocrx_word' id='word_1_223' title='bbox 672 2888 738 2941; x_wconf 90' lang='lat' dir='ltr'><strong>de</strong></span> <span class='ocrx_word' id='word_1_224' title='bbox 781 2886 908 2941; x_wconf 85' lang='lat' dir='ltr'><strong>.Iesu</strong></span> <span class='ocrx_word' id='word_1_225' title='bbox 940 2885 1086 2940; x_wconf 81' lang='lat' dir='ltr'><strong>Nave</strong></span> <span class='ocrx_word' id='word_1_226' title='bbox 1129 2887 1204 2956; x_wconf 73' lang='lat'><strong>(2)</strong></span> <span class='ocrx_word' id='word_1_227' title='bbox 1248 2888 1613 2948; x_wconf 88' lang='lat' dir='ltr'><strong>dictumesse,</strong></span> <span class='ocrx_word' id='word_1_228' title='bbox 1649 2886 1879 2940; x_wconf 90' lang='lat' dir='ltr'><strong>manife-</strong></span> 
     </span>
    </p>
   </div>
   <div class='ocr_carea' id='block_1_30' title="bbox 303 2979 1881 3047">
    <p class='ocr_par' dir='ltr' id='par_1_30' title="bbox 303 2979 1881 3047">
     <span class='ocr_line' id='line_1_30' title="bbox 303 2979 1881 3047; baseline -0.001 -14"><span class='ocrx_word' id='word_1_229' title='bbox 303 2989 449 3033; x_wconf 85' lang='lat' dir='ltr'><strong>stum</strong></span> <span class='ocrx_word' id='word_1_230' title='bbox 482 2987 582 3033; x_wconf 91' lang='lat' dir='ltr'><strong>est.</strong></span> <span class='ocrx_word' id='word_1_231' title='bbox 631 2979 774 3032; x_wconf 85' lang='lat' dir='ltr'><strong>Nihil</strong></span> <span class='ocrx_word' id='word_1_232' title='bbox 806 2980 948 3032; x_wconf 89' lang='lat' dir='ltr'><strong>enim</strong></span> <span class='ocrx_word' id='word_1_233' title='bbox 1002 2979 1164 3047; x_wconf 88' lang='lat' dir='ltr'><strong>hujus</strong></span> <span class='ocrx_word' id='word_1_234' title='bbox 1196 2979 1628 3033; x_wconf 89' lang='lat' dir='ltr'><strong>circumcisionis</strong></span> <span class='ocrx_word' id='word_1_235' title='bbox 1673 2979 1728 3031; x_wconf 90' lang='lat' dir='ltr'><strong>in</strong></span> <span class='ocrx_word' id='word_1_236' title='bbox 1763 2979 1881 3047; x_wconf 91' lang='lat' dir='ltr'><strong>ipso</strong></span> 
     </span>
    </p>
   </div>
   <div class='ocr_carea' id='block_1_31' title="bbox 304 3067 1880 3138">
    <p class='ocr_par' dir='ltr' id='par_1_31' title="bbox 304 3067 1880 3138">
     <span class='ocr_line' id='line_1_31' title="bbox 304 3067 1880 3138; baseline -0.001 -14"><span class='ocrx_word' id='word_1_237' title='bbox 304 3071 614 3136; x_wconf 88' lang='lat' dir='ltr'><strong>invenitur;</strong></span> <span class='ocrx_word' id='word_1_238' title='bbox 663 3071 837 3124; x_wconf 84' lang='lat' dir='ltr'><strong>adhuc</strong></span> <span class='ocrx_word' id='word_1_239' title='bbox 879 3070 1022 3123; x_wconf 88' lang='lat' dir='ltr'><strong>enim</strong></span> <span class='ocrx_word' id='word_1_240' title='bbox 1057 3067 1122 3124; x_wconf 75' lang='lat' dir='ltr'><strong>ex</strong></span> <span class='ocrx_word' id='word_1_241' title='bbox 1146 3068 1284 3123; x_wconf 84' lang='lat' dir='ltr'><strong>Juda</strong></span> <span class='ocrx_word' id='word_1_242' title='bbox 1318 3086 1472 3138; x_wconf 76' lang='lat' dir='ltr'><strong>reges</strong></span> <span class='ocrx_word' id='word_1_243' title='bbox 1506 3069 1724 3124; x_wconf 85' lang='lat' dir='ltr'><strong>fuerunt</strong></span> <span class='ocrx_word' id='word_1_244' title='bbox 1757 3077 1880 3137; x_wconf 87' lang='lat' dir='ltr'><strong>post</strong></span> 
     </span>
    </p>
   </div>
   <div class='ocr_carea' id='block_1_32' title="bbox 305 3159 1878 3232">
    <p class='ocr_par' dir='ltr' id='par_1_32' title="bbox 305 3159 1878 3232">
     <span class='ocr_line' id='line_1_32' title="bbox 305 3159 1878 3232; baseline -0.004 -12"><span class='ocrx_word' id='word_1_245' title='bbox 305 3165 509 3232; x_wconf 87' lang='lat' dir='ltr'><strong>ipsum,</strong></span> <span class='ocrx_word' id='word_1_246' title='bbox 545 3171 600 3216; x_wconf 92' lang='lat' dir='ltr'><strong>et</strong></span> <span class='ocrx_word' id='word_1_247' title='bbox 636 3161 756 3216; x_wconf 90' lang='lat' dir='ltr'><strong>ideo</strong></span> <span class='ocrx_word' id='word_1_248' title='bbox 790 3161 966 3214; x_wconf 89' lang='lat' dir='ltr'><strong>aliena</strong></span> <span class='ocrx_word' id='word_1_249' title='bbox 1012 3161 1169 3228; x_wconf 86' lang='lat' dir='ltr'><strong>longe</strong></span> <span class='ocrx_word' id='word_1_250' title='bbox 1200 3170 1284 3215; x_wconf 90' lang='lat' dir='ltr'><strong>est</strong></span> <span class='ocrx_word' id='word_1_251' title='bbox 1313 3161 1382 3214; x_wconf 90' lang='lat' dir='ltr'><strong>ab</strong></span> <span class='ocrx_word' id='word_1_252' title='bbox 1419 3177 1483 3215; x_wconf 91' lang='lat' dir='ltr'><strong>eo</strong></span> <span class='ocrx_word' id='word_1_253' title='bbox 1511 3159 1623 3214; x_wconf 75' lang='lat' dir='ltr'><strong>hzec</strong></span> <span class='ocrx_word' id='word_1_254' title='bbox 1649 3161 1878 3230; x_wconf 87' lang='lat' dir='ltr'><strong>prophe-</strong></span> 
     </span>
    </p>
   </div>
   <div class='ocr_carea' id='block_1_33' title="bbox 1987 686 3555 757">
    <p class='ocr_par' dir='ltr' id='par_1_33' title="bbox 1987 686 3555 757">
     <span class='ocr_line' id='line_1_33' title="bbox 1987 686 3555 757; baseline -0.004 -12"><span class='ocrx_word' id='word_1_255' title='bbox 1987 689 2265 753; x_wconf 83' lang='lat' dir='ltr'><strong>stamenti,</strong></span> <span class='ocrx_word' id='word_1_256' title='bbox 2313 698 2535 757; x_wconf 86' lang='lat' dir='ltr'><strong>propter</strong></span> <span class='ocrx_word' id='word_1_257' title='bbox 2563 688 2706 756; x_wconf 91' lang='lat' dir='ltr'><strong>quod</strong></span> <span class='ocrx_word' id='word_1_258' title='bbox 2734 688 2779 741; x_wconf 93' lang='lat' dir='ltr'><strong>is</strong></span> <span class='ocrx_word' id='word_1_259' title='bbox 2805 687 2897 756; x_wconf 89' lang='lat' dir='ltr'><strong>qui</strong></span> <span class='ocrx_word' id='word_1_260' title='bbox 2934 688 3231 756; x_wconf 86' lang='lat' dir='ltr'><strong>appellatur</strong></span> <span class='ocrx_word' id='word_1_261' title='bbox 3254 686 3555 756; x_wconf 90' lang='lat' dir='ltr'><strong>antiquitus</strong></span> 
     </span>
    </p>
   </div>
   <div class='ocr_carea' id='block_1_34' title="bbox 1989 776 3554 846">
    <p class='ocr_par' dir='ltr' id='par_1_34' title="bbox 1989 776 3554 846">
     <span class='ocr_line' id='line_1_34' title="bbox 1989 776 3554 846; baseline -0.001 -14"><span class='ocrx_word' id='word_1_262' title='bbox 1989 780 2175 842; x_wconf 89' lang='lat' dir='ltr'><strong>Israel,</strong></span> <span class='ocrx_word' id='word_1_263' title='bbox 2228 788 2506 846; x_wconf 76' lang='lat' dir='ltr'><strong>exspectat</strong></span> <span class='ocrx_word' id='word_1_264' title='bbox 2553 782 2843 831; x_wconf 86' lang='lat' dir='ltr'><strong>adventare</strong></span> <span class='ocrx_word' id='word_1_265' title='bbox 2869 776 3165 842; x_wconf 84' lang='lat' dir='ltr'><strong>Christum,</strong></span> <span class='ocrx_word' id='word_1_266' title='bbox 3207 793 3313 830; x_wconf 92' lang='lat' dir='ltr'><strong>non</strong></span> <span class='ocrx_word' id='word_1_267' title='bbox 3349 777 3554 830; x_wconf 86' lang='lat' dir='ltr'><strong>intelli—</strong></span> 
     </span>
    </p>
   </div>
   <div class='ocr_carea' id='block_1_35' title="bbox 1985 868 3553 942">
    <p class='ocr_par' dir='ltr' id='par_1_35' title="bbox 1985 868 3553 942">
     <span class='ocr_line' id='line_1_35' title="bbox 1985 868 3553 942; baseline -0.001 -16"><span class='ocrx_word' id='word_1_268' title='bbox 1985 881 2168 942; x_wconf 90' lang='lat' dir='ltr'><strong>gentes</strong></span> <span class='ocrx_word' id='word_1_269' title='bbox 2197 871 2273 939; x_wconf 67' lang='grc'><strong>(1)</strong></span> <span class='ocrx_word' id='word_1_270' title='bbox 2314 871 2443 936; x_wconf 88' lang='lat' dir='ltr'><strong>quia</strong></span> <span class='ocrx_word' id='word_1_271' title='bbox 2483 870 2796 924; x_wconf 88' lang='lat' dir='ltr'><strong>defecerunt</strong></span> <span class='ocrx_word' id='word_1_272' title='bbox 2827 884 2891 922; x_wconf 92' lang='lat' dir='ltr'><strong>ex</strong></span> <span class='ocrx_word' id='word_1_273' title='bbox 2919 868 3056 923; x_wconf 87' lang='lat' dir='ltr'><strong>Juda</strong></span> <span class='ocrx_word' id='word_1_274' title='bbox 3084 870 3376 939; x_wconf 90' lang='lat' dir='ltr'><strong>principes,</strong></span> <span class='ocrx_word' id='word_1_275' title='bbox 3410 880 3462 922; x_wconf 90' lang='lat' dir='ltr'><strong>et</strong></span> <span class='ocrx_word' id='word_1_276' title='bbox 3483 884 3553 924; x_wconf 80' lang='lat' dir='ltr'><strong>ex</strong></span> 
     </span>
    </p>
   </div>
   <div class='ocr_carea' id='block_1_36' title="bbox 1987 960 3552 1030">
    <p class='ocr_par' dir='ltr' id='par_1_36' title="bbox 1987 960 3552 1030">
     <span class='ocr_line' id='line_1_36' title="bbox 1987 960 3552 1030; baseline -0.001 -14"><span class='ocrx_word' id='word_1_277' title='bbox 1987 962 2284 1016; x_wconf 89' lang='lat' dir='ltr'><strong>femoribus</strong></span> <span class='ocrx_word' id='word_1_278' title='bbox 2309 963 2428 1030; x_wconf 87' lang='lat' dir='ltr'><strong>ejus</strong></span> <span class='ocrx_word' id='word_1_279' title='bbox 2465 961 2663 1026; x_wconf 91' lang='lat' dir='ltr'><strong>duces;</strong></span> <span class='ocrx_word' id='word_1_280' title='bbox 2702 960 2843 1014; x_wconf 90' lang='lat' dir='ltr'><strong>sicut</strong></span> <span class='ocrx_word' id='word_1_281' title='bbox 2874 975 3019 1014; x_wconf 90' lang='lat' dir='ltr'><strong>nunc</strong></span> <span class='ocrx_word' id='word_1_282' title='bbox 3056 960 3299 1014; x_wconf 86' lang='lat' dir='ltr'><strong>videmus</strong></span> <span class='ocrx_word' id='word_1_283' title='bbox 3334 962 3552 1030; x_wconf 82' lang='lat' dir='ltr'><strong>regibus</strong></span> 
     </span>
    </p>
   </div>
   <div class='ocr_carea' id='block_1_37' title="bbox 1984 1051 3550 1124">
    <p class='ocr_par' dir='ltr' id='par_1_37' title="bbox 1984 1051 3550 1124">
     <span class='ocr_line' id='line_1_37' title="bbox 1984 1051 3550 1124; baseline 0.001 -16"><span class='ocrx_word' id='word_1_284' title='bbox 1984 1069 2080 1108; x_wconf 90' lang='lat' dir='ltr'><strong>eos</strong></span> <span class='ocrx_word' id='word_1_285' title='bbox 2120 1053 2562 1124; x_wconf 85' lang='lat' dir='ltr'><strong>principibusque</strong></span> <span class='ocrx_word' id='word_1_286' title='bbox 2607 1051 2883 1120; x_wconf 86' lang='lat' dir='ltr'><strong>subjectos</strong></span> <span class='ocrx_word' id='word_1_287' title='bbox 2930 1051 3006 1120; x_wconf 83' lang='grc'><strong>(5)</strong></span> <span class='ocrx_word' id='word_1_288' title='bbox 3043 1052 3239 1104; x_wconf 88' lang='lat' dir='ltr'><strong>tributa</strong></span> <span class='ocrx_word' id='word_1_289' title='bbox 3284 1055 3550 1121; x_wconf 86' lang='lat' dir='ltr'><strong>pendere,</strong></span> 
     </span>
    </p>
   </div>
   <div class='ocr_carea' id='block_1_38' title="bbox 1984 1144 3550 1213">
    <p class='ocr_par' dir='ltr' id='par_1_38' title="bbox 1984 1144 3550 1213">
     <span class='ocr_line' id='line_1_38' title="bbox 1984 1144 3550 1213; baseline 0.001 -14"><span class='ocrx_word' id='word_1_290' title='bbox 1984 1147 2133 1199; x_wconf 83' lang='lat' dir='ltr'><strong>nulla</strong></span> <span class='ocrx_word' id='word_1_291' title='bbox 2165 1146 2268 1200; x_wconf 83' lang='lat' dir='ltr'><strong>sibi</strong></span> <span class='ocrx_word' id='word_1_292' title='bbox 2303 1154 2564 1211; x_wconf 86' lang='lat' dir='ltr'><strong>potestate</strong></span> <span class='ocrx_word' id='word_1_293' title='bbox 2591 1146 2672 1198; x_wconf 91' lang='lat' dir='ltr'><strong>vel</strong></span> <span class='ocrx_word' id='word_1_294' title='bbox 2709 1145 2987 1213; x_wconf 87' lang='lat' dir='ltr'><strong>judicandi</strong></span> <span class='ocrx_word' id='word_1_295' title='bbox 3020 1144 3102 1196; x_wconf 90' lang='lat' dir='ltr'><strong>vel</strong></span> <span class='ocrx_word' id='word_1_296' title='bbox 3136 1145 3392 1213; x_wconf 86' lang='lat' dir='ltr'><strong>puniendi</strong></span> <span class='ocrx_word' id='word_1_297' title='bbox 3415 1162 3550 1200; x_wconf 86' lang='lat' dir='ltr'><strong>con-</strong></span> 
     </span>
    </p>
   </div>
   <div class='ocr_carea' id='block_1_39' title="bbox 1983 1235 3555 1307">
    <p class='ocr_par' dir='ltr' id='par_1_39' title="bbox 1983 1235 3555 1307">
     <span class='ocr_line' id='line_1_39' title="bbox 1983 1235 3555 1307; baseline 0 -14"><span class='ocrx_word' id='word_1_298' title='bbox 1983 1254 2160 1304; x_wconf 89' lang='lat' dir='ltr'><strong>cessa,</strong></span> <span class='ocrx_word' id='word_1_299' title='bbox 2209 1239 2354 1293; x_wconf 90' lang='lat' dir='ltr'><strong>sicut</strong></span> <span class='ocrx_word' id='word_1_300' title='bbox 2383 1236 2550 1291; x_wconf 84' lang='lat' dir='ltr'><strong>Judas</strong></span> <span class='ocrx_word' id='word_1_301' title='bbox 2596 1237 2824 1302; x_wconf 90' lang='lat' dir='ltr'><strong>habuit,</strong></span> <span class='ocrx_word' id='word_1_302' title='bbox 2858 1237 2986 1306; x_wconf 89' lang='lat' dir='ltr'><strong>quia</strong></span> <span class='ocrx_word' id='word_1_303' title='bbox 3033 1235 3271 1290; x_wconf 89' lang='lat' dir='ltr'><strong>Thamar</strong></span> <span class='ocrx_word' id='word_1_304' title='bbox 3301 1237 3365 1304; x_wconf 76' lang='lat'><strong>“,</strong></span> <span class='ocrx_word' id='word_1_305' title='bbox 3401 1246 3555 1307; x_wconf 87' lang='lat' dir='ltr'><strong>post-</strong></span> 
     </span>
    </p>
   </div>
   <div class='ocr_carea' id='block_1_40' title="bbox 1982 1327 3554 1399">
    <p class='ocr_par' dir='ltr' id='par_1_40' title="bbox 1982 1327 3554 1399">
     <span class='ocr_line' id='line_1_40' title="bbox 1982 1327 3554 1399; baseline 0 -15"><span class='ocrx_word' id='word_1_306' title='bbox 1982 1344 2215 1399; x_wconf 87' lang='lat' dir='ltr'><strong>eaquam</strong></span> <span class='ocrx_word' id='word_1_307' title='bbox 2260 1329 2738 1394; x_wconf 87' lang='lat' dir='ltr'><strong>condemnaverat,</strong></span> <span class='ocrx_word' id='word_1_308' title='bbox 2789 1328 2964 1398; x_wconf 89' lang='lat' dir='ltr'><strong>potuit</strong></span> <span class='ocrx_word' id='word_1_309' title='bbox 2990 1327 3308 1396; x_wconf 86' lang='lat' dir='ltr'><strong>justiticare.</strong></span> <span class='ocrx_word' id='word_1_310' title='bbox 3359 1329 3462 1383; x_wconf 85' lang='lat' dir='ltr'><strong>Sed</strong></span> <span class='ocrx_word' id='word_1_311' title='bbox 3496 1336 3554 1385; x_wconf 78' lang='lat' dir='ltr'><strong>et</strong></span> 
     </span>
    </p>
   </div>
   <div class='ocr_carea' id='block_1_41' title="bbox 1983 1419 3553 1490">
    <p class='ocr_par' dir='ltr' id='par_1_41' title="bbox 1983 1419 3553 1490">
     <span class='ocr_line' id='line_1_41' title="bbox 1983 1419 3553 1490; baseline 0.001 -16"><span class='ocrx_word' id='word_1_312' title='bbox 1983 1421 2237 1476; x_wconf 90' lang='lat' dir='ltr'><strong>videbitis</strong></span> <span class='ocrx_word' id='word_1_313' title='bbox 2275 1419 2352 1490; x_wconf 88' lang='lat'><strong>(6)</strong></span> <span class='ocrx_word' id='word_1_314' title='bbox 2394 1419 2562 1473; x_wconf 91' lang='lat' dir='ltr'><strong>vitam</strong></span> <span class='ocrx_word' id='word_1_315' title='bbox 2593 1426 2828 1474; x_wconf 86' lang='lat' dir='ltr'><strong>vestram</strong></span> <span class='ocrx_word' id='word_1_316' title='bbox 2855 1419 3176 1488; x_wconf 89' lang='lat' dir='ltr'><strong>pendentem</strong></span> <span class='ocrx_word' id='word_1_317' title='bbox 3208 1428 3332 1473; x_wconf 89' lang='lat' dir='ltr'><strong>ante</strong></span> <span class='ocrx_word' id='word_1_318' title='bbox 3362 1419 3553 1475; x_wconf 87' lang='lat' dir='ltr'><strong>oculos</strong></span> 
     </span>
    </p>
   </div>
   <div class='ocr_carea' id='block_1_42' title="bbox 1983 1513 2290 1567">
    <p class='ocr_par' dir='ltr' id='par_1_42' title="bbox 1983 1513 2290 1567">
     <span class='ocr_line' id='line_1_42' title="bbox 1983 1513 2290 1567; baseline -0.007 0"><span class='ocrx_word' id='word_1_319' title='bbox 1983 1522 2194 1567; x_wconf 88' lang='lat' dir='ltr'><strong>vestros</strong></span> <span class='ocrx_word' id='word_1_320' title='bbox 2223 1513 2290 1565; x_wconf 80' lang='grc'><strong>⁸⁸.</strong></span> 
     </span>
    </p>
   </div>
   <div class='ocr_carea' id='block_1_43' title="bbox 2054 1601 3553 1672">
    <p class='ocr_par' dir='ltr' id='par_1_43' title="bbox 2054 1601 3553 1672">
     <span class='ocr_line' id='line_1_43' title="bbox 2054 1601 3553 1672; baseline 0.001 -15"><span class='ocrx_word' id='word_1_321' title='bbox 2054 1603 2242 1658; x_wconf 80' lang='lat' dir='ltr'><strong>XLIV.</strong></span> <span class='ocrx_word' id='word_1_322' title='bbox 2292 1601 2466 1658; x_wconf 84' lang='lat' dir='ltr'><strong>Habet</strong></span> <span class='ocrx_word' id='word_1_323' title='bbox 2513 1601 2678 1656; x_wconf 90' lang='lat' dir='ltr'><strong>etiam</strong></span> <span class='ocrx_word' id='word_1_324' title='bbox 2727 1603 2816 1657; x_wconf 93' lang='lat' dir='ltr'><strong>hic</strong></span> <span class='ocrx_word' id='word_1_325' title='bbox 2862 1618 3041 1658; x_wconf 87' lang='lat' dir='ltr'><strong>sermo</strong></span> <span class='ocrx_word' id='word_1_326' title='bbox 3069 1604 3334 1659; x_wconf 90' lang='lat' dir='ltr'><strong>velamen.</strong></span> <span class='ocrx_word' id='word_1_327' title='bbox 3368 1601 3553 1672; x_wconf 88' lang='lat' dir='ltr'><strong>Usque</strong></span> 
     </span>
    </p>
   </div>
   <div class='ocr_carea' id='block_1_44' title="bbox 1983 1695 3552 1765">
    <p class='ocr_par' dir='ltr' id='par_1_44' title="bbox 1983 1695 3552 1765">
     <span class='ocr_line' id='line_1_44' title="bbox 1983 1695 3552 1765; baseline -0.001 -16"><span class='ocrx_word' id='word_1_328' title='bbox 1983 1697 2049 1750; x_wconf 88' lang='lat' dir='ltr'><strong>ad</strong></span> <span class='ocrx_word' id='word_1_329' title='bbox 2095 1695 2362 1750; x_wconf 83' lang='lat' dir='ltr'><strong>Herodem</strong></span> <span class='ocrx_word' id='word_1_330' title='bbox 2395 1695 2538 1749; x_wconf 91' lang='lat' dir='ltr'><strong>enim</strong></span> <span class='ocrx_word' id='word_1_331' title='bbox 2574 1710 2640 1748; x_wconf 92' lang='lat' dir='ltr'><strong>ex</strong></span> <span class='ocrx_word' id='word_1_332' title='bbox 2676 1703 2827 1762; x_wconf 90' lang='lat' dir='ltr'><strong>parte</strong></span> <span class='ocrx_word' id='word_1_333' title='bbox 2867 1696 3046 1764; x_wconf 91' lang='lat' dir='ltr'><strong>aliqua</strong></span> <span class='ocrx_word' id='word_1_334' title='bbox 3099 1711 3324 1765; x_wconf 84' lang='lat' dir='ltr'><strong>regnum</strong></span> <span class='ocrx_word' id='word_1_335' title='bbox 3369 1703 3552 1748; x_wconf 86' lang='lat' dir='ltr'><strong>tenere</strong></span> 
     </span>
    </p>
   </div>
   <div class='ocr_carea' id='block_1_45' title="bbox 1983 1785 3552 1856">
    <p class='ocr_par' dir='ltr' id='par_1_45' title="bbox 1983 1785 3552 1856">
     <span class='ocr_line' id='line_1_45' title="bbox 1983 1785 3552 1856; baseline -0.001 -18"><span class='ocrx_word' id='word_1_336' title='bbox 1983 1785 2346 1851; x_wconf 79' lang='lat' dir='ltr'><strong>videbantur;</strong></span> <span class='ocrx_word' id='word_1_337' title='bbox 2396 1787 2464 1840; x_wconf 89' lang='lat' dir='ltr'><strong>ab</strong></span> <span class='ocrx_word' id='word_1_338' title='bbox 2496 1786 2745 1856; x_wconf 82' lang='lat' dir='ltr'><strong>Augusto</strong></span> <span class='ocrx_word' id='word_1_339' title='bbox 2775 1796 2952 1840; x_wconf 92' lang='lat' dir='ltr'><strong>autem</strong></span> <span class='ocrx_word' id='word_1_340' title='bbox 2983 1787 3158 1856; x_wconf 82' lang='lat' dir='ltr'><strong>prima</strong></span> <span class='ocrx_word' id='word_1_341' title='bbox 3185 1787 3440 1856; x_wconf 90' lang='lat' dir='ltr'><strong>ascriptio</strong></span> <span class='ocrx_word' id='word_1_342' title='bbox 3471 1785 3552 1855; x_wconf 88' lang='lat'><strong>(7)</strong></span> 
     </span>
    </p>
   </div>
   <div class='ocr_carea' id='block_1_46' title="bbox 1985 1877 3554 1947">
    <p class='ocr_par' dir='ltr' id='par_1_46' title="bbox 1985 1877 3554 1947">
     <span class='ocr_line' id='line_1_46' title="bbox 1985 1877 3554 1947; baseline 0.001 -16"><span class='ocrx_word' id='word_1_343' title='bbox 1985 1879 2040 1932; x_wconf 91' lang='lat' dir='ltr'><strong>in</strong></span> <span class='ocrx_word' id='word_1_344' title='bbox 2074 1879 2155 1931; x_wconf 87' lang='lat' dir='ltr'><strong>eis</strong></span> <span class='ocrx_word' id='word_1_345' title='bbox 2190 1877 2332 1932; x_wconf 88' lang='lat' dir='ltr'><strong>facta</strong></span> <span class='ocrx_word' id='word_1_346' title='bbox 2373 1888 2476 1943; x_wconf 88' lang='lat' dir='ltr'><strong>est,</strong></span> <span class='ocrx_word' id='word_1_347' title='bbox 2535 1888 2588 1933; x_wconf 90' lang='lat' dir='ltr'><strong>et</strong></span> <span class='ocrx_word' id='word_1_348' title='bbox 2637 1885 2918 1946; x_wconf 70' lang='lat' dir='ltr'><strong>coeperunt</strong></span> <span class='ocrx_word' id='word_1_349' title='bbox 2967 1878 3165 1932; x_wconf 89' lang='lat' dir='ltr'><strong>tributa</strong></span> <span class='ocrx_word' id='word_1_350' title='bbox 3213 1878 3467 1947; x_wconf 88' lang='lat' dir='ltr'><strong>pendere,</strong></span> <span class='ocrx_word' id='word_1_351' title='bbox 3499 1887 3554 1932; x_wconf 89' lang='lat' dir='ltr'><strong>et</strong></span> 
     </span>
    </p>
   </div>
   <div class='ocr_carea' id='block_1_47' title="bbox 1985 1967 3552 2039">
    <p class='ocr_par' dir='ltr' id='par_1_47' title="bbox 1985 1967 3552 2039">
     <span class='ocr_line' id='line_1_47' title="bbox 1985 1967 3552 2039; baseline 0.001 -15"><span class='ocrx_word' id='word_1_352' title='bbox 1985 1984 2208 2024; x_wconf 88' lang='lat' dir='ltr'><strong>censum</strong></span> <span class='ocrx_word' id='word_1_353' title='bbox 2237 1970 2384 2023; x_wconf 85' lang='lat' dir='ltr'><strong>dare.</strong></span> <span class='ocrx_word' id='word_1_354' title='bbox 2423 1969 2502 2023; x_wconf 88' lang='lat' dir='ltr'><strong>Ex</strong></span> <span class='ocrx_word' id='word_1_355' title='bbox 2541 1985 2649 2039; x_wconf 91' lang='lat' dir='ltr'><strong>quo</strong></span> <span class='ocrx_word' id='word_1_356' title='bbox 2683 1968 3158 2023; x_wconf 87' lang='lat' dir='ltr'><strong>autem&#39;Dominus</strong></span> <span class='ocrx_word' id='word_1_357' title='bbox 3185 1979 3370 2037; x_wconf 77' lang='lat' dir='ltr'><strong>noster</strong></span> <span class='ocrx_word' id='word_1_358' title='bbox 3391 1967 3552 2026; x_wconf 85' lang='lat' dir='ltr'><strong>Jesus</strong></span> 
     </span>
    </p>
   </div>
   <div class='ocr_carea' id='block_1_48' title="bbox 1983 2063 3554 2132">
    <p class='ocr_par' dir='ltr' id='par_1_48' title="bbox 1983 2063 3554 2132">
     <span class='ocr_line' id='line_1_48' title="bbox 1983 2063 3554 2132; baseline 0.001 -18"><span class='ocrx_word' id='word_1_359' title='bbox 1983 2071 2193 2130; x_wconf 74' lang='lat' dir='ltr'><strong>cceptus</strong></span> <span class='ocrx_word' id='word_1_360' title='bbox 2259 2070 2344 2116; x_wconf 90' lang='lat' dir='ltr'><strong>est</strong></span> <span class='ocrx_word' id='word_1_361' title='bbox 2399 2063 2712 2132; x_wconf 91' lang='lat' dir='ltr'><strong>prophetari</strong></span> <span class='ocrx_word' id='word_1_362' title='bbox 2768 2072 2931 2131; x_wconf 87' lang='lat' dir='ltr'><strong>atque</strong></span> <span class='ocrx_word' id='word_1_363' title='bbox 2981 2063 3318 2131; x_wconf 77' lang='lat' dir='ltr'><strong>exspectari,</strong></span> <span class='ocrx_word' id='word_1_364' title='bbox 3370 2077 3436 2115; x_wconf 86' lang='lat' dir='ltr'><strong>ex</strong></span> <span class='ocrx_word' id='word_1_365' title='bbox 3488 2077 3554 2116; x_wconf 91' lang='lat' dir='ltr'><strong>eo</strong></span> 
     </span>
    </p>
   </div>
   <div class='ocr_carea' id='block_1_49' title="bbox 1983 2151 3550 2222">
    <p class='ocr_par' dir='ltr' id='par_1_49' title="bbox 1983 2151 3550 2222">
     <span class='ocr_line' id='line_1_49' title="bbox 1983 2151 3550 2222; baseline 0.001 -18"><span class='ocrx_word' id='word_1_366' title='bbox 1983 2152 2254 2222; x_wconf 85' lang='lat' dir='ltr'><strong>principes</strong></span> <span class='ocrx_word' id='word_1_367' title='bbox 2301 2168 2366 2206; x_wconf 92' lang='lat' dir='ltr'><strong>ex</strong></span> <span class='ocrx_word' id='word_1_368' title='bbox 2413 2152 2550 2207; x_wconf 81' lang='lat' dir='ltr'><strong>.luda</strong></span> <span class='ocrx_word' id='word_1_369' title='bbox 2595 2168 2716 2207; x_wconf 90' lang='lat' dir='ltr'><strong>esse</strong></span> <span class='ocrx_word' id='word_1_370' title='bbox 2745 2162 3028 2222; x_wconf 70' lang='lat' dir='ltr'><strong>cmperunt</strong></span> <span class='ocrx_word' id='word_1_371' title='bbox 3063 2161 3118 2206; x_wconf 91' lang='lat' dir='ltr'><strong>et</strong></span> <span class='ocrx_word' id='word_1_372' title='bbox 3145 2153 3310 2206; x_wconf 88' lang='lat' dir='ltr'><strong>duces</strong></span> <span class='ocrx_word' id='word_1_373' title='bbox 3346 2151 3550 2221; x_wconf 91' lang='lat' dir='ltr'><strong>populi,</strong></span> 
     </span>
    </p>
   </div>
   <div class='ocr_carea' id='block_1_50' title="bbox 1984 2243 3555 2313">
    <p class='ocr_par' dir='ltr' id='par_1_50' title="bbox 1984 2243 3555 2313">
     <span class='ocr_line' id='line_1_50' title="bbox 1984 2243 3555 2313; baseline 0 -16"><span class='ocrx_word' id='word_1_374' title='bbox 1984 2243 2077 2313; x_wconf 90' lang='lat' dir='ltr'><strong>qui</strong></span> <span class='ocrx_word' id='word_1_375' title='bbox 2131 2261 2349 2298; x_wconf 90' lang='lat' dir='ltr'><strong>rursum</strong></span> <span class='ocrx_word' id='word_1_376' title='bbox 2399 2244 2714 2300; x_wconf 90' lang='lat' dir='ltr'><strong>defecerunt</strong></span> <span class='ocrx_word' id='word_1_377' title='bbox 2768 2245 2821 2298; x_wconf 92' lang='lat' dir='ltr'><strong>in</strong></span> <span class='ocrx_word' id='word_1_378' title='bbox 2864 2244 3096 2298; x_wconf 87' lang='lat' dir='ltr'><strong>adventu</strong></span> <span class='ocrx_word' id='word_1_379' title='bbox 3131 2243 3208 2312; x_wconf 92' lang='lat'><strong>(8)</strong></span> <span class='ocrx_word' id='word_1_380' title='bbox 3251 2244 3555 2313; x_wconf 61' lang='lat' dir='ltr'><strong>praesentia:</strong></span> 
     </span>
    </p>
   </div>
   <div class='ocr_carea' id='block_1_51' title="bbox 1981 2336 3556 2408">
    <p class='ocr_par' dir='ltr' id='par_1_51' title="bbox 1981 2336 3556 2408">
     <span class='ocr_line' id='line_1_51' title="bbox 1981 2336 3556 2408; baseline 0 -18"><span class='ocrx_word' id='word_1_381' title='bbox 1981 2338 2121 2405; x_wconf 84' lang='lat' dir='ltr'><strong>ejus.</strong></span> <span class='ocrx_word' id='word_1_382' title='bbox 2155 2337 2210 2391; x_wconf 89' lang='lat' dir='ltr'><strong>Si</strong></span> <span class='ocrx_word' id='word_1_383' title='bbox 2241 2353 2370 2408; x_wconf 90' lang='lat' dir='ltr'><strong>ergo</strong></span> <span class='ocrx_word' id='word_1_384' title='bbox 2402 2337 2679 2391; x_wconf 90' lang='lat' dir='ltr'><strong>auferatur</strong></span> <span class='ocrx_word' id='word_1_385' title='bbox 2701 2337 2942 2391; x_wconf 87' lang='lat' dir='ltr'><strong>velamen</strong></span> <span class='ocrx_word' id='word_1_386' title='bbox 2969 2337 3112 2406; x_wconf 92' lang='lat' dir='ltr'><strong>quod</strong></span> <span class='ocrx_word' id='word_1_387' title='bbox 3137 2337 3188 2388; x_wconf 94' lang='lat' dir='ltr'><strong>in</strong></span> <span class='ocrx_word' id='word_1_388' title='bbox 3210 2337 3298 2388; x_wconf 89' lang='lat' dir='ltr'><strong>illa</strong></span> <span class='ocrx_word' id='word_1_389' title='bbox 3325 2336 3556 2390; x_wconf 81' lang='lat' dir='ltr'><strong>lectione</strong></span> 
     </span>
    </p>
   </div>
   <div class='ocr_carea' id='block_1_52' title="bbox 1982 2427 3548 2498">
    <p class='ocr_par' dir='ltr' id='par_1_52' title="bbox 1982 2427 3548 2498">
     <span class='ocr_line' id='line_1_52' title="bbox 1982 2427 3548 2498; baseline 0 -18"><span class='ocrx_word' id='word_1_390' title='bbox 1982 2430 2215 2498; x_wconf 91' lang='lat' dir='ltr'><strong>positum</strong></span> <span class='ocrx_word' id='word_1_391' title='bbox 2250 2440 2351 2495; x_wconf 91' lang='lat' dir='ltr'><strong>est,</strong></span> <span class='ocrx_word' id='word_1_392' title='bbox 2384 2429 2683 2498; x_wconf 83' lang='lat' dir='ltr'><strong>intelligent</strong></span> <span class='ocrx_word' id='word_1_393' title='bbox 2706 2429 2781 2498; x_wconf 83' lang='lat'><strong>(9)</strong></span> <span class='ocrx_word' id='word_1_394' title='bbox 2807 2428 3062 2482; x_wconf 89' lang='lat' dir='ltr'><strong>virtutem</strong></span> <span class='ocrx_word' id='word_1_395' title='bbox 3091 2427 3548 2490; x_wconf 88' lang='lat' dir='ltr'><strong>circumcisionis,</strong></span> 
     </span>
    </p>
   </div>
   <div class='ocr_carea' id='block_1_53' title="bbox 1982 2519 3544 2591">
    <p class='ocr_par' dir='ltr' id='par_1_53' title="bbox 1982 2519 3544 2591">
     <span class='ocr_line' id='line_1_53' title="bbox 1982 2519 3544 2591; baseline -0.003 -17"><span class='ocrx_word' id='word_1_396' title='bbox 1982 2522 2258 2576; x_wconf 89' lang='lat' dir='ltr'><strong>invenient</strong></span> <span class='ocrx_word' id='word_1_397' title='bbox 2299 2533 2351 2576; x_wconf 91' lang='lat' dir='ltr'><strong>et</strong></span> <span class='ocrx_word' id='word_1_398' title='bbox 2391 2523 2791 2591; x_wconf 87' lang='lat' dir='ltr'><strong>generationem</strong></span> <span class='ocrx_word' id='word_1_399' title='bbox 2823 2519 2942 2589; x_wconf 91' lang='lat' dir='ltr'><strong>ejus</strong></span> <span class='ocrx_word' id='word_1_400' title='bbox 2971 2535 3129 2588; x_wconf 92' lang='lat' dir='ltr'><strong>quem</strong></span> <span class='ocrx_word' id='word_1_401' title='bbox 3158 2519 3544 2588; x_wconf 67' lang='lat' dir='ltr'><strong>prredicamus,</strong></span> 
     </span>
    </p>
   </div>
   <div class='ocr_carea' id='block_1_54' title="bbox 1982 2613 3550 2683">
    <p class='ocr_par' dir='ltr' id='par_1_54' title="bbox 1982 2613 3550 2683">
     <span class='ocr_line' id='line_1_54' title="bbox 1982 2613 3550 2683; baseline -0.003 -17"><span class='ocrx_word' id='word_1_402' title='bbox 1982 2622 2034 2666; x_wconf 90' lang='lat' dir='ltr'><strong>et</strong></span> <span class='ocrx_word' id='word_1_403' title='bbox 2078 2629 2318 2676; x_wconf 90' lang='lat' dir='ltr'><strong>crucem,</strong></span> <span class='ocrx_word' id='word_1_404' title='bbox 2353 2623 2407 2666; x_wconf 90' lang='lat' dir='ltr'><strong>et</strong></span> <span class='ocrx_word' id='word_1_405' title='bbox 2451 2626 2789 2683; x_wconf 73' lang='lat' dir='ltr'><strong>quaecunque</strong></span> <span class='ocrx_word' id='word_1_406' title='bbox 2819 2613 2884 2666; x_wconf 90' lang='lat' dir='ltr'><strong>de</strong></span> <span class='ocrx_word' id='word_1_407' title='bbox 2925 2613 3155 2665; x_wconf 88' lang='lat' dir='ltr'><strong>Domino</strong></span> <span class='ocrx_word' id='word_1_408' title='bbox 3182 2620 3370 2665; x_wconf 89' lang='lat' dir='ltr'><strong>nostro</strong></span> <span class='ocrx_word' id='word_1_409' title='bbox 3401 2620 3550 2678; x_wconf 85' lang='lat' dir='ltr'><strong>gesta</strong></span> 
     </span>
    </p>
   </div>
   <div class='ocr_carea' id='block_1_55' title="bbox 1983 2700 3552 2775">
    <p class='ocr_par' dir='ltr' id='par_1_55' title="bbox 1983 2700 3552 2775">
     <span class='ocr_line' id='line_1_55' title="bbox 1983 2700 3552 2775; baseline -0.003 -16"><span class='ocrx_word' id='word_1_410' title='bbox 1983 2713 2130 2769; x_wconf 87' lang='lat' dir='ltr'><strong>sunt,</strong></span> <span class='ocrx_word' id='word_1_411' title='bbox 2170 2705 2284 2774; x_wconf 89' lang='lat' dir='ltr'><strong>ipsa</strong></span> <span class='ocrx_word' id='word_1_412' title='bbox 2319 2719 2441 2759; x_wconf 89' lang='lat' dir='ltr'><strong>esse</strong></span> <span class='ocrx_word' id='word_1_413' title='bbox 2481 2721 2603 2775; x_wconf 71' lang='lat' dir='ltr'><strong>qua:</strong></span> <span class='ocrx_word' id='word_1_414' title='bbox 2650 2705 2716 2759; x_wconf 89' lang='lat' dir='ltr'><strong>de</strong></span> <span class='ocrx_word' id='word_1_415' title='bbox 2761 2721 2828 2759; x_wconf 89' lang='lat' dir='ltr'><strong>eo</strong></span> <span class='ocrx_word' id='word_1_416' title='bbox 2888 2704 3106 2758; x_wconf 86' lang='lat' dir='ltr'><strong>fuerant</strong></span> <span class='ocrx_word' id='word_1_417' title='bbox 3154 2703 3429 2772; x_wconf 70' lang='lat' dir='ltr'><strong>prmdicta.</strong></span> <span class='ocrx_word' id='word_1_418' title='bbox 3487 2700 3552 2754; x_wconf 83' lang='lat' dir='ltr'><strong>Et</strong></span> 
     </span>
    </p>
   </div>
   <div class='ocr_carea' id='block_1_56' title="bbox 1982 2795 3551 2865">
    <p class='ocr_par' dir='ltr' id='par_1_56' title="bbox 1982 2795 3551 2865">
     <span class='ocr_line' id='line_1_56' title="bbox 1982 2795 3551 2865; baseline -0.003 -16"><span class='ocrx_word' id='word_1_419' title='bbox 1982 2797 2140 2849; x_wconf 87' lang='lat' dir='ltr'><strong>velim</strong></span> <span class='ocrx_word' id='word_1_420' title='bbox 2187 2795 2405 2865; x_wconf 91' lang='lat' dir='ltr'><strong>quidem</strong></span> <span class='ocrx_word' id='word_1_421' title='bbox 2445 2797 2511 2849; x_wconf 92' lang='lat' dir='ltr'><strong>de</strong></span> <span class='ocrx_word' id='word_1_422' title='bbox 2547 2795 2842 2864; x_wconf 91' lang='lat' dir='ltr'><strong>Scripturis</strong></span> <span class='ocrx_word' id='word_1_423' title='bbox 2883 2795 3155 2849; x_wconf 88' lang='lat' dir='ltr'><strong>discutere</strong></span> <span class='ocrx_word' id='word_1_424' title='bbox 3183 2807 3551 2861; x_wconf 90' lang='lat' dir='ltr'><strong>unumquem-</strong></span> 
     </span>
    </p>
   </div>
   <div class='ocr_carea' id='block_1_57' title="bbox 1983 2882 3552 2958">
    <p class='ocr_par' dir='ltr' id='par_1_57' title="bbox 1983 2882 3552 2958">
     <span class='ocr_line' id='line_1_57' title="bbox 1983 2882 3552 2958; baseline -0.003 -18"><span class='ocrx_word' id='word_1_425' title='bbox 1983 2903 2090 2957; x_wconf 89' lang='lat' dir='ltr'><strong>que</strong></span> <span class='ocrx_word' id='word_1_426' title='bbox 2131 2902 2438 2943; x_wconf 88' lang='lat' dir='ltr'><strong>sermonem</strong></span> <span class='ocrx_word' id='word_1_427' title='bbox 2487 2887 2622 2958; x_wconf 87' lang='lat' dir='ltr'><strong>(IO),</strong></span> <span class='ocrx_word' id='word_1_428' title='bbox 2677 2895 2730 2940; x_wconf 90' lang='lat' dir='ltr'><strong>et</strong></span> <span class='ocrx_word' id='word_1_429' title='bbox 2779 2885 3062 2940; x_wconf 86' lang='lat' dir='ltr'><strong>ostendere</strong></span> <span class='ocrx_word' id='word_1_430' title='bbox 3109 2895 3166 2940; x_wconf 92' lang='lat' dir='ltr'><strong>ut</strong></span> <span class='ocrx_word' id='word_1_431' title='bbox 3201 2883 3424 2952; x_wconf 80' lang='lat' dir='ltr'><strong>intelligi</strong></span> <span class='ocrx_word' id='word_1_432' title='bbox 3467 2882 3552 2936; x_wconf 83' lang='lat' dir='ltr'><strong>di-</strong></span> 
     </span>
    </p>
   </div>
   <div class='ocr_carea' id='block_1_58' title="bbox 1983 2977 3548 3050">
    <p class='ocr_par' dir='ltr' id='par_1_58' title="bbox 1983 2977 3548 3050">
     <span class='ocr_line' id='line_1_58' title="bbox 1983 2977 3548 3050; baseline -0.003 -18"><span class='ocrx_word' id='word_1_433' title='bbox 1983 2996 2148 3050; x_wconf 89' lang='lat' dir='ltr'><strong>gnum</strong></span> <span class='ocrx_word' id='word_1_434' title='bbox 2179 2987 2280 3032; x_wconf 91' lang='lat' dir='ltr'><strong>est.</strong></span> <span class='ocrx_word' id='word_1_435' title='bbox 2315 2978 2417 3032; x_wconf 87' lang='lat' dir='ltr'><strong>Sed</strong></span> <span class='ocrx_word' id='word_1_436' title='bbox 2450 2978 2707 3048; x_wconf 86' lang='lat' dir='ltr'><strong>quoniam</strong></span> <span class='ocrx_word' id='word_1_437' title='bbox 2743 2994 2888 3033; x_wconf 91' lang='lat' dir='ltr'><strong>nunc</strong></span> <span class='ocrx_word' id='word_1_438' title='bbox 2917 2977 3061 3031; x_wconf 84' lang='lat' dir='ltr'><strong>aliud</strong></span> <span class='ocrx_word' id='word_1_439' title='bbox 3087 2985 3170 3030; x_wconf 90' lang='lat' dir='ltr'><strong>est</strong></span> <span class='ocrx_word' id='word_1_440' title='bbox 3201 2977 3343 3045; x_wconf 91' lang='lat' dir='ltr'><strong>quod</strong></span> <span class='ocrx_word' id='word_1_441' title='bbox 3373 2983 3548 3045; x_wconf 86' lang='lat' dir='ltr'><strong>urget,</strong></span> 
     </span>
    </p>
   </div>
   <div class='ocr_carea' id='block_1_59' title="bbox 1981 3068 3550 3139">
    <p class='ocr_par' dir='ltr' id='par_1_59' title="bbox 1981 3068 3550 3139">
     <span class='ocr_line' id='line_1_59' title="bbox 1981 3068 3550 3139; baseline -0.004 -12"><span class='ocrx_word' id='word_1_442' title='bbox 1981 3073 2047 3127; x_wconf 91' lang='lat' dir='ltr'><strong>de</strong></span> <span class='ocrx_word' id='word_1_443' title='bbox 2080 3073 2292 3126; x_wconf 89' lang='lat' dir='ltr'><strong>vacanti</strong></span> <span class='ocrx_word' id='word_1_444' title='bbox 2324 3072 2434 3139; x_wconf 90' lang='grc'>(11)</span> <span class='ocrx_word' id='word_1_445' title='bbox 2469 3071 2624 3126; x_wconf 91' lang='lat' dir='ltr'><strong>nobis</strong></span> <span class='ocrx_word' id='word_1_446' title='bbox 2663 3073 2763 3127; x_wconf 87' lang='lat' dir='ltr'><strong>ista</strong></span> <span class='ocrx_word' id='word_1_447' title='bbox 2807 3071 3091 3136; x_wconf 82' lang='lat' dir='ltr'><strong>dicentur;</strong></span> <span class='ocrx_word' id='word_1_448' title='bbox 3141 3071 3255 3124; x_wconf 73' lang='lat' dir='ltr'><strong>hazc</strong></span> <span class='ocrx_word' id='word_1_449' title='bbox 3292 3069 3436 3122; x_wconf 90' lang='lat' dir='ltr'><strong>enim</strong></span> <span class='ocrx_word' id='word_1_450' title='bbox 3469 3068 3550 3121; x_wconf 88' lang='lat' dir='ltr'><strong>di-</strong></span> 
     </span>
    </p>
   </div>
   <div class='ocr_carea' id='block_1_60' title="bbox 1983 3160 3550 3225">
    <p class='ocr_par' dir='ltr' id='par_1_60' title="bbox 1983 3160 3550 3225">
     <span class='ocr_line' id='line_1_60' title="bbox 1983 3160 3550 3225; baseline -0.002 -10"><span class='ocrx_word' id='word_1_451' title='bbox 1983 3162 2128 3215; x_wconf 86' lang='lat' dir='ltr'><strong>xisse</strong></span> <span class='ocrx_word' id='word_1_452' title='bbox 2152 3175 2300 3214; x_wconf 89' lang='lat' dir='ltr'><strong>nunc</strong></span> <span class='ocrx_word' id='word_1_453' title='bbox 2337 3160 2552 3225; x_wconf 85' lang='lat' dir='ltr'><strong>sullicit,</strong></span> <span class='ocrx_word' id='word_1_454' title='bbox 2606 3168 2665 3214; x_wconf 92' lang='lat' dir='ltr'><strong>ut</strong></span> <span class='ocrx_word' id='word_1_455' title='bbox 2703 3160 3052 3214; x_wconf 88' lang='lat' dir='ltr'><strong>ostendamus</strong></span> <span class='ocrx_word' id='word_1_456' title='bbox 3087 3174 3196 3212; x_wconf 92' lang='lat' dir='ltr'><strong>non</strong></span> <span class='ocrx_word' id='word_1_457' title='bbox 3235 3161 3353 3213; x_wconf 89' lang='lat' dir='ltr'><strong>sine</strong></span> <span class='ocrx_word' id='word_1_458' title='bbox 3383 3173 3550 3212; x_wconf 86' lang='lat' dir='ltr'><strong>causa</strong></span> 
     </span>
    </p>
   </div>
   <div class='ocr_carea' id='block_1_61' title="bbox 305 3251 3551 3350">
    <p class='ocr_par' dir='ltr' id='par_1_61' title="bbox 305 3251 3551 3350">
     <span class='ocr_line' id='line_1_61' title="bbox 305 3251 3551 3350; baseline -0.001 -42"><span class='ocrx_word' id='word_1_459' title='bbox 305 3255 400 3308; x_wconf 88' lang='lat' dir='ltr'><strong>tia.</strong></span> <span class='ocrx_word' id='word_1_460' title='bbox 455 3252 522 3306; x_wconf 90' lang='lat' dir='ltr'><strong>Et</strong></span> <span class='ocrx_word' id='word_1_461' title='bbox 565 3254 669 3306; x_wconf 92' lang='lat' dir='ltr'><strong>hoc</strong></span> <span class='ocrx_word' id='word_1_462' title='bbox 697 3262 779 3307; x_wconf 92' lang='lat' dir='ltr'><strong>est</strong></span> <span class='ocrx_word' id='word_1_463' title='bbox 806 3253 1050 3308; x_wconf 85' lang='lat' dir='ltr'><strong>velamen</strong></span> <span class='ocrx_word' id='word_1_464' title='bbox 1085 3255 1162 3323; x_wconf 77' lang='grc' dir='ltr'><strong>(ὅ)</strong></span> <span class='ocrx_word' id='word_1_465' title='bbox 1189 3295 1203 3320; x_wconf 89' lang='grc'><strong>,</strong></span> <span class='ocrx_word' id='word_1_466' title='bbox 1249 3253 1392 3323; x_wconf 90' lang='lat' dir='ltr'><strong>quod</strong></span> <span class='ocrx_word' id='word_1_467' title='bbox 1417 3263 1499 3307; x_wconf 90' lang='lat' dir='ltr'><strong>est</strong></span> <span class='ocrx_word' id='word_1_468' title='bbox 1535 3253 1588 3306; x_wconf 92' lang='lat' dir='ltr'><strong>in</strong></span> <span class='ocrx_word' id='word_1_469' title='bbox 1622 3252 1874 3323; x_wconf 87' lang='lat' dir='ltr'><strong>Moysen;</strong></span> <span class='ocrx_word' id='word_1_470' title='bbox 1905 3293 1947 3350; x_wconf 60' lang='grc' dir='ltr'><strong>ρ</strong></span> <span class='ocrx_word' id='word_1_471' title='bbox 1980 3256 2225 3309; x_wconf 91' lang='lat' dir='ltr'><strong>velamen</strong></span> <span class='ocrx_word' id='word_1_472' title='bbox 2264 3254 2502 3323; x_wconf 92' lang='lat' dir='ltr'><strong>positum</strong></span> <span class='ocrx_word' id='word_1_473' title='bbox 2534 3269 2695 3322; x_wconf 85' lang='lat' dir='ltr'><strong>super</strong></span> <span class='ocrx_word' id='word_1_474' title='bbox 2729 3268 2821 3306; x_wconf 89' lang='lat' dir='ltr'><strong>cor</strong></span> <span class='ocrx_word' id='word_1_475' title='bbox 2849 3251 3207 3322; x_wconf 88' lang='lat' dir='ltr'><strong>quorumdam</strong></span> <span class='ocrx_word' id='word_1_476' title='bbox 3235 3253 3287 3305; x_wconf 93' lang='lat' dir='ltr'><strong>in</strong></span> <span class='ocrx_word' id='word_1_477' title='bbox 3320 3252 3551 3305; x_wconf 88' lang='lat' dir='ltr'><strong>lectione</strong></span> 
     </span>
    </p>
   </div>
   <div class='ocr_carea' id='block_1_62' title="bbox 303 3343 1876 3414">
    <p class='ocr_par' dir='ltr' id='par_1_62' title="bbox 303 3343 1876 3414">
     <span class='ocr_line' id='line_1_62' title="bbox 303 3343 1876 3414; baseline 0.001 -17"><span class='ocrx_word' id='word_1_478' title='bbox 303 3359 482 3413; x_wconf 88' lang='lat' dir='ltr'><strong>neque</strong></span> <span class='ocrx_word' id='word_1_479' title='bbox 513 3343 680 3409; x_wconf 89' lang='lat' dir='ltr'><strong>enim,</strong></span> <span class='ocrx_word' id='word_1_480' title='bbox 713 3344 856 3398; x_wconf 86' lang='lat' dir='ltr'><strong>sicut</strong></span> <span class='ocrx_word' id='word_1_481' title='bbox 894 3343 1125 3399; x_wconf 87' lang='lat' dir='ltr'><strong>fortasse</strong></span> <span class='ocrx_word' id='word_1_482' title='bbox 1152 3345 1318 3414; x_wconf 89' lang='lat' dir='ltr'><strong>aliqui</strong></span> <span class='ocrx_word' id='word_1_483' title='bbox 1360 3344 1732 3414; x_wconf 89' lang='lat' dir='ltr'><strong>imperitorum</strong></span> <span class='ocrx_word' id='word_1_484' title='bbox 1774 3360 1876 3412; x_wconf 87' lang='lat' dir='ltr'><strong>pu-</strong></span> 
     </span>
    </p>
   </div>
   <div class='ocr_carea' id='block_1_63' title="bbox 303 3435 1876 3504">
    <p class='ocr_par' dir='ltr' id='par_1_63' title="bbox 303 3435 1876 3504">
     <span class='ocr_line' id='line_1_63' title="bbox 303 3435 1876 3504; baseline 0.001 -16"><span class='ocrx_word' id='word_1_485' title='bbox 303 3444 443 3501; x_wconf 87' lang='lat' dir='ltr'><strong>tant,</strong></span> <span class='ocrx_word' id='word_1_486' title='bbox 494 3435 720 3489; x_wconf 90' lang='lat' dir='ltr'><strong>linteum</strong></span> <span class='ocrx_word' id='word_1_487' title='bbox 753 3435 973 3504; x_wconf 90' lang='lat' dir='ltr'><strong>aliquod</strong></span> <span class='ocrx_word' id='word_1_488' title='bbox 1019 3447 1112 3490; x_wconf 91' lang='lat' dir='ltr'><strong>aut</strong></span> <span class='ocrx_word' id='word_1_489' title='bbox 1153 3437 1307 3504; x_wconf 84' lang='lat' dir='ltr'><strong>pellis</strong></span> <span class='ocrx_word' id='word_1_490' title='bbox 1347 3435 1482 3501; x_wconf 91' lang='lat' dir='ltr'><strong>fuit,</strong></span> <span class='ocrx_word' id='word_1_491' title='bbox 1519 3451 1639 3504; x_wconf 71' lang='lat' dir='ltr'><strong>quae</strong></span> <span class='ocrx_word' id='word_1_492' title='bbox 1667 3435 1876 3489; x_wconf 83' lang='lat' dir='ltr'><strong>vultum</strong></span> 
     </span>
    </p>
   </div>
   <div class='ocr_carea' id='block_1_64' title="bbox 302 3527 1876 3598">
    <p class='ocr_par' dir='ltr' id='par_1_64' title="bbox 302 3527 1876 3598">
     <span class='ocr_line' id='line_1_64' title="bbox 302 3527 1876 3598; baseline 0 -16"><span class='ocrx_word' id='word_1_493' title='bbox 302 3527 424 3596; x_wconf 86' lang='lat' dir='ltr'><strong>ejus</strong></span> <span class='ocrx_word' id='word_1_494' title='bbox 449 3529 706 3597; x_wconf 89' lang='lat' dir='ltr'><strong>operiret.</strong></span> <span class='ocrx_word' id='word_1_495' title='bbox 745 3527 849 3583; x_wconf 89' lang='lat' dir='ltr'><strong>Sed</strong></span> <span class='ocrx_word' id='word_1_496' title='bbox 877 3531 1172 3598; x_wconf 82' lang='lat' dir='ltr'><strong>Apostolus</strong></span> <span class='ocrx_word' id='word_1_497' title='bbox 1201 3529 1488 3598; x_wconf 84' lang='lat' dir='ltr'><strong>diligenter</strong></span> <span class='ocrx_word' id='word_1_498' title='bbox 1519 3528 1756 3582; x_wconf 88' lang='lat' dir='ltr'><strong>ostendit</strong></span> <span class='ocrx_word' id='word_1_499' title='bbox 1786 3529 1876 3582; x_wconf 91' lang='lat' dir='ltr'><strong>di-</strong></span> 
     </span>
    </p>
   </div>
   <div class='ocr_carea' id='block_1_65' title="bbox 376 3642 886 3708">
    <p class='ocr_par' dir='ltr' id='par_1_65' title="bbox 376 3642 886 3708">
     <span class='ocr_line' id='line_1_65' title="bbox 376 3642 886 3708; baseline 0.002 -12"><span class='ocrx_word' id='word_1_500' title='bbox 376 3643 420 3674; x_wconf 82' lang='lat'><strong>“</strong></span> <span class='ocrx_word' id='word_1_501' title='bbox 455 3642 494 3696; x_wconf 93' lang='lat' dir='ltr'><strong>II</strong></span> <span class='ocrx_word' id='word_1_502' title='bbox 523 3642 650 3697; x_wconf 92' lang='lat' dir='ltr'><strong>Cor.</strong></span> <span class='ocrx_word' id='word_1_503' title='bbox 687 3659 768 3708; x_wconf 88' lang='lat' dir='ltr'><strong>Ill,</strong></span> <span class='ocrx_word' id='word_1_504' title='bbox 801 3643 886 3697; x_wconf 72' lang='grc'><strong>11.</strong></span> 
     </span>
    </p>
   </div>
   <div class='ocr_carea' id='block_1_66' title="bbox 302 3713 1199 3781">
    <p class='ocr_par' dir='ltr' id='par_1_66' title="bbox 302 3713 1199 3781">
     <span class='ocr_line' id='line_1_66' title="bbox 302 3713 1199 3781; baseline 0.003 -14"><span class='ocrx_word' id='word_1_505' title='bbox 302 3727 534 3768; x_wconf 77' lang='lat' dir='ltr'><strong>xxxviii.</strong></span> <span class='ocrx_word' id='word_1_506' title='bbox 609 3715 656 3752; x_wconf 79' lang='lat'>“</span> <span class='ocrx_word' id='word_1_507' title='bbox 699 3713 1078 3781; x_wconf 88' lang='lat' dir='ltr'><strong>Deut.xxvm,</strong></span> <span class='ocrx_word' id='word_1_508' title='bbox 1145 3718 1199 3770; x_wconf 91' lang='lat'><strong>9.</strong></span> 
     </span>
    </p>
   </div>
   <div class='ocr_carea' id='block_1_67' title="bbox 375 3833 1870 3907">
    <p class='ocr_par' dir='ltr' id='par_1_67' title="bbox 375 3833 1870 3907">
     <span class='ocr_line' id='line_1_67' title="bbox 375 3833 1870 3907; baseline 0.003 -19"><span class='ocrx_word' id='word_1_509' title='bbox 375 3834 486 3907; x_wconf 66' lang='lat'><strong>(9‘1)</strong></span> <span class='ocrx_word' id='word_1_510' title='bbox 509 3833 692 3907; x_wconf 80' lang='lat' dir='ltr'><strong>Codex</strong></span> <span class='ocrx_word' id='word_1_511' title='bbox 728 3835 1031 3907; x_wconf 64' lang='lat' dir='ltr'><strong>Bobiensis,</strong></span> <span class='ocrx_word' id='word_1_512' title='bbox 1063 3854 1081 3886; x_wconf 73' lang='grc' dir='ltr'>ι</span> <span class='ocrx_word' id='word_1_513' title='bbox 1119 3835 1283 3892; x_wconf 92' lang='lat' dir='ltr'><strong>fuerit</strong></span> <span class='ocrx_word' id='word_1_514' title='bbox 1309 3838 1431 3907; x_wconf 92' lang='lat' dir='ltr'><strong>quis</strong></span> <span class='ocrx_word' id='word_1_515' title='bbox 1462 3839 1526 3892; x_wconf 90' lang='lat' dir='ltr'><strong>ad</strong></span> <span class='ocrx_word' id='word_1_516' title='bbox 1557 3836 1870 3905; x_wconf 92' lang='lat' dir='ltr'><strong>Dominum,</strong></span> 
     </span>
    </p>
   </div>
   <div class='ocr_carea' id='block_1_68' title="bbox 303 3904 1871 3974">
    <p class='ocr_par' dir='ltr' id='par_1_68' title="bbox 303 3904 1871 3974">
     <span class='ocr_line' id='line_1_68' title="bbox 303 3904 1871 3974; baseline 0.003 -14"><span class='ocrx_word' id='word_1_517' title='bbox 303 3905 581 3960; x_wconf 79' lang='lat' dir='ltr'><strong>auferetur</strong></span> <span class='ocrx_word' id='word_1_518' title='bbox 612 3904 878 3974; x_wconf 81' lang='lat' dir='ltr'><strong>velamen.</strong></span> <span class='ocrx_word' id='word_1_519' title='bbox 926 3923 944 3956; x_wconf 73' lang='grc' dir='ltr'><strong>ι</strong></span> <span class='ocrx_word' id='word_1_520' title='bbox 987 3905 1214 3974; x_wconf 84' lang='lat' dir='ltr'><strong>Vulgata</strong></span> <span class='ocrx_word' id='word_1_521' title='bbox 1245 3904 1390 3960; x_wconf 79' lang='lat' dir='ltr'><strong>enim</strong></span> <span class='ocrx_word' id='word_1_522' title='bbox 1429 3909 1609 3969; x_wconf 88' lang='lat' dir='ltr'><strong>habet,</strong></span> <span class='ocrx_word' id='word_1_523' title='bbox 1659 3926 1676 3958; x_wconf 86' lang='grc'><strong><em>‹</em></strong></span> <span class='ocrx_word' id='word_1_524' title='bbox 1715 3904 1871 3964; x_wconf 61' lang='grc' dir='ltr'><strong>θυῖε-ὲ</strong></span> 
     </span>
    </p>
   </div>
   <div class='ocr_carea' id='block_1_69' title="bbox 306 3973 1797 4034">
    <p class='ocr_par' dir='ltr' id='par_1_69' title="bbox 306 3973 1797 4034">
     <span class='ocr_line' id='line_1_69' title="bbox 306 3973 1797 4034; baseline -0.001 -2"><span class='ocrx_word' id='word_1_525' title='bbox 306 3986 478 4034; x_wconf 78' lang='lat' dir='ltr'><strong>retur,</strong></span> <span class='ocrx_word' id='word_1_526' title='bbox 523 3995 540 4026; x_wconf 77' lang='grc' dir='ltr'>ι</span> <span class='ocrx_word' id='word_1_527' title='bbox 577 3975 645 4027; x_wconf 85' lang='lat' dir='ltr'><strong>At</strong></span> <span class='ocrx_word' id='word_1_528' title='bbox 679 3975 731 4028; x_wconf 93' lang='lat' dir='ltr'><strong>in</strong></span> <span class='ocrx_word' id='word_1_529' title='bbox 767 3973 1054 4028; x_wconf 65' lang='lat' dir='ltr'><strong>Catinensi</strong></span> <span class='ocrx_word' id='word_1_530' title='bbox 1082 3973 1267 4029; x_wconf 76' lang='lat' dir='ltr'><strong>codice</strong></span> <span class='ocrx_word' id='word_1_531' title='bbox 1298 3985 1380 4030; x_wconf 91' lang='lat' dir='ltr'><strong>est</strong></span> <span class='ocrx_word' id='word_1_532' title='bbox 1415 3995 1434 4027; x_wconf 84' lang='grc'>‹</span> <span class='ocrx_word' id='word_1_533' title='bbox 1476 3977 1742 4031; x_wconf 86' lang='lat' dir='ltr'><strong>aufertur.</strong></span> <span class='ocrx_word' id='word_1_534' title='bbox 1777 3997 1797 4030; x_wconf 82' lang='grc'>›</span> 
     </span>
    </p>
   </div>
   <div class='ocr_carea' id='block_1_70' title="bbox 379 4044 1557 4113">
    <p class='ocr_par' dir='ltr' id='par_1_70' title="bbox 379 4044 1557 4113">
     <span class='ocr_line' id='line_1_70' title="bbox 379 4044 1557 4113; baseline 0.002 -17"><span class='ocrx_word' id='word_1_535' title='bbox 379 4044 487 4113; x_wconf 81' lang='grc'>(95)</span> <span class='ocrx_word' id='word_1_536' title='bbox 519 4044 907 4106; x_wconf 65' lang='grc' dir='ltr'><strong>Οηείηριιδίε,ι‹</strong></span> <span class='ocrx_word' id='word_1_537' title='bbox 942 4045 1110 4112; x_wconf 91' lang='lat' dir='ltr'><strong>quod,</strong></span> <span class='ocrx_word' id='word_1_538' title='bbox 1152 4063 1170 4095; x_wconf 71' lang='grc' dir='ltr'><strong>ι</strong></span> <span class='ocrx_word' id='word_1_539' title='bbox 1205 4046 1346 4098; x_wconf 90' lang='lat' dir='ltr'><strong>mala</strong></span> <span class='ocrx_word' id='word_1_540' title='bbox 1376 4047 1557 4101; x_wconf 91' lang='lat' dir='ltr'><strong>lectio.</strong></span> 
     </span>
    </p>
   </div>
   <div class='ocr_carea' id='block_1_71' title="bbox 379 4113 1872 4180">
    <p class='ocr_par' dir='ltr' id='par_1_71' title="bbox 379 4113 1872 4180">
     <span class='ocr_line' id='line_1_71' title="bbox 379 4113 1872 4180; baseline 0.001 -14"><span class='ocrx_word' id='word_1_541' title='bbox 379 4113 490 4177; x_wconf 80' lang='grc'>(9-1)</span> <span class='ocrx_word' id='word_1_542' title='bbox 521 4115 702 4166; x_wconf 83' lang='lat' dir='ltr'><strong>Codex</strong></span> <span class='ocrx_word' id='word_1_543' title='bbox 739 4113 1043 4180; x_wconf 86' lang='lat' dir='ltr'><strong>Bobiensis,</strong></span> <span class='ocrx_word' id='word_1_544' title='bbox 1089 4133 1108 4165; x_wconf 70' lang='grc' dir='ltr'>ι</span> <span class='ocrx_word' id='word_1_545' title='bbox 1148 4115 1410 4169; x_wconf 84' lang='lat' dir='ltr'><strong>abscessit</strong></span> <span class='ocrx_word' id='word_1_546' title='bbox 1442 4116 1590 4170; x_wconf 72' lang='lat' dir='ltr'><strong>vita?</strong></span> <span class='ocrx_word' id='word_1_547' title='bbox 1666 4113 1872 4180; x_wconf 85' lang='lat' dir='ltr'><strong>Quam-</strong></span> 
     </span>
    </p>
   </div>
   <div class='ocr_carea' id='block_1_72' title="bbox 292 4183 1130 4253">
    <p class='ocr_par' dir='ltr' id='par_1_72' title="bbox 292 4183 1130 4253">
     <span class='ocr_line' id='line_1_72' title="bbox 292 4183 1130 4253; baseline -0.002 -15"><span class='ocrx_word' id='word_1_548' title='bbox 292 4183 480 4238; x_wconf 82' lang='lat' dir='ltr'><strong>obrem</strong></span> <span class='ocrx_word' id='word_1_549' title='bbox 495 4200 622 4253; x_wconf 86' lang='lat' dir='ltr'><strong>ergo</strong></span> <span class='ocrx_word' id='word_1_550' title='bbox 646 4183 699 4236; x_wconf 91' lang='lat' dir='ltr'><strong>in</strong></span> <span class='ocrx_word' id='word_1_551' title='bbox 727 4184 1069 4237; x_wconf 90' lang='lat' dir='ltr'><strong>hodiernum.</strong></span> <span class='ocrx_word' id='word_1_552' title='bbox 1112 4203 1130 4236; x_wconf 71' lang='grc' dir='ltr'><strong><em>ι</em></strong></span> 
     </span>
    </p>
   </div>
   <div class='ocr_carea' id='block_1_73' title="bbox 383 4253 1876 4322">
    <p class='ocr_par' dir='ltr' id='par_1_73' title="bbox 383 4253 1876 4322">
     <span class='ocr_line' id='line_1_73' title="bbox 383 4253 1876 4322; baseline -0.001 -12"><span class='ocrx_word' id='word_1_553' title='bbox 383 4254 500 4321; x_wconf 78' lang='grc'>(95)</span> <span class='ocrx_word' id='word_1_554' title='bbox 535 4254 676 4308; x_wconf 87' lang='lat' dir='ltr'><strong>Idem</strong></span> <span class='ocrx_word' id='word_1_555' title='bbox 709 4253 901 4318; x_wconf 80' lang='lat' dir='ltr'><strong>codex,</strong></span> <span class='ocrx_word' id='word_1_556' title='bbox 938 4272 956 4304; x_wconf 72' lang='grc' dir='ltr'><strong>ε</strong></span> <span class='ocrx_word' id='word_1_557' title='bbox 995 4270 1155 4322; x_wconf 88' lang='lat' dir='ltr'><strong>supra</strong></span> <span class='ocrx_word' id='word_1_558' title='bbox 1183 4269 1278 4307; x_wconf 92' lang='lat' dir='ltr'><strong>cor</strong></span> <span class='ocrx_word' id='word_1_559' title='bbox 1306 4269 1517 4310; x_wconf 91' lang='lat' dir='ltr'><strong>eorum.</strong></span> <span class='ocrx_word' id='word_1_560' title='bbox 1547 4253 1670 4309; x_wconf 67' lang='lat' dir='ltr'><strong>Haec</strong></span> <span class='ocrx_word' id='word_1_561' title='bbox 1710 4267 1812 4310; x_wconf 89' lang='lat' dir='ltr'><strong>est.</strong></span> <span class='ocrx_word' id='word_1_562' title='bbox 1857 4272 1876 4308; x_wconf 72' lang='grc' dir='ltr'><strong><em>ι</em></strong></span> 
     </span>
    </p>
   </div>
   <div class='ocr_carea' id='block_1_74' title="bbox 370 4323 1879 4445">
    <p class='ocr_par' dir='ltr' id='par_1_74' title="bbox 370 4323 1879 4445">
     <span class='ocr_line' id='line_1_74' title="bbox 370 4323 1879 4445; baseline 0.002 -68"><span class='ocrx_word' id='word_1_563' title='bbox 370 4323 486 4445; x_wconf 51' lang='grc'>(195)</span> <span class='ocrx_word' id='word_1_564' title='bbox 527 4324 665 4445; x_wconf 54' lang='lat' dir='ltr'><strong>(ilum</strong></span> <span class='ocrx_word' id='word_1_565' title='bbox 696 4325 888 4386; x_wconf 83' lang='lat' dir='ltr'><strong>codex,</strong></span> <span class='ocrx_word' id='word_1_566' title='bbox 928 4342 945 4374; x_wconf 76' lang='grc' dir='ltr'>ι</span> <span class='ocrx_word' id='word_1_567' title='bbox 975 4325 1051 4378; x_wconf 89' lang='lat' dir='ltr'><strong>ait</strong></span> <span class='ocrx_word' id='word_1_568' title='bbox 1089 4325 1254 4391; x_wconf 88' lang='lat' dir='ltr'><strong>enim,</strong></span> <span class='ocrx_word' id='word_1_569' title='bbox 1295 4325 1554 4395; x_wconf 87' lang='lat' dir='ltr'><strong>intellige,</strong></span> <span class='ocrx_word' id='word_1_570' title='bbox 1585 4345 1604 4377; x_wconf 74' lang='grc' dir='ltr'><strong><em>ι</em></strong></span> <span class='ocrx_word' id='word_1_571' title='bbox 1641 4337 1697 4380; x_wconf 89' lang='lat' dir='ltr'><strong>et</strong></span> <span class='ocrx_word' id='word_1_572' title='bbox 1731 4342 1879 4393; x_wconf 90' lang='lat' dir='ltr'><strong>mox,</strong></span> 
     </span>
     <span class='ocr_line' id='line_1_75' title="bbox 408 4409 675 4445; baseline -0.007 -1"><span class='ocrx_word' id='word_1_573' title='bbox 408 4409 436 4444; x_wconf 86' lang='lat' dir='ltr'><strong>e</strong></span> <span class='ocrx_word' id='word_1_574' title='bbox 495 4409 524 4444; x_wconf 95' lang='lat' dir='ltr'><strong>n</strong></span> <span class='ocrx_word' id='word_1_575' title='bbox 568 4409 617 4445; x_wconf 92' lang='lat' dir='ltr'><strong>a.</strong></span> <span class='ocrx_word' id='word_1_576' title='bbox 657 4410 675 4442; x_wconf 76' lang='grc' dir='ltr'><strong><em>ι</em></strong></span> 
     </span>
    </p>
   </div>
   <div class='ocr_carea' id='block_1_75' title="bbox 311 4409 675 4445">
    <p class='ocr_par' dir='ltr' id='par_1_75' title="bbox 311 4409 675 4445">
     <span class='ocr_line' id='line_1_76' title="bbox 311 4409 675 4445; baseline -0.005 -1"><span class='ocrx_word' id='word_1_577' title='bbox 311 4412 330 4444; x_wconf 73' lang='grc'><strong>1</strong></span> <span class='ocrx_word' id='word_1_578' title='bbox 370 4409 436 4445; x_wconf 86' lang='lat' dir='ltr'><strong>ae</strong></span> <span class='ocrx_word' id='word_1_579' title='bbox 460 4409 617 4445; x_wconf 77' lang='lat' dir='ltr'><strong>Juua.</strong></span> <span class='ocrx_word' id='word_1_580' title='bbox 657 4410 675 4442; x_wconf 74' lang='grc' dir='ltr'><strong><em>ι</em></strong></span> 
     </span>
    </p>
   </div>
   <div class='ocr_carea' id='block_1_76' title="bbox 383 4447 1881 4535">
    <p class='ocr_par' dir='ltr' id='par_1_76' title="bbox 383 4447 1881 4535">
     <span class='ocr_line' id='line_1_77' title="bbox 383 4447 1881 4535; baseline 0.003 -20"><span class='ocrx_word' id='word_1_581' title='bbox 383 4447 492 4531; x_wconf 81' lang='grc'>(97)</span> <span class='ocrx_word' id='word_1_582' title='bbox 529 4462 710 4535; x_wconf 87' lang='lat' dir='ltr'><strong>Codex</strong></span> <span class='ocrx_word' id='word_1_583' title='bbox 744 4460 1050 4535; x_wconf 77' lang='lat' dir='ltr'><strong>Bobiensis,</strong></span> <span class='ocrx_word' id='word_1_584' title='bbox 1091 4480 1112 4513; x_wconf 68' lang='grc' dir='ltr'>ε</span> <span class='ocrx_word' id='word_1_585' title='bbox 1161 4462 1226 4515; x_wconf 91' lang='lat' dir='ltr'><strong>de</strong></span> <span class='ocrx_word' id='word_1_586' title='bbox 1273 4461 1477 4535; x_wconf 87' lang='lat' dir='ltr'><strong>femore</strong></span> <span class='ocrx_word' id='word_1_587' title='bbox 1529 4465 1648 4533; x_wconf 90' lang='lat' dir='ltr'><strong>ejus</strong></span> <span class='ocrx_word' id='word_1_588' title='bbox 1685 4482 1881 4535; x_wconf 59' lang='lat' dir='ltr'><strong>usque.</strong></span> 
     </span>
    </p>
   </div>
   <div class='ocr_carea' id='block_1_77' title="bbox 307 4533 1882 4602">
    <p class='ocr_par' dir='ltr' id='par_1_77' title="bbox 307 4533 1882 4602">
     <span class='ocr_line' id='line_1_78' title="bbox 307 4533 1882 4602; baseline 0.002 -16"><span class='ocrx_word' id='word_1_589' title='bbox 307 4548 419 4602; x_wconf 91' lang='lat' dir='ltr'><strong>quo</strong></span> <span class='ocrx_word' id='word_1_590' title='bbox 452 4534 654 4596; x_wconf 84' lang='lat' dir='ltr'><strong>veniat,</strong></span> <span class='ocrx_word' id='word_1_591' title='bbox 685 4533 776 4599; x_wconf 91' lang='lat' dir='ltr'><strong>qui</strong></span> <span class='ocrx_word' id='word_1_592' title='bbox 806 4541 908 4585; x_wconf 89' lang='lat' dir='ltr'><strong>est.</strong></span> <span class='ocrx_word' id='word_1_593' title='bbox 945 4551 964 4581; x_wconf 73' lang='grc' dir='ltr'>ι</span> <span class='ocrx_word' id='word_1_594' title='bbox 1013 4533 1279 4585; x_wconf 65' lang='lat' dir='ltr'><strong>Caeterum</strong></span> <span class='ocrx_word' id='word_1_595' title='bbox 1317 4536 1417 4586; x_wconf 90' lang='lat' dir='ltr'><strong>ista</strong></span> <span class='ocrx_word' id='word_1_596' title='bbox 1458 4534 1620 4602; x_wconf 89' lang='lat' dir='ltr'><strong>hujus</strong></span> <span class='ocrx_word' id='word_1_597' title='bbox 1653 4533 1882 4589; x_wconf 44' lang='lat' dir='ltr'><strong>loci—in-</strong></span> 
     </span>
    </p>
   </div>
   <div class='ocr_carea' id='block_1_78' title="bbox 965 3643 2022 3714">
    <p class='ocr_par' dir='ltr' id='par_1_78' title="bbox 965 3643 2022 3714">
     <span class='ocr_line' id='line_1_79' title="bbox 965 3643 2022 3714; baseline 0.005 -19"><span class='ocrx_word' id='word_1_598' title='bbox 965 3645 1005 3676; x_wconf 73' lang='lat'>“</span> <span class='ocrx_word' id='word_1_599' title='bbox 1033 3643 1201 3698; x_wconf 79' lang='lat' dir='ltr'><strong>Exod.</strong></span> <span class='ocrx_word' id='word_1_600' title='bbox 1228 3661 1415 3713; x_wconf 80' lang='lat' dir='ltr'><strong>xxxiv,</strong></span> <span class='ocrx_word' id='word_1_601' title='bbox 1439 3646 1537 3713; x_wconf 75' lang='lat'><strong>55;</strong></span> <span class='ocrx_word' id='word_1_602' title='bbox 1570 3644 1615 3698; x_wconf 90' lang='lat' dir='ltr'><strong>II</strong></span> <span class='ocrx_word' id='word_1_603' title='bbox 1650 3645 1777 3700; x_wconf 90' lang='lat' dir='ltr'><strong>Cor.</strong></span> <span class='ocrx_word' id='word_1_604' title='bbox 1812 3662 1899 3714; x_wconf 86' lang='lat' dir='ltr'><strong>III,</strong></span> <span class='ocrx_word' id='word_1_605' title='bbox 1933 3647 2022 3701; x_wconf 79' lang='grc'><strong>15.</strong></span> 
     </span>
    </p>
   </div>
   <div class='ocr_carea' id='block_1_79' title="bbox 1988 3344 3548 3415">
    <p class='ocr_par' dir='ltr' id='par_1_79' title="bbox 1988 3344 3548 3415">
     <span class='ocr_line' id='line_1_80' title="bbox 1988 3344 3548 3415; baseline 0 -17"><span class='ocrx_word' id='word_1_606' title='bbox 1988 3345 2194 3402; x_wconf 86' lang='lat' dir='ltr'><strong>Veteris</strong></span> <span class='ocrx_word' id='word_1_607' title='bbox 2231 3345 2583 3401; x_wconf 88' lang='lat' dir='ltr'><strong>Testamenti.</strong></span> <span class='ocrx_word' id='word_1_608' title='bbox 2633 3346 2954 3415; x_wconf 81' lang='lat' dir='ltr'><strong>Quicunque</strong></span> <span class='ocrx_word' id='word_1_609' title='bbox 2997 3361 3126 3398; x_wconf 89' lang='lat' dir='ltr'><strong>vero</strong></span> <span class='ocrx_word' id='word_1_610' title='bbox 3156 3345 3221 3400; x_wconf 90' lang='lat' dir='ltr'><strong>ad</strong></span> <span class='ocrx_word' id='word_1_611' title='bbox 3257 3344 3548 3398; x_wconf 89' lang='lat' dir='ltr'><strong>Dominum</strong></span> 
     </span>
    </p>
   </div>
   <div class='ocr_carea' id='block_1_80' title="bbox 1983 3433 3550 3506">
    <p class='ocr_par' dir='ltr' id='par_1_80' title="bbox 1983 3433 3550 3506">
     <span class='ocr_line' id='line_1_81' title="bbox 1983 3433 3550 3506; baseline -0.003 -13"><span class='ocrx_word' id='word_1_612' title='bbox 1983 3445 2394 3500; x_wconf 90' lang='lat' dir='ltr'><strong>convertuntur,</strong></span> <span class='ocrx_word' id='word_1_613' title='bbox 2439 3436 2507 3490; x_wconf 92' lang='lat' dir='ltr'><strong>ab</strong></span> <span class='ocrx_word' id='word_1_614' title='bbox 2560 3437 2626 3490; x_wconf 89' lang='lat' dir='ltr'><strong>iis</strong></span> <span class='ocrx_word' id='word_1_615' title='bbox 2670 3437 2913 3491; x_wconf 90' lang='lat' dir='ltr'><strong>velamen</strong></span> <span class='ocrx_word' id='word_1_616' title='bbox 2955 3437 3066 3506; x_wconf 65' lang='grc'>(12)</span> <span class='ocrx_word' id='word_1_617' title='bbox 3103 3435 3366 3490; x_wconf 84' lang='lat' dir='ltr'><strong>aufertur.</strong></span> <span class='ocrx_word' id='word_1_618' title='bbox 3417 3433 3550 3500; x_wconf 68' lang='lat' dir='ltr'><strong>Quae</strong></span> 
     </span>
    </p>
   </div>
   <div class='ocr_carea' id='block_1_81' title="bbox 1983 3527 3545 3598">
    <p class='ocr_par' dir='ltr' id='par_1_81' title="bbox 1983 3527 3545 3598">
     <span class='ocr_line' id='line_1_82' title="bbox 1983 3527 3545 3598; baseline -0.004 -14"><span class='ocrx_word' id='word_1_619' title='bbox 1983 3529 2168 3584; x_wconf 92' lang='lat' dir='ltr'><strong>omnia</strong></span> <span class='ocrx_word' id='word_1_620' title='bbox 2201 3544 2366 3598; x_wconf 87' lang='lat' dir='ltr'><strong>quam</strong></span> <span class='ocrx_word' id='word_1_621' title='bbox 2397 3530 2504 3582; x_wconf 88' lang='lat' dir='ltr'><strong>vim</strong></span> <span class='ocrx_word' id='word_1_622' title='bbox 2540 3529 2776 3582; x_wconf 78' lang='lat' dir='ltr'><strong>habeant</strong></span> <span class='ocrx_word' id='word_1_623' title='bbox 2810 3529 2865 3582; x_wconf 89' lang='lat' dir='ltr'><strong>in</strong></span> <span class='ocrx_word' id='word_1_624' title='bbox 2911 3544 3051 3592; x_wconf 86' lang='lat' dir='ltr'><strong>sese,</strong></span> <span class='ocrx_word' id='word_1_625' title='bbox 3104 3527 3191 3580; x_wconf 91' lang='lat' dir='ltr'><strong>his</strong></span> <span class='ocrx_word' id='word_1_626' title='bbox 3241 3527 3330 3597; x_wconf 92' lang='lat' dir='ltr'><strong>qui</strong></span> <span class='ocrx_word' id='word_1_627' title='bbox 3385 3540 3545 3580; x_wconf 88' lang='lat' dir='ltr'><strong>sensu</strong></span> 
     </span>
    </p>
   </div>
   <div class='ocr_carea' id='block_1_82' title="bbox 2101 3639 3554 3714">
    <p class='ocr_par' dir='ltr' id='par_1_82' title="bbox 2101 3639 3554 3714">
     <span class='ocr_line' id='line_1_83' title="bbox 2101 3639 3554 3714; baseline -0.005 -12"><span class='ocrx_word' id='word_1_628' title='bbox 2101 3647 2145 3678; x_wconf 85' lang='lat'>“</span> <span class='ocrx_word' id='word_1_629' title='bbox 2171 3646 2306 3702; x_wconf 86' lang='lat' dir='ltr'><strong>Gen.</strong></span> <span class='ocrx_word' id='word_1_630' title='bbox 2341 3662 2491 3714; x_wconf 81' lang='lat' dir='ltr'><strong>xux,</strong></span> <span class='ocrx_word' id='word_1_631' title='bbox 2519 3645 2606 3702; x_wconf 89' lang='grc'>10.</span> <span class='ocrx_word' id='word_1_632' title='bbox 2684 3645 2730 3677; x_wconf 84' lang='grc'><strong>⁸³</strong></span> <span class='ocrx_word' id='word_1_633' title='bbox 2756 3643 2913 3700; x_wconf 88' lang='lat' dir='ltr'><strong>Deut.</strong></span> <span class='ocrx_word' id='word_1_634' title='bbox 2947 3659 3102 3710; x_wconf 81' lang='lat' dir='ltr'><strong>xvm,</strong></span> <span class='ocrx_word' id='word_1_635' title='bbox 3147 3642 3232 3698; x_wconf 90' lang='lat' dir='ltr'><strong>l8.</strong></span> <span class='ocrx_word' id='word_1_636' title='bbox 3333 3641 3377 3674; x_wconf 80' lang='lat'><strong>“</strong></span> <span class='ocrx_word' id='word_1_637' title='bbox 3410 3639 3554 3703; x_wconf 66' lang='lat' dir='ltr'><strong>Gen.</strong></span> 
     </span>
    </p>
   </div>
   <div class='ocr_carea' id='block_1_83' title="bbox 1981 3836 2677 3894">
    <p class='ocr_par' dir='ltr' id='par_1_83' title="bbox 1981 3836 2677 3894">
     <span class='ocr_line' id='line_1_84' title="bbox 1981 3836 2677 3894; baseline -0.006 -2"><span class='ocrx_word' id='word_1_638' title='bbox 1981 3837 2261 3894; x_wconf 84' lang='lat' dir='ltr'><strong>Bobiensis</strong></span> <span class='ocrx_word' id='word_1_639' title='bbox 2297 3855 2315 3887; x_wconf 74' lang='grc' dir='ltr'>ι</span> <span class='ocrx_word' id='word_1_640' title='bbox 2357 3836 2618 3894; x_wconf 67' lang='lat' dir='ltr'><strong>alligavit.</strong></span> <span class='ocrx_word' id='word_1_641' title='bbox 2658 3855 2677 3888; x_wconf 77' lang='grc' dir='ltr'><strong><em>ο</em></strong></span> 
     </span>
    </p>
   </div>
   <div class='ocr_carea' id='block_1_84' title="bbox 2053 3899 3553 3979">
    <p class='ocr_par' dir='ltr' id='par_1_84' title="bbox 2053 3899 3553 3979">
     <span class='ocr_line' id='line_1_85' title="bbox 2053 3899 3553 3979; baseline -0.003 -19"><span class='ocrx_word' id='word_1_642' title='bbox 2053 3909 2131 3979; x_wconf 86' lang='grc'><strong>(1)</strong></span> <span class='ocrx_word' id='word_1_643' title='bbox 2165 3907 2344 3979; x_wconf 87' lang='lat' dir='ltr'><strong>Co_d_ex</strong></span> <span class='ocrx_word' id='word_1_644' title='bbox 2377 3899 2680 3979; x_wconf 79' lang='lat' dir='ltr'><strong>Bobiensis,</strong></span> <span class='ocrx_word' id='word_1_645' title='bbox 2717 3923 2754 3979; x_wconf 73' lang='lat'><strong>¢_</strong></span> <span class='ocrx_word' id='word_1_646' title='bbox 2778 3905 2933 3959; x_wconf 79' lang='lat' dir='ltr'><strong>effusi</strong></span> <span class='ocrx_word' id='word_1_647' title='bbox 2967 3901 3130 3979; x_wconf 83' lang='lat' dir='ltr'><strong>oculi.</strong></span> <span class='ocrx_word' id='word_1_648' title='bbox 3169 3919 3189 3953; x_wconf 73' lang='grc' dir='ltr'><strong>ι</strong></span> <span class='ocrx_word' id='word_1_649' title='bbox 3225 3899 3382 3979; x_wconf 50' lang='lat' dir='ltr'><strong>Mox,</strong></span> <span class='ocrx_word' id='word_1_650' title='bbox 3406 3919 3426 3950; x_wconf 84' lang='grc'><em>‹</em></span> <span class='ocrx_word' id='word_1_651' title='bbox 3450 3901 3553 3979; x_wconf 80' lang='lat' dir='ltr'><strong>_qui‘</strong></span> 
     </span>
    </p>
   </div>
   <div class='ocr_carea' id='block_1_85' title="bbox 1981 3970 3552 4042">
    <p class='ocr_par' dir='ltr' id='par_1_85' title="bbox 1981 3970 3552 4042">
     <span class='ocr_line' id='line_1_86' title="bbox 1981 3970 3552 4042; baseline -0.005 -10"><span class='ocrx_word' id='word_1_652' title='bbox 1981 3970 2149 4032; x_wconf 80' lang='lat' dir='ltr'><strong>enim.</strong></span> <span class='ocrx_word' id='word_1_653' title='bbox 2183 3995 2202 4027; x_wconf 70' lang='grc' dir='ltr'><strong><em>ι</em></strong></span> <span class='ocrx_word' id='word_1_654' title='bbox 2238 3974 2382 4040; x_wconf 87' lang='lat' dir='ltr'><strong>Mox,</strong></span> <span class='ocrx_word' id='word_1_655' title='bbox 2427 3994 2445 4025; x_wconf 74' lang='grc' dir='ltr'>ι</span> <span class='ocrx_word' id='word_1_656' title='bbox 2479 3975 2801 4041; x_wconf 81' lang='lat' dir='ltr'><strong>designavit,</strong></span> <span class='ocrx_word' id='word_1_657' title='bbox 2838 3973 3176 4042; x_wconf 85' lang='lat' dir='ltr'><strong>prophetam.</strong></span> <span class='ocrx_word' id='word_1_658' title='bbox 3204 3989 3222 4021; x_wconf 75' lang='grc' dir='ltr'><strong><em>ι</em></strong></span> <span class='ocrx_word' id='word_1_659' title='bbox 3254 4007 3324 4042; x_wconf 23' lang='grc' dir='ltr'>...ὲ</span> <span class='ocrx_word' id='word_1_660' title='bbox 3348 3970 3418 4021; x_wconf 86' lang='lat' dir='ltr'><strong>De</strong></span> <span class='ocrx_word' id='word_1_661' title='bbox 3450 3970 3552 4042; x_wconf 86' lang='lat' dir='ltr'><strong>hac</strong></span> 
     </span>
    </p>
   </div>
   <div class='ocr_carea' id='block_1_86' title="bbox 1980 4037 3548 4112">
    <p class='ocr_par' dir='ltr' id='par_1_86' title="bbox 1980 4037 3548 4112">
     <span class='ocr_line' id='line_1_87' title="bbox 1980 4037 3548 4112; baseline -0.005 -11"><span class='ocrx_word' id='word_1_662' title='bbox 1980 4048 2212 4102; x_wconf 88' lang='lat' dir='ltr'><strong>lectione</strong></span> <span class='ocrx_word' id='word_1_663' title='bbox 2255 4037 2376 4098; x_wconf 83' lang='lat' dir='ltr'><strong>fuse</strong></span> <span class='ocrx_word' id='word_1_664' title='bbox 2405 4037 2644 4112; x_wconf 81' lang='lat' dir='ltr'><strong>disputat</strong></span> <span class='ocrx_word' id='word_1_665' title='bbox 2670 4037 2908 4097; x_wconf 78' lang='lat' dir='ltr'><strong>Grabius</strong></span> <span class='ocrx_word' id='word_1_666' title='bbox 2940 4037 2996 4095; x_wconf 86' lang='lat' dir='ltr'><strong>in</strong></span> <span class='ocrx_word' id='word_1_667' title='bbox 3022 4042 3241 4112; x_wconf 74' lang='lat' dir='ltr'><strong>dissert.</strong></span> <span class='ocrx_word' id='word_1_668' title='bbox 3286 4037 3360 4090; x_wconf 88' lang='lat' dir='ltr'><strong>De</strong></span> <span class='ocrx_word' id='word_1_669' title='bbox 3384 4041 3548 4112; x_wconf 63' lang='lat' dir='ltr'><strong>variis</strong></span> 
     </span>
    </p>
   </div>
   <div class='ocr_carea' id='block_1_87' title="bbox 1980 4109 3550 4184">
    <p class='ocr_par' dir='ltr' id='par_1_87' title="bbox 1980 4109 3550 4184">
     <span class='ocr_line' id='line_1_88' title="bbox 1980 4109 3550 4184; baseline -0.006 -13"><span class='ocrx_word' id='word_1_670' title='bbox 1980 4117 2124 4171; x_wconf 76' lang='lat' dir='ltr'><strong>vitiis</strong></span> <span class='ocrx_word' id='word_1_671' title='bbox 2170 4113 2318 4169; x_wconf 78' lang='lat' dir='ltr'><strong>LXX</strong></span> <span class='ocrx_word' id='word_1_672' title='bbox 2354 4109 2614 4184; x_wconf 36' lang='lat' dir='ltr'><strong>Intefpp“</strong></span> <span class='ocrx_word' id='word_1_673' title='bbox 2662 4112 2690 4184; x_wconf 85' lang='lat'>§</span> <span class='ocrx_word' id='word_1_674' title='bbox 2729 4114 2816 4175; x_wconf 83' lang='lat' dir='ltr'><strong>I9,</strong></span> <span class='ocrx_word' id='word_1_675' title='bbox 2854 4128 2976 4182; x_wconf 83' lang='lat' dir='ltr'><strong>pag.</strong></span> <span class='ocrx_word' id='word_1_676' title='bbox 3000 4109 3128 4184; x_wconf 75' lang='lat'><strong>_36._</strong></span> <span class='ocrx_word' id='word_1_677' title='bbox 3162 4110 3382 4184; x_wconf 49' lang='lat' dir='ltr'><strong>Quae}</strong></span> <span class='ocrx_word' id='word_1_678' title='bbox 3429 4109 3550 4162; x_wconf 89' lang='lat' dir='ltr'><strong>loco</strong></span> 
     </span>
    </p>
   </div>
   <div class='ocr_carea' id='block_1_88' title="bbox 1981 4177 3549 4250">
    <p class='ocr_par' dir='ltr' id='par_1_88' title="bbox 1981 4177 3549 4250">
     <span class='ocr_line' id='line_1_89' title="bbox 1981 4177 3549 4250; baseline -0.006 -11"><span class='ocrx_word' id='word_1_679' title='bbox 1981 4186 2241 4239; x_wconf 91' lang='lat' dir='ltr'><strong>nonnulla</strong></span> <span class='ocrx_word' id='word_1_680' title='bbox 2270 4177 2547 4250; x_wconf 50' lang='lat' dir='ltr'><strong>excerpta&#39;</strong></span> <span class='ocrx_word' id='word_1_681' title='bbox 2573 4177 2817 4237; x_wconf 69' lang='lat' dir='ltr'><strong>dedimus</strong></span> <span class='ocrx_word' id='word_1_682' title='bbox 2855 4177 2949 4235; x_wconf 36' lang='lat' dir='ltr'><strong>’ad&#39;</strong></span> <span class='ocrx_word' id='word_1_683' title='bbox 2993 4178 3190 4234; x_wconf 85' lang='lat' dir='ltr'><strong>Justini</strong></span> <span class='ocrx_word' id='word_1_684' title='bbox 3232 4177 3370 4250; x_wconf 43' lang='lat' dir='ltr'><strong>Dial:</strong></span> <span class='ocrx_word' id='word_1_685' title='bbox 3429 4194 3549 4230; x_wconf 86' lang='lat' dir='ltr'><strong>cum</strong></span> 
     </span>
    </p>
   </div>
   <div class='ocr_carea' id='block_1_89' title="bbox 1982 4248 3389 4324">
    <p class='ocr_par' dir='ltr' id='par_1_89' title="bbox 1982 4248 3389 4324">
     <span class='ocr_line' id='line_1_90' title="bbox 1982 4248 3389 4324; baseline -0.006 -16"><span class='ocrx_word' id='word_1_686' title='bbox 1982 4255 2204 4324; x_wconf 82' lang='lat' dir='ltr'><strong>Tryplt.,</strong></span> <span class='ocrx_word' id='word_1_687' title='bbox 2241 4253 2268 4324; x_wconf 83' lang='lat'>§</span> <span class='ocrx_word' id='word_1_688' title='bbox 2295 4253 2381 4324; x_wconf 74' lang='lat'><strong>5‘2,</strong></span> <span class='ocrx_word' id='word_1_689' title='bbox 2414 4248 2547 4324; x_wconf 74' lang='lat' dir='ltr'><strong>tom.</strong></span> <span class='ocrx_word' id='word_1_690' title='bbox 2579 4251 2594 4304; x_wconf 93' lang='grc' dir='ltr'><strong>Ι</strong></span> <span class='ocrx_word' id='word_1_691' title='bbox 2629 4253 2787 4321; x_wconf 82' lang='lat' dir='ltr'><strong>hujus</strong></span> <span class='ocrx_word' id='word_1_692' title='bbox 2812 4250 3086 4324; x_wconf 63' lang='lat' dir='ltr'><strong>Biblioth.2</strong></span> <span class='ocrx_word' id='word_1_693' title='bbox 3118 4263 3240 4318; x_wconf 83' lang='lat' dir='ltr'><strong>pag.</strong></span> <span class='ocrx_word' id='word_1_694' title='bbox 3265 4248 3389 4300; x_wconf 83' lang='grc'><strong>507.</strong></span> 
     </span>
    </p>
   </div>
   <div class='ocr_carea' id='block_1_90' title="bbox 2052 4315 3549 4396">
    <p class='ocr_par' dir='ltr' id='par_1_90' title="bbox 2052 4315 3549 4396">
     <span class='ocr_line' id='line_1_91' title="bbox 2052 4315 3549 4396; baseline -0.009 -17"><span class='ocrx_word' id='word_1_695' title='bbox 2052 4315 2128 4396; x_wconf 59' lang='grc' dir='ltr'>(Ξ)</span> <span class='ocrx_word' id='word_1_696' title='bbox 2163 4315 2221 4378; x_wconf 87' lang='lat' dir='ltr'><strong>In</strong></span> <span class='ocrx_word' id='word_1_697' title='bbox 2241 4315 2505 4396; x_wconf 55' lang='lat' dir='ltr'><strong>vBobiensi</strong></span> <span class='ocrx_word' id='word_1_698' title='bbox 2539 4315 2717 4396; x_wconf 57' lang='lat' dir='ltr'><strong>inepta</strong></span> <span class='ocrx_word' id='word_1_699' title='bbox 2749 4323 2908 4396; x_wconf 76' lang='lat' dir='ltr'><strong>lectio</strong></span> <span class='ocrx_word' id='word_1_700' title='bbox 2935 4362 2949 4383; x_wconf 87' lang='lat'><strong>,</strong></span> <span class='ocrx_word' id='word_1_701' title='bbox 2989 4339 3008 4370; x_wconf 70' lang='grc' dir='ltr'><strong><em>ι</em></strong></span> <span class='ocrx_word' id='word_1_702' title='bbox 3041 4315 3212 4396; x_wconf 54' lang='lat' dir='ltr'><strong>Mane:</strong></span> <span class='ocrx_word' id='word_1_703' title='bbox 3256 4336 3274 4368; x_wconf 72' lang='grc' dir='ltr'><strong><em>ι</em></strong></span> <span class='ocrx_word' id='word_1_704' title='bbox 3316 4347 3385 4396; x_wconf 46' lang='grc' dir='ltr'><strong>Τ-</strong></span> <span class='ocrx_word' id='word_1_705' title='bbox 3409 4315 3549 4396; x_wconf 63' lang='lat' dir='ltr'><strong>Cor-</strong></span> 
     </span>
    </p>
   </div>
   <div class='ocr_carea' id='block_1_91' title="bbox 1979 4387 3550 4465">
    <p class='ocr_par' dir='ltr' id='par_1_91' title="bbox 1979 4387 3550 4465">
     <span class='ocr_line' id='line_1_92' title="bbox 1979 4387 3550 4465; baseline -0.008 -16"><span class='ocrx_word' id='word_1_706' title='bbox 1979 4387 2198 4465; x_wconf 76' lang='lat' dir='ltr'><strong>ruptam</strong></span> <span class='ocrx_word' id='word_1_707' title='bbox 2225 4394 2510 4465; x_wconf 78' lang='lat' dir='ltr'><strong>lectionem</strong></span> <span class='ocrx_word' id='word_1_708' title='bbox 2548 4411 2566 4442; x_wconf 77' lang='grc' dir='ltr'>ι</span> <span class='ocrx_word' id='word_1_709' title='bbox 2600 4387 2664 4465; x_wconf 78' lang='lat' dir='ltr'><strong>de</strong></span> <span class='ocrx_word' id='word_1_710' title='bbox 2691 4390 2998 4465; x_wconf 78' lang='lat' dir='ltr'><strong>JesuMane</strong></span> <span class='ocrx_word' id='word_1_711' title='bbox 3026 4390 3293 4465; x_wconf 26' lang='lat' dir='ltr'><strong>:Aviderat</strong></span> <span class='ocrx_word' id='word_1_712' title='bbox 3320 4387 3550 4465; x_wconf 69' lang='lat' dir='ltr'><strong>jampri-</strong></span> 
     </span>
    </p>
   </div>
   <div class='ocr_carea' id='block_1_92' title="bbox 1981 4457 3549 4530">
    <p class='ocr_par' dir='ltr' id='par_1_92' title="bbox 1981 4457 3549 4530">
     <span class='ocr_line' id='line_1_93' title="bbox 1981 4457 3549 4530; baseline -0.008 -11"><span class='ocrx_word' id='word_1_713' title='bbox 1981 4457 2103 4520; x_wconf 70' lang='lat' dir='ltr'><strong>dein</strong></span> <span class='ocrx_word' id='word_1_714' title='bbox 2138 4466 2191 4518; x_wconf 93' lang='lat' dir='ltr'><strong>in</strong></span> <span class='ocrx_word' id='word_1_715' title='bbox 2226 4463 2509 4516; x_wconf 79' lang='lat' dir='ltr'><strong>Valesiana</strong></span> <span class='ocrx_word' id='word_1_716' title='bbox 2561 4463 2796 4516; x_wconf 89' lang='lat' dir='ltr'><strong>editione</strong></span> <span class='ocrx_word' id='word_1_717' title='bbox 2829 4463 2992 4530; x_wconf 89' lang='lat' dir='ltr'><strong>hujus</strong></span> <span class='ocrx_word' id='word_1_718' title='bbox 3026 4458 3412 4530; x_wconf 81' lang='lat' dir='ltr'><strong>Disputationis</strong></span> <span class='ocrx_word' id='word_1_719' title='bbox 3441 4457 3549 4509; x_wconf 87' lang='lat' dir='ltr'><strong>Co-</strong></span> 
     </span>
    </p>
   </div>
   <div class='ocr_carea' id='block_1_93' title="bbox 1985 4527 3549 4600">
    <p class='ocr_par' dir='ltr' id='par_1_93' title="bbox 1985 4527 3549 4600">
     <span class='ocr_line' id='line_1_94' title="bbox 1985 4527 3549 4600; baseline -0.005 -11"><span class='ocrx_word' id='word_1_720' title='bbox 1985 4535 2206 4590; x_wconf 87' lang='lat' dir='ltr'><strong>telerius</strong></span> <span class='ocrx_word' id='word_1_721' title='bbox 2240 4537 2304 4586; x_wconf 93' lang='lat' dir='ltr'><strong>ad</strong></span> <span class='ocrx_word' id='word_1_722' title='bbox 2337 4533 2597 4586; x_wconf 66' lang='lat' dir='ltr'><strong>Barnaba:</strong></span> <span class='ocrx_word' id='word_1_723' title='bbox 2627 4531 2796 4600; x_wconf 88' lang='lat' dir='ltr'><strong>Epist.</strong></span> <span class='ocrx_word' id='word_1_724' title='bbox 2832 4527 2950 4600; x_wconf 77' lang='lat' dir='ltr'><strong>cap.</strong></span> <span class='ocrx_word' id='word_1_725' title='bbox 2990 4530 3076 4593; x_wconf 74' lang='grc'><strong>12,</strong></span> <span class='ocrx_word' id='word_1_726' title='bbox 3112 4529 3203 4582; x_wconf 90' lang='lat' dir='ltr'><strong>ubi</strong></span> <span class='ocrx_word' id='word_1_727' title='bbox 3232 4529 3298 4582; x_wconf 89' lang='lat' dir='ltr'><strong>de</strong></span> <span class='ocrx_word' id='word_1_728' title='bbox 3321 4527 3426 4581; x_wconf 87' lang='lat' dir='ltr'><strong>hoc</strong></span> <span class='ocrx_word' id='word_1_729' title='bbox 3449 4542 3549 4581; x_wconf 92' lang='lat' dir='ltr'><strong>no-</strong></span> 
     </span>
    </p>
   </div>
   <div class='ocr_carea' id='block_1_94' title="bbox 306 4602 3059 4681">
    <p class='ocr_par' dir='ltr' id='par_1_94' title="bbox 306 4602 3059 4681">
     <span class='ocr_line' id='line_1_95' title="bbox 306 4602 3059 4681; baseline -0.001 -25"><span class='ocrx_word' id='word_1_730' title='bbox 306 4604 622 4681; x_wconf 78' lang='lat' dir='ltr'><strong>terpretatio</strong></span> <span class='ocrx_word' id='word_1_731' title='bbox 666 4603 821 4681; x_wconf 73' lang='lat' dir='ltr'><strong>longe</strong></span> <span class='ocrx_word' id='word_1_732' title='bbox 846 4602 1062 4681; x_wconf 72' lang='lat' dir='ltr'><strong>diversa</strong></span> <span class='ocrx_word' id='word_1_733' title='bbox 1091 4612 1174 4655; x_wconf 83' lang='lat' dir='ltr'><strong>est</strong></span> <span class='ocrx_word' id='word_1_734' title='bbox 1202 4618 1230 4654; x_wconf 94' lang='lat' dir='ltr'><strong>a</strong></span> <span class='ocrx_word' id='word_1_735' title='bbox 1272 4603 1528 4681; x_wconf 80' lang='lat' dir='ltr'><strong>_V’_t_ilgata_._</strong></span> <span class='ocrx_word' id='word_1_736' title='bbox 1557 4616 1609 4658; x_wconf 91' lang='lat' dir='ltr'><strong>et</strong></span> <span class='ocrx_word' id='word_1_737' title='bbox 1643 4607 1709 4681; x_wconf 76' lang='lat' dir='ltr'><strong>ab</strong></span> <span class='ocrx_word' id='word_1_738' title='bbox 1739 4608 1880 4659; x_wconf 88' lang='lat' dir='ltr'><strong>anti-</strong></span> <span class='ocrx_word' id='word_1_739' title='bbox 1911 4623 1954 4678; x_wconf 80' lang='grc' dir='ltr'>ι)</span> <span class='ocrx_word' id='word_1_740' title='bbox 1985 4607 2130 4681; x_wconf 66' lang='lat' dir='ltr'><strong>mine</strong></span> <span class='ocrx_word' id='word_1_741' title='bbox 2159 4618 2428 4681; x_wconf 39' lang='lat' dir='ltr'><strong>p‘roinore</strong></span> <span class='ocrx_word' id='word_1_742' title='bbox 2452 4617 2555 4681; x_wconf 80' lang='lat' dir='ltr'><strong>suo</strong></span> <span class='ocrx_word' id='word_1_743' title='bbox 2586 4602 2806 4681; x_wconf 80' lang='lat' dir='ltr'><strong>disserit</strong></span> <span class='ocrx_word' id='word_1_744' title='bbox 2831 4602 3059 4681; x_wconf 62' lang='lat' dir='ltr'><strong>erudite.</strong></span> 
     </span>
    </p>
   </div>
   <div class='ocr_carea' id='block_1_95' title="bbox 349 4671 1875 4741">
    <p class='ocr_par' dir='ltr' id='par_1_95' title="bbox 349 4671 1875 4741">
     <span class='ocr_line' id='line_1_96' title="bbox 349 4671 1875 4741; baseline 0.004 -18"><span class='ocrx_word' id='word_1_745' title='bbox 349 4673 594 4726; x_wconf 85' lang='lat' dir='ltr'><strong>uiorihus</strong></span> <span class='ocrx_word' id='word_1_746' title='bbox 624 4671 987 4733; x_wconf 84' lang='lat' dir='ltr'><strong>versionibus,</strong></span> <span class='ocrx_word' id='word_1_747' title='bbox 1020 4688 1157 4739; x_wconf 89' lang='lat' dir='ltr'><strong>quas</strong></span> <span class='ocrx_word' id='word_1_748' title='bbox 1201 4671 1458 4726; x_wconf 85' lang='lat' dir='ltr'><strong>exhibent</strong></span> <span class='ocrx_word' id='word_1_749' title='bbox 1487 4672 1875 4741; x_wconf 88' lang='lat' dir='ltr'><strong>Tertullianus,</strong></span> 
     </span>
    </p>
   </div>
   <div class='ocr_carea' id='block_1_96' title="bbox 361 4741 1875 4810">
    <p class='ocr_par' dir='ltr' id='par_1_96' title="bbox 361 4741 1875 4810">
     <span class='ocr_line' id='line_1_97' title="bbox 361 4741 1875 4810; baseline 0.002 -15"><span class='ocrx_word' id='word_1_750' title='bbox 361 4759 388 4795; x_wconf 86' lang='lat' dir='ltr'><strong>e</strong></span> <span class='ocrx_word' id='word_1_751' title='bbox 424 4741 640 4804; x_wconf 83' lang='lat' dir='ltr'><strong>Trinit.,</strong></span> <span class='ocrx_word' id='word_1_752' title='bbox 668 4757 786 4809; x_wconf 88' lang='lat' dir='ltr'><strong>cap.</strong></span> <span class='ocrx_word' id='word_1_753' title='bbox 818 4742 870 4804; x_wconf 92' lang='lat'><strong>9,</strong></span> <span class='ocrx_word' id='word_1_754' title='bbox 897 4751 950 4793; x_wconf 89' lang='lat' dir='ltr'><strong>et</strong></span> <span class='ocrx_word' id='word_1_755' title='bbox 984 4743 1286 4810; x_wconf 84' lang='lat' dir='ltr'><strong>Cyprianus</strong></span> <span class='ocrx_word' id='word_1_756' title='bbox 1315 4751 1431 4796; x_wconf 84' lang='lat' dir='ltr'><strong>adv.</strong></span> <span class='ocrx_word' id='word_1_757' title='bbox 1459 4741 1676 4798; x_wconf 76' lang='lat' dir='ltr'><strong>Juda&#39;os</strong></span> <span class='ocrx_word' id='word_1_758' title='bbox 1718 4746 1810 4798; x_wconf 87' lang='lat' dir='ltr'><strong>lib.</strong></span> <span class='ocrx_word' id='word_1_759' title='bbox 1837 4762 1875 4810; x_wconf 81' lang='grc' dir='ltr'>ι,</span> 
     </span>
    </p>
   </div>
   <div class='ocr_carea' id='block_1_97' title="bbox 306 4810 1880 4881">
    <p class='ocr_par' dir='ltr' id='par_1_97' title="bbox 306 4810 1880 4881">
     <span class='ocr_line' id='line_1_98' title="bbox 306 4810 1880 4881; baseline 0.002 -16"><span class='ocrx_word' id='word_1_760' title='bbox 306 4827 429 4880; x_wconf 87' lang='lat' dir='ltr'><strong>cap.</strong></span> <span class='ocrx_word' id='word_1_761' title='bbox 459 4812 549 4864; x_wconf 72' lang='lat'><strong>2|.</strong></span> <span class='ocrx_word' id='word_1_762' title='bbox 584 4812 688 4865; x_wconf 85' lang='lat' dir='ltr'><strong>Sed</strong></span> <span class='ocrx_word' id='word_1_763' title='bbox 727 4826 825 4864; x_wconf 91' lang='lat' dir='ltr'><strong>nec</strong></span> <span class='ocrx_word' id='word_1_764' title='bbox 875 4810 1062 4864; x_wconf 74' lang='lat' dir='ltr'><strong>Graeco</strong></span> <span class='ocrx_word' id='word_1_765' title='bbox 1105 4811 1244 4862; x_wconf 74' lang='lat' dir='ltr'><strong>LXX</strong></span> <span class='ocrx_word' id='word_1_766' title='bbox 1292 4813 1520 4881; x_wconf 91' lang='lat' dir='ltr'><strong>Interpr.</strong></span> <span class='ocrx_word' id='word_1_767' title='bbox 1575 4816 1741 4868; x_wconf 81' lang='lat' dir='ltr'><strong>textui</strong></span> <span class='ocrx_word' id='word_1_768' title='bbox 1795 4832 1880 4868; x_wconf 89' lang='lat' dir='ltr'><strong>re-</strong></span> 
     </span>
    </p>
   </div>
   <div class='ocr_carea' id='block_1_98' title="bbox 307 4882 1877 4951">
    <p class='ocr_par' dir='ltr' id='par_1_98' title="bbox 307 4882 1877 4951">
     <span class='ocr_line' id='line_1_99' title="bbox 307 4882 1877 4951; baseline 0.001 -15"><span class='ocrx_word' id='word_1_769' title='bbox 307 4883 558 4950; x_wconf 84' lang='lat' dir='ltr'><strong>spondet,</strong></span> <span class='ocrx_word' id='word_1_770' title='bbox 592 4882 716 4935; x_wconf 90' lang='lat' dir='ltr'><strong>licet</strong></span> <span class='ocrx_word' id='word_1_771' title='bbox 747 4896 852 4932; x_wconf 89' lang='lat' dir='ltr'><strong>non</strong></span> <span class='ocrx_word' id='word_1_772' title='bbox 884 4897 989 4951; x_wconf 70' lang='lat' dir='ltr'><strong>una</strong></span> <span class='ocrx_word' id='word_1_773' title='bbox 1015 4897 1226 4951; x_wconf 84' lang='lat' dir='ltr'><strong>semper</strong></span> <span class='ocrx_word' id='word_1_774' title='bbox 1255 4883 1326 4935; x_wconf 86' lang='lat' dir='ltr'><strong>sit</strong></span> <span class='ocrx_word' id='word_1_775' title='bbox 1359 4883 1601 4951; x_wconf 84' lang='lat' dir='ltr'><strong>ejusdem</strong></span> <span class='ocrx_word' id='word_1_776' title='bbox 1637 4886 1796 4940; x_wconf 88' lang='lat' dir='ltr'><strong>lectio</strong></span> <span class='ocrx_word' id='word_1_777' title='bbox 1824 4885 1877 4938; x_wconf 92' lang='lat' dir='ltr'><strong>in</strong></span> 
     </span>
    </p>
   </div>
   <div class='ocr_carea' id='block_1_99' title="bbox 305 4949 1878 5019">
    <p class='ocr_par' dir='ltr' id='par_1_99' title="bbox 305 4949 1878 5019">
     <span class='ocr_line' id='line_1_100' title="bbox 305 4949 1878 5019; baseline 0.003 -14"><span class='ocrx_word' id='word_1_778' title='bbox 305 4949 466 5005; x_wconf 87' lang='lat' dir='ltr'><strong>codd.</strong></span> <span class='ocrx_word' id='word_1_779' title='bbox 508 4967 642 5004; x_wconf 90' lang='lat' dir='ltr'><strong>mss.</strong></span> <span class='ocrx_word' id='word_1_780' title='bbox 679 4963 731 5004; x_wconf 91' lang='lat' dir='ltr'><strong>et</strong></span> <span class='ocrx_word' id='word_1_781' title='bbox 759 4950 899 5019; x_wconf 86' lang='lat' dir='ltr'><strong>apud</strong></span> <span class='ocrx_word' id='word_1_782' title='bbox 938 4949 1147 5007; x_wconf 80' lang='lat' dir='ltr'><strong>Patres.</strong></span> <span class='ocrx_word' id='word_1_783' title='bbox 1180 4950 1312 5007; x_wconf 84' lang='lat' dir='ltr'><strong>Vide</strong></span> <span class='ocrx_word' id='word_1_784' title='bbox 1339 4949 1611 5008; x_wconf 84' lang='lat' dir='ltr'><strong>Nobilium</strong></span> <span class='ocrx_word' id='word_1_785' title='bbox 1640 4955 1694 5008; x_wconf 88' lang='lat' dir='ltr'><strong>in</strong></span> <span class='ocrx_word' id='word_1_786' title='bbox 1735 4955 1878 5010; x_wconf 89' lang='lat' dir='ltr'><strong>notis</strong></span> 
     </span>
    </p>
   </div>
   <div class='ocr_carea' id='block_1_100' title="bbox 306 5022 762 5074">
    <p class='ocr_par' dir='ltr' id='par_1_100' title="bbox 306 5022 762 5074">
     <span class='ocr_line' id='line_1_101' title="bbox 306 5022 762 5074; baseline -0.004 0"><span class='ocrx_word' id='word_1_787' title='bbox 306 5022 375 5074; x_wconf 84' lang='lat' dir='ltr'><strong>ad</strong></span> <span class='ocrx_word' id='word_1_788' title='bbox 408 5037 529 5073; x_wconf 83' lang='lat' dir='ltr'><strong>eum</strong></span> <span class='ocrx_word' id='word_1_789' title='bbox 565 5025 762 5074; x_wconf 89' lang='lat' dir='ltr'><strong>locum.</strong></span> 
     </span>
    </p>
   </div>
   <div class='ocr_carea' id='block_1_101' title="bbox 381 5087 1878 5159">
    <p class='ocr_par' dir='ltr' id='par_1_101' title="bbox 381 5087 1878 5159">
     <span class='ocr_line' id='line_1_102' title="bbox 381 5087 1878 5159; baseline 0.003 -15"><span class='ocrx_word' id='word_1_790' title='bbox 381 5092 493 5159; x_wconf 89' lang='lat'><strong>(98)</strong></span> <span class='ocrx_word' id='word_1_791' title='bbox 529 5090 692 5158; x_wconf 77' lang='lat' dir='ltr'><strong>Cujus</strong></span> <span class='ocrx_word' id='word_1_792' title='bbox 726 5099 823 5142; x_wconf 83' lang='lat' dir='ltr'><strong>est.</strong></span> <span class='ocrx_word' id='word_1_793' title='bbox 851 5087 1144 5143; x_wconf 87' lang='lat' dir='ltr'><strong>Prudentio</strong></span> <span class='ocrx_word' id='word_1_794' title='bbox 1165 5089 1390 5144; x_wconf 80' lang='lat' dir='ltr'><strong>Marano</strong></span> <span class='ocrx_word' id='word_1_795' title='bbox 1418 5092 1539 5147; x_wconf 94' lang='lat' dir='ltr'><strong>viro</strong></span> <span class='ocrx_word' id='word_1_796' title='bbox 1562 5092 1878 5148; x_wconf 74' lang='lat' dir='ltr'><strong>doctissimo</strong></span> 
     </span>
    </p>
   </div>
   <div class='ocr_carea' id='block_1_102' title="bbox 310 5159 1879 5230">
    <p class='ocr_par' dir='ltr' id='par_1_102' title="bbox 310 5159 1879 5230">
     <span class='ocr_line' id='line_1_103' title="bbox 310 5159 1879 5230; baseline 0.002 -16"><span class='ocrx_word' id='word_1_797' title='bbox 310 5161 378 5214; x_wconf 88' lang='lat' dir='ltr'><strong>ad</strong></span> <span class='ocrx_word' id='word_1_798' title='bbox 406 5160 607 5214; x_wconf 82' lang='lat' dir='ltr'><strong>Justini</strong></span> <span class='ocrx_word' id='word_1_799' title='bbox 644 5160 796 5227; x_wconf 82' lang='lat' dir='ltr'><strong>Apol.</strong></span> <span class='ocrx_word' id='word_1_800' title='bbox 825 5175 863 5225; x_wconf 88' lang='grc' dir='ltr'>ι,</span> <span class='ocrx_word' id='word_1_801' title='bbox 905 5159 932 5230; x_wconf 87' lang='lat'>§</span> <span class='ocrx_word' id='word_1_802' title='bbox 973 5161 1062 5221; x_wconf 76' lang='lat'><strong>52,</strong></span> <span class='ocrx_word' id='word_1_803' title='bbox 1106 5161 1317 5213; x_wconf 90' lang='lat' dir='ltr'><strong>videtur</strong></span> <span class='ocrx_word' id='word_1_804' title='bbox 1350 5168 1451 5214; x_wconf 86' lang='lat' dir='ltr'><strong>hoc</strong></span> <span class='ocrx_word' id='word_1_805' title='bbox 1478 5179 1598 5217; x_wconf 88' lang='lat' dir='ltr'><strong>esse</strong></span> <span class='ocrx_word' id='word_1_806' title='bbox 1629 5164 1879 5218; x_wconf 88' lang='lat' dir='ltr'><strong>librario-</strong></span> 
     </span>
    </p>
   </div>
   <div class='ocr_carea' id='block_1_103' title="bbox 313 5231 1877 5302">
    <p class='ocr_par' dir='ltr' id='par_1_103' title="bbox 313 5231 1877 5302">
     <span class='ocr_line' id='line_1_104' title="bbox 313 5231 1877 5302; baseline 0.003 -20"><span class='ocrx_word' id='word_1_807' title='bbox 313 5247 432 5284; x_wconf 87' lang='lat' dir='ltr'><strong>rum</strong></span> <span class='ocrx_word' id='word_1_808' title='bbox 491 5241 754 5302; x_wconf 86' lang='lat' dir='ltr'><strong>erratum,</strong></span> <span class='ocrx_word' id='word_1_809' title='bbox 793 5245 891 5298; x_wconf 92' lang='lat' dir='ltr'><strong>pro</strong></span> <span class='ocrx_word' id='word_1_810' title='bbox 943 5249 962 5302; x_wconf 60' lang='grc' dir='ltr'><strong>ς</strong></span> <span class='ocrx_word' id='word_1_811' title='bbox 1034 5231 1140 5302; x_wconf 74' lang='lat' dir='ltr'><strong>cui</strong></span> <span class='ocrx_word' id='word_1_812' title='bbox 1169 5231 1259 5298; x_wconf 91' lang='lat' dir='ltr'><strong>jus</strong></span> <span class='ocrx_word' id='word_1_813' title='bbox 1304 5241 1404 5302; x_wconf 85' lang='lat' dir='ltr'><strong>est.</strong></span> <span class='ocrx_word' id='word_1_814' title='bbox 1443 5250 1461 5282; x_wconf 77' lang='grc' dir='ltr'><strong><em>ι</em></strong></span> <span class='ocrx_word' id='word_1_815' title='bbox 1493 5235 1624 5297; x_wconf 61' lang='lat' dir='ltr'><strong>Quae</strong></span> <span class='ocrx_word' id='word_1_816' title='bbox 1661 5236 1877 5302; x_wconf 87' lang='lat' dir='ltr'><strong>quidem</strong></span> 
     </span>
    </p>
   </div>
   <div class='ocr_carea' id='block_1_104' title="bbox 308 5300 1880 5368">
    <p class='ocr_par' dir='ltr' id='par_1_104' title="bbox 308 5300 1880 5368">
     <span class='ocr_line' id='line_1_105' title="bbox 308 5300 1880 5368; baseline 0.001 -14"><span class='ocrx_word' id='word_1_817' title='bbox 308 5301 472 5354; x_wconf 88' lang='lat' dir='ltr'><strong>lectio</strong></span> <span class='ocrx_word' id='word_1_818' title='bbox 517 5301 767 5354; x_wconf 85' lang='lat' dir='ltr'><strong>restituta</strong></span> <span class='ocrx_word' id='word_1_819' title='bbox 812 5301 1037 5367; x_wconf 90' lang='lat' dir='ltr'><strong>propius</strong></span> <span class='ocrx_word' id='word_1_820' title='bbox 1071 5300 1144 5352; x_wconf 91' lang='lat' dir='ltr'><strong>illi</strong></span> <span class='ocrx_word' id='word_1_821' title='bbox 1190 5301 1398 5368; x_wconf 66' lang='lat' dir='ltr'><strong>accedit</strong></span> <span class='ocrx_word' id='word_1_822' title='bbox 1429 5318 1594 5368; x_wconf 88' lang='lat' dir='ltr'><strong>quam</strong></span> <span class='ocrx_word' id='word_1_823' title='bbox 1629 5300 1880 5357; x_wconf 81' lang='lat' dir='ltr'><strong>novimus</strong></span> 
     </span>
    </p>
   </div>
   <div class='ocr_carea' id='block_1_105' title="bbox 307 5365 1882 5438">
    <p class='ocr_par' dir='ltr' id='par_1_105' title="bbox 307 5365 1882 5438">
     <span class='ocr_line' id='line_1_106' title="bbox 307 5365 1882 5438; baseline 0.001 -13"><span class='ocrx_word' id='word_1_824' title='bbox 307 5371 484 5425; x_wconf 84' lang='lat' dir='ltr'><strong>fuisse</strong></span> <span class='ocrx_word' id='word_1_825' title='bbox 539 5365 826 5423; x_wconf 75' lang='lat' dir='ltr'><strong>veteribus</strong></span> <span class='ocrx_word' id='word_1_826' title='bbox 881 5365 1220 5438; x_wconf 75' lang='lat' dir='ltr'><strong>usurpatam,</strong></span> <span class='ocrx_word' id='word_1_827' title='bbox 1279 5365 1323 5436; x_wconf 83' lang='grc' dir='ltr'><strong>ᾧ</strong></span> <span class='ocrx_word' id='word_1_828' title='bbox 1373 5365 1681 5438; x_wconf 59' lang='grc' dir='ltr'><strong>ἀπῖκειται,</strong></span> <span class='ocrx_word' id='word_1_829' title='bbox 1731 5392 1750 5424; x_wconf 86' lang='grc'><em>‹</em></span> <span class='ocrx_word' id='word_1_830' title='bbox 1794 5373 1882 5426; x_wconf 94' lang='lat' dir='ltr'><strong>cui</strong></span> 
     </span>
    </p>
   </div>
   <div class='ocr_carea' id='block_1_106' title="bbox 307 5438 1883 5510">
    <p class='ocr_par' dir='ltr' id='par_1_106' title="bbox 307 5438 1883 5510">
     <span class='ocr_line' id='line_1_107' title="bbox 307 5438 1883 5510; baseline 0.002 -16"><span class='ocrx_word' id='word_1_831' title='bbox 307 5441 755 5510; x_wconf 15' lang='lat' dir='ltr'><strong>repositumiest.</strong></span> <span class='ocrx_word' id='word_1_832' title='bbox 819 5458 838 5490; x_wconf 84' lang='grc'><strong>›</strong></span> <span class='ocrx_word' id='word_1_833' title='bbox 912 5438 1124 5493; x_wconf 78' lang='lat' dir='ltr'><strong>Videsis</strong></span> <span class='ocrx_word' id='word_1_834' title='bbox 1168 5452 1268 5494; x_wconf 74' lang='lat' dir='ltr'><strong>hac</strong></span> <span class='ocrx_word' id='word_1_835' title='bbox 1318 5441 1385 5494; x_wconf 91' lang='lat' dir='ltr'><strong>de</strong></span> <span class='ocrx_word' id='word_1_836' title='bbox 1444 5458 1501 5497; x_wconf 91' lang='lat' dir='ltr'><strong>re</strong></span> <span class='ocrx_word' id='word_1_837' title='bbox 1549 5445 1616 5496; x_wconf 88' lang='lat' dir='ltr'><strong>el.</strong></span> <span class='ocrx_word' id='word_1_838' title='bbox 1670 5442 1883 5497; x_wconf 91' lang='lat' dir='ltr'><strong>Cotele-</strong></span> 
     </span>
    </p>
   </div>
   <div class='ocr_carea' id='block_1_107' title="bbox 304 5509 1878 5580">
    <p class='ocr_par' dir='ltr' id='par_1_107' title="bbox 304 5509 1878 5580">
     <span class='ocr_line' id='line_1_108' title="bbox 304 5509 1878 5580; baseline 0.001 -16"><span class='ocrx_word' id='word_1_839' title='bbox 304 5509 449 5564; x_wconf 86' lang='lat' dir='ltr'><strong>rium</strong></span> <span class='ocrx_word' id='word_1_840' title='bbox 491 5512 556 5563; x_wconf 90' lang='lat' dir='ltr'><strong>ad</strong></span> <span class='ocrx_word' id='word_1_841' title='bbox 601 5509 828 5564; x_wconf 75' lang='lat' dir='ltr'><strong>Constit.</strong></span> <span class='ocrx_word' id='word_1_842' title='bbox 877 5519 1046 5577; x_wconf 82' lang='lat' dir='ltr'><strong>aposl.</strong></span> <span class='ocrx_word' id='word_1_843' title='bbox 1081 5510 1173 5562; x_wconf 92' lang='lat' dir='ltr'><strong>lih.</strong></span> <span class='ocrx_word' id='word_1_844' title='bbox 1206 5526 1278 5576; x_wconf 75' lang='lat' dir='ltr'><strong>Vi,</strong></span> <span class='ocrx_word' id='word_1_845' title='bbox 1309 5527 1428 5580; x_wconf 90' lang='lat' dir='ltr'><strong>cap.</strong></span> <span class='ocrx_word' id='word_1_846' title='bbox 1465 5513 1521 5564; x_wconf 90' lang='grc'><strong>11</strong></span> <span class='ocrx_word' id='word_1_847' title='bbox 1554 5513 1835 5566; x_wconf 85' lang='lat' dir='ltr'><strong>sublinem</strong></span> <span class='ocrx_word' id='word_1_848' title='bbox 1865 5532 1878 5566; x_wconf 91' lang='lat'><strong>:</strong></span> 
     </span>
    </p>
   </div>
   <div class='ocr_carea' id='block_1_108' title="bbox 303 5580 1884 5650">
    <p class='ocr_par' dir='ltr' id='par_1_108' title="bbox 303 5580 1884 5650">
     <span class='ocr_line' id='line_1_109' title="bbox 303 5580 1884 5650; baseline 0.004 -18"><span class='ocrx_word' id='word_1_849' title='bbox 303 5581 399 5648; x_wconf 91' lang='lat' dir='ltr'><strong>qui</strong></span> <span class='ocrx_word' id='word_1_850' title='bbox 434 5589 697 5649; x_wconf 70' lang='lat' dir='ltr'><strong>praeterea</strong></span> <span class='ocrx_word' id='word_1_851' title='bbox 726 5582 790 5633; x_wconf 88' lang='lat' dir='ltr'><strong>ad</strong></span> <span class='ocrx_word' id='word_1_852' title='bbox 815 5580 1128 5650; x_wconf 87' lang='lat' dir='ltr'><strong>earumdem</strong></span> <span class='ocrx_word' id='word_1_853' title='bbox 1149 5580 1329 5634; x_wconf 81' lang='lat' dir='ltr'><strong>Const.</strong></span> <span class='ocrx_word' id='word_1_854' title='bbox 1354 5583 1443 5634; x_wconf 93' lang='lat' dir='ltr'><strong>lib.</strong></span> <span class='ocrx_word' id='word_1_855' title='bbox 1466 5599 1504 5643; x_wconf 83' lang='grc' dir='ltr'>ι,</span> <span class='ocrx_word' id='word_1_856' title='bbox 1525 5599 1641 5648; x_wconf 85' lang='lat' dir='ltr'><strong>cap.</strong></span> <span class='ocrx_word' id='word_1_857' title='bbox 1673 5582 1724 5646; x_wconf 82' lang='lat' dir='ltr'><strong>I,</strong></span> <span class='ocrx_word' id='word_1_858' title='bbox 1747 5598 1884 5650; x_wconf 59' lang='lat' dir='ltr'><strong>prm-</strong></span> 
     </span>
    </p>
   </div>
   <div class='ocr_carea' id='block_1_109' title="bbox 301 5647 1882 5717">
    <p class='ocr_par' dir='ltr' id='par_1_109' title="bbox 301 5647 1882 5717">
     <span class='ocr_line' id='line_1_110' title="bbox 301 5647 1882 5717; baseline 0.003 -14"><span class='ocrx_word' id='word_1_859' title='bbox 301 5647 453 5703; x_wconf 66' lang='lat' dir='ltr'><strong>clare</strong></span> <span class='ocrx_word' id='word_1_860' title='bbox 487 5665 702 5703; x_wconf 77' lang='lat' dir='ltr'><strong>vcrsunt</strong></span> <span class='ocrx_word' id='word_1_861' title='bbox 735 5659 920 5703; x_wconf 89' lang='lat' dir='ltr'><strong>censet</strong></span> <span class='ocrx_word' id='word_1_862' title='bbox 950 5647 1036 5702; x_wconf 88' lang='lat' dir='ltr'><strong>hic</strong></span> <span class='ocrx_word' id='word_1_863' title='bbox 1061 5651 1329 5717; x_wconf 86' lang='lat' dir='ltr'><strong>ejusmodi</strong></span> <span class='ocrx_word' id='word_1_864' title='bbox 1361 5647 1632 5706; x_wconf 83' lang='lat' dir='ltr'><strong>Genescos</strong></span> <span class='ocrx_word' id='word_1_865' title='bbox 1658 5647 1834 5704; x_wconf 76' lang='lat' dir='ltr'><strong>locum</strong></span> <span class='ocrx_word' id='word_1_866' title='bbox 1866 5671 1882 5707; x_wconf 87' lang='lat'><strong>:</strong></span> 
     </span>
    </p>
   </div>
   <div class='ocr_carea' id='block_1_110' title="bbox 311 5717 1884 5791">
    <p class='ocr_par' dir='ltr' id='par_1_110' title="bbox 311 5717 1884 5791">
     <span class='ocr_line' id='line_1_111' title="bbox 311 5717 1884 5791; baseline 0.003 -21"><span class='ocrx_word' id='word_1_867' title='bbox 311 5735 333 5770; x_wconf 71' lang='grc' dir='ltr'><strong>ε</strong></span> <span class='ocrx_word' id='word_1_868' title='bbox 369 5717 476 5785; x_wconf 91' lang='lat' dir='ltr'><strong>Qui</strong></span> <span class='ocrx_word' id='word_1_869' title='bbox 509 5721 858 5791; x_wconf 15' lang='lat' dir='ltr'><strong>alligavitract</strong></span> <span class='ocrx_word' id='word_1_870' title='bbox 886 5720 1045 5791; x_wconf 88' lang='lat' dir='ltr'><strong>vitem</strong></span> <span class='ocrx_word' id='word_1_871' title='bbox 1072 5721 1278 5787; x_wconf 92' lang='lat' dir='ltr'><strong>pullum</strong></span> <span class='ocrx_word' id='word_1_872' title='bbox 1329 5737 1510 5790; x_wconf 90' lang='lat' dir='ltr'><strong>suum,</strong></span> <span class='ocrx_word' id='word_1_873' title='bbox 1555 5732 1610 5776; x_wconf 91' lang='lat' dir='ltr'><strong>et</strong></span> <span class='ocrx_word' id='word_1_874' title='bbox 1645 5723 1712 5774; x_wconf 92' lang='lat' dir='ltr'><strong>ad</strong></span> <span class='ocrx_word' id='word_1_875' title='bbox 1743 5722 1884 5791; x_wconf 93' lang='lat' dir='ltr'><strong>opti-</strong></span> 
     </span>
    </p>
   </div>
   <div class='ocr_carea' id='block_1_111' title="bbox 305 5790 1246 5859">
    <p class='ocr_par' dir='ltr' id='par_1_111' title="bbox 305 5790 1246 5859">
     <span class='ocr_line' id='line_1_112' title="bbox 305 5790 1246 5859; baseline 0 -17"><span class='ocrx_word' id='word_1_876' title='bbox 305 5804 452 5842; x_wconf 86' lang='lat' dir='ltr'><strong>mam</strong></span> <span class='ocrx_word' id='word_1_877' title='bbox 483 5792 648 5843; x_wconf 86' lang='lat' dir='ltr'><strong>vitem</strong></span> <span class='ocrx_word' id='word_1_878' title='bbox 679 5790 885 5859; x_wconf 91' lang='lat' dir='ltr'><strong>pullum</strong></span> <span class='ocrx_word' id='word_1_879' title='bbox 915 5790 1081 5843; x_wconf 79' lang='lat' dir='ltr'><strong>asina:</strong></span> <span class='ocrx_word' id='word_1_880' title='bbox 1115 5807 1246 5844; x_wconf 68' lang='lat' dir='ltr'><strong>suae.</strong></span> 
     </span>
    </p>
   </div>
   <div class='ocr_carea' id='block_1_112' title="bbox 381 5859 1884 5930">
    <p class='ocr_par' dir='ltr' id='par_1_112' title="bbox 381 5859 1884 5930">
     <span class='ocr_line' id='line_1_113' title="bbox 381 5859 1884 5930; baseline 0.001 -17"><span class='ocrx_word' id='word_1_881' title='bbox 381 5859 494 5930; x_wconf 89' lang='lat'><strong>(99)</strong></span> <span class='ocrx_word' id='word_1_882' title='bbox 524 5859 705 5913; x_wconf 88' lang='lat' dir='ltr'><strong>Codex</strong></span> <span class='ocrx_word' id='word_1_883' title='bbox 730 5859 1066 5924; x_wconf 82' lang='lat' dir='ltr'><strong>Casinensis,</strong></span> <span class='ocrx_word' id='word_1_884' title='bbox 1099 5879 1116 5911; x_wconf 77' lang='grc' dir='ltr'>ι</span> <span class='ocrx_word' id='word_1_885' title='bbox 1147 5862 1276 5928; x_wconf 90' lang='lat' dir='ltr'><strong>quia</strong></span> <span class='ocrx_word' id='word_1_886' title='bbox 1306 5861 1549 5930; x_wconf 82' lang='lat' dir='ltr'><strong>alligabit</strong></span> <span class='ocrx_word' id='word_1_887' title='bbox 1575 5879 1588 5925; x_wconf 86' lang='lat'><strong>;</strong></span> <span class='ocrx_word' id='word_1_888' title='bbox 1619 5861 1710 5915; x_wconf 88' lang='lat' dir='ltr'><strong>sed</strong></span> <span class='ocrx_word' id='word_1_889' title='bbox 1740 5861 1884 5916; x_wconf 89' lang='lat' dir='ltr'><strong>hanc</strong></span> 
     </span>
    </p>
   </div>
   <div class='ocr_carea' id='block_1_113' title="bbox 307 5927 1878 6004">
    <p class='ocr_par' dir='ltr' id='par_1_113' title="bbox 307 5927 1878 6004">
     <span class='ocr_line' id='line_1_114' title="bbox 307 5927 1878 6004; baseline 0.002 -22"><span class='ocrx_word' id='word_1_890' title='bbox 307 5927 600 5992; x_wconf 79' lang='lat' dir='ltr'><strong>lectionem</strong></span> <span class='ocrx_word' id='word_1_891' title='bbox 651 5944 725 5998; x_wconf 71' lang='lat' dir='ltr'><strong>ex</strong></span> <span class='ocrx_word' id='word_1_892' title='bbox 776 5930 1093 6000; x_wconf 85' lang='lat' dir='ltr'><strong>repetitione</strong></span> <span class='ocrx_word' id='word_1_893' title='bbox 1147 5927 1353 5986; x_wconf 79' lang='lat' dir='ltr'><strong>vocalis</strong></span> <span class='ocrx_word' id='word_1_894' title='bbox 1395 5927 1450 5999; x_wconf 83' lang='grc' dir='ltr'>ᾱ,</span> <span class='ocrx_word' id='word_1_895' title='bbox 1499 5943 1674 5988; x_wconf 86' lang='lat' dir='ltr'><strong>ortam</strong></span> <span class='ocrx_word' id='word_1_896' title='bbox 1726 5941 1878 6004; x_wconf 84' lang='lat' dir='ltr'><strong>puto.</strong></span> 
     </span>
    </p>
   </div>
   <div class='ocr_carea' id='block_1_114' title="bbox 2053 4667 3542 4744">
    <p class='ocr_par' dir='ltr' id='par_1_114' title="bbox 2053 4667 3542 4744">
     <span class='ocr_line' id='line_1_115' title="bbox 2053 4667 3542 4744; baseline -0.005 -16"><span class='ocrx_word' id='word_1_897' title='bbox 2053 4667 2342 4744; x_wconf 62' lang='lat' dir='ltr'><strong>(5)_Codex</strong></span> <span class='ocrx_word' id='word_1_898' title='bbox 2376 4673 2732 4744; x_wconf 81' lang='lat' dir='ltr'><strong>Casinensis:</strong></span> <span class='ocrx_word' id='word_1_899' title='bbox 2767 4689 2785 4722; x_wconf 78' lang='grc' dir='ltr'>ι</span> <span class='ocrx_word' id='word_1_900' title='bbox 2835 4671 2901 4724; x_wconf 84' lang='grc' dir='ltr'><strong>Ει</strong></span> <span class='ocrx_word' id='word_1_901' title='bbox 2937 4672 3051 4725; x_wconf 66' lang='lat' dir='ltr'><strong>haec</strong></span> <span class='ocrx_word' id='word_1_902' title='bbox 3089 4677 3172 4724; x_wconf 90' lang='lat' dir='ltr'><strong>est</strong></span> <span class='ocrx_word' id='word_1_903' title='bbox 3213 4667 3481 4722; x_wconf 88' lang='lat' dir='ltr'><strong>velamen.</strong></span> <span class='ocrx_word' id='word_1_904' title='bbox 3520 4685 3542 4719; x_wconf 70' lang='grc' dir='ltr'><strong><em>ι</em></strong></span> 
     </span>
    </p>
   </div>
   <div class='ocr_carea' id='block_1_115' title="bbox 1979 4742 2669 4810">
    <p class='ocr_par' dir='ltr' id='par_1_115' title="bbox 1979 4742 2669 4810">
     <span class='ocr_line' id='line_1_116' title="bbox 1979 4742 2669 4810; baseline -0.009 -13"><span class='ocrx_word' id='word_1_905' title='bbox 1979 4742 2239 4809; x_wconf 41' lang='lat' dir='ltr'><strong>Et&#39;infra,</strong></span> <span class='ocrx_word' id='word_1_906' title='bbox 2274 4763 2291 4794; x_wconf 74' lang='grc' dir='ltr'>ι</span> <span class='ocrx_word' id='word_1_907' title='bbox 2332 4743 2414 4794; x_wconf 87' lang='lat' dir='ltr'><strong>vel</strong></span> <span class='ocrx_word' id='word_1_908' title='bbox 2444 4742 2615 4810; x_wconf 82' lang='lat' dir='ltr'><strong>pellis.</strong></span> <span class='ocrx_word' id='word_1_909' title='bbox 2652 4760 2669 4791; x_wconf 76' lang='grc' dir='ltr'><strong><em>ι</em></strong></span> 
     </span>
    </p>
   </div>
   <div class='ocr_carea' id='block_1_116' title="bbox 2050 4811 3152 4883">
    <p class='ocr_par' dir='ltr' id='par_1_116' title="bbox 2050 4811 3152 4883">
     <span class='ocr_line' id='line_1_117' title="bbox 2050 4811 3152 4883; baseline -0.005 -17"><span class='ocrx_word' id='word_1_910' title='bbox 2050 4814 2125 4883; x_wconf 66' lang='lat' dir='ltr'><strong>(ri)</strong></span> <span class='ocrx_word' id='word_1_911' title='bbox 2154 4815 2346 4883; x_wconf 70' lang='lat' dir='ltr'><strong>Codex</strong></span> <span class='ocrx_word' id='word_1_912' title='bbox 2375 4811 2674 4883; x_wconf 85' lang='lat' dir='ltr'><strong>Bobiensis,</strong></span> <span class='ocrx_word' id='word_1_913' title='bbox 2713 4830 2730 4861; x_wconf 70' lang='grc' dir='ltr'><strong><em>ι</em></strong></span> <span class='ocrx_word' id='word_1_914' title='bbox 2767 4811 3090 4878; x_wconf 75' lang='lat' dir='ltr'><strong>intelligens.</strong></span> <span class='ocrx_word' id='word_1_915' title='bbox 3133 4829 3152 4861; x_wconf 71' lang='grc' dir='ltr'><strong><em>ι</em></strong></span> 
     </span>
    </p>
   </div>
   <div class='ocr_carea' id='block_1_117' title="bbox 2050 4876 3548 4953">
    <p class='ocr_par' dir='ltr' id='par_1_117' title="bbox 2050 4876 3548 4953">
     <span class='ocr_line' id='line_1_118' title="bbox 2050 4876 3548 4953; baseline -0.005 -16"><span class='ocrx_word' id='word_1_916' title='bbox 2158 4883 2295 4937; x_wconf 84' lang='lat' dir='ltr'><strong>Male</strong></span> <span class='ocrx_word' id='word_1_917' title='bbox 2320 4882 2600 4936; x_wconf 87' lang='lat' dir='ltr'><strong>Bobiensis</strong></span> <span class='ocrx_word' id='word_1_918' title='bbox 2627 4883 2818 4947; x_wconf 82' lang='lat' dir='ltr'><strong>codex,</strong></span> <span class='ocrx_word' id='word_1_919' title='bbox 2857 4901 2875 4933; x_wconf 75' lang='grc' dir='ltr'>ί</span> <span class='ocrx_word' id='word_1_920' title='bbox 2908 4876 3126 4952; x_wconf 79' lang='lat' dir='ltr'><strong>regibus</strong></span> <span class='ocrx_word' id='word_1_921' title='bbox 3155 4893 3270 4944; x_wconf 87' lang='lat' dir='ltr'><strong>eos,</strong></span> <span class='ocrx_word' id='word_1_922' title='bbox 3301 4876 3548 4947; x_wconf 83' lang='lat' dir='ltr'><strong>regibus-</strong></span> 
     </span>
    </p>
   </div>
   <div class='ocr_carea' id='block_1_118' title="bbox 1978 4954 2457 5025">
    <p class='ocr_par' dir='ltr' id='par_1_118' title="bbox 1978 4954 2457 5025">
     <span class='ocr_line' id='line_1_119' title="bbox 1978 4954 2457 5025; baseline -0.01 -18"><span class='ocrx_word' id='word_1_923' title='bbox 1978 4970 2084 5025; x_wconf 89' lang='lat' dir='ltr'><strong>que</strong></span> <span class='ocrx_word' id='word_1_924' title='bbox 2113 4954 2406 5025; x_wconf 64' lang='lat' dir='ltr'><strong>sulijectos.</strong></span> <span class='ocrx_word' id='word_1_925' title='bbox 2439 4971 2457 5025; x_wconf 56' lang='grc' dir='ltr'>ξ</span> 
     </span>
    </p>
   </div>
   <div class='ocr_carea' id='block_1_119' title="bbox 2051 5017 3542 5092">
    <p class='ocr_par' dir='ltr' id='par_1_119' title="bbox 2051 5017 3542 5092">
     <span class='ocr_line' id='line_1_120' title="bbox 2051 5017 3542 5092; baseline -0.005 -16"><span class='ocrx_word' id='word_1_926' title='bbox 2051 5025 2126 5092; x_wconf 80' lang='lat'><strong>(6)</strong></span> <span class='ocrx_word' id='word_1_927' title='bbox 2150 5017 2335 5077; x_wconf 77' lang='lat' dir='ltr'><strong>Codex</strong></span> <span class='ocrx_word' id='word_1_928' title='bbox 2366 5021 2654 5076; x_wconf 89' lang='lat' dir='ltr'><strong>Bobiensis</strong></span> <span class='ocrx_word' id='word_1_929' title='bbox 2684 5040 2701 5072; x_wconf 73' lang='grc' dir='ltr'><strong><em>ι</em></strong></span> <span class='ocrx_word' id='word_1_930' title='bbox 2729 5020 3061 5092; x_wconf 83' lang='lat' dir='ltr'><strong>justificare.</strong></span> <span class='ocrx_word' id='word_1_931' title='bbox 3087 5018 3190 5073; x_wconf 91' lang='lat' dir='ltr'><strong>Sed</strong></span> <span class='ocrx_word' id='word_1_932' title='bbox 3222 5017 3494 5072; x_wconf 90' lang='lat' dir='ltr'><strong>videbitis.</strong></span> <span class='ocrx_word' id='word_1_933' title='bbox 3522 5033 3542 5068; x_wconf 70' lang='grc' dir='ltr'><strong><em>ι</em></strong></span> 
     </span>
    </p>
   </div>
   <div class='ocr_carea' id='block_1_120' title="bbox 1979 5091 3259 5160">
    <p class='ocr_par' dir='ltr' id='par_1_120' title="bbox 1979 5091 3259 5160">
     <span class='ocr_line' id='line_1_121' title="bbox 1979 5091 3259 5160; baseline -0.006 -12"><span class='ocrx_word' id='word_1_934' title='bbox 1979 5091 2290 5148; x_wconf 78' lang='lat' dir='ltr'><strong>CaSinensis</strong></span> <span class='ocrx_word' id='word_1_935' title='bbox 2323 5111 2340 5143; x_wconf 73' lang='grc' dir='ltr'>ι</span> <span class='ocrx_word' id='word_1_936' title='bbox 2383 5091 2692 5160; x_wconf 89' lang='lat' dir='ltr'><strong>justilicari.</strong></span> <span class='ocrx_word' id='word_1_937' title='bbox 2720 5092 2823 5145; x_wconf 86' lang='lat' dir='ltr'><strong>Sed</strong></span> <span class='ocrx_word' id='word_1_938' title='bbox 2847 5100 2901 5144; x_wconf 89' lang='lat' dir='ltr'><strong>et</strong></span> <span class='ocrx_word' id='word_1_939' title='bbox 2929 5091 3259 5160; x_wconf 72' lang='lat' dir='ltr'><strong>videbitis.__i</strong></span> 
     </span>
    </p>
   </div>
   <div class='ocr_carea' id='block_1_121' title="bbox 2055 5158 3549 5234">
    <p class='ocr_par' dir='ltr' id='par_1_121' title="bbox 2055 5158 3549 5234">
     <span class='ocr_line' id='line_1_122' title="bbox 2055 5158 3549 5234; baseline -0.002 -19"><span class='ocrx_word' id='word_1_940' title='bbox 2055 5163 2130 5234; x_wconf 85' lang='lat'><strong>(7)</strong></span> <span class='ocrx_word' id='word_1_941' title='bbox 2164 5158 2448 5234; x_wconf 51' lang='lat' dir='ltr'><strong>Bobiensis</strong></span> <span class='ocrx_word' id='word_1_942' title='bbox 2486 5165 2656 5234; x_wconf 85' lang='lat' dir='ltr'><strong>codex</strong></span> <span class='ocrx_word' id='word_1_943' title='bbox 2689 5202 2703 5226; x_wconf 93' lang='lat'><strong>,</strong></span> <span class='ocrx_word' id='word_1_944' title='bbox 2752 5161 3114 5234; x_wconf 71' lang='lat' dir='ltr'><strong>¢_abs_cripti0.</strong></span> <span class='ocrx_word' id='word_1_945' title='bbox 3153 5179 3171 5210; x_wconf 74' lang='grc' dir='ltr'><strong><em>ι</em></strong></span> <span class='ocrx_word' id='word_1_946' title='bbox 3209 5158 3352 5224; x_wconf 82' lang='lat' dir='ltr'><strong>Mox,</strong></span> <span class='ocrx_word' id='word_1_947' title='bbox 3383 5176 3401 5208; x_wconf 74' lang='grc' dir='ltr'>ι</span> <span class='ocrx_word' id='word_1_948' title='bbox 3439 5171 3549 5212; x_wconf 72' lang='grc' dir='ltr'><strong>ρω-</strong></span> 
     </span>
    </p>
   </div>
   <div class='ocr_carea' id='block_1_122' title="bbox 1980 5230 3282 5305">
    <p class='ocr_par' dir='ltr' id='par_1_122' title="bbox 1980 5230 3282 5305">
     <span class='ocr_line' id='line_1_123' title="bbox 1980 5230 3282 5305; baseline -0.008 -17"><span class='ocrx_word' id='word_1_949' title='bbox 1980 5230 2303 5305; x_wconf 60' lang='grc' dir='ltr'><strong>ρειλιίημιυε.</strong></span> <span class='ocrx_word' id='word_1_950' title='bbox 2341 5250 2360 5283; x_wconf 73' lang='grc' dir='ltr'><strong><em>ι</em></strong></span> <span class='ocrx_word' id='word_1_951' title='bbox 2397 5231 2461 5305; x_wconf 75' lang='lat' dir='ltr'><strong>Et</strong></span> <span class='ocrx_word' id='word_1_952' title='bbox 2493 5233 2653 5305; x_wconf 75' lang='lat' dir='ltr'><strong>infra,</strong></span> <span class='ocrx_word' id='word_1_953' title='bbox 2703 5249 2721 5281; x_wconf 71' lang='grc' dir='ltr'><strong><em>α</em></strong></span> <span class='ocrx_word' id='word_1_954' title='bbox 2760 5230 3021 5305; x_wconf 87' lang='lat' dir='ltr'><strong>Dominus</strong></span> <span class='ocrx_word' id='word_1_955' title='bbox 3055 5245 3227 5283; x_wconf 90' lang='lat' dir='ltr'><strong>meus.</strong></span> <span class='ocrx_word' id='word_1_956' title='bbox 3264 5247 3282 5278; x_wconf 77' lang='grc' dir='ltr'><strong><em>ι</em></strong></span> 
     </span>
    </p>
   </div>
   <div class='ocr_carea' id='block_1_123' title="bbox 2055 5302 3084 5371">
    <p class='ocr_par' dir='ltr' id='par_1_123' title="bbox 2055 5302 3084 5371">
     <span class='ocr_line' id='line_1_124' title="bbox 2055 5302 3084 5371; baseline -0.007 -15"><span class='ocrx_word' id='word_1_957' title='bbox 2055 5304 2131 5371; x_wconf 89' lang='grc'>(8)</span> <span class='ocrx_word' id='word_1_958' title='bbox 2164 5302 2306 5355; x_wconf 91' lang='lat' dir='ltr'><strong>Idem</strong></span> <span class='ocrx_word' id='word_1_959' title='bbox 2335 5303 2526 5364; x_wconf 83' lang='lat' dir='ltr'><strong>codex,</strong></span> <span class='ocrx_word' id='word_1_960' title='bbox 2567 5321 2585 5352; x_wconf 85' lang='grc'><strong>‹</strong></span> <span class='ocrx_word' id='word_1_961' title='bbox 2627 5303 2679 5354; x_wconf 91' lang='lat' dir='ltr'><strong>in</strong></span> <span class='ocrx_word' id='word_1_962' title='bbox 2714 5302 3026 5353; x_wconf 87' lang='lat' dir='ltr'><strong>adventum.</strong></span> <span class='ocrx_word' id='word_1_963' title='bbox 3067 5318 3084 5349; x_wconf 71' lang='grc' dir='ltr'><strong>ι</strong></span> 
     </span>
    </p>
   </div>
   <div class='ocr_carea' id='block_1_124' title="bbox 2055 5367 3547 5441">
    <p class='ocr_par' dir='ltr' id='par_1_124' title="bbox 2055 5367 3547 5441">
     <span class='ocr_line' id='line_1_125' title="bbox 2055 5367 3547 5441; baseline -0.005 -16"><span class='ocrx_word' id='word_1_964' title='bbox 2055 5367 2131 5441; x_wconf 86' lang='lat'><strong>(9)</strong></span> <span class='ocrx_word' id='word_1_965' title='bbox 2162 5373 2307 5426; x_wconf 90' lang='lat' dir='ltr'><strong>Idem</strong></span> <span class='ocrx_word' id='word_1_966' title='bbox 2355 5373 2548 5437; x_wconf 83' lang='lat' dir='ltr'><strong>codex,</strong></span> <span class='ocrx_word' id='word_1_967' title='bbox 2594 5389 2613 5423; x_wconf 74' lang='grc' dir='ltr'>ι</span> <span class='ocrx_word' id='word_1_968' title='bbox 2659 5371 2984 5440; x_wconf 83' lang='lat' dir='ltr'><strong>intelligens.</strong></span> <span class='ocrx_word' id='word_1_969' title='bbox 3030 5387 3049 5419; x_wconf 77' lang='grc' dir='ltr'><strong><em>ι</em></strong></span> <span class='ocrx_word' id='word_1_970' title='bbox 3081 5368 3146 5422; x_wconf 90' lang='lat' dir='ltr'><strong>Et</strong></span> <span class='ocrx_word' id='word_1_971' title='bbox 3175 5367 3338 5432; x_wconf 90' lang='lat' dir='ltr'><strong>infra,</strong></span> <span class='ocrx_word' id='word_1_972' title='bbox 3371 5384 3390 5416; x_wconf 70' lang='grc' dir='ltr'><strong><em>ι</em></strong></span> <span class='ocrx_word' id='word_1_973' title='bbox 3433 5367 3547 5434; x_wconf 89' lang='lat' dir='ltr'><strong>ipsa</strong></span> 
     </span>
    </p>
   </div>
   <div class='ocr_carea' id='block_1_125' title="bbox 1983 5443 2388 5514">
    <p class='ocr_par' dir='ltr' id='par_1_125' title="bbox 1983 5443 2388 5514">
     <span class='ocr_line' id='line_1_126' title="bbox 1983 5443 2388 5514; baseline -0.015 -16"><span class='ocrx_word' id='word_1_974' title='bbox 1983 5459 2104 5514; x_wconf 83' lang='lat' dir='ltr'><strong>quae</strong></span> <span class='ocrx_word' id='word_1_975' title='bbox 2132 5443 2198 5498; x_wconf 87' lang='lat' dir='ltr'><strong>de</strong></span> <span class='ocrx_word' id='word_1_976' title='bbox 2229 5459 2316 5498; x_wconf 90' lang='lat' dir='ltr'><strong>eo.</strong></span> <span class='ocrx_word' id='word_1_977' title='bbox 2369 5459 2388 5492; x_wconf 76' lang='grc' dir='ltr'><strong>ι</strong></span> 
     </span>
    </p>
   </div>
   <div class='ocr_carea' id='block_1_126' title="bbox 2057 5506 3544 5584">
    <p class='ocr_par' dir='ltr' id='par_1_126' title="bbox 2057 5506 3544 5584">
     <span class='ocr_line' id='line_1_127' title="bbox 2057 5506 3544 5584; baseline -0.004 -19"><span class='ocrx_word' id='word_1_978' title='bbox 2057 5514 2167 5584; x_wconf 87' lang='grc'>(10)</span> <span class='ocrx_word' id='word_1_979' title='bbox 2215 5515 2272 5566; x_wconf 93' lang='lat' dir='ltr'><strong>In</strong></span> <span class='ocrx_word' id='word_1_980' title='bbox 2326 5511 2509 5566; x_wconf 89' lang='lat' dir='ltr'><strong>codice</strong></span> <span class='ocrx_word' id='word_1_981' title='bbox 2559 5509 2812 5565; x_wconf 89' lang='lat' dir='ltr'><strong>Bobieusi</strong></span> <span class='ocrx_word' id='word_1_982' title='bbox 2862 5509 3086 5584; x_wconf 84' lang='lat' dir='ltr'><strong>mutilus</strong></span> <span class='ocrx_word' id='word_1_983' title='bbox 3110 5508 3321 5584; x_wconf 82' lang='lat' dir='ltr'><strong>_est__hlc</strong></span> <span class='ocrx_word' id='word_1_984' title='bbox 3346 5506 3544 5572; x_wconf 89' lang='lat' dir='ltr'><strong>locus;</strong></span> 
     </span>
    </p>
   </div>
   <div class='ocr_carea' id='block_1_127' title="bbox 1987 5579 3544 5649">
    <p class='ocr_par' dir='ltr' id='par_1_127' title="bbox 1987 5579 3544 5649">
     <span class='ocr_line' id='line_1_128' title="bbox 1987 5579 3544 5649; baseline -0.003 -13"><span class='ocrx_word' id='word_1_985' title='bbox 1987 5579 2338 5645; x_wconf 49' lang='lat' dir='ltr'><strong>liabet&#39;cnim,</strong></span> <span class='ocrx_word' id='word_1_986' title='bbox 2379 5599 2397 5632; x_wconf 71' lang='lat' dir='ltr'><strong>t</strong></span> <span class='ocrx_word' id='word_1_987' title='bbox 2439 5597 2770 5647; x_wconf 90' lang='lat' dir='ltr'><strong>sermonem,</strong></span> <span class='ocrx_word' id='word_1_988' title='bbox 2807 5589 2865 5633; x_wconf 94' lang='lat' dir='ltr'><strong>ut</strong></span> <span class='ocrx_word' id='word_1_989' title='bbox 2899 5579 3154 5649; x_wconf 84' lang='lat' dir='ltr'><strong>intelligi,</strong></span> <span class='ocrx_word' id='word_1_990' title='bbox 3185 5579 3406 5646; x_wconf 88' lang='lat' dir='ltr'><strong>dignum</strong></span> <span class='ocrx_word' id='word_1_991' title='bbox 3439 5586 3544 5631; x_wconf 86' lang='lat' dir='ltr'><strong>est.</strong></span> 
     </span>
    </p>
   </div>
   <div class='ocr_carea' id='block_1_128' title="bbox 1986 5653 2651 5707">
    <p class='ocr_par' dir='ltr' id='par_1_128' title="bbox 1986 5653 2651 5707">
     <span class='ocr_line' id='line_1_129' title="bbox 1986 5653 2651 5707; baseline -0.006 -2"><span class='ocrx_word' id='word_1_992' title='bbox 1986 5653 2198 5707; x_wconf 78' lang='lat' dir='ltr'><strong>Dixisse</strong></span> <span class='ocrx_word' id='word_1_993' title='bbox 2235 5669 2376 5706; x_wconf 91' lang='lat' dir='ltr'><strong>nunc</strong></span> <span class='ocrx_word' id='word_1_994' title='bbox 2407 5653 2651 5706; x_wconf 64' lang='lat' dir='ltr'><strong>suilleit.»</strong></span> 
     </span>
    </p>
   </div>
   <div class='ocr_carea' id='block_1_129' title="bbox 2059 5718 3546 5795">
    <p class='ocr_par' dir='ltr' id='par_1_129' title="bbox 2059 5718 3546 5795">
     <span class='ocr_line' id='line_1_130' title="bbox 2059 5718 3546 5795; baseline -0.001 -19"><span class='ocrx_word' id='word_1_995' title='bbox 2059 5724 2171 5795; x_wconf 92' lang='grc'>(11)</span> <span class='ocrx_word' id='word_1_996' title='bbox 2203 5723 2257 5776; x_wconf 84' lang='grc' dir='ltr'>1η</span> <span class='ocrx_word' id='word_1_997' title='bbox 2295 5723 2578 5795; x_wconf 82' lang='lat' dir='ltr'><strong>Casinensi</strong></span> <span class='ocrx_word' id='word_1_998' title='bbox 2605 5730 2706 5795; x_wconf 83' lang='lat' dir='ltr'><strong>est,</strong></span> <span class='ocrx_word' id='word_1_999' title='bbox 2739 5721 2866 5795; x_wconf 12' lang='lat' dir='ltr'><strong>c_7de</strong></span> <span class='ocrx_word' id='word_1_1000' title='bbox 2891 5720 3248 5795; x_wconf 53' lang='lat' dir='ltr'><strong>vacantibus;</strong></span> <span class='ocrx_word' id='word_1_1001' title='bbox 3293 5737 3314 5774; x_wconf 84' lang='grc'>›</span> <span class='ocrx_word' id='word_1_1002' title='bbox 3349 5721 3440 5776; x_wconf 91' lang='lat' dir='ltr'><strong>scd</strong></span> <span class='ocrx_word' id='word_1_1003' title='bbox 3469 5718 3546 5774; x_wconf 60' lang='lat' dir='ltr'><strong>le-u</strong></span> 
     </span>
    </p>
   </div>
   <div class='ocr_carea' id='block_1_130' title="bbox 1987 5791 3278 5863">
    <p class='ocr_par' dir='ltr' id='par_1_130' title="bbox 1987 5791 3278 5863">
     <span class='ocr_line' id='line_1_131' title="bbox 1987 5791 3278 5863; baseline -0.002 -17"><span class='ocrx_word' id='word_1_1004' title='bbox 1987 5791 2242 5863; x_wconf 85' lang='lat' dir='ltr'><strong>gendum,</strong></span> <span class='ocrx_word' id='word_1_1005' title='bbox 2279 5812 2297 5843; x_wconf 77' lang='grc' dir='ltr'><strong>ε</strong></span> <span class='ocrx_word' id='word_1_1006' title='bbox 2321 5794 2386 5846; x_wconf 89' lang='lat' dir='ltr'><strong>de</strong></span> <span class='ocrx_word' id='word_1_1007' title='bbox 2417 5793 2647 5863; x_wconf 79' lang='lat' dir='ltr'><strong>vacanti.</strong></span> <span class='ocrx_word' id='word_1_1008' title='bbox 2687 5812 2706 5844; x_wconf 82' lang='grc'>›</span> <span class='ocrx_word' id='word_1_1009' title='bbox 2741 5791 2833 5846; x_wconf 91' lang='lat' dir='ltr'><strong>Sic</strong></span> <span class='ocrx_word' id='word_1_1010' title='bbox 2857 5805 3018 5858; x_wconf 85' lang='lat' dir='ltr'><strong>supra</strong></span> <span class='ocrx_word' id='word_1_1011' title='bbox 3040 5806 3160 5860; x_wconf 89' lang='lat' dir='ltr'><strong>cap.</strong></span> <span class='ocrx_word' id='word_1_1012' title='bbox 3189 5791 3278 5843; x_wconf 75' lang='grc'>41.</span> 
     </span>
    </p>
   </div>
   <div class='ocr_carea' id='block_1_131' title="bbox 2057 5862 3256 5934">
    <p class='ocr_par' dir='ltr' id='par_1_131' title="bbox 2057 5862 3256 5934">
     <span class='ocr_line' id='line_1_132' title="bbox 2057 5862 3256 5934; baseline -0.003 -18"><span class='ocrx_word' id='word_1_1013' title='bbox 2057 5864 2168 5934; x_wconf 70' lang='grc'>(12)</span> <span class='ocrx_word' id='word_1_1014' title='bbox 2197 5865 2381 5920; x_wconf 86' lang='lat' dir='ltr'><strong>Codex</strong></span> <span class='ocrx_word' id='word_1_1015' title='bbox 2414 5862 2728 5930; x_wconf 86' lang='lat' dir='ltr'><strong>Bobiensis,</strong></span> <span class='ocrx_word' id='word_1_1016' title='bbox 2766 5882 2784 5915; x_wconf 76' lang='grc' dir='ltr'>ι</span> <span class='ocrx_word' id='word_1_1017' title='bbox 2824 5863 3206 5918; x_wconf 81' lang='lat' dir='ltr'><strong>velamentum.</strong></span> <span class='ocrx_word' id='word_1_1018' title='bbox 3238 5880 3256 5912; x_wconf 75' lang='grc' dir='ltr'><strong><em>ι</em></strong></span> 
     </span>
    </p>
   </div>
  </div>
