4090 6386
595 421 732 483 1503

1612 449 1796 506 ACTA
1830 451 2355 512 DlSPUTATlONlS
2390 455 2448 512 S.
2488 459 2837 519 ARCHELAI

3681 478 3706 533 1
3717 481 3825 536 5114

595 543 799 616 vigent,
830 550 1234 625 intelligendum
1265 563 1538 634 relinquo.
1577 567 1868 627 Veniamus
1895 574 2058 630 etiam
2091 575 2156 632 ad
2186 583 2233 639 Α
2259 592 2387 645 qua.
2445 576 2524 633 lbi
2573 578 2785 652 Moyses
2833 582 2886 637 in
2925 583 3209 656 caliginem
3237 588 3349 660 (25)
3385 592 3610 648 nubium
3650 609 3824 665 aquas

595 634 747 665 “In...
781 658 1019 665 --_-___,,,
1137 649 1182 665 ιι
1291 654 1302 665 .
1531 658 1542 665 .
1600 660 1693 665 .-_,
1840 663 1856 665 _

594 634 748 693 illum
780 658 1085 702 sermonem
1135 649 1326 723 Moysi,
1358 671 1465 724 quo
1493 658 1570 712 ait
1591 660 1703 731 (15)
1735 681 1746 714 :
1779 682 1797 715 ‹
1833 663 2158 735 Prophetam

2262 666 2553 724 ferentium
2607 671 2725 727 sine
2769 683 2918 729 metu
2967 676 3191 734 incessit
3233 681 3312 749 ⁹³;
3345 691 3401 738 et
3441 684 3530 739 hic
3561 684 3822 744 Dominus

594 729 751 784 vobis
795 736 1080 829 suscitabit
1127 738 1388 799 Dominus
1419 745 1562 804 Deus
1600 729 1780 807 vester
1809 769 1876 808 ex
1903 729 2158 815 fratribus
2258 758 2420 814 Jesus
2443 776 2568 816 cum
2591 765 2740 818 omni
2768 774 3031 834 potestate
3054 783 3218 839 super
3239 786 3411 842 aquas
3438 776 3735 833 ambulavit
3748 778 3817 835 “.

2268 812 2275 813 κ
2335 812 2413 814 κ-
2452 812 2568 816 η---
2768 812 3031 834 ,-----..--
3054 812 3205 839 νυν..
3239 812 3411 842 ...νηω
3438 812 3735 833 unum...
3801 820 3817 835 .

590 819 809 885 vestris,
835 822 977 878 sicut
999 812 1181 895 mc“;
1212 850 1229 881 ι
1255 832 1439 904 inquo
1464 852 1714 907 magnam
1743 842 1898 898 video
1924 850 2157 918 prophe-
2258 854 2336 908 Ibi
2365 854 2579 927 Moyses
2608 857 2892 928 imperavit
2919 863 3053 915 mari
3074 862 3156 930 ⁸⁸;
3184 872 3239 919 et
3268 865 3356 920 hic
3378 866 3641 925 Dominus
3661 869 3821 929 Jesus

590 907 722 962 tiam
757 911 944 968 famuli
982 915 1175 990 Moysi,
1224 925 1446 982 scientis
1477 929 1590 1002 (14)
1623 949 1746 989 eum
1779 938 1870 1007 qui
1897 907 2154 999 venturus

590 1011 752 1066 esset,
807 1008 1038 1076 amplius
1088 1027 1147 1066 se
1189 1015 1405 1084 quidem
1449 1025 1788 1083 auctoritatis
1820 1030 2150 1099 habiturum,

591 1091 789 1146 similia
836 1105 1016 1154 tamen
1067 1117 1189 1159 esse
1225 1121 1535 1177 passurum,
1566 1124 1621 1169 et
1658 1118 1856 1174 similia
1902 1122 2055 1193 signa
2088 1141 2151 1181 ac

586 1182 831 1254 prodigia
876 1200 1249 1250 ostensurum.
1307 1195 1379 1252 lbi
1410 1201 1552 1256 enim
1584 1203 1797 1277 Moyses
1823 1182 1981 1268 natus
2016 1214 2081 1277 ⁸⁷,
2118 1231 2148 1270 a

587 1282 762 1375 matre
782 1291 887 1375 sua
918 1278 972 1333 in
999 1281 1169 1338 tbibin
1200 1285 1313 1359 (l5)
1336 1290 1563 1360 positus,
1591 1299 1878 1366 exponitur
1908 1303 1974 1357 ad
2003 1304 2150 1375 ripas

583 1360 866 1422 ﬂuminis:
897 1369 986 1425 hic
1023 1371 1286 1434 Dominus
1334 1392 1521 1447 noster
1550 1360 1710 1443 Iesus
1750 1388 2004 1450 Christus
2046 1360 2146 1452 na-

580 1458 670 1506 tus
692 1470 757 1509 ex
795 1467 966 1515 matre
1012 1477 1106 1517 sua
1136 1463 1306 1521 Maria
1336 1468 1446 1542 (16)
1476 1511 1491 1536 ,
1520 1488 1617 1542 per
1647 1479 1896 1547 angelum
1932 1481 2147 1553 fugatur

578 1541 633 1635 in
657 1542 948 1635 IErgyptum
969 1551 1034 1605 ⁸⁸.
1054 1552 1128 1607 lbi
1153 1553 1367 1627 Moyses
1400 1541 1639 1618 educens
1660 1541 1916 1635 populum
1942 1541 2021 1626 de
2032 1590 2144 1629 me-

577 1633 669 1733 dio
697 1634 1080 1708 Egyptiorum
1111 1645 1179 1714 ⁸ο,
1216 1649 1476 1720 salvavit;
1513 1665 1567 1709 et
1597 1633 1685 1712 hic
1705 1633 1864 1716 Iesus
1885 1666 2141 1733 populum

572 1722 640 1778 de
663 1727 841 1784 medio
868 1729 1268 1794 Phariszeorum
1299 1742 1537 1802 educens
1562 1747 1629 1813 ⁷ο,
1679 1760 1894 1809 aeternae
1924 1758 2142 1813 tradidit

571 1814 756 1872 saluti.
813 1818 889 1874 lbi

568 1997 663 2053 hic
695 1999 958 2060 Dominus
1003 2022 1155 2064 meus
1205 2012 1318 2085 (l7)
1364 2013 1523 2074 Jesus
1571 2021 1769 2079 virtute
1825 2032 2039 2097 propria
2071 1997 2137 2088 ex

570 2090 815 2161 quinque
862 2098 1094 2164 panibus
1143 2103 1289 2162 viros
1332 2109 1573 2180 quinque
1618 2115 1787 2171 millia
1825 2090 2049 2176 satiavit
2081 2124 2135 2179 in

566 2177 782 2235 deserto
823 2182 894 2238 ".
941 2184 1018 2240 lbi
1052 2187 1261 2261 Moyses
1291 2209 1414 2250 cum
1440 2177 1779 2272 probaretur,
1827 2209 2038 2277 positus
2078 2215 2132 2267 in

565 2280 769 2338 monte,
783 2272 1050 2344 jejunavit
1073 2284 1426 2357 quadraginta
1446 2290 1563 2348 dies
1585 2293 1652 2362 ⁷⁸,
1682 2305 1735 2351 et
1759 2272 1847 2355 hic
1874 2301 2133 2361 Dominus

564 2374 720 2417 meus
751 2362 911 2421 Jesus
934 2383 964 2422 a
996 2371 1187 2439 spiritu
1215 2390 1369 2432 actus
1398 2380 1450 2435 in
1481 2382 1754 2442 desertum
1774 2389 1840 2457 7",
1869 2406 1991 2448 cum
2016 2403 2132 2451 ten—

565 2462 772 2511 taretur
803 2474 834 2513 a
871 2461 1119 2532 diabolo,
1152 2472 1511 2545 quadraginta
1550 2479 1743 2537 diebus
1773 2484 2020 2544 similiter
2048 2489 2130 2560 je-

557 2545 797 2640 junavit.
844 2549 920 2606 lbi
957 2552 1013 2608 in
1045 2569 1334 2628 conspectu
1362 2561 1553 2635 Moysi,
1602 2581 1819 2640 propter
1842 2545 2128 2635 infidelila-

562 2644 667 2690 tem
693 2637 997 2700 Pharaonis
1023 2649 1206 2703 omnia
1238 2637 1618 2724 [Egyptiorum
1649 2637 2005 2735 primogenita
2033 2683 2127 2738 pe-

560 2726 768 2783 rierunt
800 2732 846 2763 τδ
872 2750 887 2799 ;
938 2745 993 2788 et
1019 2735 1107 2792 hic
1132 2736 1258 2795 Jesu
1285 2753 1542 2801 nascente
1573 2726 1894 2820 7°,_pr0pter
1931 2726 2119 2812 inﬁde-

558 2815 762 2874 litatem
814 2820 1044 2883 Herodis
1091 2843 1252 2887 omne
1282 2836 1643 2893 masculinum
1675 2815 1791 2912 (18)
1810 2842 2120 2904 Iudaeorum

558 2908 739 2963 subito
762 2914 919 2980 perit.
954 2916 1027 2972 lbi
1058 2917 1269 2993 Moyses
1297 2935 1419 2980 orat
1445 2928 1492 2960 ""
1512 2968 1526 2992 ,
1560 2939 1618 2984 ut
1646 2908 1900 3001 parcatur
1928 2953 1960 2994 a
1999 2940 2120 3009 pla-

556 2999 641 3069 gis
664 2999 935 3060 Pharaoni
962 3024 1025 3070 ac
1051 3014 1252 3082 populo
1284 3015 1438 3086 ejus;
1473 3028 1527 3075 et
1555 2999 1661 3079 hic
1678 3023 1937 3085 Dominus
1965 2999 2120 3088 «lno-

558 3101 672 3146 ster
699 3093 857 3151 Jesus
885 3109 1006 3155 orat
1030 3102 1295 3177 indulgeri
1323 3107 1611 3170 Pharisazis
1632 3158 1648 3183 ,
1677 3118 1863 3176 dicens
1890 3139 1905 3176 :
1936 3120 2116 3190 Pater,

555 3181 778 3252 ignosce
824 3189 923 3255 eis,
983 3196 1239 3263 quoniam
1278 3202 1527 3259 nesciunt
1568 3209 1698 3277 quid
1750 3210 1951 3271 faciant
1984 3218 2050 3272 ⁷⁸.

555 3272 632 3376 ibi
655 3273 824 3348 Moysi
848 3283 1032 3339 vultus
1055 3289 1388 3358 resplenduit
1409 3294 1462 3349 in
1481 3272 1650 3366 gloria
1679 3302 1791 3373 (19)
1812 3304 2026 3365 Domini
2048 3314 2115 3380 ⁷⁸,

552 3363 627 3419 ita
663 3377 723 3420 ut
758 3385 866 3426 non
904 3387 1126 3443 possent
1163 3380 1256 3434 filii
1308 3380 1473 3440 Israel
1496 3363 1794 3449 intendere
1837 3395 1894 3450 in
1925 3363 2117 3457 faciem

551 3456 668 3524 ejus
700 3471 914 3529 propter
946 3466 1171 3534 gloriam
1202 3473 1381 3530 vultus
1410 3476 1558 3547 ejus;
1584 3490 1639 3535 et
1670 3482 1759 3537 hic
1782 3484 1941 3544 Iesus
1969 3490 2120 3546 Chri-

552 3556 670 3603 stus
703 3550 967 3610 Dominus
1012 3559 1346 3626 resplenduit
1389 3566 1531 3621 sicut
1562 3571 1643 3624 sol
1668 3571 1750 3637 ⁸⁸,
1784 3583 1838 3628 et
1863 3576 2115 3648 discipuli

551 3640 669 3706 ejus
726 3658 833 3697 non
885 3655 1135 3714 poterant
1185 3654 1429 3721 aspicere
1477 3657 1590 3729 (20)
1652 3660 1707 3714 in
1757 3662 1948 3721 faciem
1995 3640 2116 3739 ejus

549 3743 771 3802 propter
814 3735 1043 3805 gloriam
1086 3741 1268 3797 vultus
1310 3744 1481 3815 ipsius
1509 3758 1562 3804 et
1592 3751 1918 3811 immensum
1956 3759 2116 3816 lumi-

548 3819 634 3874 nis
664 3823 1030 3891 splendorem.
1086 3826 1164 3883 lbi
1212 3830 1423 3905 Moyses
1466 3854 1560 3895 eos
1610 3843 1703 3913 qui
1745 3845 1969 3903 vitulum
2006 3859 2116 3907 sta-

545 3919 763 3968 tuerant
804 3914 937 3988 (21),
979 3920 1158 3991 gladio
1196 3924 1392 3994 dejecit
1415 3928 1496 3996 ⁸¹;
1529 3939 1583 3985 et
1615 3932 1704 3988 hic
1731 3933 1997 3996 Dominus
2026 3940 2114 3998 Je-

2092 3240 2110 3273 ι
2145 3248 2188 3307 C
2222 3230 2277 3276 et
2335 3222 2482 3278 aliud
2547 3240 2749 3282 novum
2793 3243 2809 3294 ;

2254 962 2378 1001 cum
2406 957 2554 1003 esset
2594 949 2649 1004 in
2675 952 2813 1006 mari
2850 953 2896 985 ”
2926 953 3062 1024 (24),
3092 970 3320 1026 surgens
3344 958 3627 1029 imperavit
3644 965 3820 1044 ventis

2252 1047 2307 1092 et
2332 1040 2490 1095 mari.
2524 1040 2603 1096 lbi
2644 1041 2859 1115 Moyses
2887 1060 3010 1100 cum
3037 1047 3445 1118 impugnarctur
3476 1052 3547 1121 ",
3576 1040 3816 1111 extensis

2252 1130 2505 1185 manibus
2531 1134 2760 1188 certavit
2781 1135 3042 1191 adversus
3066 1137 3320 1205 Amalec;
3347 1149 3402 1195 et
3438 1141 3528 1196 hic
3551 1141 3815 1200 Dominus

2250 1216 2409 1277 Jesus
2471 1221 2801 1294 impugnatis
2849 1227 3008 1282 nobis
3056 1238 3110 1282 et
3158 1232 3511 1298 pereuntibus
3560 1234 3814 1292 violentia

2247 1310 2467 1367 erratici
2518 1314 2743 1383 spiritus
2784 1317 2878 1385 qui
2926 1333 3072 1372 nunc
3108 1318 3160 1372 in
3190 1319 3354 1388 justis
3395 1321 3508 1395 (25)
3536 1334 3813 1393 operatur,

2247 1402 2488 1458 extensis
2536 1404 2592 1458 in
2638 1420 2800 1460 cruce
2841 1408 3117 1475 manibus,
3155 1411 3383 1466 salutem
3426 1413 3589 1469 dedit.
3630 1415 3735 1472 Sed
3760 1430 3815 1473 et

2246 1492 2350 1546 alia
2403 1494 2575 1549 multa
2625 1504 2906 1565 praetereo,
2967 1499 3317 1557 dilectissime
3372 1503 3626 1574 Diodore,
3679 1508 3810 1564 dum

2244 1583 2445 1640 festino
2473 1587 2541 1642 ad
2575 1595 2627 1643 te
2658 1587 2901 1644 libellum
2942 1591 3056 1660 (26)
3097 1592 3242 1648 hunc
3271 1594 3528 1650 velociter
3575 1598 3809 1667 mittere,

2242 1691 2364 1744 quae
2414 1685 2471 1731 tu
2515 1692 2616 1747 pro
2651 1687 2743 1734 tua
2791 1680 3079 1748 prudentia
3114 1682 3270 1740 facile
3301 1687 3500 1754 poteris
3535 1704 3809 1757 reparare.

2243 1761 2432 1820 Scribe
2478 1774 2658 1821 autem
2707 1768 2839 1822 mihi
2883 1784 3045 1827 omne
3083 1775 3230 1842 quod
3271 1784 3456 1844 postea
3497 1776 3608 1849 (27)
3638 1780 3811 1849 egerit

3087 1821 3230 1842 1—v-
3271 1821 3456 1844 νυν-ν·-
3497 1821 3607 1849 \-'I
3639 1821 3807 1849 ιον-ι·

936 1821 1149 1896 Moyses
1177 1844 1274 1899 per
1306 1836 1608 1892 orationem
1654 1850 1843 1910 petens
1873 1886 1888 1911 ,
1933 1862 1964 1902 e
2000 1848 2140 1905 caelo
2172 1916 2209 1930 κ
2240 1857 2567 1914 adversariae
2592 1861 2763 1929 partis
2798 1861 3065 1919 minister.
3096 1864 3425 1922 Incolumem
3463 1878 3514 1924 te
3540 1872 3722 1927 anima
3753 1884 3807 1930 et

569 1909 785 1977 accepit
825 1925 1019 1980 panem
1047 1932 1155 1986 quo
1179 1933 1425 1988 pasceret
1455 1909 1716 1998 populum
1752 1932 1806 1988 in
1836 1909 2135 2007 deserto“;
2171 1916 2210 1969 Β

2241 1947 2431 2016 Spiritu
2468 1951 2741 2005 custodiat
2778 1951 2918 2009 Deus
2952 1956 3296 2026 omnipotens
3318 1959 3451 2030 (28).

2308 2037 2468 2094 XLV.
2505 2040 2739 2112 Accepta
2780 2045 2883 2101 hac
2911 2047 3141 2116 cpistola
3172 2049 3460 2117 Diodorus,
3495 2061 3551 2108 et
3579 2056 3807 2113 collecto

2236 2138 2303 2179 ex
2329 2142 2393 2181 ea
2417 2143 2606 2198 sensu,
2656 2133 2900 2189 conﬂixit
2944 2137 3207 2193 adversus
3245 2138 3497 2210 Manent;
3534 2145 3608 2200 ita
3647 2156 3707 2201 ut
3735 2150 3805 2204 ab

2234 2219 2490 2275 omnibus
2533 2223 2960 2294 collaudaretur,
3010 2230 3156 2299 quod
3186 2231 3471 2303 diligenter
3499 2245 3555 2292 et
3585 2253 3805 2310 compe-

2233 2314 2405 2363 tenter
2445 2311 2759 2379 ostenderit,
2815 2315 3046 2372 duorum
3109 2317 3577 2381 Testamentorum
3642 2339 3806 2400 atque

2231 2400 2520 2472 utriusque
2564 2403 2700 2474 legis
2734 2405 2876 2462 inler
2907 2424 3027 2465 sese
3057 2413 3430 2480 cognationem
3460 2417 3572 2489 (29)
3602 2437 3618 2475 :
3646 2422 3799 2490 plura

2227 2493 2390 2547 etiam
2412 2507 2474 2548 ex
2500 2497 2787 2567 semetipso
2812 2500 3115 2570 inveniens,
3142 2504 3341 2574 objecit
3364 2507 3413 2562 ci
3441 2510 3615 2566 valida
3642 2514 3797 2570 valde

2226 2591 2282 2637 et
2312 2582 2471 2639 fortia
2498 2602 2597 2656 pro
2626 2589 2872 2645 veritate.
2908 2590 3194 2649 Conclusit
3231 2595 3391 2651 etiam
3425 2600 3795 2658 adversarium

2226 2674 2498 2733 Diodorus
2550 2695 2617 2734 ex
2666 2682 2980 2738 nominibus
3012 2684 3148 2755 (50),
3197 2687 3382 2746 dicens
3420 2691 3494 2745 ita
3544 2711 3559 2748 :
3604 2693 3797 2754 Dixisti

2223 2769 2333 2823 duo
2357 2784 2478 2826 esse
2502 2769 2863 2831 Testamenta
2882 2818 2898 2843 ,
2935 2778 3024 2833 die
3042 2794 3172 2850 ergo
3213 2783 3322 2837 duo
3347 2799 3466 2839 esse
3494 2796 3673 2842 vetera
3703 2800 3797 2845 aut

2222 2858 2331 2913 duo
2378 2862 2563 2916 nova?
2613 2862 2871 2933 Ejusdem
2935 2869 3079 2923 enim
3139 2875 3421 2943 temporis,
3476 2879 3560 2931 vel
3614 2882 3795 2949 potius

2220 2951 2561 3019 aeternitatis,
2610 2954 2720 3010 duo
2766 2959 2969 3014 asseris
2998 2974 3119 3015 esse
3168 2962 3446 3034 ingenita;
3486 2976 3541 3023 et
3587 2971 3633 3025 si
3683 2973 3794 3028 duo

2220 3049 2367 3108 sunt,
2396 3043 2507 3099 duo
2545 3055 2759 3115 oportet
2791 3057 2971 3104 vetera
3018 3052 3131 3122 (51)
3183 3061 3527 3123 testamenta,
3561 3070 3655 3115 aut
3682 3062 3793 3119 duo

2218 3147 2379 3187 nova.
2407 3132 2563 3200 Quod
2589 3136 2635 3192 si
2671 3137 2777 3193 hoc
2803 3153 2912 3195 non
2938 3141 3075 3198 dicis
3095 3183 3111 3210 ,
3142 3144 3235 3199 sed
3265 3162 3431 3202 unum
3462 3165 3583 3206 esse
3614 3162 3790 3221 vetus,

2860 3244 3077 3286 rursum
3128 3249 3272 3290 unus
3335 3239 3619 3309 utriusque
3676 3242 3789 3315 (52)

2228 3324 2418 3368 auctor
2432 3317 2754 3385 ostenditur,
2774 3327 2828 3374 et
2842 3320 2959 3391 ejus
2974 3317 3094 3377 esse
3119 3336 3297 3392 vetus,
3321 3329 3478 3398 cujus
3493 3343 3545 3385 et
3565 3347 3788 3399 novum,

2213 3409 2600 3476 consequentia
2648 3410 2762 3480 ipsa
2792 3414 2984 3469 edocet
3019 3415 3132 3487 (55)
3171 3433 3185 3469 :
3220 3418 3385 3474 veluti
3416 3422 3460 3475 si
3488 3423 3612 3491 quis
3640 3426 3788 3481 dicat

2211 3496 2440 3561 homini,
2455 3496 2596 3553 Loca
2621 3501 2755 3555 mihi
2774 3502 2886 3574 (54)
2904 3514 3139 3561 veterem
3161 3508 3383 3564 domum
3403 3521 3581 3581 tuam;
3606 3530 3789 3573 nonne

2210 3600 2306 3654 per
2329 3586 2431 3642 hoc
2459 3587 2571 3660 (55)
2608 3591 2768 3645 etiam
2802 3609 2955 3649 novae
2981 3597 3176 3652 domus
3206 3600 3487 3657 dominum
3510 3619 3633 3659 eum
3663 3621 3786 3663 esse

2210 3682 2562 3747 pronuntiat?
2588 3682 2697 3736 Aut
2726 3699 2943 3740 rursum
2974 3688 3020 3741 si
3043 3688 3189 3745 dicat
3225 3692 3297 3749 ei.
3331 3708 3526 3748 novam
3561 3697 3783 3753 domum

2211 3776 2357 3823 tuam
2391 3780 2586 3839 praesta
2626 3772 2795 3840 mihi;
2825 3790 3007 3831 nonne
3040 3779 3228 3834 eodem
3257 3782 3422 3837 verbo
3446 3785 3611 3841 etiam
3639 3796 3783 3844 vete-

2208 3875 2322 3914 rem
2359 3876 2483 3915 eum
2506 3862 2707 3919 habere
2732 3864 3026 3936 designat?
3056 3868 3260 3926 Deinde
3292 3873 3425 3927 illud
3449 3877 3610 3931 etiam
3649 3894 3776 3948 per-

2211 3952 2498 4008 videndum
2544 3963 2648 4021 est,
2710 3957 2839 4025 quia
2866 3973 2932 4012 ex
2984 3975 3095 4029 quo
3130 3961 3238 4016 duo
3283 3974 3431 4023 sunt.
3484 3966 3782 4039 ingenitam

2207 4040 2469 4098 habentes
2503 4055 2751 4098 naturam
2775 4085 2790 4110 ,
2821 4061 2885 4100 ex
2919 4060 2985 4102 eo
3011 4063 3237 4105 necesse
3272 4060 3357 4106 est
3385 4054 3548 4110 etiam
3579 4057 3778 4115 habere

2214 4148 2657 4205 unumquemque
2705 4137 2950 4205 ipsorum
3029 4148 3181 4197 vetus
3241 4140 3672 4218 Testamentum,
3725 4161 3783 4208 et

611 4210 1072 4316 “agant-"13"",
1101 4219 1341 4316 128;?
1385 4223 1660 4316 Exedunt.
1717 4230 2205 4316 _:°_Mattli.tr,’l§.
2282 4241 2530 4316 °f_Exod._
2556 4259 2668 4299 xiv.
2743 4246 2792 4278 ⁷⁸
2820 4246 2987 4303 Marc.
3024 4264 3146 4316 vni,
3204 4252 3290 4307 15.
3367 4254 3411 4286 ⁷¹
3454 4255 3622 4313 Exod.
3664 4276 3779 4316 xvr.

541 4279 587 4352 ξξ
621 4278 817 4352 Matth.
876 4300 986 4339 xiv.
1059 4278 1147 4320 ’⁷³
1196 4290 1363 4347 Exod.
1419 4278 1604 4352 xxxiv.

755 4537 1285 4619 CodexBobiensis,
1330 4567 1348 4600 ε
1383 4551 1525 4619 quod
1559 4552 1653 4606 ait.
1691 4572 1712 4605 ι

748 4606 809 4686 ln
840 4609 1118 4694 Casinensi
1140 4605 1326 4671 codice
1367 4605 1649 4696 scribitur,
1691 4642 1710 4675 ε
1745 4625 2097 4696 scientibus”
2135 4619 2180 4674 Ῑ)

540 4672 595 4726 iu
633 4672 906 4763 Bobiensi,
944 4698 964 4730 ε
987 4683 1252 4763 scientes:
1283 4705 1302 4738 ι
1330 4672 1422 4763 sed
1452 4672 1720 4756 Valesius,
1754 4712 1774 4744 ι
1804 4672 2096 4763 δοίθηῑίδῖἰ

538 4745 934 4838 emendandum
954 4754 1222 4838 “censuit,
1278 4759 1436 4827 cujus
1492 4745 1775 4838 sententiae
1804 4745 2104 4838 astipulati

538 4815 926 4900 sumus.mlln.f_ra
952 4815 1255 4900 Bobiensis,
1293 4844 1325 4900 t_
1345 4815 1750 4900 etkanipliusfi

609 4884 724 4979 (ἐξ)
742 4883 969 4979 ginnas,
981 4888 1175 4979 etiam
1187 4883 1327 4976 apud
1356 4883 1863 4979 Lxx_,‘est'escena
1892 4907 2100 4979 scirpea

532 4955 586 5010 in
614 4952 876 5037 ’Ylu‘lg‘ata.
920 4957 1052 5037 M_ox_
1072 4952 1379 5037 Bobiensis,
1409 4986 1429 5019 σ
1461 4952 1714 5037 ripam—i—

607 5024 929 5097 (liiYCodex
961 5028 1266 5097 Bobiensis,
1301 5052 1320 5085 ι
1361 5024 1533 5092 matre
1565 5024 1752 5096 Maria.
1791 5061 1810 5094 ›

608 5095 720 5167 (17)
748 5096 930 5181 Codex
948 5095 1261 5181 Bobiensis,
1286 5113 1393 5159 tam
1425 5095 1896 5181 hiequaminfra,
1937 5131 1957 5166 ς
1996 5113 2103 5172 Do-

535 5165 719 5236 minus
745 5176 953 5236 noster.
987 5188 1006 5221 ι
1041 5168 1161 5224 Mox
1186 5212 1201 5236 ,
1239 5165 1256 5224 ὰ
1289 5165 1574 5231 saturavit:

608 5234 716 5325 (18)
749 5234 980 5325 ΙιΞςιηιη(
1010 5234 1343 5325 masculum.
1403 5246 1608 5325 LMox,
1648 5269 1667 5302 ι
1698 5268 1796 5325 pro
1824 5256 2042 5325 populo.
2078 5273 2097 5306 ι

537 5301 713 5389 Infra,
734 5304 1114 5389 «nPharis'teus,
1140 5310 1318 5389 Pater.
1351 5333 1368 5389 ξ
1403 5315 1546 5389 Mox,
1585 5301 1608 5370 ί

746 5374 931 5456 Codex
960 5373 1266 5456 Bobiensis,
1300 5403 1319 5435 ‹
1354 5386 1406 5439 in
1445 5373 1753 5456 gloi-ianifi

751 5445 892 5532 lfdem
914 5488 930 5514 ,
960 5443 1302 5532 (“respicere
1345 5473 1364 5505 ι
1393 5443 1537 5532 Mox,
1566 5476 1584 5509 ε
1616 5462 1797 5532 vultus
1827 5463 1966 5532 ejus.
2005 5485 2023 5518 ι

611 5512 721 5586 (ξι)
753 5512 936 5586 _C_odex
962 5512 1267 5585 Bobiensis,
1306 5543 1324 5575 ‹
1361 5512 1587 5580 νίιυιιίηι
1630 5512 1948 5586 desistit";

612 5581 946 5664 (22)Melius
992 5581 1300 5664 Vulgata,v_t
1340 5599 1580 5664 separari
1608 5581 2099 5659 lioini'nﬁemadver-

542 5665 636 5742 sus
657 5663 1083 5742 patremjsuu-m;
1118 5676 1145 5742 i_
1177 5671 1230 5742 et
1260 5662 1484 5742 :l‘ertull.
1509 5667 1770 5725 Adversus
1801 5672 2095 5742 Gnosticos,

540 5722 1102 5799 cap._l0,_c_dividere
1133 5730 1428 5799 hominem,
1467 5753 1485 5799 η
1524 5747 1626 5792 etc.

757 5791 1046 5878 iliobiensis
1077 5799 1268 5878 codex,
1300 5820 1319 5851 ε
1361 5791 1427 5878 in,
1442 5791 1688 5878 caligine.
1727 5829 1744 5862 ι

632 5861 722 5931 tu)
757 5860 899 5917 Idem
926 5865 1115 5933 codex,
1152 5886 1171 5919 ς
1204 5860 1265 5923 ἰή
1289 5873 1430 5926 navi.
1470 5894 1488 5925 ι

546 4298 586 4311 σ-
628 4298 817 4335 mauu.
876 4300 986 4339 xiv.
1102 4298 1147 4320 "
1196 4298 1363 4347 Exod.
1419 4312 1604 4352 xxxiv.
1717 4298 1764 4334 ⁷⁸
1799 4301 1986 4359 Matth.
2037 4298 2110 4375 tv,

539 4347 588 4379 ⁷⁸
620 4346 748 4406 Luc.
788 4369 952 4417 xxm,
985 4356 1072 4410 51.
1147 4359 1194 4391 "'
1226 4361 1397 4417 Exod.
1432 4381 1617 4431 xxxiv,
1647 4367 1736 4422 55.
1809 4372 1855 4403 ⁸ο
1888 4372 2077 4434 Matth.
2117 4396 2131 4433 ι

540 4431 669 4456 ΪΫΙΙῘ
726 4419 775 4456 ἶη
812 4424 915 4456 “nn
1031 4425 1078 4456 δι
1106 4426 1269 4456 “nell.
1322 4449 1409 4456 -..-.
1464 4435 1543 4456 ων
1630 4437 1675 4456 nl:
1706 4437 1744 4456 Π
1840 4441 1852 4456 I
2091 4449 2131 4456 *Α

2305 4312 2351 4343 ⁷⁵
2384 4312 2554 4367 Exod.
2605 4298 2701 4370 xn.
2814 4298 3290 4385 “biatthT-tiJ-C’.‘
3353 4324 3399 4355 ⁷⁷

2233 4421 2246 4443 ,
2276 4381 2330 4456 2,.
2406 4382 2451 4413 ⁸¹
2497 4382 2667 4456 Exod.
2698 4401 2867 4456 xxxii.
2943 4389 2988 4420 ⁸⁸
3018 4389 3206 4445 Matth.
3239 4408 3292 4456 x,
3332 4393 3420 4449 54.

540 4431 688 4482 xxiv,
724 4419 777 4474 in
810 4424 934 4479 line.
1031 4425 1078 4459 ⁸⁸
1105 4426 1292 4486 Matth.
1321 4449 1429 4501 xw,
1464 4435 1553 4489 25'.
1580 4419 2362 4505 ν’θδ
2394 4419 2648 4518 γιιιῗὲδί

2305 4312 2351 4343 τι
2384 4312 2554 4385 13mg.
2605 4330 2701 4370 χιι.
2814 4318 2861 4348 τι
2891 4312 3167 4385 Matth.ti,
3192 4322 3277 4376 16.
3353 4324 3399 4355 π
3438 4324 3606 4381 Exod.
3652 4312 3767 4385 an.

3531 4396 3577 4429 ⁸³
3599 4398 3771 4457 Exodo

2725 4455 2768 4486 ⁸⁷
2797 4455 2966 4511 Exod.
2994 4474 3124 4513 xvu.

2283 4564 2397 4637 (25)
2427 4565 2607 4637 Codex
2634 4567 2941 4637 Bobiensis,
2986 4589 3005 4622 ι
3040 4572 3094 4627 in
3127 4573 3265 4629 istis.
3307 4595 3325 4628 ι

2276 4635 2387 4757 (Ξίξῖ)
2420 4634 2604 4691 Codex
2626 4634 2942 4719 Bobiensis,
2976 4659 3009 4723 ι.
3024 4644 3281 4724 velociter
3307 4647 3566 4727 libellum.
3608 4668 3627 4701 ›

2280 4705 2336 4757 (2
2377 4707 2392 4757 l
2423 4703 2592 4757 Idem.
2629 4726 2648 4757 ι
2678 4710 2833 4757 mllll.
2861 4711 3183 4757 charissima
3232 4718 3360 4757 num
3393 4731 3578 4757 nne-mg

2417 4703 2592 4786 idem,
2629 4710 2833 4786 qmihi,
2861 4711 3202 4786 charissima,
3232 4718 3360 4784 quid
3393 4703 3603 4786 postea.
3643 4737 3662 4772 ι

2274 4774 2384 4844 (28)
2412 4775 2593 4830 Codex
2632 4776 2968 4842 Casinensis,
3010 4800 3029 4832 ‹
3068 4774 3210 4837 Deus
3233 4774 3498 4842 omnium.
3533 4807 3553 4841 ›

2268 4843 2377 4915 (29)
2402 4844 2540 4940 Male
2565 4846 2891 4940 Casinensi's
2907 4850 3136 4940 eodem
3161 4853 3297 4940 legis
3317 4855 3493 4935 inesse
3515 4859 3777 4940 cognitio-

2201 4913 2403 4996 nem.)
2437 4913 2573 4996 Male
2597 4927 2651 4969 et
2682 4916 2822 4996 infra
2845 4913 3151 4996 Bobiensis,
3190 4913 3483 4996 (veniens,
3511 4913 3763 4996 objecit.»

2204 4982 2410 5106 Sedbet
2454 4986 2769 5041 Casinensis
2825 5004 2924 5058 pro
2985 5008 3004 5041 ι
3066 4982 3285 5061 objecit,
3337 5012 3356 5045 ι
3417 4982 3774 5055 male'haba

2206 5069 2225 5103 ι
2262 5069 2295 5105 0
2324 5060 2492 5106 tecta.
2523 5073 2542 5105 ›

2206 5069 2225 5103 ι
2262 5052 2492 5108 obiecta.
2523 5073 2542 5105 ›

2270 5070 2672 5204 ῗὲὀῗθῖἶῖρἒιιιθ
2691 5134 2800 5181 'est
2831 5126 3243 5204 liichobiensis
3269 5133 3475 5190 codicis
3500 5136 3680 5204 lectio,
3714 5139 3769 5194 in

2200 5205 2309 5261 quo
2340 5194 2683 5267 seribitur,_t
2723 5212 2790 5250 ex
2826 5194 3090 5267 navibus;
3144 5219 3164 5255 ο
3199 5211 3419 5259 econtra
3449 5194 3770 5266 Casinensis

2200 5262 2536 5336 mox‘ha‘bet,
2575 5283 2592 5316 ι
2622 5265 2807 5336 dicens
2843 5266 2915 5319 ita
2942 5262 3113 5336 dixit,
3152 5290 3172 5322 ι
3207 5273 3345 5326 mala
3370 5274 3555 5330 itidem
3585 5262 3766 5334 lectio:

2270 5331 2382 5409 (51)
2409 5333 2926 5409 C_odcx_Bo_biensis,
2963 5356 2982 5390 c
3011 5331 3223 5409 oportet
3256 5353 3308 5396 et
3338 5353 3539 5398 vetera.
3572 5363 3591 5397 ι

2416 5402 2552 5486 Male
2571 5404 2910 5486 Casinensis,
2945 5426 2963 5458 ι
2997 5402 3188 5486 rursus
3204 5414 3384 5470 omnis
3405 5417 3710 5486 utriusque.
3741 5436 3763 5471 ι

2272 5473 2383 5543 (55)
2416 5473 2598 5543 Codex
2626 5476 2961 5543 Casinensis,
2995 5497 3014 5530 ι
3053 5481 3270 5535 docent.
3308 5500 3328 5534 ι

2271 5541 2531 5621 (ﬁnitae
2566 5557 2651 5599 est
2677 5541 3189 5621 Dobiensiscodicis
3212 5552 3371 5609 lectio
3394 5571 3408 5621 ;
3433 5569 3558 5608 nam
3583 5554 3637 5609 in
3663 5555 3770 5612 Ca-

2200 5612 2403 5688 sinensi
2456 5622 2556 5688 est,
2592 5632 2633 5688 Δι
2690 5616 2894 5688 homini
2929 5618 3082 5674 diviti
3112 5621 3269 5688 mihi,
3323 5641 3343 5675 ι
3393 5612 3544 5679 nullo
3575 5640 3763 5683 sensu.

2199 5679 2381 5745 Forte,
2423 5700 2441 5733 ‹
2475 5684 2685 5737 dimitte
2719 5685 2871 5738 mihi.
2912 5706 2931 5739 ι

2268 5749 2377 5838 (55)
2413 5751 2595 5806 Codex
2634 5753 2935 5827 Bobiensis,
2976 5779 2994 5812 ι
3049 5776 3155 5816 non
3198 5777 3325 5833 per;
3374 5783 3394 5816 ι
3434 5765 3525 5821 sed
3561 5767 3617 5823 in
3646 5781 3765 5838 seq.

2202 5819 2361 5875 habet
2391 5841 2408 5872 ι
2440 5837 2639 5878 nonne.
2687 5844 2706 5874 ι
