4090 6382
297 409 314 461 1
329 407 432 461 505

1385 398 1527 455 CUM
1567 396 1846 452 MANETE
1884 396 2415 453 HERESIARCHA.

3396 405 3531 462 1506

297 527 427 582 ﬁent
461 526 571 598 ('56)
604 529 712 582 due
743 535 922 582 vetera
959 525 1341 586 Testamenta;
1393 522 1435 576 si
1468 530 1646 575 tamen
1681 520 1870 574 ambos
1899 528 1944 579 Α
1975 528 2029 574 et
2061 536 2167 574 non
2201 521 2332 575 satis
2356 519 2760 588 Scripturarum
2797 522 3189 592 questionibus
3221 525 3528 582 eruditum;

293 620 575 689 antiquos,
629 631 682 675 et
729 621 846 675 sine
889 619 1044 672 initio
1067 630 1186 671 esse
1211 615 1367 668 dicis.
1405 612 1514 683 Ego
1540 621 1718 666 autem
1756 626 1861 665 non

293 712 369 765 ita
403 712 607 775 didici,
642 727 816 781 neque
853 711 924 763 ita
967 708 1249 764 continent
1281 706 1591 775 Scriptum.
1631 702 1712 756 Tu
1736 717 1864 757 vero

295 803 390 870 qui
413 802 548 855 dicis
577 803 744 871 legem
781 801 948 870 Moysi
974 814 1094 853 esse
1121 797 1339 862 maligni
1366 796 1645 865 principis,
1683 804 1734 847 et
1756 810 1864 848 non

299 893 427 945 boni
464 892 556 944 Dei
587 933 600 954 ,
641 892 726 945 die
757 891 910 954 mihi,
943 889 1035 958 qui
1056 895 1211 941 erant
1234 886 1305 940 illi
1333 887 1423 954 qui
1453 885 1776 938 resistebant
1810 885 1864 938 in

296 980 491 1036 faciem
529 981 718 1050 Moysi,
771 978 1018 1033 Jamneni
1054 979 1177 1032 dico
1211 985 1261 1030 et
1309 976 1642 1029 Mambrem?
1695 974 1865 1028 Omne

295 1071 441 1122 enim
494 1073 637 1139 quod
687 1069 910 1134 resistit,
964 1084 1071 1122 non
1127 1067 1446 1134 sibimetipsi
1494 1067 1716 1132 resistit,
1771 1066 1862 1119 sed

297 1161 412 1222 alii,
454 1172 548 1214 aut
580 1162 788 1214 meliori
819 1172 911 1214 aut
939 1159 1221 1224 deteriori,
1263 1157 1403 1211 sicut
1435 1156 1637 1211 Paulus
1666 1158 1865 1211 indicat

298 1251 362 1301 ad
384 1249 726 1303 Timotheum
751 1251 802 1303 in
821 1251 1057 1304 secunda
1076 1247 1312 1318 Epistola
1336 1262 1432 1300 sua
1452 1247 1696 1302 scribens
1716 1246 1823 1316 (57)
1847 1264 1859 1298 :

302 1357 322 1388 ι
364 1339 829 1404 Quemadmodum
875 1339 1095 1394 Jamnes
1140 1349 1194 1393 et
1233 1337 1501 1391 Mambres
1554 1337 1864 1390 restiterunt

299 1430 464 1501 Moysi
494 1471 507 1493 ,
547 1431 616 1485 ita
644 1441 698 1486 et
728 1431 817 1486 isti
853 1431 1167 1485 restiterunt
1197 1430 1432 1493 veritati,
1467 1429 1716 1484 homines
1749 1443 1867 1482 cor-

297 1524 441 1593 rupti
498 1534 697 1590 mente,
749 1526 964 1594 reprobi
1005 1524 1148 1576 circa
1197 1522 1354 1576 ﬁdem
1371 1540 1395 1586 ;-
1433 1521 1526 1576 sed
1569 1521 1708 1575 ultra
1754 1536 1862 1574 non

297 1617 598 1686 proﬁcient.
655 1617 965 1686 lnsipientia
1010 1618 1154 1671 enim
1211 1630 1398 1668 eorum
1449 1613 1702 1667 omnibus
1749 1612 1862 1684 (58)

299 1717 422 1759 nota
448 1715 550 1770 est,
584 1707 724 1759 sicut
761 1715 815 1758 et
847 1707 1060 1760 illorum
1097 1705 1198 1758 fuit
1224 1705 1312 1758 ⁸⁷⁸,
1343 1723 1361 1756 ι
1401 1701 1561 1756 Vides
1590 1702 1863 1772 quomodo

299 1795 546 1852 Jamnem
588 1807 641 1852 et
683 1796 977 1851 Mambrem
1020 1797 1330 1850 hominibus
1363 1803 1642 1862 comparat
1678 1810 1865 1848 corru-

300 1891 406 1958 ptis
449 1898 626 1944 mente
669 1899 724 1943 et
783 1889 1027 1959 reprobis
1063 1889 1203 1942 circa
1238 1888 1430 1952 ﬁdem;
1477 1885 1692 1956 Moysen
1736 1903 1864 1941 vero

298 1981 510 2036 veritati
533 1982 556 2022 Ῥ
603 1980 707 2034 Sed
737 1989 791 2034 et
821 1989 1044 2034 sanctus
1072 1978 1310 2032 Joannes
1341 1977 1610 2030 maximus
1635 1991 1866 2047 evange-

298 2074 544 2128 listarum
569 2073 663 2135 ait,
699 2073 926 2139 gratiam
958 2071 1127 2142 gratia
1165 2080 1440 2139 przestare,
1468 2080 1520 2123 et
1547 2068 1759 2122 diﬁ‘errc
1783 2069 1862 2135 '3;

296 2179 364 2218 ex
405 2163 738 2233 plenitudine
781 2163 924 2216 enim
979 2161 1108 2215 Jesu
1157 2161 1326 2228 legem
1378 2160 1545 2230 Moysi
1592 2159 1866 2228 accepisse

297 2269 398 2309 nos
433 2255 594 2318 dicit;
640 2255 802 2307 aliam
837 2262 1020 2306 autem
1057 2253 1282 2321 gratiam
1313 2265 1412 2320 pro
1442 2251 1530 2305 illa
1567 2250 1739 2320 gratia
1772 2265 1866 2318 per

294 2341 479 2397 Jesum
530 2342 807 2396 Christum
851 2356 972 2396 esse
1027 2341 1349 2408 completam
1400 2339 1455 2391 in
1498 2338 1676 2391 nobis.
1709 2335 1884 2408 Quod

294 2434 591 2488 ostendens
620 2433 782 2486 etiam
808 2433 922 2500 ipse
951 2430 1428 2485 Dominus'noster.
1451 2427 1610 2482 Jesus
1641 2427 1818 2480 aiebat
1848 2444 1862 2482 :

302 2540 321 2573 ι
356 2520 474 2574 Non
523 2521 723 2590 putetis
766 2520 899 2588 (59),
950 2520 1078 2587 quia
1133 2533 1234 2583 ego
1289 2532 1386 2571 vos
1422 2515 1693 2570 accusabo
1723 2514 1865 2584 apud

297 2612 534 2667 Patrem.
561 2610 655 2666 Est
694 2611 787 2680 qui
822 2625 920 2664 vos
949 2618 1167 2664 accuset
1196 2607 1430 2677 Moyses,
1465 2606 1517 2659 in
1549 2620 1711 2675 quem
1753 2604 1863 2674 (40)

295 2719 396 2758 vos
419 2703 680 2773 speratis;
721 2701 767 2755 si
826 2700 972 2754 enim
1015 2697 1308 2753 crederetis
1343 2694 1536 2766 Moysi,
1574 2694 1866 2749 crederetis

296 2800 485 2868 utique
512 2807 566 2852 et
595 2796 728 2850 mihi
757 2794 905 2865 (4i);
935 2793 1002 2848 de
1028 2807 1116 2846 me
1146 2791 1290 2845 enim
1321 2790 1409 2843 ille
1441 2787 1677 2858 scripsit.
1711 2785 1867 2852 Quod

295 2893 344 2946 si
391 2891 584 2946 litteris
629 2889 776 2944 illius
808 2902 915 2941 non
940 2885 1180 2948 creditis,
1213 2880 1488 2953 quomodo
1520 2879 1699 2934 verbis
1730 2878 1866 2933 meis

295 2984 531 3039 credetis
561 2982 644 3034 "‘2
685 2999 704 3032 ι
753 2979 892 3033 Sunt
919 2978 1083 3031 etiam
1124 2975 1229 3029 alia
1264 2973 1433 3027 multa
1458 2987 1580 3041 quae
1605 2970 1709 3025 dici
1742 2985 1868 3038 pos-

298 3084 422 3130 sent
466 3073 577 3142 (42)
619 3081 674 3127 et
717 3071 785 3126 de
825 3069 1072 3138 apostolo
1099 3065 1290 3129 Paulo,
1327 3073 1382 3120 et
1421 3064 1488 3118 de
1520 3061 1863 3133 Evangeliis;

293 3183 363 3221 ex
390 3166 590 3236 quibus
618 3162 905 3218 ostendere
949 3173 1245 3229 possumus
1274 3165 1508 3210 veterem
1542 3153 1713 3224 legem
1757 3167 1864 3206 non

292 3275 418 3314 esse
455 3259 679 3312 alterius
713 3268 878 3322 quam
926 3251 1165 3316 Domini,
1211 3248 1369 3318 cujus
1391 3255 1477 3302 est
1510 3243 1722 3299 Novum
1757 3242 1864 3298 Te-

295 3361 657 3414 stamentum,
707 3362 830 3416 (ιΙΙΞΒ
863 3359 962 3398 nos
999 3349 1370 3411 competenter
1393 3352 1665 3406 exponere
1690 3344 1744 3390 et
1781 3351 1869 3406 ap-

297 3454 416 3499 tare
460 3441 711 3496 convenit
743 3439 877 3508 (43).
909 3434 1028 3489 Jan]
1063 3448 1252 3502 vesper
1284 3431 1526 3500 impedit,
1572 3430 1690 3483 dies
1721 3429 1864 3482 enim

295 3535 608 3596 clauditur,
667 3541 722 3587 et
774 3531 934 3584 linem
1007 3541 1107 3580 nos
1162 3523 1475 3593 disputandi
1534 3521 1712 3575 facere
1770 3536 1868 3589 par

294 3636 420 3695 est;
468 3626 709 3680 crastino
736 3631 917 3677 autem
947 3619 1104 3674 nobis
1147 3615 1280 3686 (44),
1316 3615 1383 3668 de
1425 3614 1624 3684 quibus
1663 3612 1758 3666 tibi
1790 3613 1869 3666 vi-

296 3720 476 3783 detur,
512 3717 842 3788 quaestiones
873 3714 1194 3767 habeantur.
1227 3706 1294 3761 Et
1342 3707 1429 3760 bis
1466 3705 1625 3760 dictis
1665 3705 1869 3760 disces-

297 3821 487 3869 serunt
521 3811 656 3881 (45),

369 3903 554 3960 XLVI.
607 3903 744 3957 Cum
789 3907 971 3953 autem
1011 3912 1168 3951 mane
1216 3893 1417 3949 factum
1473 3897 1638 3954 esset,
1689 3887 1869 3942 subito

299 3997 609 4051 adventavit
651 3990 950 4046 Archelaus
996 3988 1062 4041 ad
1113 3984 1397 4040 castellum
1473 3981 1578 4036 hoc
1642 3981 1695 4032 in
1757 3994 1867 4049 quo

297 4088 615 4142 morabatur
641 4083 929 4145 Diodorus,
974 4079 1292 4148 priusquam
1319 4073 1544 4127 omnino
1571 4071 1863 4140 quisquam

297 4181 368 4234 ad
393 4179 668 4250 publicum
707 4174 1039 4246 procederet.
1077 4168 1261 4223 Manes
1289 4180 1419 4221 vero
1445 4165 1702 4234 ignorans
1732 4177 1866 4232 pra:-

298 4281 507 4326 sentem
555 4284 675 4324 esse
705 4265 1030 4321 Archelaum
1061 4303 1075 4326 ,
1138 4273 1357 4315 rursum
1410 4255 1704 4308 Diodorum
1740 4266 1866 4322 pro-

299 4363 528 4418 vocabat
551 4361 617 4415 ad
645 4359 921 4429 publicum
945 4395 959 4419 ,
995 4362 1052 4408 ut
1077 4367 1198 4408 cum
1233 4365 1298 4404 eo
1323 4345 1688 4417 disputatione
1727 4358 1864 4398 ροη-

301 4457 581 4518 tenderet,
632 4452 820 4506 volens
876 4464 1000 4504 eum
1055 4446 1235 4500 verbis
1283 4441 1588 4510 opprimere
1617 4476 1631 4501 ,
1680 4453 1748 4491 ex
1800 4450 1865 4491 eo

1965 613 2217 666 Archelai
2273 613 2418 666 enim
2465 612 2727 667 doctrina:
2778 613 2890 682 jam
2940 625 3258 685 perceperat
3291 629 3529 687 gustum.

1965 705 2099 759 Cum
2139 721 2268 774 ergo
2313 715 2366 760 et
2396 707 2569 760 turba:
2592 707 2973 762 convenissent
2994 709 3058 761 ad
3089 709 3310 764 solitum
3339 711 3532 780 dispuo

1966 800 2182 852 tationis
2232 800 2432 864 locum,
2484 807 2538 853 et
2577 799 2758 853 Manes
2786 798 2895 868 jam
2934 801 3095 854 verba
3124 800 3300 855 facere
3336 803 3536 870 cmpis-

1965 899 2064 954 set,
2112 890 2292 944 subito
2341 890 2394 943 in
2445 889 2620 944 medio
2661 905 2850 943 eorum
2901 891 3152 958 apparuit
3208 890 3532 956 Archelaus,

1964 995 2027 1033 ac
2062 979 2352 1034 Diodorum
2403 981 2756 1050 complexus,
2803 989 2990 1035 sancto
3025 982 3212 1037 osculo
3255 983 3530 1038 salutavit.

1964 1070 2231 1128 Diodorus
2282 1089 2432 1138 vero,
2495 1081 2544 1126 et
2600 1087 2792 1127 omnes
2864 1072 2957 1141 qui
3002 1083 3294 1142 praesentes
3352 1086 3530 1138 erant,

1964 1163 2213 1216 a'lmirati
2245 1173 2371 1218 sunt
2399 1179 2535 1232 opus
2561 1165 2756 1218 divinze
2787 1163 3144 1218 Providentiae
3165 1204 3179 1228 ,
3216 1173 3276 1218 ut
3314 1167 3367 1218 in
3393 1176 3531 1220 tem-

1963 1268 2094 1320 pore
2141 1255 2258 1322 ipso
2299 1256 2612 1308 adventaret
2659 1255 2959 1310 Archelaus
3004 1271 3114 1324 quo
3152 1258 3382 1325 quaestio
3414 1272 3531 1310 mo-

1962 1346 2205 1410 vebatur;
2239 1361 2296 1399 re
2325 1345 2468 1398 enim
2500 1361 2648 1410 vera,
2677 1346 2821 1414 quod
2854 1345 3127 1400 fatendum
3151 1355 3256 1410 est,
3279 1348 3434 1416 quasi
3463 1364 3528 1400 ex

1962 1443 2114 1506 parte
2143 1436 2323 1504 aliqua
2353 1436 2639 1506 religiosus
2663 1434 2929 1489 Diodorus
2957 1437 3308 1504 pertimuerat
3337 1435 3529 1489 conﬂi-—

1964 1536 2132 1581 ctum.
2153 1525 2289 1579 Cum
2321 1536 2500 1579 autem
2537 1527 2758 1581 vidisset
2790 1525 3111 1580 Archelaum
3153 1525 3370 1589 Manes,
3411 1543 3532 1581 ces-

1963 1619 2102 1672 savit
2131 1616 2348 1686 quidem
2390 1618 2648 1670 continuo
2674 1615 2742 1670 ab
2766 1614 3136 1682 insultatione,
3161 1626 3213 1670 et
3241 1617 3533 1686 supercilio

1963 1720 2072 1760 non
2096 1721 2285 1776 parum
2326 1705 2535 1774 dejecto
2558 1747 2572 1770 ,
2618 1697 2901 1758 manifeste
2928 1705 3354 1774 intelligebatur,
3385 1707 3533 1774 quod

1965 1799 2276 1852 conﬂictum
2301 1798 2459 1852 vellet
2483 1798 2737 1868 eﬂ'ugere.
2761 1796 3046 1850 Multitudo
3070 1813 3200 1851 vero
3221 1798 3530 1852 auditorum

1966 1891 2252 1944 adventum
2281 1889 2552 1952 Archelai,
2586 1889 2733 1943 velut
2755 1887 2983 1958 apostoli
3016 1888 3381 1956 praesentiam,
3413 1890 3534 1958 opi-

1966 1993 2095 2036 nata
2124 1990 2227 2047 est,
2257 1996 2355 2050 pro
2377 1995 2443 2034 eo
2466 1981 2610 2050 quod
2640 1981 2705 2034 ad
2729 1980 2878 2034 verbi
2911 1979 3279 2033 defensionem
3305 1988 3411 2033 tam
3437 1995 3533 2048 pa-

1967 2083 2117 2127 ratus
2149 2081 2199 2126 et
2229 2083 2334 2125 tam
2367 2081 2651 2141 promptus
2701 2071 3008 2124 exsisteret.
3042 2068 3107 2122 Et
3147 2084 3270 2122 cum
3314 2069 3534 2122 dextera

1965 2164 2238 2218 silentium
2276 2163 2614 2232 poposcisset
2643 2178 2671 2214 a
2699 2163 2902 2232 populo
2934 2161 3223 2231 (tumultus
3253 2159 3395 2213 enim
3425 2176 3534 2214 non

1965 2255 2258 2310 mediocris
2291 2253 2629 2322 exstiterat),
2665 2253 2768 2306 hoc
2801 2252 2960 2306 modo
2994 2251 3157 2320 erepit
3189 2250 3486 2304 Archelaus
3519 2268 3534 2304 :

1964 2347 2199 2401 Tametsi
2219 2347 2582 2415 prudentiam,
2617 2345 2840 2414 gloriam
2868 2344 3030 2398 etiam
3060 2351 3372 2396 nostrorum
3397 2359 3535 2396 non-

1965 2439 2096 2492 nulli
2128 2437 2361 2492 assecuti
2393 2445 2561 2491 sunt:
2611 2445 2790 2489 tamen
2836 2434 2940 2488 hoc
2986 2450 3081 2488 vos
3121 2433 3384 2501 deprecor
3412 2471 3427 2494 ,
3473 2442 3535 2485 ut

1964 2544 2151 2584 corum
2186 2543 2306 2595 qua:
2334 2534 2458 2580 ante
2483 2540 2569 2579 me
2599 2525 2744 2578 dicta
2777 2532 2925 2583 sunt,
2958 2520 3330 2576 testimonium
3356 2535 3534 2576 reser-

1965 2621 2121 2673 vetis.
2164 2618 2291 2671 Scio
2325 2617 2468 2670 enim
2503 2624 2556 2669 et
2582 2625 2760 2670 certus
2797 2629 2953 2675 sum,
3003 2611 3228 2676 fratres,
3274 2610 3534 2678 quoniam

1969 2708 2203 2763 Diodoro
2237 2707 2345 2777 (46)
2377 2723 2481 2760 non
2510 2722 2608 2775 pro
2643 2705 2814 2774 ipsius
2848 2703 3277 2773 impossibilitate
3315 2716 3536 2756 succes-

1967 2803 2051 2868 si;
2087 2801 2178 2855 sed
2214 2799 2472 2869 quoniam
2504 2799 2665 2852 istum
2695 2813 2794 2866 ego
2825 2797 2950 2850 novi
2985 2805 3133 2860 tunc,
3172 2809 3294 2847 cum
3327 2794 3391 2846 ad
3434 2793 3534 2847 loci

1967 2893 2070 2945 mei
2095 2901 2274 2961 partes
2302 2888 2582 2958 improbus
2609 2887 2954 2949 advenisset,
2990 2884 3227 2938 Marceili
3261 2882 3362 2935 viri
3409 2882 3536 2934 illu-

1968 2982 2097 3038 stris
2128 2981 2300 3051 gratia
2331 2979 2463 3048 (47),
2503 2978 2691 3032 volens
2720 2992 2842 3031 eum
2872 2975 3141 3030 divertere
3170 2989 3199 3027 a
3224 2981 3410 3026 nostra
3441 2972 3539 3024 do-

1967 3074 2142 3129 ctrina
2175 3080 2228 3125 et
2255 3087 2285 3124 a
2315 3070 2444 3127 ﬁde.
2474 3068 2741 3130 videlicet,
2772 3080 2881 3136 quo
2911 3063 3203 3134 impietatis
3227 3063 3392 3130 hujus
3424 3061 3539 3114 ido-

1969 3179 2102 3220 neus
2150 3161 2450 3216 elliceretur
2486 3167 2761 3223 assertor;
2797 3162 2852 3211 et
2898 3165 3076 3209 tamen
3125 3153 3379 3208 omnibus
3424 3151 3540 3204 suis

1968 3255 2149 3310 verbis
2179 3255 2233 3308 in
2267 3251 2418 3306 nulio
2445 3265 2569 3305 eum
2601 3249 2866 3303 divertere
2899 3255 2951 3300 et
2981 3260 3199 3299 movere
3229 3241 3530 3312 prazvaluit.

1969 3346 2177 3402 Similis
2207 3344 2351 3399 enim
2383 3343 2635 3395 inventus
2685 3349 2764 3394 est
2821 3337 3266 3406 religiosissimus
3304 3331 3539 3386 Mai-celo

1967 3441 2052 3494 lus
2079 3447 2245 3508 petra:
2264 3437 2334 3498 ’°,
2358 3435 2413 3488 in
2439 3447 2546 3502 qua
2571 3431 2831 3486 aediﬁcata
2862 3438 2946 3484 est
2973 3429 3168 3482 domus
3190 3422 3537 3481 solidissimis

1967 3526 2366 3586 fundamentis;
2398 3533 2452 3577 et
2489 3537 2612 3577 cum
2639 3518 3006 3574 descendisset
3032 3515 3234 3586 pluvia,
3269 3525 3319 3568 et
3348 3511 3539 3566 irruis-

1967 3621 2089 3669 sent
2114 3611 2335 3666 ﬁumina
2366 3625 2432 3664 ac
2454 3607 2618 3673 venti,
2645 3613 2698 3662 et
2726 3605 3008 3660 illisissent
3035 3605 3089 3657 in
3113 3603 3335 3657 domum
3364 3602 3537 3662 illam,

1966 3704 2221 3774 perstitit;
2251 3701 2470 3756 fundata
2509 3700 2652 3755 enim
2690 3706 2808 3752 erat
2832 3693 3177 3751 solidissimis
3207 3701 3261 3746 et
3285 3690 3542 3745 immobi-

1967 3796 2109 3851 libus
2140 3791 2512 3849 lundamentis
2549 3809 2562 3846 :
2605 3789 2735 3844 huic
2774 3798 2955 3842 autem
3001 3787 3097 3856 qui
3141 3799 3380 3853 praesens
3429 3794 3534 3852 est,

1967 3883 2248 3940 infamiam
2280 3883 2462 3952 potius
2487 3880 2667 3934 intulit
2688 3888 2917 3932 conatus
2948 3877 3082 3944 ipse,
3104 3889 3267 3944 quam
3300 3873 3533 3931 laudem.

1966 3975 2083 4030 Non
2108 3984 2288 4029 autem
2317 3972 2449 4026 mihi
2485 3969 2636 4024 venia
2667 3968 2864 4036 dignus
2895 3966 3106 4019 videtur
3131 3965 3225 4032 qui
3258 3964 3541 4033 ignorave-

1966 4067 2058 4131 rit,
2090 4065 2232 4134 quod
2283 4062 2524 4116 futurum
2565 4068 2676 4122 est;
2716 4056 2999 4125 oportebat
3047 4055 3191 4108 enim
3232 4069 3356 4107 eum
3397 4069 3536 4122 prte-

1966 4172 2210 4220 noscere,
2261 4155 2351 4222 qui
2399 4158 2528 4207 sunt
2571 4147 2771 4219 proprii
2813 4147 2936 4212 sui;
2994 4145 3258 4214 siquidem
3304 4142 3538 4215 Spiritus

1965 4247 2230 4302 Paracleti
2276 4243 2482 4297 habitat
2527 4240 2700 4293 ineo.
2750 4238 2855 4292 Sed
2909 4235 3167 4306 quoniam
3217 4236 3538 4305 ignorantiae

1966 4338 2203 4396 tenebris
2234 4336 2541 4389 obczeeatus
2564 4341 2664 4396 est,
2696 4331 2748 4383 in
2770 4343 2968 4383 vanum
2999 4326 3262 4391 cucurrit,
3287 4341 3408 4379 cum
3435 4325 3536 4380 iter

1968 4431 2171 4486 faceret
2198 4428 2264 4480 ad
2290 4423 2624 4487 Marcellum,
2657 4431 2709 4475 et
2734 4419 2928 4475 similis
2958 4417 3134 4472 facere
3165 4416 3278 4487 (48)
3307 4417 3540 4470 astrolo-

494 4508 807 4599 advertebat
848 4555 972 4595 eum
1031 4508 1478 4590 hominem—esse
1527 4525 1826 4595 simplicem
1848 4564 1862 4590 ,
1898 4544 1944 4604 υ
1969 4538 2057 4592 go,
2088 4515 2416 4573 describenti
2440 4513 2656 4583 quidem
2692 4511 2953 4576 crelestia,
2981 4508 3250 4580 ignoranti
3270 4523 3398 4562 vero
3418 4524 3540 4579 qua:

372 4686 438 4718 ⁸⁷·
472 4682 516 4736 ll
542 4679 684 4734 Tim.
714 4693 793 4739 ιιι,
818 4673 944 4740 8,9.
1021 4671 1066 4702 ⁸⁸
1097 4667 1255 4723 Joan.
1289 4682 1327 4731 ι,
1355 4663 1438 4717 16.
1515 4660 1560 4691 ⁸³
1588 4657 1746 4713 Joan.
1775 4657 1864 4723 V,4

1967 4657 2028 4710 ρἹ.
2105 4654 2151 4685 ⁸ο
2179 4649 2367 4705 Matth.
2401 4663 2495 4714 vn,
2534 4646 2624 4700 24.

374 4821 484 4893 (36)
526 4818 734 4893 Hocﬂin
773 4816 893 4870 loco
927 4813 1120 4866 lacuna
1153 4816 1237 4893 est
1275 4806 1328 4857 in
1362 4797 1853 4893 Bohizenﬁsicodilee,

305 4869 502 4962 in‘qui)
527 4869 849 4962 scribitur;
877 4902 897 4936 ‹
935 4898 1000 4936 ex
1035 4894 1144 4948 quo
1174 4877 1282 4930 duo
1329 4881 1456 4962 sunt
1491 4869 1728 4962 ingenita
1759 4869 1862 4962 ha-

304 4939 498 5019 ἱὶὲιῆἒὲ
540 4939 1510 5025 naturam'ipsorunitestamentum,
1548 4946 1602 4993 et
1651 4939 1798 5002 ﬁent,
1838 4955 1856 4988 ι

303 5014 690 5089 etei-Valesius
716 5042 781 5081 ex
822 5014 1038 5093 ihgenio
1086 5020 1158 5072 ita
1202 5014 1537 5092 emendavit,
1592 5026 1610 5059 ι
1662 5023 1727 5093 ex
1754 5022 1864 5093 quo

304 5086 415 5159 duo
435 5109 562 5156 sunt
584 5097 844 5167 ingenita,
883 5086 1088 5146 habent
1117 5104 1183 5167 ex
1211 5095 1412 5164 natura
1431 5086 1673 5167 ipsorum
1699 5086 1864 5158 testa-

304 5150 775 5228 ξιι-εἶιῖιῖιιῖξῖυὸθά
818 5150 997 5234 ipsum
1031 5159 1170 5215 male
1207 5153 1509 5224 conjecisse
1551 5150 1867 5202 Casinensis

303 5245 476 5298 codex
509 5237 762 5293 ostendit.
814 5303 860 5304 η
972 5301 982 5304 _
1127 5297 1138 5304 _
1312 5293 1322 5304 ,

399 5293 489 5367 37)
521 5307 704 5366 Codex
737 5301 1038 5364 Bobiensis,
1078 5317 1096 5349 ‹
1127 5297 1196 5367 ita
1219 5293 1484 5367 scribens.
1529 5309 1550 5367 ξ
1650 5356 1660 5367 .

399 5313 466 5366 57
521 5313 704 5366 Codex
738 5313 1038 5364 Bobiensrs,
1078 5317 1096 5349 t
1127 5313 1196 5350 tta
1219 5313 1484 5349 scribens.
1529 5313 1548 5341 ι

376 5313 492 5453 ἕως)
513 5372 1002 5453 Codex_Bobiensis
1029 5387 1040 5421 :
1074 5389 1092 5420 ι
1125 5355 1864 5453 insipientia

306 5427 737 5508 maiBii‘eEtIéEn
769 5427 1056 5501 omnibus,
1094 5427 1266 5498 sieut',
1321 5451 1338 5483 ι
1367 5442 1495 5496 etc.,
1527 5427 1670 5498 quod
1696 5427 1867 5493 magis

307 5525 376 5577 ad
415 5522 652 5577 Vulgata:
685 5515 967 5569 lectionem
1009 5508 1232 5577 accedit.
1463 5570 1473 5577 _
1759 5562 1769 5573 .

381 5570 697 5664 (Yfﬁ-Codex
724 5583 1005 5640 Bobiensis
1033 5597 1044 5632 :
1088 5596 1106 5628 ι
1138 5575 1254 5628 Non
1286 5570 1540 5643 potestis;
1579 5582 1599 5614 ι
1630 5570 1865 5634 pessima

306 5662 490 5718 lectio.
1171 5713 1218 5718 __
1711 5703 1723 5718 ,
1796 5701 1828 5718 ,,

518 5724 830 5784 Casinensis
864 5720 1032 5778 codex
1064 5736 1076 5773 :
1121 5735 1138 5768 ι
1171 5713 1401 5786 Moyses,
1427 5722 1621 5780 quem;
1659 5723 1678 5756 ι
1711 5703 1868 5758 lectio

309 5802 622 5874 rejicieuda.

2035 4792 2146 4863 (4i)
2174 4789 2358 4863 Codex
2387 4785 2692 4863 Bobiensis,
2727 4801 2746 4833 ‹
2783 4781 3003 4838 creditis
3036 4778 3232 4850 Moysi,
3261 4777 3538 4832 crederitis

1964 4855 2153 4932 utique
2194 4860 2376 4932 forsan
2400 4866 2464 4932 et
2499 4855 2704 4932 niihi._»

2039 4915 2149 5001 (λεὶ)
2185 4929 2370 4984 Codex
2392 4923 2726 4988 Casinensis,
2761 4940 2780 4972 ι
2814 4920 2919 4974 alia
2949 4918 3101 4988 plura
3126 4917 3263 4986 jam,
3287 4931 3409 4984 quae
3429 4915 3538 4970 dici
3603 4969 3610 4978 ,

2005 5004 2198 5056 ossint.
2243 5019 2262 5051 ι

1969 5020 2383 5142 Ροῗίἓῗᾮέιᾱθχ
2428 5061 2731 5142 Bobiensis,
2771 5077 2788 5110 ι
2823 5071 3094 5142 exppnere
3135 5065 3188 5142 et
3221 5069 3250 5108 a
3290 5051 3448 5107 Patre
3483 5065 3540 5108 ut

1971 5125 2253 5202 convenit;
2294 5157 2311 5187 ›
2348 5151 2468 5204 quze
2500 5133 2660 5186 verba
2685 5147 2807 5184 cum
2835 5125 3055 5204 nullunr
3079 5125 3281 5177 habere
3317 5138 3536 5202 sensum

1975 5194 2200 5266 vidisset
2222 5194 2514 5269 Valesius“
2540 5216 2808 5271 exponere
2833 5207 2886 5252 et
2911 5197 3121 5271 aperire
3152 5203 3208 5246 ut
3228 5194 3534 5253 convenit,»

1974 5280 2371 5336 emendandum
2398 5266 2518 5328 esse
2553 5266 2792 5342 putavit;
2820 5278 2872 5322 et
2900 5266 3116 5335 quidem
3153 5278 3262 5318 non
3293 5272 3456 5327 recte,
3480 5272 3541 5315 ut

1974 5368 2040 5406 ex
2090 5346 2371 5403 Casinensi
2413 5344 2599 5398 codice
2637 5347 2884 5413 apparet.
3161 5403 3210 5413 Η

2045 5420 2158 5489 (44)
2187 5417 2372 5489 Codex
2395 5403 2813 5489 Bobiensisfion
2846 5417 3008 5488 recte,
3039 5422 3058 5456 ‹
3089 5403 3266 5458 vobis.
3301 5418 3321 5452 ι

2047 5477 2157 5559 μδ)
2187 5487 2302 5540 lluc
2336 5482 2695 5559 usqueedidit
2721 5477 2990 5559 valesius.

2045 5539 2156 5627 (48)
2190 5562 2243 5610 In
2269 5539 2454 5611 codice
2482 5549 2761 5607 Casinensi
2785 5556 2920 5608 erat,
2955 5566 2972 5596 ι
3012 5542 3300 5606 Diodorus,
3332 5557 3353 5592 ι
3389 5539 3540 5595 nullo

1976 5645 2162 5684 SCIISU.

2046 5679 2158 5766 (£7)
2188 5693 2325 5766 Male
2361 5691 2708 5766 Casinensis,
2743 5707 2762 5739 ι
2805 5688 2903 5743 viri
2939 5687 2992 5742 in
3024 5683 3156 5754 legis
3181 5679 3371 5752 gratia.
3410 5697 3429 5732 ι

2046 5762 2156 5836 (48)
2194 5764 2373 5830 Forte,
2418 5782 2435 5815 ι
2477 5762 2651 5818 factus
2676 5771 2774 5817 est.
2819 5780 2836 5811 ι
