4090 6388
604 389 737 446 1507

1613 382 1800 438 ACTA
1837 379 2365 438 DISPUTATIONIS
2401 380 2460 437 5.
2496 380 2848 438 ARCHELAI

3696 388 3722 442 Ι
3733 383 3837 441 508

599 526 714 567 sum
747 508 933 565 domui
967 514 1251 579 geruntur.
1292 503 1398 560 Sed
1427 518 1495 558 ne
1517 502 1704 558 videar
1736 520 1832 573 per
1861 504 1976 559 haec
1999 502 2162 557 verba
2192 509 2237 566 Α
2265 500 2516 572 Nunquid
2536 514 2588 558 te
2619 504 2935 559 advocatum
2958 520 3202 561 meorum
3225 504 3449 561 adhibui
3492 520 3833 573 sermonum,

599 602 819 657 diﬂ'erre
851 599 1227 670 quaestionem,
1255 595 1367 665 jam
1396 595 1605 660 sileam;
1641 596 1709 649 de
1747 595 1814 649 iis
1857 610 1982 649 vero
2025 594 2166 649 dabo

600 693 702 763 ipsi
737 700 1090 762 potestatem,
1138 695 1319 743 sumat
1350 687 1713 757 quodcunque
1757 686 1871 740 vult
1916 686 2166 756 proposi-

599 784 763 839 tionis
797 790 850 837 et
876 779 1192 851 quaestionis
1227 778 1461 831 initium.
1491 776 1602 832 Vos
1626 778 2021 840 tantummodo,
2059 777 2167 832 sic-

602 885 663 930 ut
702 875 952 943 superius
1002 872 1135 937 dixi,
1168 870 1576 925 indeclinabiles
1599 870 1809 938 judices
1841 885 1963 925 esse
2018 886 2167 939 qna:-

601 981 691 1029 so,
727 974 786 1019 ut
813 980 939 1019 vera
968 963 1169 1019 dicenti
1190 963 1453 1016 honorem
1475 976 1662 1017 verum
1690 962 2034 1031 palmamque
2057 971 2168 1016 tra-

597 1053 758 1107 datis.

671 1141 878 1197 XLVII.
905 1141 1059 1198 Tunc
1101 1140 1309 1206 Manes,
1340 1142 1557 1197 silentio
1601 1140 1671 1195 ah
1693 1140 1949 1196 omnibus
1986 1140 2163 1206 facto,

599 1235 674 1289 ita
706 1250 934 1289 exorsus
964 1244 1044 1289 est
1073 1254 1086 1289 :
1112 1233 1191 1288 Tu
1218 1249 1457 1304 quoque,
1489 1233 1775 1298 Archelao,
1806 1233 1943 1288 bene
1984 1247 2070 1286 me
2101 1233 2169 1287 de

587 1325 709 1380 .Deo
738 1327 1076 1387 sentientem,
1114 1326 1444 1397 dignamque
1483 1326 1793 1394 opinionem
1840 1326 1908 1379 de
1949 1323 2167 1378 Christo

596 1418 944 1480 retinentem,
970 1417 1149 1471 verbis
1177 1416 1581 1472 molestissimis
1602 1414 1881 1481 Obtundis,
1909 1416 2035 1471 licet
2063 1415 2168 1469 tale

597 1509 666 1564 sit
694 1509 1067 1577 apostolorum
1101 1524 1274 1579 genus
1298 1549 1313 1575 ,
1361 1507 1576 1578 patiens
1616 1518 1671 1562 et
1716 1506 1895 1563 ferens
1939 1507 2123 1562 omnia
2149 1547 2165 1568 .

597 1598 815 1653 etiamsi
847 1614 942 1653 eos
974 1597 1238 1653 conviciis
1260 1597 1389 1667 quis
1423 1606 1517 1651 aut
1549 1596 1853 1652 maledictis
1880 1597 2165 1651 obtrectet.

597 1686 659 1742 Si
702 1688 953 1758 persequi
1000 1688 1269 1752 volueris,
1309 1698 1532 1758 paratus
1580 1703 1744 1755 sum;
1777 1697 1832 1743 et
1875 1687 1923 1743 si
1965 1686 2168 1742 inferre

597 1780 886 1850 supplicia,
906 1796 1013 1836 non
1044 1779 1331 1850 refugiam.
1358 1779 1415 1834 Si
1437 1781 1602 1835 etiam
1624 1779 1927 1835 interﬁcere
1948 1795 2037 1835 me
2058 1781 2162 1845 vis,

598 1889 707 1927 non
736 1872 1052 1937 reformido;
1087 1871 1241 1925 illum
1280 1871 1427 1926 enim
1474 1872 1652 1927 solum
1698 1879 1911 1941 oportet
1948 1871 2163 1939 timere,

594 1966 692 2036 qui
738 1975 914 2034 potest
963 1965 1199 2019 animam
1249 1973 1303 2019 et
1346 1979 1546 2033 corpus
1588 1965 1811 2034 perdere
1856 1963 1914 2018 in
1959 1964 2164 2035 gehen-

597 2072 727 2112 nam
760 2058 827 2109 ἰ.
861 2056 1150 2111 Archelaus
1182 2056 1364 2110 dixit:
1411 2055 1617 2111 Ahsita
1640 2070 1747 2112 me.
1772 2053 1891 2112 Non
1921 2066 2004 2113 est
2030 2058 2166 2112 mihi

596 2149 706 2203 tale
735 2149 1091 2218 propositum.
1123 2147 1268 2215 Quid
1299 2149 1443 2203 enim
1474 2164 1766 2219 perpessus
1789 2163 1849 2205 es
1884 2165 1916 2204 a
1951 2164 2058 2215 me,
2080 2151 2165 2206 vel

597 2257 628 2295 a
662 2243 901 2309 nostris,
942 2250 999 2295 et
1023 2242 1242 2310 quidem
1274 2257 1399 2296 cum
1439 2241 1770 2297 obtrectares
1810 2250 1974 2312 atque
2021 2242 2166 2313 inju~

599 2332 737 2386 riam
771 2333 1065 2403 irrogares,
1099 2341 1155 2386 et
1189 2347 1314 2387 cum
1341 2332 1657 2389 detraheres
1682 2334 1749 2389 de
1788 2335 2030 2404 paternis
2061 2350 2164 2390 no-

596 2424 728 2479 stris
760 2425 1166 2490 traditionibus,
1198 2433 1400 2479 etcum
1430 2425 1593 2480 velles
1625 2425 1838 2480 animas
1877 2426 2162 2481 hominum

595 2514 733 2570 bene
759 2516 1034 2571 institutas
1067 2531 1131 2571 ac
1156 2516 1401 2585 diligenti
1429 2517 1639 2571 cautela
1664 2527 1909 2575 servatas
1951 2520 2164 2574 interli-

595 2622 742 2674 cere,
766 2608 965 2677 quibus
991 2609 1176 2678 utique
1198 2608 1473 2679 repensari
1500 2623 1608 2663 non
1638 2620 1867 2679 possunt
1895 2611 2165 2667 universae

597 2701 787 2754 mundi
817 2700 1048 2754 divititc?
1071 2698 1456 2754 Verumtamen
1487 2710 1707 2770 pr0pter
1730 2701 1875 2770 quod
1902 2705 2160 2767 assumis,

594 2804 633 2845 ο
665 2789 999 2843 Manichaee?
1040 2786 1181 2854 Quid
1208 2795 1291 2843 est
1323 2788 1469 2858 quod
1507 2787 1751 2842 indicas?
1792 2787 1925 2853 Quae
1969 2789 2163 2845 salutis

590 2883 750 2953 signa
781 2882 850 2935 ad
880 2895 981 2935 nos
1014 2880 1231 2935 deferas
1258 2879 1446 2935 dicito.
1492 2877 1795 2935 Verborum
1838 2881 1982 2935 enim
2018 2879 2163 2935 nuda

589 2974 818 3045 jactatio
841 2990 949 3028 non
983 2974 1180 3044 poterit
1208 2973 1461 3043 pratsenti
1502 2973 1831 3028 multitudini
1882 2972 2164 3029 satisface-

596 3082 679 3131 re,
710 3075 1084 3137 utagnoscant
1107 3065 1203 3135 qui
1237 3073 1485 3121 nostrum
1514 3066 1716 3120 rectius
1751 3065 1960 3121 obtinet
1986 3067 2163 3121 scien-

594 3161 727 3213 tiam
761 3159 1024 3213 veritatis.
1051 3157 1129 3214 De
1149 3173 1259 3228 quo
1280 3172 1410 3228 ergo
1429 3158 1511 3212 vis
1534 3172 1633 3212 nos
1659 3157 1836 3227 capite
1860 3158 2162 3227 disputare,

593 3252 699 3306 hoc
714 3250 871 3320 prius
889 3250 1075 3314 dicito,
1093 3265 1217 3305 cum
1244 3251 1394 3319 prius
1413 3248 1624 3305 dicendi
1649 3249 1922 3320 acceperis
1939 3249 2169 3305 faculta-

594 3352 723 3398 tem.
758 3342 939 3397 Htmes
960 3342 1132 3396 dixit:
1152 3340 1210 3397 Si
1239 3358 1350 3396 non
1379 3342 1681 3420 iterumhis
1697 3357 1821 3412 qute
1849 3358 1880 3396 a
1904 3341 2063 3398 nobis
2083 3356 2168 3396 re-

591 3443 676 3487 cte
692 3433 968 3498 dicuntur,
987 3431 1274 3487 inﬁdeliter
1286 3433 1523 3499 resistis,
1548 3434 1749 3500 dicam;
1771 3433 1819 3487 si
1840 3440 2019 3488 autem
2043 3431 2167 3487 talis

592 3524 836 3590 exsistis,
859 3524 1075 3593 qualem
1104 3532 1155 3578 te
1183 3524 1336 3593 prius
1358 3525 1527 3589 sensi,
1551 3523 1730 3578 dicam
1752 3526 2013 3579 adversus
2034 3522 2168 3579 Dio-

593 3614 826 3679 dorum,
873 3612 1154 3668 declinans
1198 3614 1630 3683 inquietudinem
1669 3624 1839 3669 tuam.
1876 3614 2167 3669 Archelaus

595 3706 730 3760 dixit
754 3717 772 3760 :
798 3705 1028 3760 Praedixi
1051 3706 1188 3774 jam,
1215 3706 1361 3775 quod
1389 3705 1670 3760 abutimur
1695 3706 1958 3762 inanitate
1979 3706 2171 3762 verbo-

593 3812 737 3852 rum.
758 3795 813 3851 Si
831 3797 952 3867 quis
969 3806 1215 3851 nostrum
1239 3795 1352 3869 (49)
1368 3797 1623 3852 resistere
1644 3796 1932 3852 inﬁdeliter
1958 3798 2168 3852 inveni-

595 3898 706 3956 tur,
722 3888 1001 3958 judicibus
1024 3889 1139 3943 haec
1154 3889 1405 3957 permitte
1415 3888 1744 3956 discernere;
1758 3897 1814 3944 tu
1836 3900 2016 3945 autem
2036 3890 2167 3960 quid

592 3995 830 4044 asseras,
863 3979 1048 4034 dicito.
1078 3978 1260 4034 Manes
1294 3980 1433 4033 dixit
1462 3995 1480 4034 :
1506 3979 1562 4033 Si
1591 3995 1701 4035 non
1730 3980 1926 4035 iterum
1958 3981 2167 4035 resistis

594 4074 685 4130 his
708 4089 831 4143 qua:
859 4086 889 4127 a
915 4088 1001 4127 me
1028 4072 1226 4127 iterum
1259 4081 1406 4128 recte
1433 4072 1713 4137 dicuntur,
1749 4072 2027 4142 incipiam.
2059 4072 2166 4125 Ar-

592 4166 806 4221 chelaus
832 4165 969 4220 dixit
999 4181 1017 4219 :
1045 4164 1102 4219 Si
1132 4180 1240 4219 non
1274 4165 1380 4220 hoc
1408 4173 1510 4229 est,
1545 4165 1591 4220 si
1619 4179 1729 4219 non
1761 4165 1890 4218 illud
1917 4207 1932 4230 ,
1984 4179 2166 4219 sermo

591 4265 676 4314 est
702 4258 940 4313 hominis
969 4257 1290 4327 ignorantis.
1325 4255 1548 4328 Ignoras
1582 4272 1711 4328 ergo
1742 4259 1888 4327 quod
1921 4257 2166 4311 futurum

592 4359 696 4403 est.
715 4349 821 4405 Sed
848 4350 954 4404 hoc
972 4350 1119 4419 quod
1150 4348 1392 4403 futurum
1418 4349 1519 4413 ais,
1544 4347 1799 4404 resistere
1826 4362 1911 4403 me
1936 4357 2031 4402 aut
2055 4363 2165 4402 non

593 4440 866 4506 resistere,
894 4443 949 4495 in
983 4455 1104 4495 mea
1131 4452 1212 4495 est
1241 4449 1524 4510 potestate,
1563 4439 1846 4505 Quomodo
1876 4453 2006 4508 ergo
2053 4447 2166 4492 sta-

2267 603 2328 646 ut
2360 594 2520 647 etiam
2549 592 2663 663 (51)
2697 610 2829 649 mea;
2859 595 3095 650 scientiae
3118 596 3524 665 intelligentiam
3552 597 3835 667 disponas;

2265 686 2467 755 quippe
2500 686 2592 754 qui
2627 687 2842 755 propria
2873 687 3163 755 explanare
3191 702 3300 741 non
3328 687 3529 753 valeas,
3559 689 3834 758 quomodo

2267 778 2440 831 aliena
2475 777 2678 846 poteris
2723 777 3023 846 explicare?
3072 779 3227 844 Quod
3270 778 3315 832 si
3360 779 3562 832 vietum
3611 779 3722 848 jam
3777 794 3839 834 se

2266 866 2550 935 proﬁtetur
2575 864 2863 928 Diodorus,
2895 874 3026 920 tunc
3060 867 3192 920 mihi
3220 875 3612 922 tecunrsermo
3649 883 3837 922 move-

2266 958 2433 1013 bitur.
2466 956 2522 1012 Si
2555 966 2734 1012 autem
2766 967 2874 1012 stat
2902 959 3011 1024 ille,
3044 968 3098 1012 et
3141 968 3227 1013 est
3266 959 3493 1014 idoneus
3540 959 3607 1013 ad
3646 960 3836 1014 dicen-

2266 1049 2424 1113 dum,
2452 1048 2636 1104 desine
2664 1058 2742 1114 tu,
2769 1058 2822 1104 et
2853 1050 2964 1104 noli
2993 1050 3309 1119 perturbare
3346 1052 3703 1105 substantiam
3744 1066 3836 1105 ve—

2266 1142 2464 1199 ritatis.
2502 1141 2573 1197 Es
2598 1143 2741 1196 enim
2771 1143 2889 1198 ovis
2911 1143 3108 1209 aliena,
3136 1142 3382 1198 elIicicris
3422 1151 3600 1198 tamen
3645 1152 3836 1212 postea

2269 1234 2322 1288 in
2346 1248 2574 1288 numero
2602 1233 2843 1303 ejusdem
2884 1234 3095 1303 gregis,
3136 1235 3276 1289 sicut
3295 1251 3398 1288 vox
3429 1232 3556 1289 Jcsu
3586 1233 3700 1305 (5:2)
3741 1248 3837 1289 os-

2267 1326 2457 1391 tendit,
2487 1325 2606 1394 ejus
2632 1328 2723 1395 qui
2754 1326 3004 1395 apparuit
3030 1326 3245 1395 quidem
3279 1327 3332 1380 in
3364 1326 3598 1382 hominis
3636 1326 3834 1395 specie,

2266 1432 2369 1471 nec
2393 1425 2575 1470 tamen
2602 1415 2704 1470 fuit
2739 1418 2923 1470 homo.
2966 1417 3255 1471 Archelaus
3296 1418 3437 1471 dixit
3483 1435 3502 1471 :
3548 1416 3691 1487 Ergo
3725 1432 3837 1472 non

2267 1517 2427 1578 putas
2465 1523 2589 1562 eum
2631 1524 2699 1562 ex
2733 1507 2902 1564 Maria
2950 1508 3170 1579 Virgine
3214 1511 3373 1565 esse?
3425 1511 3607 1567 Manes
3653 1511 3836 1564 dixit:

2266 1599 2425 1655 Absit
2472 1609 2532 1653 ut
2572 1598 2861 1654 Dominum
2906 1607 3152 1655 nostrum
3184 1598 3371 1655 Jesum
3412 1600 3688 1657 Christum
3740 1616 3837 1671 per

2265 1692 2537 1747 naturalia
2587 1693 2836 1762 pudenda
2884 1693 3128 1748 mulieris
3178 1693 3527 1749 descendisse
3577 1698 3838 1749 conﬁtear

2270 1785 2417 1856 (5'5)!
2455 1785 2571 1855 ipse
2599 1786 2743 1839 enim
2768 1784 3136 1840 testimonium
3177 1784 3309 1851 dat,
3355 1786 3483 1855 quia
3525 1785 3593 1841 de
3625 1786 3837 1842 sinibus

2267 1875 2447 1930 Patris
2471 1875 2750 1932 descendit
2781 1876 2866 1941 9';
2900 1882 2957 1930 et
2995 1893 3009 1928 :
3055 1892 3074 1926 ι
3124 1873 3229 1940 Qui
3258 1891 3345 1930 me
3375 1876 3601 1946 recipit,
3648 1877 3840 1945 recipit

2267 1983 2391 2024 eum
2428 1967 2524 2037 qui
2560 1982 2647 2021 me
2677 1967 2827 2022 misit
2847 1967 2929 2036 9’;
2970 1986 2990 2020 ι
3024 1978 3118 2024 et:
3150 1989 3168 2021 ε
3204 1967 3320 2023 Non
3347 1969 3471 2022 veni
3518 1967 3697 2023 facere
3741 1984 3839 2022 vo-

2265 2060 2528 2115 luntatem
2572 2076 2773 2125 meam,
2805 2059 2901 2115 sed
2943 2060 3062 2130 ejus
3106 2061 3200 2131 qui
3238 2060 3386 2116 misit
3418 2075 3505 2116 me
3530 2062 3610 2125 'i;
3654 2080 3674 2113 ›
3716 2068 3772 2116 et
3819 2078 3834 2113 :

2274 2171 2294 2206 ς
2323 2151 2445 2206 Non
2473 2167 2594 2207 sum
2628 2154 2831 2207 missus
2863 2151 2969 2206 nisi
3000 2152 3066 2207 ad
3101 2167 3231 2207 oves
3254 2154 3490 2223 perditas
3529 2153 3723 2208 domus
3757 2151 3838 2208 ls-

2266 2243 2381 2298 rael
2407 2242 2474 2297 ⁸⁸.
2517 2262 2536 2294 ι
2566 2241 2707 2297 Sunt
2729 2251 2784 2297 et
2807 2243 2913 2297 alia
2941 2243 3225 2298 innumera
3245 2244 3554 2299 testimonia
3584 2244 3839 2313 hujusce-

2223 2395 2229 2403 ,
2266 2334 2436 2399 modi,
2470 2351 2592 2406 qua:
2622 2336 2863 2391 indicant
2889 2352 3013 2392 eum
3044 2336 3278 2404 venisse,
3309 2345 3365 2392 et
3392 2352 3500 2391 non
3524 2345 3715 2391 natum
3749 2350 3838 2391 es-

2269 2443 2347 2483 se.
2385 2428 2541 2494 Quod
2574 2428 2620 2482 si
2652 2427 2927 2498 potentibr
2957 2430 3049 2485 illo
3077 2445 3159 2493 es,
3190 2439 3241 2483 et
3287 2429 3460 2499 magis
3503 2429 3644 2484 scire
3679 2437 3834 2499 potes

2243 2518 2412 2590 “quod
2438 2534 2624 2574 verum
2657 2529 2762 2586 est,
2791 2521 3065 2591 quomodo
3093 2520 3207 2590 jam
3253 2520 3330 2574 illi
3377 2519 3693 2576 credimus?
3727 2519 3833 2573 Ar-

2265 2610 2482 2664 chelaus
2523 2609 2661 2664 dixit
2705 2627 2722 2665 :
2758 2609 2944 2680 Neque
2989 2611 3082 2665 illo
3114 2612 3384 2681 potentior
3430 2626 3551 2667 sum
3578 2647 3596 2677 ,
3648 2625 3841 2667 servus

2266 2703 2413 2756 enim
2444 2717 2589 2767 sum,
2623 2710 2678 2758 et
2699 2718 2873 2773 neque
2894 2704 3118 2773 aequalis
3141 2703 3357 2758 Domini
3398 2704 3502 2759 mei
3546 2719 3667 2759 esse
3708 2719 3839 2774 pos-

2267 2809 2409 2861 sum;
2437 2810 2537 2865 ego
2562 2796 2706 2850 enim
2730 2812 2849 2851 sum
2882 2796 3089 2852 inutilis
3113 2811 3330 2862 servus,
3382 2796 3672 2852 verborum
3718 2794 3841 2867 ejus

2266 2883 2592 2954 discipulus,
2623 2885 2851 2940 credens
2877 2886 2962 2941 his
3005 2901 3126 2955 quae
3155 2887 3224 2940 ab
3256 2886 3376 2956 ipso
3408 2886 3550 2941 dicta
3579 2894 3747 2952 sunt,
3784 2896 3839 2939 et

2268 2975 2383 3029 haec
2413 2975 2814 3029 indeclinabilia
2844 2990 2964 3031 esse
2991 2978 3274 3031 conlirmo.
3305 2974 3486 3029 Manes
3515 2977 3653 3029 dixit
3697 2991 3716 3028 :
3745 2974 3838 3029 Si-

2269 3066 2414 3120 milis
2443 3065 2521 3119 tui
2554 3066 2798 3135 quidam,
2827 3081 2950 3120 cum
2980 3067 3029 3121 ei
3052 3065 3346 3135 aliquando
3376 3066 3603 3121 dixisset
3632 3086 3645 3122 :
3675 3085 3695 3117 ‹
3724 3064 3841 3120 Ma-

2269 3154 2349 3208 ria
2376 3163 2550 3209 mater
2580 3162 2694 3222 tua,
2733 3162 2788 3209 et
2812 3153 3010 3209 fratres
3052 3155 3129 3209 tui
3176 3155 3310 3210 foris
3345 3163 3490 3210 stant
3528 3156 3610 3221 π,
3658 3174 3678 3207 ι
3725 3170 3838 3211 non

2269 3246 2497 3301 libenter
2521 3246 2815 3313 accipiens,
2846 3262 2969 3302 eum
3000 3248 3092 3316 qui
3141 3246 3352 3302 dixerat
3394 3247 3713 3316 increpavit,
3761 3248 3843 3302 di-

2266 3352 2436 3393 cens:
2467 3356 2487 3390 ‹
2520 3335 2651 3403 Quae
2680 3345 2765 3393 est
2804 3346 2977 3392 mater
3009 3352 3126 3392 mea
3150 3377 3165 3403 ,
3207 3346 3303 3392 aut
3346 3338 3441 3409 qui
3471 3348 3599 3392 sunt
3640 3338 3839 3392 fratres

2268 3427 2416 3482 mei?
2463 3445 2483 3479 ι
2545 3426 2613 3481 Ει
2658 3425 2896 3484 ostendit
2936 3443 3032 3483 eos
3076 3429 3172 3499 qui
3223 3427 3463 3484 facerent
3506 3430 3837 3485 voluntatem

2266 3532 2448 3582 suam,
2483 3526 2537 3571 et
2561 3525 2766 3571 matres
2794 3517 2899 3571 sibi
2919 3531 3040 3572 esse
3067 3527 3122 3571 et
3148 3517 3344 3574 fratres
3377 3536 3389 3572 :
3416 3519 3498 3574 sin
3538 3526 3718 3573 autem
3754 3522 3837 3573 vis

2267 3607 2448 3661 dicere
2479 3614 2709 3660 matrem
2739 3607 2911 3675 ipsius
2940 3606 3189 3671 Mariam,
3221 3624 3331 3663 non
3356 3618 3440 3664 est
3475 3609 3572 3663 tibi
3599 3609 3717 3663 sine
3742 3623 3838 3677 pe-

2267 3697 2461 3764 riculo;
2489 3697 2608 3753 sine
2629 3697 2797 3752 dubio
2815 3699 2960 3752 enim
2990 3699 3154 3753 etiam
3172 3698 3367 3755 fratres
3397 3717 3463 3755 ex
3488 3716 3552 3755 ea
3577 3702 3833 3757 habuisse

2267 3798 2623 3844 monstratur.
2652 3789 2720 3843 Et
2746 3790 3035 3845 dic.utrum
3060 3792 3127 3847 de
3152 3791 3353 3862 Joseph
3403 3795 3641 3863 generati
3684 3804 3834 3861 sunt,
3884 3856 3889 3859 _

2267 3890 2363 3936 aut
2392 3897 2459 3937 ex
2485 3883 2675 3937 eodem
2705 3881 2911 3952 Spiritu
2938 3885 3169 3939 sancto?
3199 3883 3340 3954 Ergo
3361 3894 3416 3939 et
3444 3886 3645 3940 multos
3675 3884 3839 3941 Chri-

2266 3984 2402 4039 stos,
2437 3975 2484 4030 si
2514 3991 2578 4029 ex
2608 3976 2799 4030 eodem
2837 3973 3041 4043 Spiritu
3076 3984 3264 4031 sancto
3290 3986 3576 4047 generatos
3607 3978 3834 4041 dixeris.

2266 4067 2581 4122 habuimus.
2611 4066 2766 4133 Quod
2801 4067 2917 4138 (54)
2944 4068 2989 4124 si
3020 4082 3128 4122 non
3159 4083 3226 4122 ex
3257 4068 3447 4123 eodem
3478 4068 3704 4138 Spiritu,
3740 4071 3838 4125 sed

2265 4166 2449 4213 tamen
2475 4159 2678 4215 dixeris
2702 4175 2827 4216 eum
2859 4158 3055 4215 fratres
3076 4160 3367 4227 habuisse;
3401 4161 3519 4216 sine
3548 4162 3716 4217 dubio
3750 4163 3839 4217 in-

2265 4248 2617 4319 telligendum
2639 4257 2741 4311 est,
2775 4248 2903 4317 quia
2933 4258 3057 4318 post
3086 4247 3346 4317 Spiritum
3373 4280 3390 4312 ,
3431 4258 3553 4318 post
3584 4249 3836 4314 Gabriel,

2268 4340 2511 4408 nupserit
2532 4337 2734 4408 Joseph
2754 4336 2919 4409 Virgo
2944 4339 3273 4403 castissima,
3298 4348 3350 4393 et
3366 4337 3711 4395 immaculata
3734 4339 3840 4398 Ec-

2265 4430 2435 4485 clesia
2466 4430 2598 4500 (55).
2627 4429 2785 4497 Quod
2814 4430 2859 4484 si
2887 4431 3049 4485 etiam
3077 4432 3181 4485 hoc
3205 4431 3502 4485 absurdum
3539 4443 3620 4486 est
3657 4432 3841 4487 omni-

593 4529 673 4583 bit
695 4544 873 4585 sermo
895 4529 984 4586 ille
1015 4531 1246 4586 duarum
1288 4532 1566 4597 arborum,
1592 4531 1649 4585 in
1678 4545 1787 4601 quo
1830 4530 1952 4585 fidis
2000 4528 2162 4585 veluti
2197 4532 2243 4585 D
2269 4538 2363 4586 n0.
2405 4537 2525 4577 eam
2559 4523 2801 4593 quolibet
2841 4525 3004 4579 modo
3048 4524 3410 4579 concubuisse
3436 4541 3560 4580 cum
3606 4526 3835 4596 Joseph,

594 4630 752 4676 scuto
774 4621 1112 4677 ﬁrmissimo?
1145 4624 1202 4679 Si
1229 4624 1373 4678 enim
1398 4622 1682 4678 contrariae
1699 4622 1870 4691 partis
1895 4634 1997 4691 ego
2019 4635 2164 4687 sum,

592 4710 871 4779 quomodo
901 4711 1260 4765 obedientiam
1290 4727 1467 4767 meam
1494 4710 1763 4781 requiris?
1789 4709 1946 4776 Quod
1970 4710 2016 4765 si
2040 4710 2168 4765 obe-

593 4801 811 4857 dientia:
844 4802 898 4855 in
938 4816 1026 4857 me
1060 4810 1142 4856 est
1181 4818 1368 4869 mens,
1409 4803 1684 4872 quomodo
1722 4801 2061 4871 pertimescis
2096 4817 2167 4856 ne

496 4955 513 4974 η
591 4895 881 4949 resistam?
919 4894 1015 4947 Ais
1043 4894 1189 4948 enim
1222 4895 1350 4963 quia
1391 4895 1594 4949 malum
1632 4910 1848 4965 semper
1882 4905 2164 4966 permanet

592 4988 817 5051 malum,
861 4997 915 5041 et
942 4986 1147 5041 bonum
1195 5001 1408 5055 semper
1436 4996 1718 5057 permanet
1759 4988 2000 5051 bonum,
2047 4987 2156 5040 vim

588 5078 740 5135 verbi
783 5080 938 5135 istius
980 5079 1198 5149 penitus
1246 5079 1501 5149 ignorans
1543 5078 1680 5148 (50).
1726 5077 1909 5133 Manes
1953 5080 2091 5133 dixit
2141 5094 2160 5132 :

661 5194 704 5224 ’ί
732 5192 917 5247 Matth.
968 5209 1022 5258 x,
1060 5192 1152 5246 28.

589 5263 635 5297 ⁸⁸
659 5262 848 5317 Matth.
879 5279 976 5328 xn,
1004 5262 1096 5316 47.

660 5358 771 5425 (69)
802 5358 1115 5412 Casinensis
1138 5356 1329 5425 codex,
1371 5378 1389 5410 ι
1431 5365 1766 5412 nostrorum.
1803 5375 1822 5409 ι

658 5428 769 5497 (δυ)
801 5428 856 5481 In
888 5427 1189 5490 Casinensi,
1223 5446 1240 5478 ι
1276 5430 1503 5497 ignorat.
1541 5446 1559 5479 ι

660 5496 772 5564 (5t)
809 5497 863 5551 In
891 5498 1078 5552 codice
1097 5496 1383 5554 Casinensi
1407 5509 1511 5564 est,
1549 5516 1567 5549 ι
1601 5497 1903 5564 autetiam,
1939 5515 1959 5548 ι
1996 5496 2158 5552 lectio

591 5564 967 5630 improbanda.

662 5634 772 5707 (Si!)
806 5636 1140 5707 Casinensis,
1181 5655 1199 5689 c
1227 5638 1367 5693 sicut
1397 5653 1496 5694 vos
1518 5637 1699 5694 Iesus.
1733 5658 1751 5691 ι

625 5703 774 5783 ..(55)
804 5704 860 5759 ln
884 5707 1379 5783 codice;Casinensi
1407 5717 1511 5778 est,
1543 5727 1564 5762 ι
1597 5711 1905 5778 conﬁtetur,
1937 5727 1956 5761 ι
1990 5708 2159 5765 libra-

591 5777 660 5826 rii
686 5787 889 5843 errore,
917 5786 979 5831 ut
1006 5777 1183 5845 palam
1217 5786 1318 5833 est.

1262 5193 1307 5224 ³³
1350 5190 1509 5248 Joan.
1552 5208 1591 5258 ι,
1647 5191 1714 5246 l8
1765 5208 1847 5260 Ill,
1884 5194 1972 5248 15.

2082 5191 2127 5225 "
2153 5189 2341 5245 Matth.
2396 5203 2452 5253 x,
2499 5184 2587 5241 40.

2265 4612 2354 4666 dic
2395 4628 2462 4667 an
2499 4611 2694 4668 fratres
2739 4611 3012 4668 habuerit.
3068 4611 3451 4682 Nunquidnam
3494 4615 3657 4669 etiam
3697 4631 3839 4671 moe-

2265 4703 2401 4758 chim
2428 4704 2480 4759 ei
2507 4706 2714 4759 crimen
2743 4704 3017 4775 impingis,
3058 4719 3092 4759 o
3130 4706 3546 4775 prudentissime
3585 4706 3838 4764 Marcelle

2264 4792 2404 4865 (56)?
2427 4793 2581 4860 Quod
2614 4795 2657 4849 si
2686 4794 2880 4850 horum
2920 4794 3055 4848 nihil
3101 4794 3355 4850 convenit
3398 4796 3838 4854 incontaminatas

2263 4881 2499 4955 Virgini,
2530 4888 2674 4941 unde
2701 4886 2751 4940 ei
2787 4885 2956 4942 fuisse
2984 4884 3181 4939 fratres
3213 4886 3461 4941 astrues?
3487 4887 3637 4953 Quod
3663 4891 3707 4944 si
3732 4888 3837 4944 fra-

2265 4985 2377 5032 tres
2395 4978 2442 5032 ei
2462 4977 2632 5032 fuisse
2648 4993 2752 5031 non
2767 4985 2921 5046 potes
2935 4978 3179 5043 edocere,
3194 4979 3465 5045 quomodo
3480 4978 3645 5034 Maria
3662 4990 3837 5035 mater

2266 5070 2386 5139 ejus
2405 5068 2530 5135 erit,
2551 5069 2695 5124 sicut
2719 5069 2795 5122 ait
2818 5068 2908 5122 ille
2929 5068 3021 5136 qui
3048 5066 3287 5121 scribere
3307 5082 3474 5123 ausus
3493 5079 3573 5125 est
3603 5087 3618 5124 :
3646 5088 3667 5122 ‹
3695 5070 3836 5127 Ecce

2700 5183 2746 5217 “
2780 5183 2937 5240 Joan.
2974 5196 3055 5247 vi,
3106 5183 3196 5238 '58.
3308 5186 3354 5217 ”
3381 5183 3568 5241 Matth.
3619 5203 3709 5255 xv,
3738 5190 3832 5245 24.

2342 5352 2453 5423 (54)
2492 5353 2552 5405 In
2586 5349 2913 5423 Casinensi,
2935 5367 2956 5400 ι
2990 5348 3229 5423 dixerint
3259 5349 3570 5423 habuimus.
3601 5349 3765 5418 Quid.
3808 5373 3833 5407 ι

2265 5419 2369 5478 Sed
2402 5419 2559 5476 obvia
2593 5432 2675 5475 est
2709 5421 2870 5487 hujus
2903 5419 3003 5473 loci
3033 5420 3358 5474 emendatio.

2337 5493 2448 5615 (ὕὸ)
2477 5491 2589 5545 Vox
2626 5510 2646 5542 ι
2689 5490 2950 5554 Ecclesia,
3001 5508 3021 5542 ι
3054 5491 3265 5544 videtur
3301 5505 3732 5556 supervacanea,
3777 5504 3835 5549 et

2337 5580 2362 5615 r
2390 5565 2422 5615 li
2446 5561 2594 5615 irarii
2624 5574 2866 5614 errorem
2901 5561 3133 5615 adiecta.
3157 5560 3316 5615 Certe
3336 5560 3455 5614 sine
3485 5561 3600 5615 ipsa
3622 5563 3835 5615 integer

2262 5560 2362 5632 per
2390 5560 2594 5633 librarii
2624 5574 2866 5633 errorem
2901 5561 3133 5630 adjecta.
3157 5560 3316 5615 Certe
3336 5560 3455 5614 sine
3485 5561 3600 5631 ipsa
3622 5563 3838 5633 integer

2263 5631 2348 5686 est
2376 5632 2536 5701 hujus
2573 5631 2677 5686 loci
2704 5645 2915 5685 sensus.

2338 5699 2458 5771 (56)
2490 5702 2567 5755 ιιι
2603 5702 2686 5755 his
2718 5702 2898 5753 verbis
2932 5700 3109 5770 colligi
3137 5714 3300 5769 posse
3321 5699 3570 5771 videtur,
3600 5699 3834 5759 Marcel-

2267 5773 2377 5827 lum
2410 5770 2535 5827 eum
2562 5771 2828 5827 Archelao
2857 5773 2922 5826 ad
2950 5771 3169 5826 Diodori
3200 5770 3483 5827 castellum
3510 5773 3746 5828 venisse.
3788 5840 3795 5847 ρ
3858 5835 3864 5843 ,
