4090 6380
332 404 474 460 1509

1418 395 1563 455 CUM
1600 394 1888 451 MANETE
1924 386 2458 448 HERESIARCHA.

3417 375 3559 430 1510

333 536 506 580 mater
533 533 647 588 tua,
674 533 729 579 et
754 522 950 578 fratres
976 520 1054 577 tui
1081 518 1215 576 foris
1245 519 1422 575 stant?
1456 540 1474 571 ι
1503 518 1656 586 Quod
1688 517 1901 572 etiamsi
1929 520 1978 578 Α
2004 514 2155 569 nium
2178 512 2482 567 auditorum
2502 513 2646 563 esset
2666 505 2891 568 intenta,
2914 515 3022 556 non
3041 493 3561 588 opportuneingres-

331 619 423 673 Ille
455 633 621 671 ausus
650 625 731 671 est
760 617 963 681 dicere,
997 613 1091 668 illo
1120 614 1237 683 ipso
1276 614 1545 682 potentior
1581 621 1674 666 aut
1724 611 1898 680 major

329 723 452 765 esse
483 723 642 761 nemo
686 716 896 777 potest,
945 705 1038 775 qui
1071 705 1306 760 ostendit
1346 705 1503 758 nobis
1551 714 1776 757 matrem
1807 712 1900 757 aut

332 795 529 850 fratres
560 812 711 861 suos;
737 797 829 849 sed
865 804 918 849 et
942 794 1160 848 Davidis
1187 808 1306 847 esse
1340 794 1455 863 (57)
1496 808 1607 847 non
1645 791 1900 859 dignatur

332 889 522 941 audire
546 888 613 941 ’⁷.
654 885 946 955 Apostolus
989 884 1179 939 Petrus
1222 882 1611 949 discipulorum
1656 881 1899 934 omnium

330 978 798 1033 eminentissimus
840 985 968 1030 tunc
1006 989 1299 1045 agnoscere
1345 989 1467 1028 eum
1512 974 1724 1042 potuit,
1774 987 1900 1026 cum

334 1066 533 1138 singuli
572 1068 853 1136 opiniones
881 1081 1011 1121 suas
1043 1083 1179 1135 quas
1214 1067 1280 1120 de
1302 1067 1419 1134 ipso
1446 1066 1735 1128 habebant,
1775 1079 1902 1132 pro-

338 1168 567 1221 merent,
596 1158 672 1211 ait
706 1176 718 1211 :
755 1176 773 1208 ι
817 1156 896 1210 Τιι
930 1173 989 1213 es
1023 1156 1275 1212 Christus
1304 1155 1474 1210 Filius
1499 1155 1591 1209 Dei
1620 1156 1724 1208 vivi
1759 1154 1825 1215 ἐς
1849 1161 1902 1208 et

335 1252 517 1302 statim
550 1248 821 1302 beatificat
852 1248 1206 1311 eum,dicens
1241 1265 1255 1301 :
1291 1264 1310 1298 ι
1342 1245 1610 1312 Quoniam
1649 1244 1902 1299 revelavit

337 1340 433 1394 tibi
465 1338 625 1392 Pater
648 1355 803 1393 meus
841 1340 1100 1394 cmlestis.
1145 1357 1165 1390 ι
1208 1336 1341 1391 Vide
1383 1346 1587 1407 quanta
1633 1338 1704 1391 sit
1747 1335 1902 1390 dille-

334 1434 509 1487 rentia
561 1448 748 1487 eorum
796 1448 917 1502 qua:
950 1433 1019 1488 ab
1047 1430 1175 1487 Jesu
1225 1431 1365 1485 dicta
1422 1438 1572 1485 sunt.
1628 1427 1708 1482 Illi
1757 1429 1902 1483 enim

335 1525 431 1595 qui
457 1524 668 1579 dixerat
701 1544 714 1579 :
756 1543 775 1576 ι
812 1524 951 1581 Ecce
980 1537 1150 1579 mater
1181 1532 1269 1579 tua
1298 1523 1429 1579 foris
1456 1532 1581 1589 stat,
1615 1542 1634 1574 ι
1680 1536 1905 1592 respon-

330 1615 416 1668 dit
450 1632 463 1667 :
502 1632 521 1665 ι
567 1613 696 1679 Quae
724 1615 857 1668 mihi
890 1624 974 1670 est
1004 1623 1197 1680 mater,
1238 1623 1331 1669 aut
1364 1613 1600 1668 fratres?
1639 1632 1658 1664 ι
1701 1613 1762 1666 Ei
1808 1628 1905 1668 au—

336 1710 444 1756 tem
474 1704 567 1773 qui
605 1703 743 1758 dixit
777 1722 790 1758 :
825 1722 844 1755 ι
884 1704 964 1759 Τιι
996 1722 1054 1760 es
1089 1706 1341 1760 Christus
1366 1703 1535 1759 Filius
1565 1703 1660 1758 Dei
1693 1705 1820 1769 vivi,
1878 1723 1898 1756 ι

335 1793 725 1849 beatitudinem
766 1795 1302 1866 benedictionemque
1328 1796 1582 1849 restituit.
1611 1793 1667 1848 Si
1687 1810 1816 1865 ergo
1839 1794 1906 1849 de

340 1869 510 1938 Haria
545 1885 625 1941 vis
657 1900 780 1942 esse
806 1902 932 1942 eum
962 1898 1171 1954 natum,
1207 1887 1465 1941 mentitur
1499 1887 1612 1957 ipse
1653 1902 1774 1941 cum
1801 1885 1903 1942 Pe-

336 1984 427 2030 tro
459 1994 472 2030 :
505 1976 550 2030 si
584 1986 763 2032 autem
789 1994 976 2033 verum
1011 1980 1141 2033 dicit
1179 1977 1409 2045 Petrus,
1452 1980 1570 2032 sine
1613 1978 1778 2033 dubio
1816 1978 1905 2034 ille

337 2065 488 2136 prior
517 2064 724 2122 fefellit.
755 2066 909 2134 Quod
941 2068 986 2123 si
1011 2066 1160 2137 prior
1187 2066 1392 2135 fefellit,
1427 2084 1646 2123 causam
1686 2069 1753 2123 ad
1776 2069 1907 2123 scri—

338 2167 550 2226 ptorem
579 2158 871 2227 rejicienda
919 2169 1022 2214 est.
1072 2158 1247 2213 Unum
1283 2159 1446 2229 igitur
1488 2160 1764 2215 Christum
1805 2175 1906 2216 nos

340 2246 547 2300 scimus
589 2262 710 2302 esse
761 2248 1059 2302 secundum
1097 2250 1399 2318 apostolum
1438 2249 1705 2316 Paulum,
1747 2250 1905 2319 cujus

341 2340 566 2395 vocibus
604 2339 876 2396 credimus
908 2342 1336 2399 consonantibus
1364 2342 1625 2399 duntaxat
1651 2342 1904 2399 adventui

338 2431 479 2500 ejus.

415 2522 649 2580 XLVIII.
677 2522 772 2580 llis
825 2524 1025 2579 auditis
1059 2526 1231 2581 turbae
1254 2536 1512 2597 permota:
1547 2535 1696 2590 sunt,
1740 2527 1903 2583 veluti

339 2618 606 2672 rationem
653 2617 895 2671 veritatis
936 2619 1338 2673 continentibus
1364 2661 1380 2686 ,
1426 2627 1479 2673 et
1527 2618 1796 2674 Archelao
1828 2621 1905 2675 nil

341 2712 577 2767 habente
598 2711 741 2780 quod
770 2710 853 2764 his
876 2719 1056 2779 posset
1075 2726 1378 2780 opponere;
1406 2712 1508 2765 hoc
1535 2712 1680 2766 enim
1712 2712 1911 2766 indica-

340 2805 418 2858 vit
441 2803 703 2857 tumultus
729 2803 820 2871 qui
851 2802 991 2855 inter
1022 2818 1115 2856 eos
1145 2811 1364 2857 exortus
1396 2802 1614 2869 fuerat;
1658 2804 1751 2857 sed
1784 2818 1909 2858 cum

342 2895 635 2950 multitudo
682 2898 1113 2965 conquievisset,
1153 2897 1451 2952 Archelaus
1485 2897 1587 2952 hoc
1625 2896 1786 2951 modo
1825 2911 1910 2950 re-

342 2987 561 3055 spondit
615 3005 628 3041 :
665 2985 812 3042 Voce
851 2988 1066 3057 quidem
1122 2987 1333 3042 Domini
1384 2989 1555 3043 nostri
1593 2986 1722 3043 Jesu
1753 2987 1911 3042 Chri-

345 3076 415 3131 sti
448 3075 629 3130 nullus
665 3078 860 3145 poterit
892 3093 1011 3132 csse
1044 3078 1311 3146 potentior
1333 3118 1349 3144 ,
1397 3078 1444 3133 si
1486 3093 1661 3147 neque
1710 3091 1909 3132 nomen

343 3165 563 3235 aliquod
592 3166 799 3235 aequale
828 3169 877 3221 ei
901 3182 1021 3222 esse
1059 3167 1330 3220 invenitur
1364 3186 1377 3221 :
1429 3185 1448 3219 ι
1508 3167 1737 3237 Propter
1760 3167 1906 3236 quod

343 3254 489 3313 Deus
521 3273 645 3312 eum
668 3258 941 3325 exaltavit,
973 3268 1027 3313 et
1052 3258 1271 3314 donavit
1301 3260 1375 3314 illi
1412 3276 1608 3315 nomen
1640 3259 1788 3330 quod
1824 3267 1909 3314 est

346 3365 510 3419 super
540 3365 700 3404 omne
730 3366 926 3405 nomen
957 3352 1025 3417 ";
1068 3369 1089 3403 ι
1136 3367 1311 3421 neque
1346 3356 1401 3407 in
1430 3353 1742 3408 testimonio
1786 3352 1910 3422 quis

344 3441 572 3509 aequalis
601 3442 650 3495 ei
685 3457 806 3496 esse
838 3443 1030 3512 poterit
1064 3459 1080 3496 ;
1107 3451 1161 3496 et
1194 3442 1317 3498 ideo
1357 3458 1454 3515 ego
1486 3444 1636 3498 vocis
1662 3443 1780 3512 ejus
1815 3442 1910 3497 tibi

342 3533 656 3588 testimonia
713 3533 1014 3604 proferam,
1073 3537 1308 3607 primum
1346 3538 1561 3606 quidem
1607 3536 1912 3592 dissolvens

345 3622 464 3678 lucc
489 3640 611 3693 qua:
644 3640 674 3678 a
706 3634 756 3679 te
782 3626 923 3680 dicta
949 3636 1095 3695 sunt,
1129 3628 1204 3683 uti
1236 3643 1305 3682 ne
1337 3628 1508 3692 dicas,
1530 3627 1789 3692 quoniam
1815 3641 1914 3707 nec

348 3718 453 3773 sibi
497 3718 599 3787 ipsi
636 3728 978 3788 consonant,
1009 3731 1069 3776 ut
1096 3731 1179 3776 est
1220 3721 1318 3776 tibi
1359 3719 1697 3777 consuetudo
1734 3720 1916 3776 dicen-

347 3809 425 3864 di.
458 3809 551 3864 Ais
581 3810 727 3865 enim
765 3813 892 3881 quia
922 3828 1045 3867 eum
1076 3814 1169 3883 qui
1204 3814 1545 3869 nuntiaverat
1573 3813 1622 3868 ei
1647 3814 1713 3870 de
1745 3822 1917 3869 matre

345 3912 445 3957 aut
462 3904 527 3957 de
556 3901 833 3970 fratribus,
859 3906 1213 3974 increparet-it
1236 3905 1416 3972 Jesns,
1442 3907 1599 3976 quasi
1617 3905 1910 3973 fallentem,

350 3995 647 4049 secundum
676 3995 728 4049 id
761 3996 904 4064 quod
940 3999 1264 4065 scriptorem
1296 3996 1501 4052 fefellit.
1534 3995 1721 4065 Neque
1749 4000 1795 4053 is
1821 3998 1913 4067 qui

352 4090 698 4145 annuntiavit
725 4089 773 4143 ei
806 4090 872 4144 de
902 4099 1073 4144 matre
1101 4097 1155 4144 et
1190 4091 1447 4145 fratribus
1478 4091 1784 4160 increpatus
1807 4099 1912 4157 est,

350 4198 526 4252 neque
547 4181 739 4236 Petrus
770 4196 933 4251 supra
968 4181 1118 4235 illum
1145 4182 1295 4236 solus
1314 4181 1653 4235 beatificatus
1675 4190 1793 4249 est;
1819 4181 1914 4236 sed

350 4281 580 4343 uterque
609 4274 677 4327 ab
701 4287 767 4327 eo
801 4274 1019 4343 dignam
1053 4274 1463 4343 responsionem
1496 4272 1716 4342 propria
1748 4274 1916 4327 inter-

350 4367 632 4435 rogatione
661 4365 932 4434 percepit,
974 4365 1115 4420 sicut
1143 4365 1196 4419 in
1235 4365 1693 4435 consequentibus
1736 4380 1915 4420 sermo

352 4454 700 4510 monstrabit.
747 4454 881 4507 Cum
907 4454 1029 4523 quis
1074 4454 1331 4524 parvulus
1373 4463 1495 4521 est,
1531 4455 1730 4523 cogitat
1775 4453 1917 4508 sicut

2002 621 2095 662 sus
2137 605 2223 660 hic
2264 601 2487 656 nuntius
2535 598 2602 652 de
2648 607 2818 651 matre
2862 594 2980 663 ejus
3025 589 3309 661 suggessit,
3346 602 3409 641 ac
3452 584 3563 638 fra-

2003 696 2196 750 tribus.
2257 692 2423 762 Quidj
2444 689 2627 746 enim?
2670 686 2932 740 Debuitne
2972 684 3134 738 etiam
3192 680 3338 749 (58),
3389 676 3562 745 teipso

1996 785 2291 855 judicante,
2307 781 2678 849 derelinquere
2694 790 2788 831 eos
2804 789 2942 844 quos
2962 772 3186 828 curabat
3208 778 3260 824 et
3280 782 3418 855 quos
3438 780 3565 818 eru-

1999 854 2198 940 diebat,
2231 884 2285 927 et
2316 887 2441 927 cum
2476 879 2649 923 matre
2677 882 2742 921 ac
2770 863 3033 919 fratribus
3065 859 3339 929 colloqui?
3368 854 3560 909 Nonne

1999 967 2256 1023 continuo
2283 964 2349 1020 de
2375 962 2478 1017 hoc
2504 962 2621 1031 ipso
2654 957 3004 1013 detralieres?
3033 954 3167 1009 Cum
3196 952 3340 1006 enim
3370 963 3561 1019 pecca-

1998 1057 2069 1111 tis
2090 1064 2318 1110 onustos
2347 1062 2398 1107 et
2423 1058 2671 1121 gravatos
2698 1047 2767 1100 ad
2790 1044 3175 1115 discipulatum
3198 1039 3394 1109 delegit
3422 1037 3560 1091 duo-

2000 1146 2174 1201 decim
2215 1157 2448 1199 numero
2476 1139 2588 1211 (59)
2624 1153 2761 1208 quos
2802 1147 2855 1191 et
2897 1134 3166 1205 apostolos
3216 1129 3558 1190 nominavit,

1999 1238 2183 1292 dicens
2211 1236 2289 1290 eis
2325 1252 2338 1287 :
2375 1230 2679 1301 Relinquite
2717 1238 2942 1281 matrem
2970 1235 3021 1280 et
3057 1232 3265 1295 patrem
3295 1224 3316 1254 ³
3340 1262 3353 1287 ,
3388 1229 3447 1273 ιιι
3475 1231 3564 1271 me

2000 1324 2147 1395 digni
2173 1320 2498 1387 efficiamini,
2544 1330 2603 1374 ut
2646 1320 2784 1373 ultra
2820 1333 2927 1372 non
2973 1316 3141 1387 possit
3183 1314 3262 1369 eis
3302 1310 3563 1367 memoria

2000 1418 2168 1489 patris
2193 1424 2286 1470 aut
2308 1414 2495 1468 matris
2522 1412 2803 1467 robustum
2832 1418 3020 1480 pectus
3046 1408 3338 1461 inflectere.
3370 1403 3430 1457 Et
3460 1404 3562 1456 ite-

2001 1522 2121 1561 rum
2148 1505 2360 1560 volente
2391 1503 2498 1557 alio
2529 1503 2764 1572 quodam
2810 1501 2988 1554 dicere
3019 1500 3068 1553 ei
3104 1516 3116 1553 :
3151 1496 3277 1562 Ibo,
3308 1505 3363 1549 et
3408 1508 3566 1563 sepe-

2002 1596 2130 1651 liam
2177 1604 2384 1665 patrem
2412 1607 2614 1658 meum,
2643 1591 2760 1645 ait:
2794 1608 2813 1641 ι
2874 1589 3092 1644 Dimitte
3134 1597 3379 1642 mortuos
3410 1599 3566 1654 sepe-

2002 1686 2100 1739 lire
2126 1695 2370 1739 mortuos
2400 1697 2528 1737 suos
2557 1695 2597 1736 ο.
2636 1699 2655 1733 ι
2685 1680 2897 1735 Intuere
2926 1695 3055 1749 ergo
3076 1677 3349 1749 quomodo
3378 1676 3564 1730 Domi-

2002 1792 2108 1831 nus
2142 1790 2296 1830 meus
2316 1772 2477 1829 Jesus
2506 1771 2574 1826 ad
2605 1770 2907 1827 necessaria
2955 1769 3068 1840 (60)
3106 1768 3404 1838 discipulos
3435 1767 3566 1823 aedi-

1933 1871 1976 1926 B
2005 1865 2147 1931 fleat,
2177 1873 2230 1919 et
2251 1879 2351 1934 pro
2373 1862 2582 1916 meritis
2607 1859 2897 1929 unicuique
2919 1866 3104 1912 sancta
3125 1856 3287 1910 verba
3316 1854 3568 1908 commit-

2001 1958 2082 2013 tit.
2112 1955 2188 2012 lta
2220 1963 2274 2009 et
2303 1955 2356 2008 in
2394 1970 2459 2009 eo
2501 1963 2743 2023 tempore
2777 1965 2886 2020 quo
2928 1948 3239 2018 importune
3276 1945 3566 1998 annuntia-

1998 2057 2149 2104 verat
2177 2047 2395 2119 quidam
2433 2046 2481 2100 ei
2528 2046 2595 2099 de
2646 2052 2841 2106 matre,
2885 2056 2992 2095 non
3042 2037 3418 2109 complectitur
3467 2052 3567 2106 pro

2003 2141 2192 2196 matris
2230 2139 2517 2211 praesentia
2562 2136 2855 2191 Paternum
2904 2132 3177 2204 praeterire
3206 2139 3567 2199 praeceptum.

2006 2228 2073 2288 Ut
2104 2242 2282 2286 autem
2329 2231 2422 2285 tibi
2452 2229 2733 2284 ostendam
2776 2227 2886 2280 haec
2918 2224 2990 2279 ita
3038 2238 3160 2279 esse
3182 2262 3197 2286 ,
3232 2221 3425 2276 Petrus
3471 2221 3572 2275 ali-

2003 2322 2239 2395 quando,
2269 2335 2394 2379 cum
2421 2320 2533 2392 jam
2561 2318 3009 2374 bcatilicationcm
3043 2313 3234 2369 fuisset
3264 2314 3334 2367 ab
3354 2327 3419 2365 eo
3440 2327 3573 2367 con-

2004 2424 2244 2482 secutus,
2276 2416 2352 2469 ait
2380 2414 2446 2468 ad
2479 2412 2665 2467 Jesum
2698 2432 2710 2466 :
2747 2429 2766 2463 ι
2817 2407 3089 2477 Propitius
3116 2417 3254 2469 esto;
3303 2404 3527 2459 Domine
3550 2443 3568 2470 ,

2004 2521 2113 2561 non
2140 2506 2239 2560 erit
2275 2504 2369 2558 tibi
2396 2504 2539 2559 istud
2571 2502 2613 2570 ⁸,
2652 2521 2671 2553 ι
2704 2517 2827 2557 cum
2863 2501 3088 2554 dixisset
3116 2498 3165 2552 ei
3210 2496 3402 2562 Jesus,
3442 2494 3572 2565 quia

2006 2604 2276 2666 oporteret
2306 2595 2416 2665 (fil)
2452 2594 2647 2647 Filiqu
2681 2592 2921 2647 hominis
2967 2589 3257 2645 ascendere
3291 2586 3571 2657 lerosoly-

2006 2700 2174 2751 mam,
2205 2692 2259 2738 et
2290 2683 2487 2747 occidi,
2523 2690 2576 2736 et
2598 2681 2752 2735 tertia
2783 2681 2870 2734 die
2898 2693 3199 2747 resurgere;
3234 2674 3572 2743 respondens

2007 2778 2083 2830 ait
2113 2774 2272 2829 Petro
2296 2792 2309 2828 :
2341 2792 2358 2825 ι
2384 2771 2531 2827 Vade
2551 2781 2715 2838 retro,
2746 2771 2971 2835 Sataua,
3001 2769 3127 2839 quia
3155 2782 3261 2821 non
3288 2754 3432 2835 sapis
3452 2780 3574 2836 qua:

2008 2866 2104 2921 Dei
2135 2874 2281 2928 sunt,
2314 2865 2405 2920 sed
2433 2880 2554 2933 qua:
2582 2863 2858 2917 hominum
2906 2869 3054 2915 sunt.
3095 2879 3113 2912 ι
3153 2859 3418 2925 Quoniam
3445 2872 3575 2926 ergo

2008 2957 2291 3013 existimas
2334 2956 2483 3008 illum
2517 2954 2609 3023 qui
2655 2953 2705 3008 ei
2753 2953 2819 3007 de
2851 2960 3025 3006 matre
3073 2949 3478 3005 renuntiaverat
3520 2958 3577 3001 et

2008 3047 2287 3109 fratribus.
2323 3048 2661 3115 increpatum
2685 3059 2806 3099 esse
2835 3044 2903 3099 ab
2926 3042 3083 3111 Jesu;
3114 3045 3278 3099 istum
3315 3057 3443 3096 vero
3481 3041 3600 3113 qui'

2014 3167 2174 3237 paulo
2206 3174 2330 3220 ante
2367 3156 2579 3219 dixerat
2612 3182 2626 3217 :
2664 3182 2682 3214 ι
2719 3162 2801 3217 Tu
2830 3179 2889 3219 es
2918 3162 3089 3219 Filius
3116 3162 3206 3218 Dei
3234 3162 3364 3230 vivi,
3396 3181 3414 3214 ›
3448 3161 3577 3216 bea-

2010 3258 2294 3313 titudinem
2332 3263 2707 3321 consecutum;
2754 3254 2875 3309 vide
2902 3256 3029 3324 quia
3062 3255 3235 3325 magis
3278 3255 3424 3309 hunc
3461 3254 3577 3326 (62)

2009 3351 2245 3422 praetulit
2272 3346 2451 3412 Jesus,
2486 3347 2576 3400 cui
2602 3354 2657 3401 et
2688 3346 3006 3401 clementius
3043 3354 3242 3401 etcum
3296 3346 3452 3401 venia
3482 3360 3577 3400 re-

2011 3455 2269 3512 sponsum
2299 3439 2430 3493 dare
2455 3438 2708 3508 dignatas
2740 3447 2862 3504 est;
2907 3436 3064 3491 Petro
3091 3452 3219 3491 vero
3261 3445 3384 3506 post
3429 3437 3578 3493 illam

2010 3530 2440 3589 benedictionem
2469 3530 2679 3582 nullum
2710 3528 2824 3592 jam
2864 3528 3036 3582 venia:
3073 3528 3299 3598 largitur
3338 3528 3578 3595 titulum,

2012 3640 2112 3696 pro
2138 3640 2205 3681 eo
2231 3624 2372 3696 quod
2409 3633 2660 3679 naturam
2694 3622 2770 3676 rei
2811 3620 2912 3675 sibi
2948 3621 3105 3676 dicta!
3152 3636 3260 3675 non
3293 3622 3580 3692 diligenter

2015 3716 2327 3770 adverterit.
2359 3714 2511 3769 Illius
2533 3712 2677 3767 enim
2713 3709 2888 3765 nuntii
2920 3724 3071 3765 error
3100 3711 3343 3782 responsi
3373 3712 3584 3767 ratione

2016 3806 2323 3875 corrigitur;
2352 3804 2514 3874 hujus
2529 3817 2658 3857 vero
2674 3801 2897 3856 tarditas
2911 3800 3211 3857 intellectus
3223 3801 3487 3858 acerbiori
3508 3802 3587 3854 in-

2015 3898 2323 3969 crepatione
2345 3896 2652 3951 damnatur.
2684 3890 2760 3944 Ex
2795 3905 2902 3960 quo
2931 3890 3207 3944 advertere
3241 3901 3411 3959 potes,
3435 3891 3583 3961 quod

2016 3987 2277 4044 Dominus
2308 3985 2465 4042 Jesus
2491 3982 2973 4052 interrogationum
3035 3980 3138 4035 sibi
3178 3983 3583 4050 opportunitate

2016 4089 2250 4141 servata,
2278 4079 2498 4147 dignum
2527 4081 2740 4144 promat
2760 4070 2987 4141 singulis
3008 4080 3478 4141 opportunumque
3501 4087 3582 4126 re-

2015 4184 2299 4242 sponsum.
2331 4168 2483 4235 Quod
2512 4167 2580 4232 si,
2615 4175 2671 4220 ut
2694 4165 2795 4231 ais,
2834 4180 2901 4219 ex
2930 4178 2997 4219 eo
3029 4163 3175 4232 quod
3213 4178 3397 4217 verum
3426 4162 3578 4218 dixe-

2016 4274 2122 4328 rat,
2147 4262 2336 4318 Petrus
2367 4259 2726 4322 beatificatur,
2751 4266 2804 4311 et
2831 4272 2930 4327 pro
2957 4271 3022 4310 eo
3046 4256 3187 4325 quod
3212 4255 3417 4321 fefellit,
3441 4272 3583 4310 nun-

2015 4355 2125 4410 tius
2159 4354 2248 4409 ille
2288 4354 2573 4423 culpatur;
2621 4350 2709 4404 dic
2750 4349 2883 4403 mihi
2934 4360 3104 4417 quare
3147 4362 3267 4401 cum
3307 4347 3584 4403 daemones

2016 4461 2142 4500 eum
2174 4444 2581 4505 confiterentur,
2614 4441 2856 4496 dicentes
2891 4457 2905 4493 :
2945 4458 2963 4491 ι
3010 4437 3224 4494 Scimus
3255 4448 3322 4503 te,
3376 4441 3469 4509 qui
3507 4441 3585 4496 sis

357 4540 637 4616 parvulus,
676 4542 819 4613 sapit
844 4551 904 4597 ut
928 4544 1189 4613 parvulus
1217 4547 1257 4611 ¹;
1289 4560 1410 4600 cum
1442 4554 1620 4599 autem
1648 4544 1917 4615 perfectus
1950 4544 1993 4599 Β
2023 4534 2134 4605 (65)
2170 4544 2393 4589 sanctus
2423 4532 2567 4587 Deus
2587 4530 2630 4598 ⁸,
2665 4548 2684 4581 ³
2718 4529 3012 4597 increpaVit
3043 4542 3158 4593 805.
3184 4537 3238 4582 θι
3270 4528 3427 4583 Silere
3469 4528 3583 4601 (θλ)

360 4632 529 4689 fuerit
558 4634 660 4698 vir,
693 4634 1043 4688 destruentur
1068 4648 1131 4688 ea
1155 4650 1276 4703 qua:
1304 4642 1430 4689 sunt
1465 4634 1696 4703 parvuli,
1730 4634 1781 4688 id
1809 4641 1910 4697 est,

355 4726 485 4782 dum
517 4726 585 4782 ad
623 4726 805 4796 priora
841 4741 899 4781 se
936 4727 1059 4795 quis
1102 4726 1374 4791 extendit,
1417 4726 1765 4781 obliviscetur
1800 4742 1922 4795 qua:

354 4826 479 4889 post
507 4833 566 4872 se
593 4826 738 4872 sunt.
777 4815 926 4871 Unde
955 4816 1185 4872 Domino
1212 4827 1400 4873 nostro
1424 4815 1551 4872 Jesu
1578 4816 1799 4873 Christo
1830 4818 1925 4872 do-

357 4918 531 4975 cente,
556 4919 608 4963 et
628 4918 853 4964 curante
880 4908 1178 4963 humanum
1205 4923 1397 4979 genus,
1423 4909 1500 4963 uti
1532 4924 1600 4964 ne
1622 4909 1783 4964 simul
1812 4925 1926 4964 om-

358 5001 451 5056 nia
480 5000 807 5071 deperireut,
828 5014 1060 5070 cumque
1082 4999 1137 5052 in
1169 4998 1367 5053 talibus
1393 4999 1586 5053 studiis
1620 5013 1772 5053 mens
1802 5014 1923 5054 om-

2019 4625 2298 4696 prazcepit?
2317 4624 2428 4678 Cur
2448 4638 2555 4678 non
2568 4620 2856 4691 (siquidem
2876 4618 3247 4675 confitentium
3271 4622 3328 4675 Se
3351 4622 3589 4675 testimo-

2012 4717 2128 4772 niis
2157 4713 2475 4783 delectatur)
2509 4712 2672 4767 etiam
2707 4712 2876 4777 istos,
2921 4710 3061 4792 sicut
3083 4708 3305 4765 Petrum
3343 4727 3469 4766 vera
3498 4712 3587 4766 di-

2022 4816 2259 4875 centem,
2294 4803 2763 4860 benedictionibus
2794 4813 3172 4857 remuneratus
3195 4803 3310 4857 est?
3342 4801 3496 4868 Quod
3538 4804 3588 4859 si

2023 4901 2127 4955 hoc
2149 4897 2448 4954 absurdum
2474 4903 2579 4958 est,
2611 4891 2934 4964 relinquitur
2960 4901 3020 4947 ut
3038 4908 3136 4963 pro
3167 4893 3307 4959 loco,
3331 4909 3428 4962 pro
3449 4902 3607 4981 tem:

2022 5004 2176 5061 pore,
2203 5003 2301 5058 pro
2327 4985 2597 5056 personis,
2622 5001 2724 5055 pro
2745 4988 2926 5050 rebus,
2951 5000 3051 5056 pro
3072 4985 3430 5040 accidentium
3451 4987 3589 5042 salu-

429 5117 473 5149 "
514 5114 701 5169 Matth.
754 5131 911 5178 mu,
947 5114 1036 5168 42.
1110 5113 1157 5145 "
1192 5110 1381 5182 Matth.
1419 5128 1528 5175 xvi,
1566 5110 1653 5166 16.
1729 5112 1774 5143 ”
1808 5111 1905 5167 Phi

2029 5125 2089 5173 ιι,
2117 5106 2172 5162 9.
2249 5104 2265 5135 '
2294 5101 2316 5156 ι
2341 5101 2466 5158 Cor.
2494 5117 2615 5165 xm,
2645 5101 2733 5158 ll.
2809 5104 2829 5135 ³
2858 5101 3046 5156 Matth.
3112 5118 3167 5167 ι,
3223 5101 3311 5157 37.
3390 5102 3411 5134 ³
3452 5102 3586 5159 Luc.

360 5200 438 5253 ιι,
467 5186 557 5240 59.
632 5184 655 5215 ⁸
693 5184 881 5239 Matth.
909 5201 1020 5250 xvi,
1053 5183 1145 5238 22.
1221 5182 1242 5213 ⁵
1274 5181 1405 5236 Luc.
1435 5198 1508 5246 IV,
1537 5182 1626 5236 54.

457 5277 545 5346 57)
567 5274 881 5330 Casinensis
912 5276 1103 5337 codex,
1142 5293 1161 5325 ι
1201 5270 1366 5326 David
1396 5270 1567 5325 Jesse.
1622 5293 1642 5327 ι

433 5278 545 5415 ἓῦὃ)
587 5343 641 5398 In
692 5347 878 5400 codice
920 5343 1221 5406 Casinensi,
1260 5361 1278 5392 ι
1335 5341 1527 5397 Debuit
1559 5352 1612 5397 et

433 5341 545 5415 (58)
587 5343 641 5398 In
692 5347 878 5400 codice
920 5343 1221 5406 Casinensi,
1260 5361 1278 5392 ι
1335 5341 1527 5397 Debuit
1559 5352 1612 5397 et
1657 5342 1841 5398 etiam.
1903 5362 1923 5397 ι

360 5414 502 5471 Mala
537 5415 711 5469 lectio.

420 5417 502 5469 ala
537 5415 711 5469 lectio.

459 5486 549 5551 59)
590 5484 647 5538 In
671 5485 856 5539 codice
894 5482 1176 5538 Casinensi
1229 5482 1637 5550 corruptissime
1680 5482 1876 5550 legitur
1909 5499 1924 5535 :

368 5575 392 5609 ι
430 5551 566 5609 Cum
589 5556 730 5608 enim
769 5556 1000 5623 peccatis
1026 5555 1204 5607 bonus
1229 5561 1282 5607 et
1309 5563 1563 5623 gravatus
1591 5551 1656 5604 ad
1686 5553 1929 5615 discipu-

364 5627 534 5681 latum
566 5624 733 5695 diligit
761 5621 1042 5695 duoilecim
1076 5637 1320 5695 numero.
1356 5641 1373 5673 ›
1404 5621 1511 5695 Nos
1539 5632 1798 5695 quantum
1827 5637 1924 5690 per

367 5692 713 5762 conjecturas
739 5695 909 5756 licuit,
936 5693 1103 5761 hujus
1130 5692 1253 5762 loci
1276 5692 1467 5745 menda
1493 5692 1834 5753 sustulimus,
1868 5699 1923 5744 et

366 5761 601 5819 fortasse
635 5765 797 5831 paulo
830 5772 950 5832 post
986 5778 1108 5833 pro,
1148 5780 1169 5814 ι
1205 5761 1391 5820 dicens
1416 5762 1520 5829 eis,
1567 5780 1588 5814 ι
1632 5761 1918 5831 legendum

363 5842 469 5902 est,
507 5851 527 5886 ι
560 5833 696 5889 dixit
712 5835 811 5889 eis.
848 5852 869 5884 ι

2098 5262 2210 5335 (60)
2239 5260 2298 5335 In
2326 5261 2516 5335 eodem
2545 5260 2752 5335 codice,
2788 5278 2807 5313 ι
2837 5258 2902 5313 ad
2939 5260 3321 5316 necessariam.
3355 5279 3375 5313 ›

2095 5331 2208 5405 (6_t_)
2233 5332 2294 5405 In
2321 5333 2507 5405 eodem
2519 5331 2732 5405 codice,
2765 5348 2784 5380 ι
2822 5338 3053 5398 oportet,
3082 5349 3102 5382 ι
3130 5346 3287 5387 secus
3309 5338 3472 5400 atque
3493 5331 3595 5388 ba-

2025 5401 2115 5462 bet
2146 5401 2371 5471 Vulgata
2406 5401 2592 5471 editio_.

2096 5474 2208 5544 (62)
2242 5466 2299 5544 fu
2329 5473 2514 5544 codice
2545 5466 2829 5544 Casinensi
2851 5476 2952 5532 est,
2988 5486 3007 5519 ι
3033 5469 3195 5544 huic.
3231 5487 3250 5522 ι

2097 5537 2207 5610 (65)
2239 5540 2296 5593 In
2333 5539 2517 5594 codice
2550 5537 2866 5610 Casinensi.
2888 5556 2907 5587 ί
2953 5539 3077 5610 quis
3106 5555 3185 5595 es.
3226 5559 3244 5591 ι
3288 5538 3392 5595 Sed
3424 5540 3595 5598 libra-

2024 5607 2276 5668 rii-error
2300 5612 2457 5664 nobis
2485 5609 2602 5663 visa
2637 5616 2719 5661 est
2742 5607 2828 5660 illa
2854 5607 3032 5662 lectio.

2100 5683 2211 5755 (64)
2228 5681 2292 5755 In
2318 5681 2505 5735 eodem
2532 5678 2716 5733 codice
2743 5686 2828 5731 est
2863 5695 2882 5729 ι
2915 5679 3100 5755 sinire.
3132 5678 3281 5755 {Sed
3312 5699 3331 5732 ι
3354 5681 3534 5741 silere.
3564 5699 3586 5733 ο

2028 5748 2129 5823 legi
2156 5748 2352 5805 debere
2381 5765 2482 5823 nos
2510 5764 2662 5823 sacer
2683 5755 2866 5823 textus
2893 5748 3100 5807 edocet.
3133 5748 3267 5807 Vide
3291 5760 3470 5810 tamen
3495 5765 3591 5820 an,

2033 5844 2054 5880 ι
2083 5818 2288 5890 sinere,
2331 5838 2351 5873 ι
2381 5820 2666 5889 legendum
2695 5818 2783 5874 sit.
