4090 6390
523 403 653 459 1311

1541 404 1721 460 ACTA
1763 403 2293 461 DISPUTATIONIS
2333 405 2391 460 S.
2435 403 2782 458 ARCHELAI

3629 411 3769 467 1512

521 537 591 588 te,
619 540 680 579 ea
703 540 825 594 quae
847 524 986 579 dicta
1007 533 1135 578 sunt
1157 524 1538 594 intelligamus,
1559 525 1634 577 uti
1656 540 1723 579 ne
1742 533 1942 580 temere
1966 542 2090 595 pro-
2117 533 2159 588 Α
2185 523 2420 593 judicer.
2451 522 2606 590 Quod
2640 523 2686 578 si
2721 538 2826 577 non
2856 523 3121 592 judicium
3150 525 3274 590 erit,
3310 524 3510 582 frustra
3537 527 3642 582 erit
3666 528 3768 584 ob-

521 617 856 680 nuntiantes,
908 616 1068 686 digna
1112 617 1440 670 coercitione
1493 614 1774 682 feriamur,
1826 626 1879 670 et
1931 625 1990 669 ut
2038 623 2091 670 te

520 709 694 778 magis
726 724 791 764 ac
831 709 1002 777 magis
1030 709 1308 774 edoceam,
1339 708 1510 762 multo
1539 707 1772 777 amplius
1801 707 1950 762 illum
1996 707 2091 776 qui

519 801 587 856 de
615 812 784 856 matre.
811 801 1172 868 nuntiaverat,
1202 803 1527 857 honoratum
1553 819 1565 854 :
1599 811 1652 855 tu
1686 809 1865 855 autem
1892 800 2092 855 oblitus

520 891 597 945 rei
625 907 744 960 quae
773 892 926 946 nobis
958 893 1233 961 proposita
1269 903 1373 957 est,
1411 893 1464 946 in
1491 892 1636 947 aliud
1679 907 1978 947 conversus
2009 908 2089 947 es.

518 981 656 1034 Audi
696 997 824 1051 ergo
876 981 1140 1049 breviter;
1192 985 1237 1038 si
1287 984 1432 1038 enim
1487 983 1726 1038 volueris
1781 983 2093 1053 diligentius

520 1073 715 1127 intueri
744 1090 864 1143 qua:
897 1075 1039 1129 dicta
1083 1086 1238 1141 sunt,
1287 1077 1632 1132 inveniemus
1677 1077 1732 1130 in
1784 1076 1876 1130 illo
1915 1077 2094 1145 priore

518 1164 744 1218 multam
797 1163 1081 1220 Dominum
1132 1165 1316 1220 Jesum
1370 1167 1672 1222 ostendisse
1717 1167 2091 1231 clementiam,

519 1256 680 1324 idque
705 1258 1148 1312 convenientibus
1173 1267 1222 1312 te
1250 1259 1513 1328 exemplis
1535 1260 1810 1314 edoceam.
1833 1255 1946 1312 Rex
1974 1258 2096 1326 qui-

518 1346 676 1412 dam,
703 1363 826 1402 cum
875 1349 1136 1403 adversus
1185 1349 1393 1403 hostem
1434 1349 1789 1418 processisset
1828 1357 2091 1411 armatus,

516 1449 570 1493 et
598 1441 860 1508 cogitaret
892 1450 1052 1510 atque
1085 1441 1399 1508 disponeret
1421 1441 1880 1509 quemadmodum
1914 1448 2098 1509 posset

518 1546 737 1585 manum
781 1532 882 1586 sibi
931 1532 1182 1586 hostilem
1223 1542 1384 1600 atque
1423 1533 1711 1586 barbaram
1767 1533 2091 1602 subjugare;

516 1640 752 1693 cumque
785 1625 839 1678 in
867 1625 1036 1678 multa
1065 1632 1211 1678 esset
1237 1641 1367 1679 cura
1394 1634 1447 1678 et
1477 1626 1841 1680 sollicitudine
1889 1625 2096 1680 consti—

517 1727 686 1780 tutus,
726 1718 780 1770 in
813 1717 990 1771 medio
1038 1717 1476 1771 adversariorum
1523 1720 1754 1788 positus,
1799 1734 1863 1773 ac
1909 1727 2095 1787 postea

511 1813 623 1880 jam
653 1811 897 1880 captivos
929 1826 1024 1865 eos
1055 1819 1238 1865 tenere
1279 1811 1568 1880 incipiens,
1596 1812 1821 1881 jamjam
1857 1811 1947 1865 illa
1979 1811 2093 1866 sol-

2192 617 2428 670 servatio
2459 616 2836 670 mandatorum
2870 616 2986 680 Dei,
3021 617 3206 672 nullus
3232 619 3574 674 abstinentiae
3613 621 3768 675 locus

2191 715 2312 761 est:
2345 725 2362 757 ι
2395 705 2786 762 Manducemus
2811 716 2864 762 et
2891 709 3163 775 bibamus,
3208 725 3331 765 eras
3377 711 3523 765 enim
3573 712 3764 766 morie-

2194 799 2368 852 mur'.
2394 818 2411 849 ι
2435 797 2558 853 [-Izec
2574 808 2751 854 autem
2771 801 2952 854 omnia
2970 802 3271 867 connectis,
3285 818 3488 873 negans
3501 803 3642 874 quod
3660 802 3773 876 (66)

2192 889 2260 943 de
2282 888 2446 942 Maria
2478 895 2638 942 natus
2660 897 2776 955 est;
2806 889 2851 944 si
2876 891 3021 944 enim
3049 891 3338 947 confessus
3369 894 3541 948 fueris
3562 910 3688 948 eum
3710 895 3794 949 de‘.

2194 979 2362 1034 Maria
2394 991 2606 1043 natum,
2629 991 2682 1036 et
2714 983 2898 1052 passio
2929 983 3300 1053 subsequatur
3330 999 3556 1040 necesse
3581 994 3684 1053 est,
3726 996 3780 1042 et

2193 1071 2504 1140 passionem
2536 1072 2888 1135 resurrectio,
2912 1082 2966 1127 et
2995 1075 3453 1130 resurrectionem
3481 1075 3779 1145 judicium,

2194 1167 2248 1214 et
2281 1161 2429 1214 salva
2457 1160 2614 1215 nobis
2639 1171 2798 1216 erunt
2833 1160 3132 1232 Scriptura:
3157 1173 3447 1234 praecepta.
3489 1162 3610 1219 Non
3649 1177 3782 1235 ergo

2190 1251 2302 1320 jam
2343 1267 2479 1305 vana
2509 1261 2592 1307 est
2621 1255 2871 1322 quaestio,
2928 1254 3023 1310 sed
3077 1256 3309 1325 plurima
3353 1256 3406 1310 in
3452 1257 3557 1311 hoc
3592 1258 3781 1313 verbo.

2197 1343 2351 1396 Sicut
2382 1344 2526 1396 enim
2563 1344 2740 1398 omnis
2768 1344 2856 1397 lex
2892 1353 2947 1399 et
2980 1347 3276 1414 prophetia:
3315 1346 3369 1400 in
3405 1346 3619 1402 duobus
3667 1362 3779 1402 ser-

2197 1436 2449 1491 monibus
2478 1445 2748 1501 constant,
2801 1437 2876 1492 ita
2926 1439 3089 1492 etiam
3123 1449 3307 1495 nostra
3353 1441 3531 1494 omnis
3568 1456 3692 1510 spes
3726 1441 3781 1494 in

2196 1529 2366 1584 beata:
2392 1528 2575 1583 Mariae
2601 1539 2758 1599 partu
2793 1547 3058 1600 suspensa
3091 1542 3206 1596 est;
3250 1541 3306 1586 et
3343 1532 3468 1587 ideo
3516 1535 3783 1603 responde

2197 1622 2333 1676 mihi
2362 1622 2428 1676 ad
2465 1623 2677 1693 singula
2705 1639 2826 1693 quae
2850 1635 2901 1678 te
2927 1625 3294 1696 interrogabo.
3325 1628 3609 1692 Quomodo
3639 1629 3779 1697 abji-

2197 1714 2407 1770 ciemus
2437 1723 2616 1770 tantas
2646 1725 2699 1769 et
2734 1717 2869 1770 tales
2895 1717 3140 1786 Apostoli
3180 1733 3360 1785 voces,
3392 1733 3514 1788 qua:
3555 1719 3780 1774 dicunt:

2206 1823 2224 1856 ‹
2257 1806 2393 1860 Cum
2429 1816 2606 1862 autem
2636 1807 2740 1861 fuit
2773 1807 2866 1862 Dei
2893 1809 3147 1864 voluntas
3181 1810 3234 1863 in
3275 1811 3432 1864 nobis
3457 1810 3590 1880 (67),
3640 1813 3784 1867 misit

517 1903 740 1956 Iicitudo
776 1903 1101 1967 immineret,
1135 1902 1594 1970 quemadmodum
1645 1919 1739 1956 eos
1783 1903 1876 1972 qui
1907 1917 2093 1956 secum
2125 1871 2167 1926 Β
2197 1897 2394 1952 Filium
2447 1913 2606 1953 suum
2663 1897 2866 1954 factum
2917 1916 2985 1954 ex
3026 1902 3255 1956 muliere
3296 1903 3337 1956 ".
3371 1921 3389 1953 ›
3421 1902 3486 1955 Et
3539 1904 3734 1958 iterum
3763 1922 3782 1961 :

515 1993 926 2058 laboraverant,
980 2008 1043 2047 ac
1096 1993 1308 2061 pondus
1369 1994 1492 2048 belli
1547 1994 1908 2050 toleraverant
1949 1992 2092 2064 (65),

514 2094 868 2152 procuraret,
911 2085 1132 2153 quidam
1167 2086 1214 2139 ei
1252 2087 1476 2142 nuntius
1524 2088 1870 2156 importunus
1905 2102 2096 2141 occur-

516 2190 663 2237 rens,
694 2173 762 2228 de
800 2174 964 2228 rebus
999 2174 1317 2230 domesticis
1349 2192 1638 2246 suggerere
1679 2177 1861 2246 aliqua
1908 2176 2093 2246 coepit.

515 2269 700 2322 Atille
741 2267 1042 2321 admiratus
1083 2276 1164 2320 est
1207 2267 1489 2322 audaciam
1521 2279 1684 2338 atque
1722 2269 2094 2339 importunam

515 2359 939 2429 suggestionem,
974 2367 1027 2412 et
1055 2359 1218 2412 morti
1252 2359 1465 2414 tradere
1498 2360 1881 2430 hujuscemodi
1918 2360 2099 2415 homi-

515 2469 636 2506 nem
673 2451 972 2521 cogitabat;
1011 2452 1156 2519 quod
1193 2451 1298 2506 nisi
1337 2452 1404 2506 de
1437 2453 1779 2509 charissimis
1813 2453 2096 2508 affectibus

513 2545 638 2600 talis
690 2551 912 2598 nuntius
942 2542 1262 2608 exstitisset,
1305 2558 1370 2598 eo
1416 2545 1563 2613 quod
1614 2545 1918 2600 incolumes
1975 2559 2098 2599 esse

513 2636 636 2704 hos,
664 2647 716 2691 et
743 2647 886 2693 recte
916 2655 979 2692 ac
1008 2653 1265 2709 prospere
1299 2646 1521 2709 agentes
1548 2638 1732 2691 omnia
1769 2639 2094 2702 nuntiasset,

512 2727 737 2797 dignum
769 2728 1020 2797 protinus
1052 2729 1227 2799 potuit
1258 2730 1541 2798 excepisse
1581 2729 1928 2798 supplicium.
1966 2727 2098 2795 Quae

510 2818 656 2872 enim
685 2829 802 2874 erat
830 2836 960 2876 cura
993 2821 1098 2876 alia
1133 2821 1300 2892 regis,
1345 2821 1474 2875 belli
1516 2820 1785 2875 duntaxat
1829 2829 2094 2889 tempore,

512 2911 616 2965 nisi
642 2912 1053 2981 provincialium
1092 2913 1262 2978 salus,
1306 2913 1412 2968 nisi
1451 2913 1744 2982 dispositio
1787 2913 1863 2966 rei
1896 2899 2099 2966 milita-

511 3003 625 3056 ris?
658 3003 732 3057 Ita
758 3013 811 3058 et
838 3003 1068 3059 Domino
1102 3020 1223 3059 meo
1259 3002 1390 3059 Jesu
1433 3003 1655 3060 Christo
1695 3005 1960 3075 pugnanti
1995 3002 2097 3058 ad-

510 3107 727 3149 versum
755 3096 1038 3165 passiones
1065 3111 1187 3165 qua:
1231 3095 1503 3165 profunda
1554 3097 1824 3151 viscerum
1871 3095 2097 3150 obsede-

2202 2006 2220 2040 t
2251 1987 2458 2044 Pascha
2512 2000 2758 2045 nostrum
2813 1993 3123 2049 immolatus
3167 2004 3251 2048 est
3304 1996 3556 2051 Christus
3579 1996 3620 2046 ⁸.
3654 2015 3672 2048 ι
3716 1995 3786 2052 Et

2196 2081 2321 2150 quia
2354 2098 2373 2132 σ
2406 2080 2550 2137 Deus
2595 2091 2649 2136 et
2690 2083 2981 2140 Dominum
3030 2088 3355 2155 suscitavit,
3407 2098 3462 2143 et
3513 2107 3614 2145 nos
3657 2105 3782 2144 cum

2197 2172 2290 2225 illo
2319 2171 2430 2241 (68)
2468 2174 2752 2230 suscitabit
2801 2192 2897 2246 per
2942 2179 3197 2233 virtutem
3250 2197 3403 2235 suam
3428 2183 3469 2235 θ.
3505 2202 3523 2233 ι
3562 2182 3624 2236 Et
3677 2185 3781 2237 alia

2197 2264 2368 2318 multa
2413 2265 2498 2320 bis
2545 2267 2746 2322 similia
2780 2268 2923 2323 dicta
2971 2279 3130 2336 sunt,
3169 2281 3229 2325 ut
3260 2282 3342 2328 est
3375 2274 3507 2328 illud
3537 2293 3550 2328 :
3584 2294 3602 2326 ι
3634 2274 3783 2340 Quo-

2197 2357 2360 2411 modo
2382 2357 2569 2412 dicunt
2599 2360 2819 2428 quidam
2857 2361 2909 2434 in
2944 2362 3098 2417 vobis
3129 2363 3265 2434 (69),
3295 2367 3424 2434 quia
3452 2369 3782 2421 resurrectio

2197 2457 2537 2503 mortuorum
2566 2465 2674 2504 non
2707 2452 2825 2506 est?
2871 2451 2927 2507 Si
2970 2453 3115 2508 enim
3169 2459 3500 2512 resurrectio
3539 2469 3782 2513 mortuo-

2198 2553 2317 2591 rum
2353 2554 2463 2594 non
2510 2550 2624 2606 est,
2676 2557 2776 2596 nec
2826 2541 3075 2599 Christus
3114 2549 3436 2602 resurrexit.
3492 2547 3550 2602 Si
3600 2560 3780 2603 autem

2196 2626 2451 2685 Christus
2477 2645 2586 2685 non
2619 2633 2938 2696 resurrexit,
2979 2634 3158 2690 inanis
3193 2647 3278 2690 est
3308 2653 3439 2706 ergo
3469 2638 3779 2706 prmdicatio

2198 2730 2406 2774 nostra.
2442 2720 2788 2777 lnveniemur
2813 2727 2973 2780 etiam
3001 2726 3124 2781 l‘alsi
3161 2736 3329 2783 testes
3359 2729 3471 2797 Dei,
3500 2731 3591 2800 qui
3633 2731 3786 2785 testi-

2198 2811 2442 2865 monium
2496 2814 2872 2882 perhibuimus
2911 2816 3176 2872 adversus
3210 2817 3400 2884 Deum,
3442 2819 3570 2889 quia
3605 2820 3786 2875 susci-

2197 2905 2394 2959 taverit
2436 2903 2752 2974 Christum,
2784 2923 2948 2976 quem
2994 2924 3102 2963 non
3159 2910 3462 2966 suscitavit.
3503 2911 3783 2983 Siquidem

2197 2999 2400 3054 mortui
2427 3015 2537 3054 non
2581 3011 2895 3072 resurgunt,
2940 3017 3042 3058 nec
3077 3002 3334 3060 Christus
3366 3009 3686 3063 resurrexit.
3726 3009 3787 3066 Si

2198 3104 2379 3149 autem
2410 3093 2663 3149 Christus
2714 3111 2820 3148 non
2860 3097 3189 3163 resurrexit,
3222 3113 3363 3152 vana
3404 3110 3487 3154 est
3527 3101 3662 3156 ﬁdes
3689 3119 3786 3158 ve~

510 3194 653 3251 rant,
686 3196 739 3240 et
778 3202 978 3242 curans
1007 3202 1102 3243 eos
1127 3187 1220 3257 qui
1249 3187 1422 3242 multo
1451 3195 1692 3256 tempore
1727 3185 1894 3241 variis
1941 3185 2094 3240 inﬁr-
2122 3214 2164 3273 ε
2200 3197 2344 3252 stra;
2380 3186 2558 3240 adhuc
2587 3185 2724 3241 estis
2768 3187 2823 3241 in
2867 3188 3106 3258 peccatis
3155 3189 3371 3244 vestris.
3407 3189 3550 3263 Ergo
3591 3203 3644 3249 et
3688 3196 3786 3265 qui

509 3279 792 3334 mitatibus
832 3279 1044 3335 fuerant
1087 3281 1344 3347 devincti,
1390 3290 1444 3335 et
1485 3281 1748 3334 inclinato
1783 3280 1935 3334 omni
1967 3281 2092 3336 nisu

510 3386 608 3440 pro
643 3372 817 3426 salute
844 3372 1252 3440 universitatis;
1285 3373 1374 3427 ille
1399 3372 1624 3428 nuntius
1654 3372 1964 3442 importune
1993 3372 2094 3426 ad-

511 3464 732 3519 veniens
755 3463 823 3518 de
850 3475 1022 3518 matre
1060 3477 1112 3517 et
1157 3463 1418 3519 fratribus
1464 3463 1759 3517 nuntiavit.
1805 3462 1873 3517 Et
1917 3465 2094 3534 potuit

506 3555 724 3625 quidem
757 3557 990 3610 similem
1023 3554 1206 3622 Petro,
1251 3563 1345 3609 aut
1376 3556 1540 3610 etiam
1581 3555 1888 3624 graviorem
1935 3570 2093 3610 acce-

505 3646 654 3716 pisse
682 3647 1039 3713 sententiam;
1072 3646 1167 3700 sed
1195 3645 1386 3700 matris
1405 3654 1462 3700 et
1483 3645 1716 3699 fratrum
1754 3645 2089 3700 intellectum

506 3752 704 3791 nomen
741 3737 1083 3791 clementiam
1114 3737 1450 3805 provocavit.

575 3827 766 3882 XLIX.
809 3829 914 3883 Sed
943 3841 996 3883 et
1029 3828 1266 3898 amplius
1297 3829 1478 3884 adhuc
1505 3828 1761 3884 omnibus
1803 3827 2090 3883 ostendere

505 3922 688 3994 cupio,
719 3929 778 3976 ut
806 3929 1106 3992 agnoscant
1132 3921 1394 3987 universi,
1429 3923 1663 3976 assertio
1699 3929 1789 3975 tua
1821 3931 2086 3990 quantum

505 4013 1073 4084 impietatisoblineat.
1096 4013 1152 4066 Si
1173 4013 1340 4080 enim,
1360 4012 1660 4068 secundum
1682 4013 1828 4082 quod
1848 4023 1903 4067 tu
1926 4013 2084 4078 dicis,

505 4121 614 4161 non
640 4116 724 4161 est
747 4115 929 4174 natus,
964 4106 1084 4161 sine
1111 4105 1278 4160 dubio
1306 4120 1404 4161 nec
1439 4121 1636 4175 passus
1661 4114 1778 4171 est;
1807 4105 1918 4174 pati
1939 4105 2084 4160 enim

502 4198 596 4268 qui
627 4208 788 4255 natus
817 4215 924 4255 non
957 4211 1062 4264 est,
1092 4199 1430 4270 impossibile
1462 4210 1564 4254 est.
1600 4197 1755 4265 Quod
1788 4198 1833 4253 si
1869 4213 1974 4252 non
2002 4206 2088 4252 est

502 4305 719 4358 passus,
758 4295 940 4348 crucis
982 4308 1179 4348 nomen
1213 4291 1483 4347 aufertur.
1527 4291 1704 4346 Cruce
1750 4299 1934 4344 autem
1975 4306 2083 4344 non

502 4393 775 4454 suscepta,
815 4401 916 4442 nec
937 4383 1097 4442 Jesus
1127 4402 1193 4442 ex
1230 4385 1463 4441 mortuis
1488 4384 1809 4440 resurrexit.
1852 4383 2007 4449 Quod
2039 4385 2086 4438 si

501 4474 659 4532 Jesus
689 4493 755 4532 ex
784 4479 1016 4534 mortuis
1041 4493 1150 4532 non
1195 4477 1519 4544 resurrexit,
1568 4491 1669 4530 nec
1699 4474 1911 4544 aliquis
1942 4475 2084 4529 alius

2197 3278 2536 3333 dormierunt
2579 3279 2633 3333 in
2667 3277 2909 3346 Christo,
2957 3281 3260 3350 perierunt.
3316 3281 3373 3338 Si
3423 3284 3478 3339 in
3529 3285 3634 3342 hac
3676 3291 3784 3344 vita

2196 3371 2579 3426 tantummodo
2623 3386 2906 3440 speramus
2951 3373 3006 3425 in
3049 3371 3298 3441 Christo,
3356 3377 3784 3436 miserabiliores

2195 3478 2390 3517 sumus
2427 3463 2683 3517 omnibus
2715 3463 3050 3518 hominibus.
3097 3463 3256 3520 Nune
3307 3479 3489 3522 autem
3533 3470 3787 3526 Christus

2195 3554 2498 3606 resurrexit
2523 3569 2554 3606 a
2585 3555 2840 3617 mortuis,
2882 3555 3100 3608 initium
3155 3557 3542 3612 dormientium
3574 3561 3645 3623 '°;
3680 3581 3698 3611 ι
3731 3573 3786 3616 et

2192 3644 2422 3714 reliqua.
2453 3645 2610 3710 Quis,
2644 3661 2794 3716 rogo,
2813 3655 2922 3699 tam
2957 3649 3282 3703 temerarius
3310 3651 3670 3719 etimpudens
3697 3653 3781 3705 in-

2192 3735 2428 3801 venitur,
2462 3737 2555 3804 qui
2587 3735 2706 3789 istis
2735 3737 3101 3792 sacrosanctis
3131 3739 3360 3794 vocibus
3402 3740 3512 3811 (70)
3543 3757 3651 3796 non
3684 3759 3782 3798 ac-

2191 3828 2500 3881 commodet
2547 3827 2743 3892 lidem,
2796 3828 2850 3881 in
2891 3828 3093 3898 quibus
3141 3831 3291 3884 nulla
3337 3841 3422 3886 est
3469 3833 3777 3899 distinctio,

2191 3919 2335 3973 nulla
2367 3918 2666 3973 dubitatio?
2698 3917 2985 3986 Quisnam,
3021 3935 3228 3990 quaeso,
3257 3922 3421 3976 etiam
3451 3935 3521 3988 te,
3557 3940 3590 3978 o
3617 3927 3781 3981 stulte

2189 4011 2409 4076 Galata,
2455 4010 2780 4078 faseinavit,
2825 4012 2969 4068 sicut
3012 4023 3066 4068 et
3109 4014 3253 4080 illos,
3312 4033 3330 4066 c
3377 4031 3610 4084 quorum
3654 4028 3780 4073 ante

2189 4103 2380 4158 oculos
2424 4100 2584 4157 Jesus
2617 4102 2872 4157 Christus
2925 4105 3224 4176 reseriptus
3273 4115 3357 4162 est
3403 4107 3516 4179 (7|)
3559 4109 3779 4164 crucill-

2191 4212 2294 4250 xus
2319 4195 2405 4248 “?
2437 4214 2456 4247 ι
2488 4193 2644 4266 Unde
2677 4197 2915 4251 arbitror
2947 4198 3195 4253 sullicere
3224 4199 3339 4254 haec
3373 4201 3683 4256 testimonia
3709 4203 3776 4257 ad

2188 4289 2560 4344 ostensionem
2593 4287 2786 4356 judicii
2832 4299 2886 4342 et
2927 4291 3349 4346 resurrectionis
3385 4300 3438 4346 et
3474 4293 3769 4361 passionis,

2187 4382 2389 4451 quibus
2407 4389 2806 4450 consequenter
2825 4388 2878 4435 et
2895 4383 3101 4451 pariter
3116 4398 3183 4436 ex
3205 4381 3373 4437 Maria
3395 4393 3586 4453 partus
3600 4394 3779 4439 osten.

2188 4476 2355 4529 ditur.
2388 4472 2528 4540 Quid
2557 4476 2728 4539 enim,
2760 4476 2806 4530 si
2838 4485 2895 4530 tu
2935 4475 3079 4530 nolis
3110 4475 3477 4544 asquiescere,
3525 4477 3620 4531 sed
3661 4478 3774 4530 evi-

503 4577 767 4640 resurget.
813 4569 968 4636 Quod
1016 4571 1063 4625 si
1119 4572 1302 4626 nullus
1353 4579 1621 4639 resurget,
1669 4583 1769 4623 nec
1816 4569 2084 4638 judicium
2122 4555 2163 4608 Ῑ)
2192 4567 2514 4622 dentissime
2558 4565 2842 4637 Scriptura
2881 4566 3221 4636 proclamet?
3265 4565 3638 4622 Verumtamen
3688 4569 3774 4620 in-

499 4662 624 4715 erit.
659 4659 879 4716 Certum
909 4670 994 4717 est
1024 4663 1189 4730 enim,
1218 4664 1342 4732 quia
1381 4662 1428 4717 si
1458 4676 1583 4759 .non
1629 4675 1937 4731 resurgam,
1987 4677 2086 4716 nec

571 4844 592 4875 °
633 4842 649 4896 l
676 4843 802 4900 Cor.
835 4860 921 4909 xv,
949 4843 1038 4897 52.

1137 4846 1156 4876 ⁷
1196 4844 1370 4900 Galat.
1408 4863 1480 4912 tv,
1511 4846 1564 4901 4.
1657 4847 1680 4879 ⁸
1720 4845 1740 4900 1
1772 4846 1901 4902 Cor.
1933 4863 1988 4912 v,
2029 4846 2086 4901 7.

574 5058 686 5128 (65)
725 5060 786 5112 In
819 5057 1004 5129 codice
1031 5057 1336 5121 Casinensi,
1367 5077 1385 5110 ι
1415 5073 1478 5114 ae
1507 5058 1722 5129 pondus
1763 5057 1960 5113 bellico
1994 5065 2075 5129 to-

502 5127 759 5185 lerarant.
794 5147 813 5180 »
844 5127 954 5183 Nos
982 5130 1415 5195 emendavimus,
1447 5127 1525 5184 ac‘
1541 5131 1752 5198 pondus
1781 5129 1906 5181 belli
1938 5128 2075 5182 tole-

502 5208 775 5256 raverant.
807 5217 826 5251 ι
859 5198 1111 5254 Fortasse
1143 5208 1322 5254 tamen
1357 5200 1509 5255 rudis
1538 5199 1806 5269 interpres
1837 5198 2074 5268 scripse-

502 5280 606 5333 rat,
640 5288 658 5320 ‹
690 5285 755 5324 ac
780 5270 994 5339 pondus
1019 5268 1142 5324 belli
1169 5271 1658 5325 contoleraverant.
1691 5268 1716 5320 ⁷»

571 5342 684 5409 (66)
724 5337 801 5393 Ita
830 5341 1116 5410 legendum
1147 5342 1356 5406 censui,
1409 5341 1533 5395 licet
1579 5341 1636 5395 in
1679 5339 1870 5394 codice
1909 5337 2069 5394 Casi-

503 5410 663 5480 nensi
693 5410 982 5480 scribatur,
1012 5429 1031 5461 ι
1063 5411 1272 5479 negatis
1307 5412 1360 5466 id
1389 5411 1555 5480 quod.
1590 5430 1609 5462 ι

575 5478 699 5549 (ϋῖ)
726 5479 953 5549 Vulgata
985 5478 1158 5534 editio
1195 5481 1384 5537 Graeco
1409 5478 1590 5536 textui
1619 5495 1866 5536 consona
1911 5478 2068 5548 legit:

508 5565 530 5600 ι
555 5549 624 5602 At
651 5548 742 5601 ubi
762 5548 1221 5622 _venit_plenitudo
1233 5552 1542 5622 temporis;
1580 5571 1598 5603 ι
1630 5566 1862 5622 eamque
1883 5550 2073 5604 lectio-

501 5633 626 5742 nlem
659 5617 889 5686 probant
933 5617 1186 5688 Irenaaus,
1230 5617 1617 5687 Tertullianus,
1657 5617 1962 5692 Cyprianus
2020 5627 2076 5673 et

502 5703 536 5742 a
561 5704 615 5741 n.

502 5703 615 5742 ιιιιι.

577 5756 688 5827 (68)
727 5754 925 5821 Verba,
955 5776 975 5810 ι
1009 5774 1132 5813 cum
1160 5759 1276 5823 illo,
1309 5780 1328 5813 ι
1361 5776 1468 5816 non
1501 5763 1702 5818 habent
1739 5762 1946 5823 Graeca,
1977 5775 2072 5814 ne-

507 5825 614 5898 que
639 5825 1362 5914 Vulgaiannequelrenacus
1404 5832 1498 5886 lib.
1541 5849 1571 5889 v
1611 5834 1865 5888 Aduersus
1912 5834 2068 5896 Ιιωτ..

2196 4660 2480 4728 terrogabo
2511 4669 2562 4714 te
2589 4678 2602 4714 :
2633 4669 2686 4714 tu
2720 4669 2902 4714 autem
2931 4659 3066 4712 mihi
3110 4660 3396 4728 responde.
3430 4659 3661 4725 Quando
3685 4658 3775 4715 Je-

2197 4847 2230 4901 ’_
2260 4846 2281 4898 Ι
2311 4844 2439 4899 Cor.
2481 4861 2554 4912 vi,
2586 4846 2674 4899 Η.
2786 4846 2854 4916 δίο
2893 4844 2911 4897 l
2941 4842 3071 4900 Cor.
3101 4861 3191 4910 XV,
3221 4843 3406 4901 l2-20.
3523 4847 3564 4879 ¹¹
3595 4848 3770 4906 Galat.

2185 5072 2305 5126 cap.
2339 5055 2372 5110 6
2397 5066 2450 5110 e‘.
2473 5055 2524 5121 7,
2550 5070 2727 5126 neque
2759 5055 3126 5110 Tertulliauus
3145 5053 3242 5126 lib.
3269 5071 3300 5107 ν
3344 5056 3594 5112 adversus
3623 5058 3771 5112 Mar-

2183 5123 2555 5198 cio'nrem,cap.
2588 5123 2653 5198 7,
2673 5143 2850 5198 neque
2877 5127 2930 5179 in
2965 5127 3102 5198 libro
3129 5123 3206 5177 De
3225 5127 3506 5198 pudicitia,
3529 5144 3650 5198 cap.
3678 5132 3765 5184 l6.

2260 5197 2370 5267 (69)
2411 5197 2469 5250 In
2506 5197 2692 5251 codice
2725 5195 3008 5250 Casinensi
3037 5204 3139 5258 est,
3174 5211 3192 5244 ι
3217 5197 3279 5267 in
3318 5197 3496 5267 nobis,
3535 5218 3551 5250 ›
3597 5195 3648 5254 et
3684 5201 3767 5254 in-

2185 5263 2289 5333 fra,
2337 5263 2361 5319 «⁷
2405 5283 2542 5321 vana
2587 5277 2672 5321 est
2718 5267 2854 5322 lides
2919 5278 3121 5319 nostra.
3157 5283 3176 5314 ι
3213 5263 3318 5320 Sed
3369 5266 3610 5336 Vulgata:
3657 5271 3769 5324 lec-
3847 5275 3852 5282 '

2185 5339 2262 5392 tio
2303 5338 2430 5392 huic
2478 5336 2834 5406 praeferenda,
2877 5345 3063 5403 utpote
3101 5351 3222 5404 quae
3257 5351 3325 5390 ex
3369 5337 3577 5392 librarii
3624 5344 3766 5394 osci-

2185 5409 2356 5462 tantia
2387 5409 2633 5462 videatur
2671 5419 2880 5462 exorta.
2925 5406 3158 5459 lrenmus
3210 5421 3450 5475 quoque,
3474 5407 3764 5464 Tertullia-

2176 5493 2302 5541 nus.
2323 5479 2626 5548 Cyprianus
2643 5479 2844 5546 aliique
2859 5476 3102 5546 Vulgata:
3119 5477 3403 5548 lectionem
3434 5490 3757 5547 sequuntur.

2248 5546 2382 5618 (70f
2403 5546 2462 5602 In
2493 5551 2681 5604 eodem
2715 5549 2902 5603 codice
2933 5547 3152 5616 legitur,
3177 5565 3214 5618 ﬁt
3245 5547 3338 5616 qui
3373 5546 3532 5600 istam
3573 5566 3764 5604 sacro»

2178 5629 2426 5672 sanctam
2467 5619 2732 5681 vocibus,
2769 5638 2786 5669 ι
2825 5631 2956 5684 etc.,
3001 5617 3244 5682 librarii,
3283 5626 3341 5670 ut
3379 5620 3634 5685 arbitror,
3669 5635 3761 5675 er-

2177 5705 2300 5742 1⁸01⁸0
2307 5730 2318 5740 .

2249 5757 2359 5826 (7|)
2400 5758 2644 5831 Vulgata:
2680 5762 2933 5817 editionis
2967 5760 3159 5815 melior
3204 5756 3395 5824 lectio,
3449 5779 3466 5811 ι
3509 5762 3759 5831 prinscri-

2177 5838 2301 5897 plus
2327 5840 2428 5884 est.
2463 5850 2480 5882 ι
