4090 6390
408 402 548 462 1513

1512 400 1656 456 CUM
1694 399 1978 458 MANETE
2016 400 2553 458 HERESIARCHA.

3544 407 3648 461 :‘ild

407 551 503 592 sus
526 533 593 589 de
632 530 842 587 Joanne
871 527 1242 585 testimonium
1291 526 1416 594 dat,
1461 536 1515 581 et
1559 527 1807 591 dicebat,
1850 531 1976 599 quia
2007 532 2053 589 Α
2080 541 2140 581 re
2171 540 2293 582 esse
2331 526 2602 596 opinaris,
2656 525 2711 581 id
2738 534 2820 582 est
2864 527 2956 597 qui
3017 541 3148 583 caro
3189 534 3247 583 et
3289 527 3516 596 sanguis
3559 532 3655 584 sit.

412 647 430 679 ‹
462 626 633 695 major
659 626 712 678 in
737 624 891 678 'natis
922 621 1210 677 mulierum
1257 619 1438 674 nullus
1487 620 1725 675 surrexit
1767 618 1977 675 Joanne

408 718 677 788 Baptista;
704 716 798 786 qui
836 724 1014 768 autem
1061 713 1241 767 minor
1267 719 1352 767 est
1391 712 1444 765 in
1479 727 1649 779 regno
1687 713 1975 776 ccelorum,

406 812 580 881 major
608 818 692 865 est
720 808 814 865 illo
836 808 910 873 ¹²;
944 825 962 857 ι
992 805 1081 859 dic
1122 804 1255 859 mihi
1290 818 1396 875 qua
1441 802 1650 858 ratione
1679 802 1851 871 major
1885 801 1977 855 illo

404 903 567 958 estin
598 914 767 972 regno
807 898 1104 953 ctelorum?
1145 896 1399 966 Nunquid
1444 893 1604 950 Jesus
1646 894 1824 948 minor
1859 903 1978 949 erat

403 995 611 1049 Joanne
634 994 687 1047 in
715 1006 883 1062 regno
903 989 1204 1047 ctelorum?
1230 988 1381 1053 Dico,
1406 988 1549 1042 absit
1565 985 1701 1057 (72).
1730 984 1828 1040 Dic
1847 1000 1977 1056 ergo

406 1087 459 1140 in
488 1101 617 1156 quo,
658 1093 719 1138 ut
743 1085 826 1139 vel
856 1094 907 1138 te
938 1085 1113 1154 ipsum
1149 1094 1408 1150 superare
1445 1078 1663 1148 possis?
1706 1076 1835 1132 Sine
1866 1078 1978 1131 du-

406 1179 494 1233 bio
514 1178 701 1235 minor
730 1184 846 1231 erat
873 1174 1080 1230 Joanne
1110 1173 1272 1228 Jesus
1304 1172 1442 1226 inter
1471 1179 1629 1225 natos
1660 1170 1972 1235 mulierum;

406 1271 460 1325 in
490 1284 656 1340 regno
681 1276 861 1323 autem
893 1268 1155 1323 caelorum
1185 1265 1364 1334 major
1393 1263 1487 1318 illo
1529 1271 1663 1316 erat.
1712 1261 1810 1316 Die
1842 1261 1974 1315 mihi

406 1363 536 1418 illud
570 1363 755 1427 etiam,
794 1376 827 1415 o
866 1359 1191 1424 Manichaze;
1228 1358 1273 1413 si
1302 1358 1383 1412 ais
1408 1356 1687 1412 Christum
1715 1370 1824 1409 non
1855 1368 1976 1409 esse

403 1474 467 1510 ex
487 1456 652 1511 Maria
677 1464 887 1520 natum,
914 1454 1007 1509 sed
1024 1451 1342 1522 apparuisse
1361 1448 1580 1518 quidem
1603 1445 1972 1511 uthominem,

400 1565 525 1603 cum
552 1549 719 1602 homo
746 1563 854 1601 non
886 1555 1049 1609 esset,
1084 1551 1373 1614 praestante
1401 1543 1504 1596 hoc
1540 1550 1597 1595 et
1635 1538 1975 1611 agente-vir-

403 1649 515 1696 tute
540 1655 661 1711 quae
695 1640 749 1694 in
780 1640 900 1709 ipso
921 1647 1036 1703 est;
1061 1637 1149 1691 die
1173 1636 1330 1701 mihi,
1362 1646 1523 1703 super
1547 1648 1708 1703 quem
1736 1631 1975 1701 Spiritus

400 1751 624 1797 sanctus
668 1741 809 1796 sicut
856 1739 1108 1795 columba
1152 1734 1626 1800 descendit?Quis
1664 1741 1747 1788 est
1785 1734 1971 1795 etiam,

399 1834 495 1905 qui
523 1833 829 1903 baptizatur
856 1846 886 1885 a
912 1828 1156 1885 Joanne?
1187 1829 1244 1882 Si
1278 1826 1551 1897 perfectus
1574 1832 1711 1888 erat,
1742 1823 1974 1878 siFilius

399 1934 538 1989 erat,
568 1924 613 1980 si
650 1925 825 1979 virtus
857 1934 1009 1988 erat,
1047 1937 1156 1977 non
1199 1928 1412 1990 poterat
1444 1918 1680 1987 Spiritus
1724 1916 1969 1986 ingredi,

400 2016 541 2081 sicut
564 2029 662 2069 nec
684 2028 907 2084 regnum
930 2021 1106 2082 potest
1128 2009 1336 2081 ingredi
1367 2009 1503 2061 intra
1528 2021 1775 2076 regnum.
1803 2004 1973 2074 Cujus

400 2118 579 2163 autem
605 2108 656 2162 ei
702 2106 919 2161 caelitus
957 2105 1157 2158 emissa
1210 2117 1313 2155 vox
1368 2098 1737 2154 testimonium
1782 2096 1976 2151 detulit

398 2203 620 2257 dicens:
654 2218 673 2252 ι
708 2199 807 2254 llic
837 2208 919 2253 est
952 2196 1120 2252 Filius
1150 2211 1305 2250 meus
1336 2194 1587 2255 dilectus,
1612 2192 1667 2245 in
1697 2205 1807 2260 quo
1835 2190 1975 2244 bene

398 2294 699 2363 complacui
727 2293 804 2347 "?
832 2312 851 2344 ι
886 2291 978 2345 Dic
1006 2306 1124 2360 age,
1177 2288 1311 2342 nihil
1358 2287 1683 2347 remoreris;
1715 2283 1838 2353 quis
1885 2283 1975 2337 ille

397 2395 502 2451 est,
526 2386 617 2454 qui
650 2392 804 2454 parat
828 2384 944 2437 hate
976 2380 1199 2445 omnia;
1243 2377 1337 2448 qui
1384 2378 1496 2447 agit
1535 2374 1826 2429 universa?
1872 2373 1976 2427 lle-

398 2475 603 2545 sponde
629 2494 640 2529 :
673 2476 817 2529 itane
841 2471 1231 2542 blasphemiam
1259 2484 1355 2539 pro
1396 2468 1606 2523 ratione
1635 2466 1976 2535 impudenter

398 2560 621 2650 allegas,
645 2587 699 2633 et
721 2577 922 2663 inferre
947 2575 1167 2631 conaris
1193 2574 1347 2645 (73)?

467 2714 531 2772 L.
566 2712 752 2768 Manes
776 2713 914 2766 dixit
942 2725 961 2765 :
986 2709 1157 2765 Nemo
1179 2710 1398 2779 quidem
1428 2708 1522 2778 qui
1546 2706 1835 2761 adversum
1859 2704 1977 2759 haec

396 2823 519 2880 qua:
549 2822 581 2862 a
616 2816 668 2861 te
696 2806 840 2860 dicta
871 2811 1019 2869 sunt,
1052 2802 1379 2873 respondere
1426 2799 1683 2872 potuerit,
1724 2796 1977 2867 blaspheo

397 2900 522 2955 mia:
567 2900 773 2955 crimen
810 2897 1069 2963 incurrit,
1113 2896 1245 2966 quin
1292 2893 1473 2963 potius
1511 2899 1598 2947 est
1635 2889 1782 2946 omni
1819 2888 1978 2944 laude

396 2992 770 3062 dignissimus.
798 2990 1023 3060 Oportet
1043 2988 1187 3043 enim
1211 2988 1469 3041 artificem
1493 2985 1656 3040 rebus
1684 2980 1977 3053 propositis

397 3082 757 3153 responsione
791 3081 1078 3149 diligenter
1127 3086 1332 3149 aptata,
1380 3073 1670 3130 manifesta
1718 3072 1974 3127 omnibus

396 3194 461 3234 ea
496 3176 563 3232 de
595 3177 795 3247 quibus
822 3175 1087 3246 quaeritur
1124 3174 1210 3227 vel
1250 3172 1552 3237 dubitatur,
1587 3169 1893 3233 ostendere,
1921 3177 1975 3222 et

398 3272 634 3327 maxime
676 3269 879 3323 idiotis.
924 3266 992 3320 Et
1033 3266 1294 3336 quoniam
1334 3264 1432 3317 tibi
1467 3264 1731 3317 doctrina:
1774 3270 1974 3316 nostra:

398 3378 506 3418 non
532 3363 705 3432 placet
727 3360 889 3423 ratio,
914 3369 1173 3427 tanquam
1202 3355 1394 3410 artifex
1422 3355 1618 3419 bonus,
1640 3353 1803 3408 etiam
1831 3352 1974 3406 hanc

409 3455 541 3509 mihi
572 3452 924 3523 quaestionem
958 3447 1347 3503 rationabiliter
1371 3446 1608 3499 exsolve.
1656 3443 1786 3497 Mihi
1829 3443 1972 3496 enim

399 3545 546 3615 pium
566 3544 785 3597 videtur
797 3542 997 3601 dicere,
1017 3537 1160 3607 quod
1192 3537 1327 3591 nihil
1348 3536 1558 3607 cguerit
1582 3535 1752 3589 Filius
1780 3534 1897 3598 Dei,
1919 3536 1974 3589 in

410 3654 474 3691 eo
495 3635 639 3705 quod
669 3634 935 3687 adventus
969 3631 1088 3700 ejus
1118 3638 1441 3699 procuratur
1464 3629 1531 3682 ad
1562 3639 1767 3694 terras;
1800 3641 1978 3698 neque

408 3750 545 3806 opus
560 3734 805 3789 habuerit
822 3732 1096 3792 columba,
1116 3746 1293 3799 neque
1309 3728 1652 3797 baptismate,
1670 3743 1844 3797 neque
1864 3744 1981 3782 ma-

402 3840 684 3897 tre,neque
701 3826 979 3888 fratribus,
1000 3824 1232 3879 fortasse
1244 3838 1417 3892 neque
1434 3831 1607 3891 patre,
1620 3821 1713 3891 qui
1728 3822 1776 3876 ei
1792 3836 1957 3876 secun

405 3918 949 3988 dumtefuitJoseph;
978 3919 1071 3972 sed
1096 3926 1241 3971 totus
1266 3916 1355 3969 ille
1377 3914 1860 3985 ipsedescendens,
1891 3928 1979 3969 se-

402 4015 694 4084 metipsum
726 4013 778 4066 in
815 4025 1142 4080 quocunque
1164 4009 1334 4063 voluit
1363 4006 1771 4062 transformavit
1798 4008 1854 4060 in
1878 4008 1979 4061 ho-

402 4106 626 4167 minem,
652 4118 718 4158 eo
746 4112 904 4173 pacto
932 4116 1040 4171 quo
1064 4099 1265 4154 Paulus
1292 4099 1444 4160 dicit,
1469 4098 1598 4168 quia
1627 4117 1647 4149 ι
1682 4098 1870 4152 habitu
1892 4113 1977 4151 re-

402 4210 588 4272 pertus
619 4212 701 4256 est
732 4211 790 4255 ut
825 4202 988 4253 homo
1014 4199 1077 4253 “.
1118 4218 1137 4250 ι
1163 4198 1334 4268 Cujus
1363 4198 1527 4269 igitur
1578 4199 1655 4252 rei
1688 4198 1980 4269 indiguerit

402 4294 451 4350 is
480 4294 571 4365 qtti
600 4293 949 4362 semetipsum
983 4292 1037 4345 in
1064 4292 1246 4344 omnia
1275 4290 1697 4357 transformarit,
1729 4291 1973 4345 ostende.

402 4387 632 4456 Quando
664 4386 808 4442 enim
839 4386 1025 4450 voluit,
1053 4385 1197 4439 hunc
1245 4384 1518 4439 hominem
1552 4400 1768 4439 rursum
1796 4393 1978 4440 trans-

403 4478 656 4536 formavit
676 4478 731 4530 in
767 4477 1000 4545 speciem
1033 4476 1166 4530 solis
1196 4490 1258 4529 ac
1276 4473 1677 4541 vultum.Quod
1709 4475 1753 4529 si
1783 4491 1978 4531 rursus

402 4573 633 4635 resistis,
652 4571 784 4625 mihi
802 4568 1028 4641 [autem]
1046 4580 1189 4623 recte
1205 4569 1401 4622 (licenti
1424 4569 1581 4622 fidem
1602 4568 1740 4622 nolis
1756 4582 1975 4622 accom-

404 4666 660 4729 modare,
710 4662 837 4717 audi
887 4662 1255 4716 definitionem
1301 4670 1447 4714 tuam
1497 4663 1693 4731 inqua
1746 4672 1877 4717 stas.
1915 4661 1973 4717 Si

403 4759 550 4812 enim
579 4755 852 4811 hominem
883 4769 1007 4809 eum
1035 4754 1411 4807 tantummodo
1440 4769 1507 4807 ex
1538 4752 1705 4807 Maria
1742 4769 1863 4809 esse
1890 4755 1977 4808 di-

405 4850 506 4914 cis,
536 4856 589 4903 et
614 4848 668 4902 in
699 4846 1024 4917 baptismate
1051 4843 1312 4915 Spiritum
1344 4846 1651 4916 percepisse
1677 4865 1690 4900 :
1715 4861 1846 4917 ergo
1878 4862 1975 4918 per

406 4937 705 5009 profectum
736 4934 908 4990 Filius
936 4935 1224 4997 videbitur,
1259 4944 1312 4989 et
1342 4950 1448 4989 non
1475 4950 1572 5005 per
1604 4944 1874 4991 naturam.
1915 4936 1974 4992 Si

408 5040 587 5082 tamen
621 5025 715 5079 tibi
748 5025 1040 5079 concedam
1074 5024 1273 5087 dicere,
1319 5025 1617 5080 secundum
1666 5025 1972 5094 profectum

406 5134 530 5174 esse
560 5116 781 5181 Filium,
809 5116 964 5185 quasi
994 5115 1263 5170 hominem
1296 5114 1531 5183 factum;
1569 5116 1847 5173 hominem
1886 5134 1976 5173 ve-

480 5238 525 5267 "
562 5232 751 5289 Matth.
776 5247 856 5296 xi,
885 5231 970 5284 11.

481 5345 592 5416 (72)
634 5341 973 5416 Hiecverba.
1007 5360 1027 5391 ι
1057 5342 1179 5397 dico
1216 5342 1440 5416 absit,_g
1472 5343 1583 5416 nisi
1620 5345 1875 5401 mendum
1906 5345 1978 5399 sit

412 5419 466 5471 in
491 5412 701 5477 codice,
734 5412 981 5484 videntur
1014 5421 1269 5482 tanquam
1296 5429 1360 5469 ex
1390 5412 1619 5468 Manetis
1645 5429 1880 5484 persona
1907 5417 1977 5469 ab

410 5486 677 5541 Archelao
702 5483 930 5553 prolata.

484 5556 596 5624 (75)
640 5550 770 5608 Μἰἰιε
800 5554 853 5624 in
883 5552 1068 5606 codice
1099 5550 1405 5620 Casinensi,
1434 5573 1453 5605 ι
1483 5553 1718 5609 coneris.
1753 5573 1773 5606 ι

485 5623 597 5708 (74)
636 5627 696 5706 in
736 5623 921 5679 codice
955 5623 1237 5681 Casinensi
1278 5626 1554 5689 scribitur,
1589 5642 1608 5676 ι
1640 5626 1782 5679 sicut
1813 5626 1980 5681 homo

415 5711 481 5752 ac
507 5709 632 5752 0N"
640 5710 779 5750 mne.
809 5714 828 5745 1

489 5765 601 5836 (75)
643 5765 821 5819 Codex
854 5765 1169 5821 Casinensis
1208 5767 1279 5820 ita
1311 5766 1458 5836 legit,
1502 5783 1519 5816 ι
1549 5765 1690 5819 hanc
1728 5766 1984 5835 quaestio-

420 5850 543 5891 nem
568 5836 865 5904 dilligenter
887 5846 1069 5905 aptare
1089 5846 1196 5891 tam
1229 5837 1654 5901 manil‘estarem,
1680 5847 1845 5905 atque
1871 5851 1985 5889 ma-

626 5933 894 5996 pATIlOL.
937 5936 1053 5998 (in.
1100 5935 1182 5997 Χ.

1048 5230 1090 5262 ⁸⁸
1111 5228 1298 5284 Matth.
1326 5247 1408 5293 ιιι,
1435 5231 1522 5287 17.
1601 5232 1644 5265 ιδ
1672 5231 1871 5303 Philip.
1907 5248 1969 5301 tt,
1999 5233 2051 5289 7.

2078 616 2310 673 Necesse
2337 628 2421 671 est
2453 633 2616 687 ergo,
2659 627 2712 672 et
2759 618 3048 688 Spiritum,
3077 619 3172 690 qui
3215 619 3358 674 sicut
3400 620 3657 675 columba

2079 711 2327 779 apparuit
2354 712 2420 774 η,
2452 727 2557 764 non
2587 710 2732 765 aliud
2764 727 2883 766 esse
2912 727 3074 780 quam
3106 713 3409 767 naturalem
3438 713 3655 768 colum-

2078 800 2234 866 bam;
2267 801 2404 853 sicut
2434 800 2607 854 Itomo‘
2631 800 2775 855 enim
2808 802 3017 856 dictum
3047 813 3151 869 est,
3192 811 3245 858 et
3275 805 3415 858 sicut
3450 803 3659 857 colum-

2078 890 2166 958 ba,
2205 900 2260 945 et
2304 890 2668 961 quodcunque
2714 892 2928 961 epinari
2977 901 3153 962 potest
3196 893 3265 948 de
3305 908 3371 948 eo
3401 908 3655 951 sermone

2077 984 2222 1053 quod
2282 984 2486 1038 dictum
2533 992 2648 1051 cst,
2698 986 2834 1038 sicut
2880 985 3064 1049 homo,
3101 985 3204 1040 hac
3244 986 3500 1055 opinione
3542 987 3653 1058 (74)

2056 1075 2301 1145 concipe
2332 1076 2493 1130 etiam
2523 1075 2590 1130 de
2628 1092 2714 1142 eo,
2744 1076 2889 1141 quod
2921 1077 3124 1131 dictum
3152 1086 3255 1141 est,
3284 1079 3421 1133 sicut
3452 1078 3657 1133 colum-

2077 1166 2174 1231 ba;
2208 1182 2428 1222 necesse
2456 1176 2541 1222 est
2572 1177 2627 1222 et
2657 1168 2770 1224 hac
2802 1169 3080 1238 aequaliter
3110 1171 3370 1239 recipere,
3401 1171 3473 1226 ita
3506 1173 3655 1227 enim

2079 1258 2133 1311 iu
2166 1257 2461 1328 Scripturis
2491 1274 2612 1328 qua:
2646 1258 2713 1313 de
2749 1276 2813 1315 eo
2847 1262 3045 1331 scripta
3087 1272 3251 1328 sunt,
3280 1263 3653 1319 inveniuntur.

2079 1351 2367 1404 Archelaus
2394 1346 2573 1407 dixit:
2609 1350 2760 1407 Sicut
2789 1354 2883 1407 tibi
2921 1354 3034 1421 ipse
3057 1369 3164 1407 non
3187 1364 3361 1424 potes,
3391 1363 3654 1425 tanquam

2079 1441 2259 1496 bonus
2289 1441 2505 1505 artifex,
2541 1458 2717 1512 neque
2747 1458 2846 1513 ego
2882 1444 2976 1498 tibi
3016 1444 3156 1498 hanc
3185 1445 3541 1515 quaestionem
3567 1448 3655 1502 di-

2078 1534 2306 1602 ligenter
2335 1544 2571 1604 aptatam
2602 1536 3002 1592 manifestarem
3032 1549 3195 1608 atque
3228 1538 3514 1596 manifeste
3538 1542 3654 1598 dis-

2078 1626 2342 1680 solverem
2370 1627 2508 1697 (75),
2541 1628 2644 1682 nisi
2674 1640 2892 1698 propter
2922 1631 3021 1686 hos
3050 1633 3143 1701 qui
3177 1634 3445 1688 assistunt
3468 1645 3521 1689 et
3559 1637 3652 1706 qui

2078 1734 2181 1773 nos
2221 1720 2487 1773 audiunt:
2529 1730 2582 1774 et
2634 1721 2775 1789 ideo,
2825 1723 2964 1778 sicut
3001 1728 3288 1793 convenit,
3336 1731 3656 1799 quazstiouis

2078 1809 2246 1879 hujus
2281 1828 2498 1882 quoque
2526 1828 2792 1883 exponam
2823 1817 3111 1872 rationem.
3147 1817 3267 1874 Tibi
3300 1823 3519 1891 quidem
3544 1841 3654 1879 non

2079 1903 2291 1958 videtur
2323 1907 2410 1975 pie
2443 1907 2571 1970 dici,
2603 1917 2830 1962 matrem
2867 1910 3123 1965 habuisse
3167 1910 3352 1968 Jcsum
3399 1914 3653 1984 Mariam,

2077 2003 2132 2047 ct
2162 1996 2363 2066 reliqua
2388 2014 2508 2066 Qllil’
2530 2013 2677 2053 nunc
2697 2011 3021 2069 prosecutus
3042 2016 3123 2065 es,
3150 2019 3271 2071 quae
3296 2007 3512 2074 quidem
3537 2024 3657 2062 οιιι-

2076 2089 2167 2142 nia
2219 2097 2460 2157 repetere
2514 2091 2893 2159 perhorresco.
2946 2091 3219 2149 luterdutn
3266 2096 3487 2165 quidam
3534 2100 3655 2168 cogi

2078 2181 2218 2235 solet
2245 2182 2437 2237 artifex
2483 2193 2703 2253 propter
2751 2185 3077 2254 imperitiam
3127 2187 3431 2244 resistentis
3476 2189 3658 2246 dicere

2077 2283 2132 2328 et
2164 2273 2344 2329 facere
2372 2291 2436 2330 ea
2463 2292 2586 2346 quae
2613 2286 2828 2346 tempus
2860 2288 3109 2347 recusat;
3138 2287 3193 2335 et
3219 2280 3344 2336 ideo
3368 2283 3494 2352 quia
3522 2284 3657 2338 mihi

2075 2379 2160 2422 est
2189 2369 2333 2423 illata
2362 2370 2662 2425 necessitas
2694 2380 2914 2440 propter
2941 2382 3262 2441 praesentem
3305 2377 3542 2444 turbam,
3586 2380 3654 2434 ad

2077 2475 2139 2513 ea
2170 2476 2287 2531 quae
2317 2476 2345 2514 a
2379 2471 2428 2516 te
2458 2476 2566 2514 non
2599 2471 2744 2516 recte
2788 2462 2933 2516 dicta
2986 2472 3146 2531 sunt,
3196 2467 3386 2536 paucis
3423 2483 3656 2539 respon-

2077 2551 2233 2605 deam
2260 2551 2393 2623 (76).
2444 2551 2540 2607 [fic
2563 2567 2694 2622 ergo
2726 2553 2858 2607 mihi
2926 2554 2973 2607 si
3010 2553 3195 2610 Jcsum
3249 2557 3528 2614 hominem
3559 2575 3651 2615 na'

2078 2644 2324 2698 turaliter
2357 2644 2559 2699 factum
2595 2643 3022 2719 intellexerimus
3048 2663 3115 2702 es
3143 2648 3333 2715 Maria,
3364 2650 3655 2709 habentem

2077 2751 2297 2790 carnem
2353 2745 2406 2791 et
2448 2720 2771 2808 sanguinem
2807 2738 3269 2809 intellexerimus;
3302 2758 3526 2801 necesse
3571 2757 3657 2803 est

2076 2830 2239 2881 etiam
2277 2826 2539 2898 Spiritum
2592 2839 2838 2885 sanctum
2883 2846 3065 2886 veram
3113 2834 3421 2890 columbam
3462 2835 3655 2907 fuisse,

2076 2928 2131 2973 et
2160 2936 2267 2975 non
2302 2921 2573 2991 spiritum.
2601 2924 2670 2979 Et
2700 2926 2975 2995 quomodo
3007 2927 3205 2996 poterit
3244 2930 3379 2982 vera‘
3403 2931 3655 2987 columba

2077 3028 2265 3067 verum
2305 3014 2578 3069 hominem
2616 3015 2844 3086 ingredi,
2892 3027 3055 3088 atque
3101 3019 3158 3073 in
3203 3034 3269 3074 eo
3307 3024 3659 3090 permanere?

2079 3119 2212 3161 caro
2246 3106 2392 3160 enim
2425 3121 2645 3162 carnem
2696 3109 2902 3180 ingredi
2951 3125 3058 3164 non
3091 3120 3313 3180 potest:
3349 3114 3442 3169 sed
3483 3117 3657 3181 magis

2078 3199 2124 3253 si
2167 3197 2353 3255 Jesum
2398 3201 2673 3254 hominem
2705 3215 2892 3255 verum
2939 3202 3316 3266 confiteamur,
3359 3220 3484 3260 eum
3525 3222 3656 3262 vero

2077 3291 2170 3360 qui
2198 3292 2415 3357 dicitur,
2449 3292 2591 3347 sicut
2613 3292 2886 3355 columba,
2918 3291 3178 3362 Spiritum
3207 3305 3480 3359 sanctum,
3504 3300 3651 3353 salva

2076 3391 2156 3437 est
2191 3384 2346 3437 nobis
2378 3384 2515 3437 ratio
2541 3384 2594 3437 in
2622 3393 2873 3454 utraque.
2905 3384 3141 3454 Spiritus
3174 3387 3318 3442 enim
3352 3392 3653 3446 secundum

2076 3482 2283 3528 rectam
2322 3475 2586 3529 rationem
2624 3475 2833 3530 habitat
2873 3476 2927 3529 in
2975 3478 3215 3540 homine.
3261 3488 3313 3533 et
3357 3479 3653 3549 descendit,

2078 3574 2132 3619 et
2158 3576 2468 3635 permanet;
2504 3576 2557 3623 et
2587 3577 2959 3637 competenter
2993 3570 3097 3625 hoc
3137 3581 3191 3625 et
3233 3571 3435 3627 factum
3473 3583 3576 3639 est,
3606 3585 3660 3630 et

2080 3660 2141 3711 fit
2172 3673 2407 3728 semper,
2441 3660 2585 3714 sicut
2612 3671 2667 3714 tu
2698 3669 2749 3716 te
2780 3661 2959 3730 ipsum
2990 3673 3116 3719 ante
3148 3664 3253 3720 hoc
3282 3674 3496 3736 tempus
3524 3683 3657 3737 pro-

2080 3748 2320 3820 ﬁtebaris
2348 3766 2470 3806 esse
2497 3749 2834 3806 Paracletum
2870 3752 2985 3814 Dei.
3028 3764 3087 3808 ut
3133 3756 3309 3810 dicam
3352 3747 3508 3823 silex,
3549 3776 3659 3815 non

2079 3839 2243 3894 homo
2265 3840 2402 3911 (77),
2434 3842 2527 3910 qui
2559 3842 2869 3911 frequenter
2890 3844 3228 3903 Oblivisceris
3256 3863 3316 3902 ea
3347 3865 3468 3918 quae
3495 3851 3654 3907 ilicis.

2082 3930 2343 4001 Spiritum
2361 3934 2505 3987 enim
2521 3935 2731 3988 venisse
2747 3950 2911 4003 super
2926 3944 2976 3989 te
2992 3937 3199 4001 dixisti,
3217 3954 3376 4007 quem
3393 3945 3657 4010 promise"

2078 4031 2165 4075 rat
2186 4021 2346 4077 Jesus
2381 4021 2487 4093 [se]
2509 4037 2631 4077 esse
2660 4023 2956 4078 missurum
2987 4042 3001 4078 :
3026 4035 3081 4080 et
3113 4028 3255 4081 unde
3284 4030 3387 4084 nisi
3422 4031 3490 4085 de
3511 4035 3653 4088 coelo

2079 4114 2409 4168 descendat?
2440 4114 2508 4167 Et
2538 4115 2583 4168 si
2608 4114 2888 4169 descendit
2923 4115 3157 4184 Spiritus
3179 4134 3344 4188 super
3377 4121 3654 4180 hominem

2079 4205 2302 4274 dignum
2332 4218 2411 4268 se,
2437 4219 2601 4273 super
2621 4213 2673 4260 te
2703 4213 2885 4260 autem
2917 4222 3074 4262 veras
3107 4207 3392 4266 columbas
3429 4211 3658 4267 descen-

2079 4296 2226 4350 disse
2273 4295 2616 4349 seutiendum
2660 4304 2763 4361 est,
2818 4305 2879 4350 ut
2928 4305 2978 4352 te
3026 4298 3422 4355 columbarium
3472 4304 3657 4372 potius

2079 4384 2258 4440 furem
2310 4386 2668 4456 accipiamus,
2700 4388 2928 4443 insidias
2953 4389 3035 4443 eis
3064 4403 3128 4445 ac
3170 4391 3393 4461 laqueos
3429 4395 3655 4449 mulienv

2080 4488 2226 4547 tem;
2255 4479 2453 4548 dignus
2482 4479 2631 4533 enim
2651 4463 2731 4547 és,
2758 4480 2852 4551 qui
2880 4482 3059 4537 verbis
3091 4483 3338 4539 ridiculis
3374 4486 3653 4557 illudaris;

2008 4580 2179 4641 nego
2229 4580 2411 4627 tamen
2459 4587 2663 4642 pareo,
2707 4588 2776 4626 ne
2822 4575 3103 4630 auditores
3146 4577 3330 4632 videar
3386 4579 3658 4636 offendere

2081 4663 2199 4717 haec
2236 4662 2462 4730 dicens,
2513 4673 2568 4718 et
2614 4666 2850 4725 maxime
2898 4667 3025 4736 quia
3074 4679 3269 4737 prieter
3316 4686 3518 4741 propos
3541 4682 3652 4727 tum

2080 4771 2284 4819 meum,
2334 4756 2387 4809 in
2438 4766 2488 4811 te
2534 4757 2778 4827 ingerere
2825 4775 2947 4827 quae
2987 4762 3249 4817 merearis
3293 4766 3502 4819 audire.
3552 4766 3656 4820 Sed

2082 4847 2300 4901 redeam
2331 4848 2398 4901 ad
2431 4863 2568 4902 rem.
2594 4847 2802 4903 Memor
2839 4866 2960 4904 sum
2990 4853 3134 4906 enim
3164 4855 3655 4923 transformalionis

2080 4944 2207 5001 tute,
2230 4952 2336 5006 qua
2370 4937 2528 5004 dicis,
2554 4940 2684 5009 quia
2714 4938 2859 4996 Deus
2899 4942 3371 5001 transformaverit
3396 4961 3454 5001 se
3480 4949 3532 5002 in
3559 4949 3659 5002 lm-

2081 5029 2315 5094 minem,
2358 5031 2444 5083 vel
2496 5031 2551 5084 in
2596 5032 2803 5099 solem,
2850 5048 2916 5088 ex
2969 5036 3073 5090 hoc
3130 5038 3317 5092 volens
3372 5041 3661 5096 ostendere

2080 5116 2266 5175 Jcsum
2299 5129 2544 5175 nostrum
2583 5122 2769 5177 habitu
2813 5126 2929 5179 solo
2956 5134 3011 5179 et
3037 5128 3152 5180 visu
3184 5126 3384 5183 factum
3411 5145 3530 5186 esse
3559 5131 3661 5185 ho-

2162 5235 2209 5268 ¹⁸
2245 5233 2436 5291 Matth.
2458 5251 2557 5305 Im,
2606 5236 2692 5292 16.

2083 5344 2278 5422 nifeste
2317 5348 2691 5422 dissolverem.
2723 5366 2742 5398 ι
2796 5348 2899 5403 Sed
2949 5365 3013 5422 ex
3066 5348 3296 5407 Manetis
3348 5353 3656 5422 interroga-

2084 5418 2249 5489 tione,
2280 5420 2369 5472 cui
2416 5419 2716 5475 Archelaus
2762 5421 3085 5489 respondet,
3130 5439 3234 5477 nos
3277 5425 3422 5478 hunc
3473 5418 3656 5479 locum

2083 5488 2443 5543 restituimus.

2153 5558 2267 5632 (7U)
2287 5578 2328 5632 Δι
2356 5547 2755 5631 Respondeam,
2781 5580 2801 5613 ι
2831 5577 2948 5631 pro,
2982 5581 2999 5614 ι
3032 5564 3373 5632 respondebo
3403 5584 3414 5618 :
3453 5585 3472 5617 ›
3497 5564 3654 5622 sicin

2087 5628 2350 5703 cap;_48,‘
2373 5648 2390 5680 ι
2423 5628 2705 5703 edoceam,
2739 5628 2758 5683 ὦ
2791 5628 2909 5703 p.20,
2935 5628 2959 5684 ⁷(
2987 5628 3245 5689 edocebo.
3279 5653 3299 5685 ι

2158 5698 2271 5768 (77)
2312 5699 2645 5766 Casineusis,
2678 5720 2697 5753 ι
2732 5698 2805 5757 ιη’
2831 5703 3006 5758 dicam
3051 5705 3220 5760 dilere
3266 5722 3374 5759 non
3413 5707 3596 5763 homo.
3622 5731 3639 5761 ι

2090 5764 2319 5823 Videant
2348 5772 2568 5837 eruditi,
2599 5764 2666 5825 an
2698 5784 2843 5829 recte
2873 5775 3213 5830 emendatum
3252 5780 3344 5831 sit.

3269 5947 3345 6001 as
