4090 6402
467 410 603 468 1515
1455 410 1641 466 ACTA
1680 405 2212 466 DlSPUTATIONlS
2257 407 2314 462 S.
2386 406 2731 463 ABCHELAI
3571 413 3709 471 {516

461 529 662 583 minem
696 525 892 597 :quodl
917 526 1057 582 absit
1095 526 1162 580 ab
1198 541 1525 596 unoquoque
1559 526 2016 582 ﬁdelium'dicere.
2049 530 2096 588 Α
2123 525 2290 596 poris,
2327 525 2608 595 cooperire
2652 533 2704 580 te
2755 535 2807 580 et
2853 526 3192 583 circumdare
3224 537 3434 599 potest;
3475 540 3535 587 tu
3575 550 3707 590 vero

462 621 588 675 llaec
622 617 866 688 alioquin
897 617 1193 674 secundum
1231 627 1281 672 te
1312 619 1377 672 ad
1420 618 1695 672 somnium
1745 618 1902 672 nobis
1947 632 2032 672 re—
2133 633 2283 678 eum,
2312 618 2416 672 etsi.
2444 617 2868 683 conculcaveris,
2907 617 3044 673 nihil
3072 619 3242 676 laedis.
3279 621 3542 681 Dominus
3577 644 3708 683 vero

460 714 624 766 deant
655 711 930 776 universa,
980 717 1034 764 et
1060 710 1289 779 ﬁguras;
1323 724 1431 764 non
1475 709 1654 764 solum
1705 717 1906 774 autem,
1939 709 2032 764 sed
2133 724 2287 764 meus
2318 706 2496 774 Jesus,
2538 707 2586 763 si
2631 715 2812 763 tentus
2847 717 2949 774 est,
2991 719 3051 764 ut
3083 711 3245 766 homo
3286 713 3355 768 ab
3394 713 3706 774 hominibus

461 803 727 857 adventus
771 816 965 856 nomen
1015 800 1312 868 delebitur;
1351 810 1561 871 poterat
1600 801 1746 855 enim
1797 801 1852 855 in
1895 801 2032 856 em‘lo
2134 809 2311 855 tentus
2333 807 2434 854 est.
2471 797 2526 852 Si
2555 813 2663 854 non
2698 807 2783 854 est
2815 799 2998 869 homo,
3032 816 3132 857 nec
3163 811 3344 860 tentus
3373 814 3474 860 est.
3511 805 3568 862 Si
3593 825 3704 864 non
3790 869 3792 872 ,

460 893 674 961 positus
697 890 876 946 facere
911 906 1033 962 quae
1071 891 1335 956 voluerat,
1364 891 1409 944 si
1451 888 1710 959 Spiritum
1739 903 1862 944 eum
1887 904 2029 952 esse,
2132 903 2216 947 est
2245 901 2442 958 tentus,
2488 907 2589 946 nec
2625 905 2819 960 passus
2859 903 2974 958 est,
3014 907 3115 948 nec
3155 893 3459 964 baptizatus
3501 908 3603 955 est.
3645 899 3704 956 Si

460 995 650 1040 etnon
677 984 975 1049 hominem,
1009 984 1176 1040 dices.
1225 982 1333 1038 Sed
1372 997 1480 1037 non
1521 984 1595 1037 ita
1633 991 1737 1047 est,
1771 982 2031 1052 quoniam
2133 985 2223 1040 ille
2261 999 2371 1040 non
2404 994 2488 1039 est
2527 984 2853 1055 baptizatus,
2897 1000 3072 1055 neque
3120 989 3409 1058 quisquam
3455 1001 3703 1048 nostrum

465 1095 485 1129 ι
516 1077 810 1132 exinanivit
829 1075 1610 1148 semetipsum,formamﬁservi
1635 1076 1907 1146 accipiens
1929 1077 2026 1142 ης»
2132 1077 2434 1147 baptizatus
2465 1085 2567 1133 est.
2607 1076 2882 1148 Baptisma
2911 1086 3091 1133 autem
3123 1080 3168 1134 si
3200 1095 3309 1135 non
3333 1089 3439 1149 est,
3472 1098 3573 1138 nec
3599 1085 3704 1139 erit

459 1171 581 1225 dico
613 1177 792 1225 autem
821 1171 888 1225 de
917 1185 1004 1238 eo,
1048 1171 1141 1240 qui
1191 1185 1256 1225 ex
1306 1169 1471 1249 Maria
1520 1167 1695 1224 factus
1733 1168 2027 1224 est'homo.
2131 1169 2380 1225 remissio
2403 1169 2891 1239 peccatorum;_'sed
2921 1169 2977 1251 in
3001 1171 3116 1226 suis
3139 1172 3376 1240 peccatis
3401 1176 3700 1244 unusquis-

404 1270 416 1283 ‘
459 1262 600 1329 Quid
635 1262 822 1317 enim?
848 1277 954 1317 non
983 1270 1292 1331 poteramus
1317 1271 1370 1316 et
1394 1277 1495 1316 nos
1539 1261 1711 1315 multo
1738 1260 1952 1316 facilius
1979 1269 2032 1316 et
2131 1275 2237 1330 que
2283 1260 2564 1315 morietur.
2599 1258 2784 1313 Manes
2820 1259 2958 1313 dixit
2982 1276 3000 1313 :
3023 1259 3167 1332 Ergo
3190 1262 3457 1332 baptisma
3481 1274 3702 1335 propter

457 1353 622 1407 latius
652 1353 757 1409 ista
799 1354 1065 1408 narrare?
1089 1353 1191 1408 Sed
1225 1337 1457 1408 absit'ut
1483 1368 1511 1406 a
1546 1352 1771 1407 veritate
1797 1353 2031 1409 decline-
2132 1351 2506 1406 remissionem
2558 1361 2901 1420 peccatorum
2952 1351 3146 1407 datur?
3183 1354 3471 1408 Archelaus
3519 1357 3654 1411 dixit
3677 1375 3700 1412 :

457 1453 581 1494 mus
619 1440 728 1494 iota
770 1455 962 1507 unum,
1007 1449 1099 1494 aut
1141 1457 1309 1496 unum
1355 1442 1583 1511 apicem.
1618 1441 1714 1496 Est
1753 1442 1898 1496 enim
1936 1443 2030 1512 qui
2131 1439 2328 1495 Etiam.
2366 1441 2547 1495 Manes
2592 1441 2726 1494 dixit
2753 1457 2771 1494 :
2815 1440 2956 1512 Ergo
2987 1444 3229 1512 peccavit
3261 1443 3534 1512 Christus,
3569 1448 3698 1517 quia

455 1530 520 1584 de
549 1530 717 1585 Maria
741 1541 903 1587 natus
933 1539 1016 1587 est
1050 1531 1240 1599 Filius,
1275 1531 1369 1602 qui
1403 1541 1574 1586 totum
1622 1534 1727 1588 hoc
1769 1549 1878 1602 quo
1913 1533 2028 1603 (78)
2128 1531 2435 1601 baptizatus
2467 1532 2588 1590 est?
2618 1531 2906 1587 Archelaus
2939 1535 3073 1588 dixit
3101 1552 3119 1589 :
3143 1535 3327 1603 Absit;
3359 1537 3490 1607 quin
3519 1540 3700 1608 potius

453 1637 712 1693 magnum
752 1631 835 1678 est
875 1623 1048 1678 voluit
1080 1621 1321 1693 perferre
1365 1630 1660 1689 certamen,
1709 1620 1891 1677 Jesus.
1931 1621 2030 1677 Hie
2128 1637 2227 1692 pro
2259 1623 2415 1679 nobis
2447 1633 2728 1694 peccatum
2769 1625 2943 1682 factus
2983 1637 3085 1691 est,
3133 1636 3318 1683 nostra
3355 1638 3577 1698 peccata
3605 1646 3698 1685 su-

453 1722 536 1768 est
561 1713 810 1770 Christus
841 1713 955 1781 Dei,
1007 1715 1100 1786 qui
1143 1713 1419 1770 descendit
1465 1729 1627 1783 super
1657 1729 1783 1768 eum
1826 1715 1918 1784 qui
1961 1714 2028 1768 de
2129 1715 2366 1784 scipiens
2389 1716 2468 1784 ²⁰;
2493 1726 2710 1788 propter
2733 1718 2845 1790 (80)
2879 1719 3024 1788 quod
3056 1734 3124 1774 ex
3151 1719 3375 1774 muliere
3406 1728 3567 1775 natus
3588 1730 3695 1785 est,

452 1807 622 1862 Maria
667 1815 770 1864 est.
819 1806 975 1874 Quod
1024 1808 1071 1861 si
1121 1822 1230 1860 non
1285 1805 1460 1861 credis
1514 1821 1688 1875 neque
1736 1805 1853 1860 voci
1908 1821 2028 1875 quae
2063 1870 2098 1881 _
2127 1813 2181 1858 et
2216 1814 2436 1876 propter
2464 1808 2608 1876 quod
2639 1808 2707 1863 ad
2739 1809 3002 1880 baptisma
3039 1808 3206 1877 venit,
3231 1818 3290 1864 ut
3326 1810 3487 1880 hujus
3523 1813 3696 1881 partis

451 1901 668 1956 caelitus
695 1899 837 1954 facta
869 1909 985 1966 est,
1027 1899 1376 1954 temerarium
1412 1901 1630 1969 aliquod
1682 1901 1794 1969 ipse
1826 1899 2028 1969 produ—
2057 1870 2099 1923 Β
2128 1895 2430 1965 perciperet
2457 1870 2909 1966 puriﬁcationem,
2942 1907 3004 1953 ut
3045 1898 3304 1969 Spiritum
3331 1870 3427 1970 qui
3463 1870 3692 1956 descen-

452 1993 565 2059 cis;
600 2002 676 2056 et,
712 1992 760 2047 si
809 1991 1033 2057 dixeris,
1086 2006 1246 2046 nemo
1284 1992 1500 2046 credet.
1548 1991 1739 2046 Statim
1787 1991 1931 2044 enim
1973 1991 2027 2044 in
2127 1985 2280 2040 derat
2309 1987 2364 2040 in
2406 1988 2586 2057 specie
2616 1989 2908 2057 columba),
2944 2005 3141 2060 corpus
3173 1991 3315 2061 quod
3357 2001 3692 2062 susceperat,

450 2085 728 2140 desertum
750 2099 781 2138 a
803 2083 995 2154 spiritu
1020 2084 1213 2138 ductus
1253 2092 1336 2138 est
1375 2082 1553 2147 Jesus,
1581 2092 1640 2138 ut
1673 2091 1969 2138 tentaretur
1996 2099 2027 2138 a
2126 2086 2341 2146 portare
2367 2080 2558 2148 possit.

449 2176 688 2244 diabolo,
730 2191 892 2246 quem
921 2191 1044 2231 eum
1079 2174 1328 2230 diabolus
1375 2175 1666 2246 ignoraret,
1697 2175 1908 2230 dicebat
1933 2173 1981 2228 ei
2010 2192 2022 2227 :
2198 2170 2284 2226 ιι.
2324 2171 2450 2228 Haec
2496 2189 2618 2230 cum
2649 2174 2873 2231 dixisset
2898 2175 3219 2243 Archelaus,
3245 2177 3522 2232 admirata:
3564 2188 3693 2234 sunt

455 2287 476 2322 ι
509 2267 568 2323 Si
602 2267 774 2324 Filius
818 2283 878 2324 es
923 2267 1020 2322 Dei
1070 2269 1132 2322 ’⁷.
1177 2287 1196 2319 ι
1241 2266 1528 2336 ignorabat
1583 2276 1766 2322 autem
1809 2277 2026 2338 propter
2124 2263 2298 2318 turbae
2324 2265 2606 2320 veritatem
2637 2266 2896 2321 doctrina:
2923 2267 3064 2336 ejus,
3093 2277 3147 2322 et
3177 2268 3365 2324 laudes
3393 2269 3442 2323 ei
3472 2269 3693 2323 immen-

451 2358 580 2429 quid
615 2360 894 2429 genuisset
928 2357 1126 2413 Filium
1160 2358 1276 2423 Dei,
1308 2359 1403 2429 qui
1436 2359 1762 2428 praedicabat
1793 2376 2020 2430 regnum
2125 2370 2214 2410 sas
2245 2370 2370 2409 cum
2401 2357 2733 2412 clamoribus
2767 2358 3150 2417 reddiderunt:
3189 2359 3260 2412 ita
3299 2367 3357 2413 ut
3383 2359 3532 2414 omni
3577 2369 3688 2415 stu-

453 2451 738 2515 ctelorum,
768 2451 914 2520 quod
939 2458 1058 2504 erat
1087 2449 1199 2521 (79)
1225 2450 1597 2505 habitaculum
1621 2465 1898 2521 magnum,
1923 2467 2022 2507 nec
2124 2446 2215 2500 dio
2248 2459 2578 2502 conarentur
2601 2489 2616 2514 ,
2670 2458 2724 2502 et
2760 2448 2870 2519 (81)
2926 2449 3062 2503 ultra
3113 2450 3162 2504 ei
3211 2465 3315 2504 non
3346 2451 3586 2507 sinerent
3619 2453 3688 2507 ad

449 2542 518 2595 ah
551 2541 660 2596 ullo
707 2540 815 2595 alio
853 2541 1035 2610 parari
1083 2542 1395 2610 potuisset:
1430 2541 1574 2595 unde
1617 2540 1807 2597 allixus
1847 2542 2016 2608 cruci,
2124 2537 2342 2606 propria
2396 2551 2638 2590 remeare
2689 2554 2701 2589 :
2761 2545 2815 2590 et
2862 2545 2992 2592 tunc
3032 2538 3251 2607 quidem
3295 2538 3684 2596 discesserunt.

448 2648 572 2687 eum
605 2632 994 2688 resurrexisset
1023 2632 1092 2686 ab
1123 2630 1333 2697 inferis,
1384 2641 1698 2708 assumptus
1748 2642 1831 2687 est
1867 2633 2014 2699 illuc,
2122 2627 2318 2682 Postea
2352 2642 2499 2690 vero.
2531 2627 2872 2698 congregatis
2896 2628 3312 2693 CiS.Al‘ChelaUS
3341 2632 3688 2702 acquiescere

447 2722 538 2776 ubi
571 2722 821 2778 Christus
843 2721 1020 2778 Filius
1059 2720 1152 2776 Dei
1180 2722 1470 2792 regnabat;
1505 2711 1564 2777 ut
1601 2738 1723 2778 cum
1747 2722 2014 2794 judicium
2121 2721 2247 2786 sibi,
2282 2729 2444 2790 atque
2469 2719 2658 2774 audire
2699 2720 2926 2774 verbum
2952 2721 3212 2775 suadebat
3239 2739 3251 2774 :
3279 2738 3385 2776 non
3407 2723 3550 2778 enim
3582 2723 3686 2778 soli

446 2814 644 2870 habere
668 2814 914 2884 cceperit,
958 2814 1014 2867 hi
1048 2814 1156 2884 qui
1208 2814 1595 2883 ignoraverunt
1624 2831 1770 2883 eum,
1799 2817 2018 2872 videant
2119 2812 2211 2882 qui
2236 2827 2359 2867 cum
2396 2809 2631 2865 DiOdOPO
2655 2819 2831 2876 erant.
2863 2809 3156 2864 διιάίθῦίιηι
3180 2826 3303 2866 cum
3325 2854 3340 2878 ν
3373 2813 3466 2869 Sed
3495 2829 3687 2868 omnes

445 2924 607 2977 quem
639 2909 1152 2976 compunxerunt“.
1180 2906 1249 2962 Ut
1275 2915 1452 2962 autem
1479 2908 1691 2974 credas,
1713 2923 1835 2964 cum
1860 2908 2016 2965 disei-
2117 2904 2428 2974 quicunque
2460 2883 2840 2971 ex'provineia
2875 2901 2993 2970 ejus
3038 2903 3263 2957 aderant
3307 2912 3467 2973 atque
3497 2920 3565 2959 ex
3604 2906 3684 2959 vi-

444 2998 561 3067 puli
591 2998 708 3067 ejus
737 3013 832 3066 per
873 3012 1074 3051 annum
1121 2998 1390 3068 integrum
1429 3007 1749 3054 manserunt
1773 3013 1895 3055 cum
1924 3014 2010 3066 eo,
2116 2995 2255 3051 ciuis
2298 2994 2470 3062 locis;
2521 2993 2773 3064 factoque
2805 2993 3020 3048 silentio
3043 3034 3056 3059 ,
3092 2993 3197 3050 hoc
3239 2997 3400 3051 modo
3433 2997 3499 3052 de
3528 2996 3685 3052 Mane

443 3103 616 3158 quare
654 3089 836 3143 nullus
873 3088 1117 3158 ipsorum
1158 3089 1388 3158 procidit
1425 3105 1587 3161 super
1614 3090 1806 3146 faciem
1832 3108 2009 3159 suam,
2117 3088 2298 3142 dicere
2327 3100 2607 3156 aggressus
2637 3094 2752 3141 est:
2775 3083 3020 3151 Qualiter
3048 3101 3105 3140 se
3122 3085 3338 3154 quidem
3362 3087 3559 3142 habeat
3583 3103 3684 3142 no-

444 3182 588 3236 sieut
633 3181 794 3250 paulo
845 3189 971 3236 ante
1021 3181 1260 3245 dicebas,
1313 3183 1404 3237 sed
1451 3183 1506 3236 in
1549 3199 1657 3238 una
1703 3187 1834 3241 hora
1883 3186 1973 3240 illa
1995 3229 2009 3252 ,
2044 3214 2084 3271 ο
2118 3184 2232 3233 stra
2264 3176 2511 3231 doctrina
2545 3176 2811 3240 audistis,
2842 3184 2894 3229 et
2929 3175 3049 3230 tidei
3086 3183 3282 3230 nostra:
3312 3177 3682 3246 experimenta

442 3273 662 3343 quando
693 3273 837 3328 sicut
880 3273 962 3328 sol
1007 3273 1334 3344 resplenduit
1386 3278 1566 3331 vultus
1624 3275 1778 3346 ejus?
1828 3277 2017 3334 Nonne
2054 3267 2057 3268 ⁷

2063 3267 2080 3271 ⁷
2119 3267 2394 3338 coepistis;
2450 3275 2617 3336 prout
2660 3267 2811 3337 potui
2840 3267 2987 3322 enim
3017 3267 3315 3337 intelligere
3345 3268 3678 3338 Scripturas,

443 3374 662 3436 propter
705 3366 1074 3421 habitaculum
1124 3367 1288 3433 illud,
1331 3367 1477 3438 quod
1525 3384 1593 3424 ex
1627 3368 1798 3424 Maria
1841 3370 2017 3426 fuerat
2114 3375 2303 3413 00mm
2334 3359 2588 3414 omnibus
2625 3359 2782 3413 "Obis
2808 3359 3056 3428 exposui-
3109 3358 3210 3413 sed
3239 3377 3382 3415 nunc
3413 3362 3681 3431 Ρδυείεδί-

441 3458 733 3515 effectum?
764 3458 916 3515 Sicut
946 3460 1089 3515 enim
1119 3459 1383 3514 Paraeleti
1416 3464 1625 3530 pondus
1659 3463 1841 3518 nullus
1873 3463 2014 3518 alius
2114 3464 2201 3504 me
2233 3448 2347 3520 (82)
2380 3450 2561 3504 dicere
2592 3449 2859 3502 νοιθηιθπι
2887 3449 3165 3518 deprecor:
3222 3460 3284 3504 ιιι
3308 3466 3431 3506 cum
3463 3453 3680 3507 δίιθιιῑίο

441 3549 610 3604 valuit
642 3550 928 3616 sustinere,
962 3549 1066 3604 nisi
1104 3549 1205 3604 soli
1239 3548 1514 3618 discipuli,
1548 3560 1602 3605 et
1641 3550 1844 3607 Paulus
1885 3553 2014 3607 bea-
2113 3541 2379 3606 audiatis;
2400 3548 2458 3594 υι
2482 3540 2810 3610 agnoscatis:
2844 3540 2937 3609 ιιυί
2965 3541 3032 3594 είί
3063 3549 3116 3594 ει
3144 3543 3286 3595 unde
3311 3552 3363 3596 θί
3399 3543 3576 3611 qualis
3608 3545 3679 3599 είι

442 3652 560 3707 ms;
594 3641 666 3696 ita
695 3641 855 3697 etiam
890 3641 1151 3710 Spiritum
1195 3641 1288 3710 qui
1333 3643 1399 3696 de
1441 3642 1597 3696 amns
1635 3642 2008 3710 descenderat,
2112 3631 2215 3685 iste
2241 3670 2255 3695 ,
2309 3632 2402 3699 qui
2449 3630 2701 3694 advenit,
2733 3632 2875 3684 sicut
2922 3629 3158 3684 Sisinius
3187 3633 3405 3701 quidam
3438 3649 3580 3688 unus
3608 3649 3674 3687 ex

441 3747 536 3802 per
576 3747 738 3802 quem
785 3746 890 3786 vox
931 3731 1162 3786 Paterna
1210 3739 1439 3785 testatur
1477 3731 1706 3786 dicens:
1743 3750 1759 3782 ι
1795 3731 1893 3786 llic
1929 3743 2011 3788 est

2110 3721 2404 3776 comitibus
2454 3721 2572 3790 ejus
2616 3721 2873 3776 indicavit
2901 3721 3056 3787 mihi,
3083 3737 3244 3790 quem
3273 3724 3433 3778 etiam
3463 3725 3574 3794 (85)
3606 3726 3673 3778 ad

441 3823 614 3879 Filius
648 3838 803 3878 meus
835 3823 1064 3877 dilectus
1090 3825 1151 3887 '9,
1184 3841 1204 3874 ι
1246 3822 1428 3878 nullus
1456 3823 1594 3877 alius
1630 3833 1846 3892 portare
1874 3840 2010 3893 prae-

2111 3813 2485 3868 teslimonium
2533 3829 2722 3869 eorum
2757 3829 2879 3883 qum
2905 3831 2931 3868 a
2965 3830 3050 3868 me
3078 3813 3344 3881 dicentur,
3393 3816 3436 3870 si
3477 3817 3671 3885 placet,

440 3917 632 3982 γειιυίι,
664 3916 769 3971 nisi
815 3917 906 3985 qui
951 3930 1017 3968 ex
1067 3914 1231 3968 Maria
1264 3923 1426 3970 “aius
1470 3924 1570 3977 esi,
1616 3930 1779 3983 super
1819 3931 2008 3970 omnes
2109 3920 2304 3959 vocare
2331 3913 2551 3974 paratus
2586 3922 2728 3961 sum.
2773 3906 2879 3961 Sed
2905 3923 2972 3961 ne
3001 3908 3117 3978 ipse
3137 3909 3354 3978 quidem
3383 3908 3563 3962 dicere
3595 3925 3654 3962 re

440 4018 657 4064 sanctos
679 4007 858 4065 Iesus.
886 4008 990 4063 Sed
1019 4017 1071 4062 et
1093 4008 1160 4062 ad
1187 4008 1301 4062 hate
1326 4023 1446 4077 qum
1473 4007 1690 4075 obiicio,
1717 4010 2002 4078 responde.

2110 3997 2324 4051 cusavit
2349 3998 2464 4067 (84)
2493 3997 2680 4051 eadem
2717 4014 2838 4066 qua:
2865 4013 2963 4052 nos
2991 4000 3241 4066 dicimus,
3275 4007 3536 4069 praesente
3561 3997 3674 4053 Ma-

442 4101 500 4156 Si
531 4101 716 4156 habitu
743 4116 869 4156 eum
901 4109 956 4156 et
985 4100 1165 4170 specie
1194 4100 1332 4154 dicis
1371 4115 1493 4154 esse
1535 4100 1832 4167 hominem,
1867 4116 2005 4168 quo—

2109 4103 2204 4153 ne;
2262 4087 2492 4143 credidit
2546 4087 2692 4142 enim
2733 4089 2996 4144 doctrinm
3045 4098 3244 4144 nostra:
3288 4091 3668 4160 supradictus,

440 4191 603 4250 modo
636 4190 704 4245 ab
737 4191 822 4244 his
849 4189 942 4260 qui
971 4205 1038 4244 ex
1067 4189 1184 4244 viro
1210 4198 1264 4243 et
1285 4189 1511 4242 muliere
1542 4189 1655 4242 nati
1690 4198 1836 4252 sunt,
1865 4186 2006 4241 Pha-
2107 4182 2247 4236 sicut
2277 4191 2330 4236 et
2360 4181 2501 4250 apud
2535 4196 2621 4235 me
2650 4181 2789 4236 alius
2815 4181 2999 4236 Turbo
3030 4182 3268 4237 nomine.
3318 4181 3667 4251 Quatcuuque

438 4282 634 4349 risatis,
666 4282 838 4336 teneri
870 4281 1066 4351 potuit,
1099 4290 1154 4335 et
1183 4279 1249 4334 ad
1275 4279 1540 4349 judicium
1572 4280 1844 4350 protrahi;
1876 4294 1998 4334 cum
2106 4289 2236 4344 ergo
2284 4273 2573 4329 eontestati
2607 4283 2734 4328 sunt
2763 4274 2917 4340 mihi,
2952 4274 3044 4329 sed
3085 4283 3138 4328 et
3163 4290 3226 4328 ea
3268 4290 3389 4344 quae
3431 4290 3532 4329 nos
3568 4275 3671 4344 ipsi

438 4372 718 4443 spirituale
749 4387 944 4441 corpus
971 4387 999 4425 a
1027 4371 1394 4427 crassioribus
1427 4371 1748 4440 corporibus
1774 4386 1881 4425 non
1911 4389 2004 4425 va-
2105 4366 2558 4435 deprehendimus
2593 4366 2648 4419 in
2673 4366 2777 4420 hoc
2811 4367 2946 4429 viro,
2978 4382 3086 4421 non
3119 4366 3313 4420 faciam
3336 4367 3504 4421 latere
3531 4382 3668 4421 con-

439 4465 544 4518 leat
571 4463 993 4532 comprehendi?
1021 4462 1177 4530 Quod
1219 4464 1264 4518 si
1308 4463 1475 4518 habes
1515 4463 1718 4532 aliquid
1748 4464 1892 4533 quod
1928 4464 2003 4517 ad
2107 4459 2386 4513 scientiam
2421 4465 2680 4512 vestram.
2716 4455 2870 4512 Tunc
2895 4472 3021 4512 vero
3043 4457 3216 4511 turbat
3237 4471 3301 4510 eo
3322 4456 3556 4526 amplius
3586 4456 3669 4510 in-

437 4553 662 4610 verbum
695 4563 855 4623 atque
875 4555 940 4608 ad
970 4555 1308 4624 propositum
1336 4554 1688 4624 respondeas,
1733 4555 1826 4623 qui
1860 4571 2000 4609 nun-
2027 4555 2080 4613 D
2105 4551 2301 4614 citatm,
2336 4557 2672 4618 eongregatze
2699 4557 2825 4602 sunt
2852 4549 2918 4602 ad
2954 4546 3281 4601 audiendum
3304 4547 3623 4601 Archelaum
3649 4567 3664 4614 ;

437 4661 599 4715 quam
655 4645 722 4698 ad
767 4649 1041 4714 proposita
1073 4645 1422 4714 respondisti,
1467 4661 1645 4716 perge,
1684 4661 1903 4714 quaeso,
1945 4655 1998 4700 et
2102 4649 2298 4701 etenim
2330 4663 2392 4702 ea
2420 4662 2540 4716 qua:
2567 4645 2632 4699 ab
2657 4661 2722 4701 eo
2747 4645 3082 4707 dicebantur,
3101 4643 3388 4712 plurimam
3411 4642 3492 4697 eis
3516 4642 3666 4696 oble—

437 4737 698 4808 pugillum
729 4737 946 4806 plenum
978 4737 1110 4792 solis
1144 4738 1276 4791 mihi
1303 4737 1453 4801 aﬂ‘er,
1492 4747 1586 4791 aut
1617 4738 1856 4792 modium
1884 4739 1998 4808 ple-
2103 4739 2396 4792 elationem
2425 4738 2766 4806 praebebant;
2800 4743 3018 4805 propter
3050 4733 3195 4803 quod
3223 4741 3276 4786 et
3301 4733 3542 4787 certatim
3569 4734 3666 4788 ad-

435 4827 607 4882 num?
635 4825 750 4896 Ipse
779 4840 903 4880 vero
934 4825 1015 4880 sol
1044 4841 1142 4895 pro
1171 4840 1236 4878 eo
1271 4826 1414 4894 quod
1444 4826 1742 4883 subtilioris
1769 4838 1852 4882 est
1875 4844 1996 4883 cor-
2103 4831 2458 4886 hortabantur
2488 4844 2610 4883 eum
2638 4829 2818 4882 dicere
2842 4839 3178 4896 quaecunque
3207 4824 3386 4888 vellet,
3405 4840 3666 4895 quacun-

508 4991 549 5020 ¹⁸
588 4987 786 5058 Philip.
826 5004 883 5054 ιι,
916 4989 965 5042 7.
1045 4989 1086 5019 "
1126 4987 1313 5042 Matth.
1365 5007 1438 5054 iv,
1492 4991 1544 5044 i.
1651 4993 1692 5023 ¹⁸
1729 4990 1923 5047 Joann.
1968 5011 2095 5063 XIX,

1831 5010 1923 5047 nn.
1968 5011 2095 5063 χιιι,
2145 4995 2234 5050 57.
2335 4996 2376 5027 ¹⁹
2429 4993 2616 5048 Matth.
2654 5010 2735 5060 ιιι,
2776 4993 2861 5048 l7.
2969 4993 3012 5023 ³ο
3053 4990 3092 5044 ll
3119 4991 3245 5045 Cor.
3274 5005 3325 5054 v,
3353 4989 3441 5043 21.

502 5150 614 5225 (ES)
653 5149 835 5225 Forte,
865 5151 1077 5225 equod.
1112 5169 1131 5201 ι
1402 5221 1413 5225 _
1648 5221 1658 5225 _
1948 5223 1956 5225 _
2133 5222 2143 5225 _
2172 5152 2301 5225 (8|)_
2328 5151 2392 5207 Et
2423 5151 2512 5206 hic
2538 5151 2825 5221 particula,
2864 5159 3002 5225 «get,
3031 5167 3049 5199 ι
3082 5149 3233 5225 deest
3265 5147 3533 5225 incodice
3558 5147 3664 5204 Ca-

504 5219 616 5290 (79)
657 5219 858 5291 Locum
901 5219 1043 5275 hunc
1075 5229 1261 5276 nostra
1293 5221 1604 5291 conjectura
1645 5221 1720 5276 ita
1751 5223 1990 5277 correxi-
2102 5219 2343 5288 sinen'si,
2375 5219 2746 5291 quam—tamen
2776 5220 3038 5274 orationis
3062 5220 3231 5274 series
3260 5219 3531 5272 evidenter
3564 5235 3660 5274 ex-

427 5305 576 5352 mus,
611 5299 669 5343 ut
698 5290 893 5360 aliquis
923 5291 1045 5345 inde
1073 5306 1266 5346 sensus
1295 5290 1608 5358 eliceretur;
1645 5306 1769 5346 nam
1798 5293 1851 5345 in
1880 5292 1954 5346 Ca
1973 5323 1988 5332 -
2098 5294 2290 5360 poscit.

427 5359 899 5431 sinensiscodicis
922 5362 1149 5415 lectione
1180 5376 1373 5431 magna
1398 5362 1702 5416 obscuritas
1725 5376 1789 5414 ex
1823 5363 1990 5416 libra-
2099 5359 2111 5360 ί
2165 5362 2278 5430 (82)
2318 5359 2503 5431 Forte,
2539 5378 2557 5431 ι
2595 5359 3002 5431 paucissimae)

427 5431 493 5502 rii
525 5429 800 5485 erroribus
832 5441 1051 5495 exorta;
1082 5431 1168 5502 psic
1196 5424 1338 5485 enim
1379 5432 1680 5502 scAhabet;
1719 5449 1736 5481 ι
1767 5433 1990 5502 lgnora-
2167 5424 2278 5501 (85)
2312 5430 2494 5502 Codex
2521 5424 2833 5483 Casinensis
2861 5427 3010 5502 nullo
3041 5425 3398 5502 sc_nsu_ha_het
3417 5442 3438 5502 χ
3464 5443 3484 5475 ι

426 5499 526 5552 bat
553 5507 730 5552 autem
761 5510 977 5570 propter
1002 5501 1092 5568 qui
1123 5503 1400 5570 genuisset
1432 5499 1624 5555 Filium
1663 5502 1755 5556 Dei
1789 5495 1987 5570 przedi-
2100 5495 2227 5555 mus
2256 5495 2474 5570 quidam
2507 5516 2605 5552 vos
2636 5516 2699 5553 ex
2735 5498 3024 5553 comitibus
3060 5497 3179 5560 eius
3211 5495 3470 5550 indicavit
3500 5497 3653 5562 mihi,

428 5570 590 5641 cabat
619 5583 842 5641 regnum
874 5571 1154 5641 cmlorum,
1181 5573 1272 5641 qui
1301 5580 1436 5637 erat,
1471 5590 1488 5622 ι
1521 5581 1623 5625 etc.
2095 5587 2215 5641 quzr
2238 5573 2397 5641 etiam
2435 5589 2451 5620 ι
2485 5579 2588 5623 etc.

505 5638 618 5706 (80)
658 5633 715 5690 lu
741 5642 924 5694 codice
956 5633 1262 5712 Casinensi,
1284 5656 1394 5711 quo
1424 5633 1507 5695 usi
1538 5657 1727 5696 sumus
1748 5682 1762 5706 ,
1799 5644 1990 5712 adver-
2113 5633 2128 5641 ’
2163 5641 2278 5712 (84)
2319 5639 2395 5712 Et
2416 5641 2504 5693 hic
2539 5638 2946 5712 emendavimus
2987 5634 3542 5712 codicis_Casinens_is
3575 5633 3653 5687 leo

431 5705 605 5763 bium
634 5725 653 5758 ι
698 5718 916 5776 propter
972 5729 990 5760 ι
1040 5705 1396 5775 desiderat—ur,
1447 5713 1538 5765 sed
1600 5713 1730 5766 illud
1776 5711 1985 5765 librarii
2096 5705 2351 5773 ctibuém,
2387 5710 2457 5762 ita
2489 5725 2547 5764 se
2578 5705 2897 5764 habentem:
2933 5726 2952 5759 ι
2987 5707 3101 5776 ipse
3123 5707 3338 5776 quidem
3367 5720 3451 5760 me
3474 5705 3655 5758 dicere

431 5779 717 5833 oscitantia
767 5779 1026 5835 omissqu
1064 5780 1230 5838 fuisse
1259 5782 1535 5852 sequentia
1585 5783 1728 5837 clare
1770 5783 1990 5837 demou-
2096 5782 2386 5844 recusavit,
2415 5797 2432 5830 ι
2469 5789 2568 5834 etc.

422 5859 622 5903 stram.
