4090 6382
414 435 553 494 1517

1521 443 1666 501 CUM
1697 440 1975 501 MANETE
2017 444 2552 504 HERESIARCIIA.

3520 447 3663 505 1518

416 575 525 629 que
576 559 832 627 sentiret;
877 568 1097 630 paratos
1145 574 1203 616 se
1252 562 1385 618 esse
1418 562 1484 617 ad
1537 563 1887 622 audiendum.
1941 573 1994 619 et
2022 571 2067 627 Α
2096 575 2155 619 ut
2196 574 2250 619 et
2290 566 2383 619 alii
2412 580 2602 620 omnes
2657 565 2821 634 hujus
2871 565 3143 635 dogmatis
3188 572 3530 620 sectatores:
3566 564 3661 636 qui

418 662 595 719 usque
637 647 705 702 ad
751 663 1036 717 vesperum
1071 662 1409 717 permanere,
1441 651 1604 705 etiam
1635 652 1879 708 accensis
1906 654 1984 707 lu-

418 742 679 808 minibus,
717 742 1157 813 pollicebantur:
1193 758 1425 813 quorum
1471 744 1817 800 animositate
1846 746 1984 802 inci-

419 841 563 887 tatus
616 833 918 888 Archelaus
967 849 1089 889 cum
1125 834 1274 889 omni
1315 834 1514 889 ﬁducia
1542 834 1722 890 dicere
1759 850 1987 891 exorsus

416 930 501 977 est
536 942 547 977 :
581 923 695 978 Viri
755 922 983 984 fratres.
1049 925 1355 995 superiores
1406 924 1622 994 quidem
1657 940 1852 982 causas
1892 925 1989 981 Do-

419 1015 552 1068 mini
588 1014 692 1069 mei
725 1013 851 1069 Jesu
885 1015 1143 1081 audistis;
1195 1014 1320 1070 dico
1367 1023 1546 1070 autem
1591 1030 1719 1079 eas,
1767 1032 1887 1085 quae
1920 1031 1985 1070 ex

421 1105 538 1174 lege
560 1111 616 1158 et
646 1105 927 1173 pr0phelis
954 1105 1303 1175 judicautur;
1341 1105 1624 1160 inferiores
1660 1121 1788 1161 vero
1807 1106 1989 1160 Domi-

422 1194 478 1248 ni
513 1194 619 1247 mei
648 1191 775 1249 Jesu
808 1194 1008 1250 Christi
1070 1194 1370 1249 Salvatoris
1412 1194 1585 1250 nostri
1621 1211 1724 1249 non
1774 1195 1989 1265 ignora-

422 1286 509 1340 tis.
543 1284 647 1339 Sed
678 1286 809 1355 quid
841 1286 1035 1354 plura?
1080 1286 1344 1356 Appellati
1376 1301 1567 1341 sumus
1596 1301 1661 1339 ex
1690 1284 1988 1340 Salvatoris

421 1376 693 1431 desiderio
712 1376 1033 1442 Christiani,
1064 1378 1206 1432 sicut
1231 1378 1519 1433 universus
1548 1377 1697 1431 orbis
1722 1384 1987 1431 terrarum

421 1466 795 1522 testimonium
822 1468 1089 1537 perhibet,
1121 1476 1282 1537 atque
1320 1468 1550 1538 apostoli
1576 1467 1837 1532 edocent;
1893 1468 1989 1522 sed

424 1566 475 1611 et
508 1557 749 1627 optimus
781 1559 1111 1614 architectus
1138 1559 1276 1628 ejus,
1308 1558 1718 1615 fundamentum
1750 1560 1862 1632 (85)
1891 1575 1990 1615 no-

422 1658 619 1714 strum,
651 1649 705 1703 id
735 1656 819 1703 est
843 1647 1128 1710 Ecclesiae,
1174 1648 1378 1705 Paulus
1405 1651 1588 1720 posuit
1614 1653 1655 1682 ¹¹
1680 1694 1694 1717 ,
1733 1661 1786 1706 et
1817 1652 1987 1721 legem

420 1736 677 1803 tradidit,
713 1738 978 1794 ordinatis
1002 1739 1115 1810 (86)
1144 1740 1430 1807 ministris,
1466 1751 1519 1797 et
1560 1744 1909 1815 presbyteris,
1937 1756 1991 1801 et

422 1829 696 1899 episcopis
722 1830 774 1882 in
801 1844 863 1884 ea
885 1871 901 1895 ,
941 1830 1256 1887 describens
1305 1848 1399 1903 per
1427 1834 1540 1888 loca
1569 1836 1777 1906 singula
1799 1878 1813 1900 ,
1850 1855 1990 1908 quo.

2087 670 2275 710 omnes
2326 656 2643 711 dualitateni
2694 656 3011 719 defendunt,
3043 657 3379 711 declinantes
3408 656 3659 726 Scriptu-

2087 763 2162 801 rae
2189 747 2330 800 viam
2358 747 2656 811 directam;
2694 746 2785 801 sed
2820 763 2926 802 non
2958 748 3012 801 in
3042 748 3276 817 amplius
3307 748 3609 817 proficient.

2164 837 2274 893 LII.
2318 836 2510 895 Nullus
2540 850 2719 893 tamen
2753 839 2825 893 ita
2850 840 3190 908 impudenter
3216 840 3496 908 praavaluit
3518 840 3658 897 sicut

2090 931 2191 985 iste
2221 930 2570 1002 Scytbianus.
2631 932 2951 986 Inimicitias
2981 932 3124 986 enim
3177 933 3316 986 inter
3346 932 3485 987 duos
3512 933 3663 1002 inge-

2090 1022 2234 1076 nitos
2280 1021 2617 1085 introduxit,
2673 1033 2727 1076 et
2777 1025 2959 1077 omnia
3009 1025 3121 1077 haec
3165 1039 3285 1093 quin
3315 1038 3661 1095 consequun-

2089 1121 2177 1164 tur
2208 1111 2321 1181 (90)
2359 1112 2733 1182 hujuscemodi
2771 1114 3146 1169 assertionem.
3177 1113 3388 1183 Quique
3415 1113 3661 1185 Scythia-

2092 1218 2195 1257 nus
2229 1202 2343 1271 ipse
2367 1218 2431 1257 ex
2464 1218 2662 1274 genere
2714 1204 3111 1259 Saracenorum
3148 1205 3269 1269 fuit,
3308 1212 3361 1259 et
3390 1207 3660 1274 captivam

2090 1295 2382 1363 quamdam
2432 1296 2643 1364 accepit
2692 1310 2914 1350 uxorem
2948 1296 3015 1350 de
3044 1297 3321 1362 superiore
3363 1295 3657 1361 Thebaide,

2091 1400 2212 1455 qua:
2239 1400 2362 1442 eum
2391 1387 2566 1441 suasit
2596 1387 2841 1443 habitare
2872 1389 2924 1441 in
2949 1386 3181 1460 Egypto
3210 1389 3381 1459 magis
3414 1403 3575 1454 quam
3602 1390 3658 1442 in

2090 1478 2342 1532 desertis.
2409 1478 2587 1548 Atque
2611 1480 2817 1534 utinam
2852 1496 3131 1550 nunquam
3165 1495 3287 1535 eum
3316 1480 3406 1535 illa
3437 1481 3662 1545 provin-

2092 1567 2173 1621 cia
2202 1569 2559 1639 suscepisset,
2598 1570 2654 1623 in
2698 1583 2804 1639 qua
2849 1581 2972 1621 cum
3023 1579 3150 1620 eum
3196 1566 3499 1633 habitaret,
3534 1585 3660 1626 cum

2092 1658 2473 1730 Egyptiorum
2499 1660 2818 1730 sapientiam
2851 1659 3131 1715 didicisset
3157 1659 3304 1729 (91);
3340 1670 3457 1715 erat
3487 1662 3658 1727 enim,

2092 1759 2152 1803 ut
2178 1750 2323 1820 quod
2352 1760 2538 1804 verum
2564 1758 2646 1805 est
2671 1749 2922 1804 dicamus
2943 1791 2958 1813 ,
2992 1749 3147 1804 valde
3181 1751 3331 1803 dives
3359 1749 3577 1820 ingenio
3607 1757 3664 1805 et

2092 1845 2307 1915 opibus,
2338 1844 2479 1898 sicut
2514 1844 2566 1897 hi
2591 1842 2685 1913 qui
2724 1841 2966 1897 sciebant
2998 1856 3144 1904 eum,
3185 1856 3282 1909 per
3315 1840 3660 1895 traditionem

420 1920 586 1975 modo
612 1929 667 1976 et
694 1922 928 1990 qualiter
956 1931 1205 1992 oporteat
1237 1925 1516 1981 ministros
1550 1926 1640 1983 Dei
1665 1970 1678 1989 ,
1724 1930 1913 2000 quales
1937 1924 1993 1986 ct
2023 1908 2065 1963 Β
2092 1908 2251 1991 nobis
2294 1908 2517 2006 quoque
2566 1908 2838 1989 testificati
2887 1942 3033 1987 sunt.
3102 1908 3436 2001 Discipulum
3479 1941 3658 1986 autem

425 2012 661 2082 qualiter
691 2012 809 2068 fleri
842 2015 1202 2086 presbyteros,
1253 2018 1548 2088 qualesque
1594 2035 1717 2075 esse
1761 2022 1989 2077 debeant

419 2103 517 2173 qui
561 2103 934 2174 episcopatum
965 2105 1308 2171 desiderant;
1365 2123 1487 2177 qua:
1516 2111 1698 2165 omnia
1731 2112 1865 2165 bene
1890 2126 1988 2166 no-

425 2193 512 2249 bis
544 2205 597 2250 et
624 2204 768 2251 recte
791 2197 1071 2267 disposita,
1106 2212 1280 2267 usque
1308 2200 1362 2253 in
1398 2200 1738 2266 hodiernum,
1787 2212 1986 2259 statum

427 2299 588 2341 suum
618 2289 975 2351 custodiunt,
1010 2297 1063 2343 et
1090 2300 1369 2360 permanet
1403 2291 1544 2363 apud
1576 2307 1678 2348 nos
1707 2293 1871 2362 hujus
1904 2311 1990 2349 re-

419 2378 561 2448 gulae
592 2380 897 2448 disciplina.
934 2380 1097 2436 Istius
1126 2396 1256 2437 vero
1285 2384 1379 2452 qui
1409 2399 1553 2440 nunc
1580 2386 1738 2441 nobis
1765 2401 1830 2440 ex
1853 2384 1987 2441 Per-

423 2486 610 2526 sarum
642 2473 918 2541 provincia
962 2472 1242 2539 ebullivit,
1291 2472 1476 2543 Manes
1505 2476 1745 2540 nomine,
1793 2477 1987 2532 adver-

422 2580 544 2620 sum
592 2580 753 2635 quem
800 2565 934 2620 mihi
974 2565 1271 2635 disputatio
1304 2566 1416 2636 jam
1447 2568 1688 2623 secundo
1719 2578 1988 2625 commota

419 2667 523 2723 est,
557 2673 728 2728 genus
760 2658 913 2713 vobis
944 2659 1144 2725 dicam,
1197 2667 1250 2713 et
1278 2668 1489 2725 totum;
1545 2661 1638 2715 sed
1664 2670 1717 2716 et
1744 2661 1987 2718 doctrina

419 2749 540 2818 ejus
572 2750 716 2806 unde
741 2750 1054 2817 descendat,
1086 2750 1419 2806 lucidissime
1440 2751 1849 2809 demonstrabo.
1884 2755 1988 2809 Iste

420 2858 528 2897 non
560 2855 645 2898 est
676 2844 886 2914 primus
914 2852 1105 2899 auctor
1140 2844 1513 2913 hujuscemodi
1557 2844 1853 2913 doctrinae,
1889 2860 1989 2901 nec

424 2936 611 3001 solus;
649 2936 742 2991 sed
766 2937 985 3006 quidam
1009 2951 1075 2990 ex
1109 2934 1352 3006 Scythia,
1384 2936 1715 3007 Scytbianus
1745 2937 1857 3007 (87)
1885 2953 1987 2992 no-

422 3027 589 3091 mine,
627 3020 1016 3097 apostolorum‘
1032 3036 1273 3096 tempore
1297 3027 1399 3092 (uit
1428 3036 1587 3083 secta:
1615 3028 1779 3098 hujus
1801 3039 1989 3085 auctor

422 3127 474 3172 et
500 3119 772 3189 princeps,
806 3118 950 3174 sicut
980 3128 1034 3173 ct
1059 3120 1280 3173 fuerunt
1307 3128 1362 3175 et
1394 3120 1550 3175 multi
1584 3120 1674 3174 alii
1704 3128 1984 3189 apostatie,

418 3208 512 3279 qui
542 3208 810 3278 primatus
841 3209 945 3264 sibi
976 3210 1252 3265 vindicare
1282 3213 1584 3282 cupientes,
1607 3210 1743 3268 falsa
1766 3229 1864 3281 pro
1890 3229 1984 3269 ve-
2014 3244 2056 3302 ο

419 3302 496 3357 ris
530 3302 974 3373 conscripserunt
1025 3303 1176 3373 {88),
1230 3303 1590 3374 simpliciores
1635 3320 1883 3375 quosque
1916 3306 1984 3360 ad

420 3405 576 3446 suam
622 3391 899 3447 libidinem
934 3401 1333 3463 pervertentes;
1383 3408 1617 3463 quorum
1663 3396 1881 3477 nomina
1931 3403 1987 3449 et

418 3483 671 3553 perfidias
715 3484 897 3540 dicere
941 3500 1087 3540 nunc
1127 3493 1341 3555 tempus
1382 3500 1492 3540 non
1523 3486 1673 3542 sinit.
1734 3486 1834 3543 Hic
1862 3503 1989 3557 ergo

423 3568 755 3641 Scythianus
794 3572 1108 3629 dualitatem
1162 3574 1325 3628 istam
1362 3575 1656 3631 introducit
1696 3575 1807 3647 (89)
1859 3592 1990 3631 con-

418 3661 642 3717 trariam
678 3663 819 3730 sibi;
863 3664 1009 3735 quod
1052 3666 1167 3734 ipse
1205 3682 1233 3719 a
1262 3664 1568 3736 Pythagora
1589 3670 1847 3739 suscepit,
1880 3669 1988 3726 sic-

488 3775 533 3807 η
562 3771 816 3836 [Comm
839 3777 926 3832 I0.

489 3889 603 3961 (85)
641 3889 824 3968 (Iudex
858 3891 1224 3968 _Casinensis:
1268 3916 1285 3945 ι
1320 3895 1424 3968 Sed
1456 3906 1509 3952 et
1536 3899 1773 3968 optimos
1811 3902 1989 3955 archi-

421 3960 593 4035 tectos
643 3962 692 4015 ei
743 3960 1190 4035 fundamentum,
1234 3984 1253 4016 ι
1286 3967 1443 4035 cujus
1487 3960 1831 4024 manifestam
1862 3986 1987 4025 cor-

418 4031 724 4099 ruptionem
758 4031 968 4085 modica
998 4035 1300 4088 mutatione
1330 4031 1675 4093 sustulimus.

491 4098 603 4171 (86)
643 4098 819 4155 Locus
848 4104 1119 4157 notandus
1149 4104 1216 4156 de
1246 4105 1565 4160 hierarchiae
1600 4108 1988 4166 ecclesiasticae

417 4170 609 4248 ordine
626 4170 695 4225 ab
715 4172 975 4248 apostolis
1001 4173 1270 4228 instituto.
1309 4173 1605 4248 Episcopus
1631 4188 1834 4239 autem,
1864 4195 1987 4248 pre-

419 4244 752 4316 sbyteroset
784 4240 1089 4316 ministros
1116 4250 1326 4297 tantum
1360 4240 1606 4316 nominat
1638 4240 1939 4303 Archelaus
1965 4269 1981 4316 ;

417 4311 560 4381 quod
608 4311 1021 4381 ministrorum,
1077 4312 1180 4367 hoc
1224 4323 1309 4368 est
1362 4315 1717 4371 dlaconorum
1768 4311 1985 4375 nomine

421 4380 610 4436 omnes
662 4380 805 4435 infra
854 4383 1286 4505 prcsb‘yteratum
1339 4385 1556 4440 ordines
1614 4388 1981 4505 antiquissimi

421 4450 609 4505 Patres
659 4454 986 4505 comureben
1028 4465 1119 4505 ere
1169 4455 1553 4505 consueverint
1589 4459 1704 4505 :ita
1758 4459 1981 4505 llemens

419 4450 609 4507 Patres
659 4450 1119 4519 comprehendere
1169 4455 1553 4509 consueverint
1589 4474 1601 4509 :
1630 4459 1705 4511 ita
1732 4450 1984 4514 Clemens

417 4519 936 4606 Alexandrinusdib.
972 4538 1025 4576 vt
1051 4519 1399 4606 Str-amilum,
1435 4540 1555 4606 pag.
1595 4525 1733 4606 6(i7;
1766 4528 1981 4606 '_l‘_ertu.l-

2091 2029 2281 2082 habuit
2327 2027 2652 2097 quemdam,
2705 2026 2923 2081 nomine
2953 2024 3341 2080 Terebinthum
3379 2024 3521 2095 (92),
3567 2024 3661 2095 qui

2090 2119 2308 2189 scripsit
2335 2120 2383 2173 ei
2409 2126 2645 2188 quatuor
2676 2117 2877 2181 libros;
2905 2131 2973 2171 ex
3005 2116 3210 2185 quibus
3237 2130 3407 2169 unum
3441 2115 3660 2185 quidem

2087 2211 2379 2281 appellavit
2435 2209 2827 2279 Mysteriorum,
2876 2209 3042 2262 alium
3090 2222 3220 2263 vero
3271 2206 3661 2277 Capitulorum,

2091 2305 2307 2359 tertium
2332 2313 2513 2359 autem
2539 2301 2879 2371 Evangelium
2898 2316 2917 2363 ;
2939 2309 2992 2353 et
3012 2298 3370 2353 novissimum
3394 2298 3660 2363 omnium,

2094 2395 2419 2449 Thesaqu
2454 2393 2741 2465 appellavit
2775 2410 2786 2446 :
2829 2402 2883 2445 et
2920 2399 3076 2445 erant
3120 2390 3169 2444 ei
3204 2389 3292 2444 isti
3324 2399 3560 2459 quatuor
3593 2388 3662 2443 li-

2090 2487 2215 2552 bri,
2258 2498 2313 2541 et
2357 2501 2500 2541 unus
2541 2483 2845 2554 discipulus
2870 2483 3090 2537 nomine
3130 2479 3493 2537 Terebinthus
3520 2479 3659 2552 (95).

2090 2577 2227 2644 Quia
2259 2593 2387 2648 ergo
2413 2577 2751 2646 aliquantum
2776 2575 3036 2643 temporis
3058 2587 3242 2628 secum
3264 2572 3353 2628 isti
3377 2573 3539 2627 ambo
3562 2573 3659 2627 de»

2090 2679 2373 2725 creverant
2404 2669 2507 2724 soli
2539 2668 2826 2733 habitare;
2873 2665 3079 2736 placuit
3109 2664 3405 2736 Scytbiano
3448 2664 3660 2720 discur-

2089 2774 2208 2813 rere
2236 2760 2289 2813 in
2314 2757 2576 2823 Iudaeam,
2614 2765 2674 2811 ut
2703 2757 2775 2812 ibi
2804 2755 3226 2825 congrederetur
3256 2769 3380 2810 cum
3401 2754 3660 2809 omnibus

2090 2852 2404 2921 quicunque
2451 2850 2522 2903 ibi
2565 2849 2888 2903 videbantur
2912 2862 3031 2904 esse
3059 2846 3310 2903 doctores
3344 2867 3357 2901 :
3393 2854 3446 2901 et
3474 2862 3649 2916 perve-

2090 2940 2173 2992 nit
2195 2954 2320 2994 eum
2349 2939 2612 2993 continuo
2643 2938 2755 2992 vita
2789 2935 3033 3007 defungi,
3064 2952 3162 2992 nec
3192 2936 3435 3007 potuisse
3455 2936 3658 3005 aliquid

2090 3045 2431 3099 promovere.
2480 3028 2573 3084 llle
2598 3043 2726 3084 vero
2756 3027 3060 3098 discipulus
3089 3029 3182 3099 qui
3218 3044 3342 3083 cum
3377 3041 3444 3083 eo
3485 3027 3661 3082 fuerat

2088 3130 2464 3187 oinversatus,
2514 3122 2567 3175 in
2610 3120 2792 3191 fugam
2829 3135 3019 3175 versus
3052 3126 3137 3174 est
3166 3118 3311 3190 (94),
3343 3126 3395 3174 et
3426 3116 3660 3190 Babylo-

2088 3212 2235 3267 niam
2268 3211 2416 3283 petiit
2443 3253 2456 3277 ,
2506 3225 2629 3281 quae
2673 3225 2820 3264 nunc
2850 3208 3128 3279 provincia
3158 3209 3388 3263 habetur
3422 3219 3452 3260 a
3479 3205 3660 3264 Persis

2089 3304 2233 3373 (95),
2266 3318 2495 3374 quaeque
2517 3302 2672 3358 abest
2695 3316 2841 3357 nunc
2870 3317 2899 3355 a
2932 3301 3068 3356 locis
3091 3300 3293 3355 nostris
3319 3300 3514 3354 itinere
3539 3300 3658 3354 die-

2087 3411 2209 3453 rum
2239 3405 2294 3452 et
2322 3396 2562 3451 noctium
2595 3395 2764 3449 ferme
2790 3408 2885 3449 sex
2917 3410 2930 3446 :
2965 3406 3076 3462 quo
3110 3405 3235 3448 cum
3278 3391 3537 3458 venisset,
3570 3400 3657 3447 ta-

2089 3489 2195 3543 lem
2246 3489 2312 3541 de
2363 3501 2422 3541 se
2472 3485 2673 3540 famam
2728 3484 3060 3554 pervulgavit
3112 3483 3229 3552 ipse
3274 3481 3659 3552 Terebinthus,

2089 3580 2276 3635 dicens
2308 3578 2458 3633 omni
2489 3592 2546 3631 se
2572 3576 2837 3647 sapientia
2872 3573 3248 3647 Egyptiorum
3277 3574 3540 3645 repletum
3559 3615 3575 3639 ,
3605 3586 3659 3630 et

2089 3671 2274 3726 vocari
2299 3686 2406 3724 non
2418 3668 2532 3739 jam
2550 3667 2961 3730 Terebinthum,
2984 3666 3077 3722 sed
3101 3666 3266 3720 alium
3286 3664 3397 3736 (96)
3418 3664 3659 3722 Buddam

2094 3898 2212 3953 Vat.
2237 3940 2251 3965 ,
2305 3918 2324 3949 ι
2374 3898 2428 3951 in
2468 3910 2575 3964 qua
2607 3909 2730 3950 cum
2760 3892 3062 3965 habitaret,
3110 3901 3163 3946 et
3195 3888 3595 3965 Egyptiorum.
3635 3910 3653 3941 ι

2090 3969 2213 4023 Mox
2240 3961 2401 4031 ibid.,
2436 3983 2454 4016 ι
2488 3961 2671 4020 testati
2708 3972 2855 4024 sunt,
2899 3981 2918 4013 ι
2956 3964 3056 4030 pro
3091 3980 3108 4010 ‹
3147 3961 3653 4031 testiﬁcatisunt.)

2159 4037 2271 4107 (92)
2312 4029 2495 4107 Et'hic
2524 4031 2857 4107 manifestus
2867 4029 2971 4107 _e_st
2998 4031 3383 4107 librariierror
3417 4029 3468 4083 in
3499 4030 3654 4084 codi-

2087 4099 2501 4168 ce'Casinensi,
2539 4105 2592 4157 in
2622 4118 2731 4172 quo
2756 4101 3012 4157 scribitur
3044 4119 3063 4172 ς
3100 4099 3434 4172 Ter_boneiu;
3472 4117 3492 4151 ι
3529 4115 3656 4153 nam

2086 4175 2323 4247 Cyrillus
2350 4170 2870 4247 Ilierosolyinitanus
2897 4170 3238 4247 catcchesiﬁ,
3266 4179 3321 4247 et
3344 4171 3438 4247 alii
3465 4185 3657 4225 omnes

2088 4239 2376 4321 Τὲρᾷιγθογ
2418 4262 2464 4321 __c
2502 4239 2890 4321 Teiibinthttm,
2926 4259 2944 4291 ι
2986 4254 3080 4321 seu
3106 4259 3134 4321 ,ι
3170 4239 3648 4321 Τβιξθὺίηιιιυιηριι

2089 4308 2368 4383 δοὶιιιίεηί
2401 4314 2726 4383 discipulum
2759 4311 2985 4383 faciunt.
3018 4308 3239 4383 Quinet
3264 4311 3317 4364 in
3348 4325 3503 4383 seqq.
3532 4309 3654 4364 ubi-

2087 4378 2194 4457 que
2225 4408 2244 4438 ι
2281 4378 2614 4457 Tereventns
2652 4403 2670 4434 ι
2706 4382 2985 4457 scribitur.
3024 4381 3179 4446 Quod
3203 4378 3437 4457 vero__ait
3455 4381 3658 4435 Arche-

2087 4451 2228 4521 laus,
2255 4457 2401 4511 hunc
2423 4452 2718 4524 Scythiano
2744 4452 3041 4524 scripsisse
3060 4461 3297 4524 quatuor
3323 4451 3491 4524 libros
3514 4466 3657 4520 quos

2088 4520 2355 4588 recenset,
2387 4520 2721 4579 contrarium
2754 4530 2838 4576 est
2861 4521 3044 4592 Cyrilli
3078 4535 3202 4574 mox
3233 4520 3435 4575 laudati
3467 4536 3656 4577 narra-

418 4592 617 4664 l_ianus,
644 4588 1182 4664 De_bapfismo,ica'p.
1214 4594 1315 4654 I7;
1360 4588 1832 4664 Orige'nes,homil.
1860 4598 1896 4651 2
1924 4599 1979 4653 in
2012 4595 2057 4650 D
2086 4599 2245 4661 tioui,
2270 4597 2520 4664 aliisque,
2546 4595 2637 4663 qui
2668 4588 3022 4664 Spytliianum
3051 4592 3225 4664 solum
3247 4605 3438 4664 eorum
3468 4600 3656 4646 aucto-

416 4660 616 4743 .Ierern.
649 4673 703 4715 et
730 4662 783 4715 in
823 4660 1060 4717 Matthmi
1102 4660 1223 4733 cap.
1270 4665 1368 4730 19,
1419 4660 1541 4736 pag.
1574 4660 1707 4732 565,
1755 4676 1810 4722 et
1851 4669 1977 4723 alibi

455 4747 642 4789 388"“.

418 4748 741 4883 Ρᾶῗὲῖῐῗᾨυί
760 4819 789 4883 ,ι
812 4799 1145 4883 _Scytbiam_is
1169 4821 1188 4854 ι
1220 4804 1361 4883 apud
1385 4819 1574 4859 omnes
1606 4805 1743 4862 alios
1773 4819 1978 4883 veteres

417 4870 509 4939 qui
536 4870 1054 4945 it_e_Maniclia:orum
1086 4870 1276 4928 haeresi
1311 4883 1630 4940 tractarunt,
1657 4878 1976 4945 appellatur,

418 4952 526 5018 tam
563 4941 651 5018 hic
674 4980 690 5003 ,
724 4957 887 5011 quam
918 4942 972 4996 in
995 4945 1357 5018 sequentibus
1398 4959 1428 4997 a
1459 4947 1622 4999 veteri
1667 4941 1976 5017 interprete.

422 5029 442 5060 ε
475 5010 767 5066 Scutianus
797 5030 815 5063 ι
847 5023 900 5066 et
942 5031 959 5063 ι
992 5010 1324 5068 Excutian'us
1355 5033 1372 5063 ι
1410 5024 1669 5078 vocatur.
1715 5010 1824 5071 nisi
1854 5020 1976 5072 ubi-

417 5098 523 5149 que
557 5081 791 5149 imperiti
821 5081 1027 5137 librarii
1059 5083 1131 5137 sit
1157 5097 1326 5137 error.
1370 5082 1426 5137 In
1450 5086 1637 5140 codice
1665 5097 1845 5141 autem
1871 5102 1975 5142 ms.

419 5151 586 5222 Itegio
614 5151 979 5222 Alexandrino
1002 5152 1121 5207 Vat.
1151 5152 1347 5216 legitur
1383 5171 1397 5206 :
1437 5172 1455 5204 ι
1493 5153 1749 5219 Quidam,
1772 5156 1970 5211 Stutia-

419 5221 524 5276 nus
555 5221 794 5292 nomine,
823 5223 918 5291 qui
942 5222 1334 5292 apostolorum,
1365 5241 1385 5273 ι
1411 5233 1516 5278 etc.
1558 5222 1647 5280 Sic
1672 5226 1812 5280 infra
1843 5243 1981 5283 sem-

416 5307 564 5361 per}
595 5291 903 5361 Stutianum
941 5310 959 5342 ι
1001 5300 1176 5347 vocat.

491 5360 604 5436 (8_8)
642 5360 775 5416 Cod.
828 5360 1236 5432 Regius-Alex.
1286 5360 1432 5426 Vat.,
1486 5383 1505 5415 ι
1544 5364 1681 5421 falsa
1708 5380 1807 5436 pro
1834 5369 1979 5422 veris

416 5432 776 5486 confixeruut.
815 5450 834 5483 ι

487 5500 602 5571 (89)
640 5501 822 5557 Codex
847 5500 1181 5567 Casinensis,
1218 5521 1237 5555 ‹
1268 5503 1585 5560 introduxit.
1624 5526 1643 5558 ι

487 5502 580 5571 (89
640 5502 822 5557 Codex
847 5502 1181 5567 Casinensis,
1218 5521 1237 5555 ‹
1268 5503 1585 5560 introduxit,
1624 5526 1643 5558 ,

414 5502 934 5697 Μέἓοξθέἓοῗοᾱεω
965 5572 1169 5638 codice,
1225 5591 1244 5624 ι
1278 5588 1401 5643 quae
1426 5591 1551 5630 eum
1583 5586 1911 5647 sequutum.
1954 5598 1972 5630 ,

488 5714 602 5780 (9|)
644 5711 1027 5786 ﬂic‘nonnnlla
1054 5713 1245 5771 deesse
1274 5716 1450 5786 palam
1477 5726 1575 5771 est.
1626 5715 1824 5783 Forte,
1869 5736 1888 5768 ι
1924 5718 1979 5772 in

416 5797 522 5858 qua
559 5796 681 5835 cum
713 5784 805 5858 diu
844 5784 1130 5858 habitaret,
1162 5784 1485 5858 depravatus
1512 5796 1779 5858 esthum
1813 5787 1981 5858 Egy-

417 5853 653 5919 ptiorum
680 5853 1001 5923 sapientiam
1025 5850 1317 5910 didicisset.
1354 5857 1583 5911 ι-Ωοιι,
1612 5850 1767 5927 Βεεη
1800 5850 1976 5923 Atelli,

2082 4684 2195 4723 rem
2226 4660 2653 4737 agnoscuutf—
2684 4660 2825 4737 (Sed;
2850 4661 3007 4737 Reg,
3042 4661 3218 4725 Alen.
3246 4660 3387 4725 νειμ,
3422 4679 3440 4711 ι
3469 4677 3657 4731 quem-

2081 4732 2383 4805 dam,'qui
2427 4735 2665 4802 scripsit.
2707 4752 2725 4784 ι
2792 4732 2962 4788 Paulo
3005 4740 3161 4802 post,
3222 4752 3239 4782 ι
3273 4737 3487 4787 tertium
3522 4747 3655 4787 vero

2082 4806 2453 4878 Evangelium.
2496 4824 2513 4855 ι

2154 4868 2266 4947 (93)
2304 4876 2487 4947 Codex
2532 4872 2662 4941 Reg.
2697 4872 2858 4947 Alex.
2895 4870 3018 4927 Vat.
3043 4914 3058 4937 ,
3112 4890 3130 4924 ι
3166 4871 3386 4947 nomine
3417 4868 3655 4947 Terybef

2081 4942 2253 5003 nens.
2305 4946 2442 5000 Cum
2489 4959 2617 5013 ergo
2663 4944 3001 5013 aliquantum
3052 4942 3311 5013 temporis
3343 4956 3528 4995 secum
3560 4945 3652 4995 isti

2083 5018 2243 5073 ambo
2270 5012 2632 5070 decrevissent
2654 5057 2668 5079 ,
2722 5012 2825 5069 soli
2852 5013 3057 5082 placuit
3080 5012 3331 5067 Stutiano
3358 5025 3654 5082 ex_currere

2081 5090 2136 5141 in
2185 5086 2448 5143 Judreaai.
2502 5104 2520 5136 ι
2575 5078 2667 5138 Sic
2714 5078 2869 5138 infra'
2899 5083 3098 5152 ubique
3148 5090 3307 5135 vocat
3356 5098 3374 5131 ι
3408 5078 3651 5153 Terybe—

2081 5172 2262 5212 neum.
2302 5175 2321 5207 ι

2152 5227 2264 5297 (94)
2303 5225 2447 5279 Idem
2475 5225 2640 5297 codex
2667 5264 2683 5286 ,
2721 5241 2741 5274 ι
2770 5223 2861 5277 ille
2895 5238 3021 5278 vero
3048 5220 3349 5297 discipulus
3392 5219 3650 5274 omnibus

2080 5290 2571 5368 qumcunqueejus
2598 5294 2836 5360 fuerant,
2857 5290 3219 5368 congregatis,
3240 5294 3293 5344 in
3322 5290 3650 5368 fugam_ver-

2081 5360 2178 5422 sus
2212 5375 2314 5422 est.
2333 5360 2369 5417 ⁷)
2427 5360 2581 5428 mox,
2621 5383 2640 5415 ι
2689 5360 2986 5433 provincia'
3009 5363 3340 5433 habitatura
3374 5360 3587 5433 Persis,
3620 5379 3643 5411 ο

2081 5438 2179 5504 pro
2209 5455 2227 5488 ι
2262 5436 2506 5490 habetur.
2547 5454 2565 5485 ι
2606 5434 2674 5487 Et
2692 5431 2858 5503 paulo
2885 5443 3025 5502 post,
3063 5451 3082 5482 ι
3115 5432 3296 5487 vocari
3336 5449 3354 5482 ι
3385 5431 3500 5501 jam
3535 5447 3648 5486 non

2082 5506 2475 5569 Terybeneum,
2502 5506 2593 5560 sed
2618 5505 2881 5557 Buddam.
2915 5524 2936 5556 ι

2154 5566 2266 5646 (95)
2303 5575 2441 5631 Nuta
2462 5566 2745 5645 quousque
2766 5574 3184 5633 extenderentur
3211 5569 3650 5646 imperiiltoma-

2083 5649 2137 5701 ni
2164 5641 2366 5702 limites
2395 5661 2461 5701 eo
2481 5641 2765 5716 tempore,
2814 5659 2925 5713 quo
2952 5646 3251 5699 Archelaus
3281 5659 3405 5697 cum
3435 5641 3650 5696 Manete

2080 5718 2398 5772 disoutavit.

2458 5790 2551 5845 hic
2576 5803 2696 5845 sese
2722 5782 2921 5858 exserit
2940 5784 3148 5839 librarii
3177 5784 3269 5854 qui
3296 5781 3647 5858 Casinensem

2084 5849 2323 5913 codicem
2358 5860 2634 5922 exaravit,
2662 5857 2974 5923 oscitantia;
3016 5849 3234 5926 scripsit
3271 5858 3412 5909 enim
3435 5893 3450 5916 ,
3500 5871 3517 5901 ‹
3553 5849 3646 5904 sed
