4090 6408
440 440 577 498 1519

1440 444 1622 502 ACTA
1668 438 2198 499 DISPUTATIONIS
2237 440 2294 493 S.
2336 436 2681 494 ARCHELAl

3551 441 3689 497 15Ξο

436 554 679 626 nomine,
732 557 947 629 sibique
992 557 1095 613 hoc
1137 571 1336 611 nomen
1372 555 1721 625 impositum;
1769 570 1834 609 ex
1882 570 2018 624 qua-
2045 561 2090 618 Α
2120 550 2403 606 nisterium
2432 551 2623 614 voluit,
2656 558 2709 604 et
2741 548 3077 618 comparavit
3109 549 3212 605 sibi
3236 565 3465 621 puerum
3488 552 3566 623 (4)
3591 568 3689 608 an-

437 650 563 703 dam
604 659 783 705 autem
834 650 1043 720 virgine
1072 658 1260 703 natum
1313 664 1458 711 esse,
1511 647 1675 702 simul
1718 656 1769 702 et
1815 647 1884 701 ab
1914 664 2010 700 an-

441 742 560 809 gelo
592 740 705 812 (97)
740 740 794 794 in
826 740 1102 795 montibus
1130 740 1447 794 enutritum.
1491 736 1696 792 Parcus
1731 751 1861 791 vero
1884 736 2012 806 qui»

442 831 566 885 dam
608 831 869 901 prOpheta
919 830 1052 902 (98),
1101 830 1460 886 etLabdacus
1488 828 1699 883 Mithrae
1729 829 1891 889 lilius.
1924 844 2011 882 ar-

440 921 639 989 guebat
671 936 794 974 eum
826 923 1117 987 mendacii,
1152 932 1203 977 et
1232 931 1351 977 erat
1375 922 1454 977 eis
1485 921 1726 991 quotidie
1765 922 2006 974 animma

436 1013 781 1082 exaggeratio
808 1012 874 1068 de
903 1013 1224 1083 hujusmodi
1252 1015 1487 1084 negotio.
1524 1013 1627 1068 Sed
1656 1013 1785 1083 quid
1812 1014 1964 1083 plura
1988 1014 2011 1066 ?

438 1102 588 1157 Licet
616 1103 954 1174 frequentius
990 1105 1393 1176 ohjurgarctur,
1418 1114 1596 1159 tamen
1621 1104 1906 1159 nuntiabat
1928 1105 2008 1159 eis

438 1210 561 1262 qure
583 1204 707 1248 ante
738 1197 997 1250 szeculum
1022 1205 1223 1257 essent,
1258 1204 1308 1249 et
1346 1196 1413 1249 dc
1446 1196 1677 1265 splnera,
1721 1206 1775 1248 et
1796 1194 2009 1249 duobus

438 1285 835 1353 luminarihus;
894 1289 985 1342 sed
1038 1297 1090 1341 et
1117 1304 1257 1358 quo,
1293 1297 1346 1340 et
1373 1287 1646 1357 quomodo
1677 1286 1870 1340 animae
1897 1285 2009 1339 dis-

437 1378 631 1432 cedant
659 1380 771 1450 (99)
798 1420 813 1444 ,
858 1389 913 1435 et
942 1381 1176 1450 qualiter
1207 1382 1401 1435 iterum
1435 1389 1776 1441 revertantur
1804 1380 1856 1432 in
1890 1395 2008 1433 cor-

438 1483 592 1537 pora,
630 1480 681 1524 et
711 1472 816 1525 alia
845 1473 1015 1527 multa
1045 1472 1443 1541 hujuscemodi,
1474 1481 1528 1526 et
1554 1472 1749 1527 horum
1782 1471 2008 1540 nequio-

434 1574 530 1623 ra,
563 1559 614 1615 id
644 1569 728 1615 cst
761 1562 959 1615 bellum
1014 1561 1124 1615 Deo
1177 1572 1508 1617 commotum
1555 1577 1675 1618 esse
1715 1562 1769 1616 in
1803 1563 2006 1631 princi-

433 1650 560 1717 piis,
599 1659 657 1706 ut
681 1652 797 1720 ipse
822 1652 1082 1721 propheta
1110 1654 1443 1707 crederetur.
1506 1652 1613 1707 Pro
1648 1654 1848 1723 quibus
1874 1655 2004 1709 dum

434 1752 774 1812 argueretur,
810 1744 876 1797 ad
908 1742 1127 1798 viduam
1162 1747 1454 1814 quamdam
1486 1746 1713 1801 secessit
1743 1762 1863 1800 cum
1890 1748 2004 1803 suis

433 1845 670 1900 quatuor
718 1833 876 1889 libris
902 1875 916 1899 ,
952 1835 1102 1891 nullo
1138 1836 1338 1892 ibidem
1390 1837 1659 1908 discipulo
1712 1839 2001 1910 acquisita,

2116 659 2312 697 norum
2342 642 2513 698 ferme
2535 652 2764 712 septem,
2785 639 3114 707 ,Corbicium
3145 642 3220 713 (5)
3246 644 3496 709 nomine,
3525 660 3685 715 quem

2114 736 2297 789 statim
2329 735 2650 790 manumisit
2681 749 2744 789 ac
2774 733 2971 789 litteris
3003 733 3256 788 erudivit.
3312 733 3524 804 Quique
3561 750 3684 790 cum

2113 828 2396 883 duodecim
2448 843 2717 882 annorum
2767 836 2911 883 esset
2952 826 3212 893 eirectus,
3260 829 3509 881 anusiila
3542 828 3683 881 diem

2114 919 2269 985 obiit,
2289 919 2504 989 ipsique
2536 919 2611 987 (6)
2643 918 2896 974 universa
2922 917 3063 972 bona
3090 934 3187 971 sua
3213 919 3454 984 tradidit,
3483 928 3533 971 et
3560 934 3683 971 cum

2112 1010 2322 1063 caneris
2369 1009 2597 1078 reliquis
2644 1008 2749 1079 (7),
2808 1008 2973 1062 etiam
3022 1016 3259 1076 quatuor
3308 1007 3430 1061 illos
3477 1008 3685 1061 libellos

2112 1115 2252 1168 quos
2274 1098 2603 1170 Scythianus
2627 1101 2941 1170 scripserat,
2971 1116 3075 1153 non
3103 1098 3394 1152 multorum
3424 1113 3682 1153 versuum

2111 1192 2374 1259 singulos.
2413 1190 2566 1246 Tunc
2592 1206 2721 1260 ergo
2748 1191 3053 1254 Corbicius,
3080 1190 3286 1257 sepulta
3318 1189 3560 1253 domina,
3586 1189 3684 1242 ho-

2111 1281 2198 1335 nis
2247 1281 2350 1335 sibi
2398 1282 2672 1336 derelictis
2704 1281 2960 1335 omnibus
2988 1281 3065 1333 uti
3100 1280 3299 1348 ccepit,
3344 1287 3397 1332 et
3427 1278 3681 1348 migravit

2108 1372 2176 1426 ad
2224 1374 2462 1427 medium
2513 1374 2748 1427 civitatis
2796 1373 2976 1426 locum
3029 1373 3082 1424 in
3130 1387 3239 1440 quo
3287 1372 3538 1424 manebat
3582 1385 3678 1423 rex

2108 1461 2431 1530 Persarum;
2470 1473 2523 1517 et
2548 1472 2886 1517 commutato
2933 1463 3037 1517 sibi
3071 1462 3310 1523 nomine,
3345 1463 3551 1516 Manem
3587 1476 3677 1516 se-

2107 1554 2394 1625 metipsmn
2436 1570 2531 1623 pro
2555 1555 2806 1611 Corhicio
2833 1555 3155 1624 appellavit;
3191 1569 3289 1607 nec
3317 1552 3550 1619 Manem,
3581 1557 3675 1609 sed

2106 1644 2325 1712 Manes;
2355 1644 2643 1700 Persarum
2678 1648 2824 1700 enim
2877 1647 3060 1716 lingua
3107 1646 3198 1719 tali
3236 1647 3405 1699 utitur
3438 1646 3676 1699 declina-

2107 1738 2276 1793 tione.
2326 1737 2561 1793 Echctus
2610 1738 2774 1805 igitur
2820 1755 2953 1808 puer
2978 1739 3066 1792 ille
3094 1753 3360 1792 annorum
3391 1752 3558 1806 prope
3587 1753 3665 1791 se-

2108 1830 2326 1900 xaginta
2355 1830 2431 1899 (8)
2456 1870 2470 1894 ,
2522 1831 2766 1885 eruditus
2794 1831 3092 1886 secundum
3132 1832 3433 1885 doctrinam
3466 1845 3587 1899 qua:
3619 1830 3674 1883 in

428 1935 625 1996 praeter
656 1941 823 1981 anum
872 1926 1042 1981 solam
1091 1942 1212 1995 qua;
1253 1929 1374 1996 eius
1418 1929 1688 1999 particeps
1730 1909 1869 1985 fama
1897 1939 1998 1987 est,
2034 1909 2075 1964 Β
2106 1922 2240 1977 locis
2280 1922 2387 1976 illis
2422 1932 2504 1977 est
2527 1963 2542 1986 ,
2595 1932 2649 1976 et
2677 1938 2825 1992 paene
2858 1922 3087 1976 dixerim
3142 1938 3304 1991 super
3330 1938 3547 1977 omnem
3576 1921 3677 1975 ho-

432 2014 587 2071 Tunc
647 2016 724 2087 (l)
768 2017 964 2072 deinde
1012 2033 1171 2072 mane
1227 2020 1405 2089 primo
1452 2022 1695 2075 ascendit
1741 2023 1999 2078 solarium

429 2109 703 2177 quoddam
737 2109 1040 2174 excelsum,
1074 2110 1166 2165 ubi
1195 2113 1416 2167 nomina
1446 2116 1692 2183 quietiam
1721 2117 1885 2186 erepit
1918 2117 2002 2170 in-

427 2214 660 2266 vocare,
710 2216 832 2270 quae
872 2201 1029 2256 nobis
1056 2200 1240 2257 Turbo
1275 2203 1442 2271 dixit,
1479 2206 1627 2260 solos
1653 2216 1857 2277 septem
1893 2208 2002 2263 ele-

429 2299 548 2345 ctos
595 2290 869 2347 didicisse.
930 2290 1067 2347 Cum
1111 2309 1242 2363 ergo
1289 2296 1627 2352 ascendisset
1655 2298 1792 2353 ritus
1818 2300 2001 2355 nescio

426 2378 625 2448 cujus,
660 2380 744 2434 vel
790 2380 1003 2437 artilicii
1038 2384 1245 2455 gratia;
1300 2387 1451 2442 solus
1505 2397 1686 2443 autem
1732 2392 1996 2456 ascendit,

426 2483 495 2521 ne
522 2468 647 2521 inde
674 2469 744 2523 ab
778 2470 961 2540 aliquo
995 2474 1246 2529 convinci
1276 2485 1460 2545 posset
1486 2477 1599 2548 (2),
1635 2480 1781 2549 quod
1814 2480 1857 2535 si
1888 2481 2001 2536 dis-

420 2560 739 2617 simulasset
775 2563 859 2617 vel
908 2580 1009 2634 pro
1051 2566 1224 2621 nihilo
1270 2568 1538 2635 duxisset,
1570 2571 1843 2641 cegitabat
1884 2589 1997 2629 sea

425 2652 570 2706 veris
594 2652 937 2723 principibus
966 2657 1143 2725 pinnis
1173 2672 1295 2713 esse
1324 2660 1623 2718 subditum.
1662 2661 1789 2719 Haec
1815 2680 1880 2720 eo
1905 2681 1997 2721 co-

418 2744 626 2813 gitante
655 2742 731 2814 (3)
754 2785 771 2813 ,
820 2745 1164 2815 justissinms
1209 2749 1351 2807 Deus
1383 2752 1486 2807 sub
1529 2761 1706 2810 terras
1742 2769 1868 2811 eum
1898 2756 1995 2813 dem

424 2835 570 2888 trudi
618 2851 714 2905 per
763 2837 1014 2908 spiritum
1061 2838 1261 2909 jubet:
1297 2852 1351 2898 et
1378 2845 1639 2900 continuo
1671 2847 1738 2902 de
1782 2863 1997 2903 summo

422 2928 707 2996 deiectus,
757 2931 1011 2988 exanime
1047 2949 1247 3005 corpus
1300 2935 1557 2992 deorsum
1602 2939 1996 3019 praecipitatum

416 3029 525 3084 est,
561 3022 708 3090 quod
741 3037 881 3079 anus
909 3024 1001 3080 illa
1031 3027 1253 3083 miserta
1284 3069 1300 3095 ,
1334 3029 1621 3086 collectum
1654 3032 1789 3089 locis
1821 3033 1996 3091 solitis

423 3112 656 3183 sepeliit.

2105 2014 2346 2081 minem;
2389 2014 2702 2083 diligentius
2734 2024 2910 2069 tamen
2946 2015 3059 2069 haec
3087 2014 3299 2075 didicit,
3330 2029 3451 2083 quae
3482 2014 3535 2068 in
3569 2014 3675 2069 illis

2109 2115 2345 2175 quatuor
2372 2106 2568 2159 libellis
2585 2107 3035 2161 continebantur:
3064 2106 3350 2175 acquisivit
3374 2105 3536 2159 etiam
3561 2105 3675 2160 dis-

2104 2196 2313 2264 cipulos
2368 2203 2476 2249 tres
2508 2194 2620 2266 (9),
2655 2212 2890 2265 quorum
2923 2197 3142 2251 nomina
3189 2208 3315 2251 sunt
3344 2198 3457 2251 haec
3488 2195 3676 2250 :Tho-

2102 2303 2256 2351 mas,
2289 2286 2472 2340 Addas
2503 2296 2558 2340 et
2590 2285 2839 2341 Hermas.
2895 2287 3048 2341 Tunc
3089 2289 3320 2341 assumit
3365 2288 3486 2342 illos
3523 2288 3675 2343 libel-

2102 2377 2204 2443 los,
2237 2386 2292 2432 et
2320 2378 2580 2432 transfert
2608 2394 2723 2441 eos,
2756 2378 2827 2433 ita
2855 2388 2914 2432 ut
2943 2380 3114 2433 multa
3141 2378 3251 2449 (l0)
3292 2380 3395 2433 alia
3422 2395 3453 2434 a
3484 2389 3676 2434 semet-

2104 2475 2223 2543 ipso
2252 2476 2515 2530 insereret
2536 2476 2637 2542 eis,
2670 2492 2791 2545 quae
2813 2476 3048 2531 anilibus
3070 2475 3267 2530 fabulis
3297 2477 3495 2531 similia
3521 2486 3671 2531 sunt.

2102 2567 2344 2623 Habebat
2376 2584 2505 2640 ergo
2534 2580 2645 2625 tres
2690 2570 2827 2624 istos
2870 2570 3166 2639 discipulos
3215 2571 3463 2625 conscios
3497 2573 3671 2626 malo-

2101 2676 2221 2714 rum
2253 2676 2512 2725 suorum;
2553 2675 2751 2714 nomen
2784 2675 2911 2714 vero
2942 2660 3139 2714 libellis
3170 2661 3447 2729 proprium
3494 2662 3669 2717 ascri-

2100 2751 2197 2815 bit,
2232 2751 2433 2819 prioris
2461 2750 2683 2804 nomine
2707 2750 2906 2815 deleto,
2941 2759 3196 2819 tanquam
3228 2752 3273 2805 si
3296 2767 3390 2807 eos
3423 2753 3572 2807 solus
3603 2768 3672 2807 ex

2100 2843 2392 2911 semetipso
2415 2842 2827 2912 conscripserit.
2889 2841 3041 2897 Tunc
3070 2844 3245 2898 visum
3272 2854 3353 2899 est
3378 2844 3427 2898 ei
3458 2846 3671 2900 mittere

2098 2935 2394 3004 discipulos
2442 2951 2572 2991 suos
2612 2950 2735 2988 cum
2789 2934 2874 2990 his
2903 2950 3024 3003 qua:
3055 2937 3452 3005 conscripserat
3497 2936 3551 2990 in
3598 2937 3668 2989 li-

2097 3025 2277 3093 bellis,
2307 3028 2373 3081 ad
2404 3027 2688 3097 superiora
2725 3027 2872 3081 illius
2895 3027 3190 3095 provincia:
3215 3027 3356 3091 loca,
3383 3036 3440 3082 et
3470 3043 3555 3097 per
3586 3029 3674 3082 di-

2096 3118 2559 3199 versas‘civitates
2585 3128 2639 3172 et
2670 3119 2822 3174 vicos
2844 3159 2860 3184 ,
2908 3127 2969 3173 ut
2995 3118 3219 3173 haberet
3249 3119 3462 3189 aliquos
3492 3136 3551 3175 se
3577 3136 3667 3176 se-

494 3205 624 3261 Llll.
668 3204 1054 3264 Tunc‘omnia
1100 3210 1191 3266 illa
1242 3228 1364 3282 quae
1415 3230 1601 3270 secum
1645 3216 1712 3271 de
1755 3215 1991 3291 Egypw
2021 3249 2067 3308 ο
2097 3220 2361 3282 quentes;
2415 3218 2470 3265 et
2515 3210 2756 3265 Thomas
2782 3211 3002 3308 quidem
3040 3220 3222 3281 partes
3252 3210 3467 3282 {Egypti
3497 3212 3669 3268 voluit

423 3300 752 3367 pertulerat,
783 3310 1103 3357 manserunt
1125 3306 1266 3373 apud
1297 3320 1453 3374 eam;
1489 3318 1544 3361 et
1567 3309 1749 3379 gavisa
1781 3320 1864 3365 est
1886 3312 1995 3365 val-

422 3390 489 3443 de
518 3389 585 3444 de
610 3398 783 3444 morte
826 3389 968 3457 ejus,
1005 3391 1209 3461 duplici
1239 3409 1403 3448 causa
1431 3413 1443 3447 ε
1474 3395 1675 3464 primo,
1704 3397 1851 3466 quod
1880 3413 1992 3453 non

420 3480 654 3536 libenter
678 3481 944 3551 aspiceret
970 3492 1115 3538 artes
1140 3485 1314 3551 illius;
1339 3487 1598 3552 secundo,
1624 3502 1726 3557 pro
1755 3489 1841 3544 his
1871 3504 1993 3558 quae

422 3573 489 3627 de
517 3574 828 3628 haereditate
858 3573 1035 3644 fuerat
1062 3585 1388 3643 consecuta;
1425 3587 1544 3632 erat
1582 3580 1726 3633 enim
1755 3581 1990 3635 multum

422 3666 605 3735 pretii.
642 3664 774 3731 Quae
799 3681 924 3722 cum
952 3666 1067 3721 sola
1095 3675 1259 3734 esset,
1294 3668 1495 3723 habere
1523 3670 1760 3739 aiiquem
1793 3672 1861 3727 ad
1888 3676 1991 3727 mi-

419 3845 564 3898 aliud
613 3846 898 3915 cujusdam
934 3847 1185 3916 nomine;
1231 3864 1249 3897 ι
1306 3846 1586 3916 legendum
1626 3858 1805 3903 autem
1844 3865 1987 3914 esse,

426 3933 445 3966 ι
484 3914 771 3991 scd_ali_ur_n
802 3914 1302 3991 Budda'innomine,
1338 3914 1574 3991 {Cyrilli
1605 3917 1990 3991 Hierosolymi-

418 3987 552 4046 iani.
585 3985 869 4057 Epiphanii
906 3998 959 4042 et
992 3987 1221 4042 aliorum
1254 3985 1595 4043 narrationes
1630 3990 1807 4057 palam
1838 3985 1989 4045 evin-

419 4065 569 4110 cunt.

491 4126 606 4195 (97)
645 4125 777 4181 Cod.
810 4124 968 4196 Reg.,
999 4126 1179 4191 Alex.,
1215 4125 1357 4187 Vat.,
1392 4146 1410 4177 c
1446 4143 1504 4181 se
1528 4143 1648 4182 esse
1670 4128 1985 4195 simulabat,

417 4204 471 4248 et
495 4196 802 4265 abangelo.
862 4216 880 4247 ι
923 4197 1044 4250 Mox
1076 4213 1225 4262 vero,
1273 4215 1294 4249 ‹
1340 4198 1627 4252 Lahdacus
1655 4197 1813 4252 Metri
1847 4200 1988 4257 ﬁlius

420 4274 536 4336 (pro
569 4264 895 4335 Mithrze)....
924 4267 1165 4332 quotidie
1194 4269 1327 4324 satis
1372 4268 1618 4323 animosa
1662 4271 1892 4324 certatio
1922 4273 1987 4326 de

422 4336 738 4401 hujusmodi
769 4338 1006 4405 negotio.
1048 4354 1067 4387 ι

491 4405 613 4478 (98)
648 4406 721 4478 De
748 4406 832 4461 his
860 4406 1148 4461 Persarum
1179 4406 1576 4473 sacerdotibus,
1600 4408 1723 4462 vide
1754 4408 1987 4478 Epipha-

418 4475 658 4595 tliiiumin
690 4475 791 4529 hac
814 4478 1003 4533 haeresi
1030 4493 1177 4531 num.
1207 4478 1259 4542 3,
1288 4486 1339 4532 et
1365 4493 1465 4533 nos
1492 4479 1545 4532 in
1571 4475 1984 4534 dianichd’orunt

477 4554 686 4595 ηιοτια.

477 4546 686 4598 istoria.

491 4614 604 4685 (99)
643 4614 775 4669 Cod.
808 4614 939 4685 Reg.
971 4616 1121 4672 Alex.
1163 4615 1307 4677 νηί..
1353 4635 1372 4669 ‹
1410 4626 1464 4672 et
1493 4616 1561 4672 de
1585 4617 1798 4672 duobus
1832 4619 1988 4674 lumi-

416 4684 589 4739 nariis
636 4684 915 4755 mjstcria.
982 4684 1084 4740 Sed
1114 4696 1167 4741 et
1194 4687 1468 4755 quomodo
1522 4687 1715 4749 anima:
1742 4690 1986 4745 discede-

416 4755 569 4809 bant.
609 4772 629 4806 )
664 4755 730 4807 Et
758 4771 904 4820 mox,
941 4774 959 4806 ‹
992 4759 1416 4811 revertebantur.
1456 4776 1474 4808 ι

489 4824 565 4893 (Ι)
605 4823 664 4879 1η
688 4825 875 4897 codice
907 4826 1190 4881 Casinensi
1224 4828 1511 4891 scribitur,
1553 4844 1572 4877 ‹
1610 4825 1797 4897 Nunc;
1836 4848 1855 4881 ι
1890 4830 1984 4885 sed

421 4913 440 4944 ε
473 4905 652 4967 tunc)
689 4896 971 4967 legendum
999 4912 1119 4950 esse
1151 4912 1255 4949 non
1284 4898 1520 4967 ambigo.

488 4966 572 5039 (2)
601 4964 783 5039 codex
819 4965 1134 5039 Casinensis
1158 4967 1339 5039 habet,
1393 4985 1413 5017 ‹
1437 4964 1503 5021 ut
1531 4967 1655 5023 inde
1683 4970 1751 5023 ab
1800 4971 1984 5039 aliquo

415 5034 667 5090 coiivinci
710 5037 903 5105 possit.
941 5055 959 5087 ι
1014 5034 1336 5090 Contrarius
1382 5044 1560 5091 tamen
1597 5053 1790 5094 sensus
1820 5034 1982 5105 quem

415 5105 1000 5174 expressimus,verior
1020 5115 1133 5171 est;
1168 5122 1289 5159 nam
1319 5106 1371 5160 id
1396 5107 1499 5161 sibi
1527 5108 1640 5162 vult
1661 5105 1980 5174 Archelaus,

417 5173 685 5247 Manetem
715 5178 890 5230 solum
916 5218 930 5242 ,
980 5176 1261 5247 cujusdam
1310 5177 1567 5247 praestigii
1597 5194 1792 5245 causa,
1841 5173 1984 5234 sola?

416 5245 557 5297 rium
589 5247 920 5310 ascendisse,
953 5263 1019 5301 ne
1051 5263 1079 5300 a
1106 5246 1277 5300 Pareo
1302 5255 1356 5301 et
1380 5245 1631 5301 Labdaco
1660 5248 1870 5303 Mithrae
1897 5267 1984 5305 sa-

416 5315 726 5390 cerdotibus
776 5316 826 5370 id
857 5317 1049 5390 egisse
1083 5317 1505 5390 deprehensus,
1544 5318 1750 5390 (lgbitas
1793 5335 1983 5390 ptenas

419 5381 709 5459 _l_’_ersarum
758 5388 875 5459 regi
910 5381 1370 5459 persolveretré-
1398 5381 1531 5442 Cod.
1582 5386 1715 5459 Reg.
1743 5429 1758 5454 ,
1793 5381 1977 5457 'Alex.,

416 5448 566 5527 Yatﬂ
610 5472 643 5527 ε
662 5448 1019 5527 ascenilit,'ut
1048 5458 1204 5527 περὶ)
1230 5458 1431 5527 aliquo.
1468 5477 1485 5509 ι

489 5524 564 5592 (5)
604 5524 736 5596 God.
767 5525 899 5596 Reg.
931 5526 1083 5581 Alex.
1121 5525 1242 5581 Vat.
1266 5569 1279 5591 ,
1322 5524 1348 5579 ἰ
1384 5529 1560 5596 poenis
1594 5544 1715 5584 esse
1746 5530 1982 5585 subden-

416 5594 565 5648 dum.
632 5595 755 5671 Ilaec
779 5594 868 5649 illo
897 5599 1189 5671 cogitante.
1228 5617 1245 5650 ι
1275 5594 1447 5671 Paulo
1468 5612 1623 5671 post,
1660 5618 1679 5650 ι
1716 5600 1782 5654 de
1818 5599 1981 5671 Egy-

415 5672 508 5741 plo
528 5639 947 5741 protulerant.

419 5736 734 5813 luere-dilato
754 5736 930 5813 luerat
948 5748 1241 5793 consecuta
1272 5758 1285 5793 :
1320 5736 1438 5793 erat
1458 5740 1600 5794 enim
1627 5745 1857 5797 multum
1876 5736 1979 5813 pe—

416 5809 587 5857 cunia:
615 5805 791 5859 avida.
825 5805 959 5872 Quae
985 5824 1130 5871 cum,
1170 5828 1189 5860 ι
1219 5820 1322 5863 etc.

489 5873 564 5943 (4)
604 5874 746 5930 ldem
783 5878 987 5941 codex,
1025 5896 1043 5929 ‹
1093 5880 1399 5945 puerulum.
1446 5899 1464 5931 ι
1522 5880 1679 5952 Mox,
1734 5902 1752 5935 ι
1789 5899 1977 5953 quem—

2097 3317 2399 3371 occupare,
2440 3301 2622 3357 Addas
2673 3316 2804 3356 vero
2836 3299 3069 3372 Scythiae
3098 3302 3208 3372 (ll)
3231 3343 3246 3366 ,
3297 3303 3447 3357 solus
3485 3314 3665 3359 autem

2095 3392 2323 3447 ilermas
2345 3392 2585 3449 residere
2611 3409 2734 3448 cum
2764 3408 2830 3448 eo
2852 3393 3033 3463 elegit.
3060 3393 3195 3448 Cum
3217 3410 3347 3463 ergo
3378 3395 3454 3448 illi
3480 3404 3668 3451 essent

2092 3474 2341 3555 proiecti,
2391 3484 2535 3555 regis
2578 3485 2722 3539 ﬁlius
2767 3484 3087 3553 aegritudine
3131 3486 3366 3556 quadam
3412 3497 3664 3557 arreptus

2092 3585 2206 3642 est;
2236 3591 2398 3645 quem
2422 3591 2516 3631 rex
2543 3576 2723 3631 curari
2750 3576 3089 3643 desiderans,
3118 3579 3353 3632 edictum
3381 3580 3665 3649 proposuit

2092 3666 2149 3722 in
2179 3668 2289 3722 vita
2331 3666 2479 3738 (12),
2533 3667 2581 3722 si
2623 3667 2747 3737 quis
2790 3683 2913 3722 eum
2949 3682 3142 3723 curare
3179 3670 3384 3738 possit,
3419 3671 3662 3739 accipere

2091 3860 2197 3916 que
2228 3845 2431 3899 statim.
2469 3862 2488 3896 ι
2522 3843 2590 3897 Et
2621 3844 2782 3913 paulo
2806 3855 2948 3916 post,
2986 3863 3004 3895 ι
3046 3842 3321 3909 Quicum.
3354 3861 3373 3895 ι

2163 3916 2237 3984 (5)
2284 3933 2302 3965 ε
2339 3912 2652 3977 (lubricum,
2696 3934 2713 3965 ι
2751 3912 3075 3985 Κὸύϐρικον,
3112 3916 3284 3973 hunc,
3317 3928 3424 3966 non
3464 3932 3484 3965 ‹
3521 3912 3660 3969 Cor-

2090 3986 2314 4048 bieium,
2351 4004 2369 4036 ι
2410 3994 2606 4038 vocant
2633 3985 2887 4054 Cyrinus,
2926 3984 3259 4053 Epiphanius
3291 3993 3343 4036 et
3370 3984 3481 4036 alii.

2164 4057 2240 4123 (ὕ)
2278 4055 2461 4108 Codex
2496 4054 2626 4123 Reg.
2655 4054 2806 4107 Alex.
2841 4053 2962 4107 Vat.
2989 4097 3001 4117 ,
3068 4073 3084 4104 ι
3122 4070 3260 4107 auus
3293 4054 3381 4107 die
3426 4055 3513 4108 illa
3550 4070 3660 4123 qua

2090 4127 2241 4186 obiit,
2263 4126 2495 4194 ipsique,
2522 4143 2540 4174 ι
2562 4134 2664 4177 etc.
2703 4125 2847 4187 Mox,
2884 4142 2902 4175 α
2928 4126 3137 4178 creteris
3160 4125 3425 4193 reliquiis.
3465 4145 3483 4175 ι
3516 4123 3660 4179 Pau-

2090 4198 2278 4265 cisque
2328 4195 2658 4265 iuterjectis,
2717 4213 2735 4246 ‹
2786 4196 2838 4248 in
2882 4210 2989 4265 qua
3034 4195 3288 4248 manebat
3338 4210 3434 4249 rex
3465 4194 3661 4251 Persa-

2089 4283 2235 4320 ῐύιιὶ.
2288 4283 2309 4316 ι

2163 4337 2242 4407 (7)
2283 4335 2441 4389 Forte
2480 4357 2498 4385 ι
2524 4333 2790 4407 reliquiis.
2824 4353 2842 4386 ι

2162 4403 2238 4475 (8)
2281 4409 2355 4461 lla
2390 4414 2711 4475 constanter
2734 4405 2787 4456 in
2815 4403 3098 4461 (Iasinensi
3134 4404 3319 4462 codice
3361 4405 3657 4474 scribitur;

2088 4474 2280 4531 vereor
2313 4487 2491 4529 tamen
2523 4490 2592 4528 ne
2621 4474 2674 4526 in
2704 4474 2804 4527 hoc
2834 4493 3102 4531 annorum
3131 4490 3360 4530 numero
3398 4479 3655 4530 mendum

2016 4581 2063 4637 υ
2091 4548 2180 4637 ξεί·
2209 4544 2646 4637 ﬂeatﬂe-
2666 4544 2827 4637 9J9}:
2858 4546 3354 4637 lsi-ejzﬁeecws
3380 4557 3463 4601 εει
3494 4548 3659 4618 igitur

2090 4632 2226 4686 puer
2256 4618 2345 4688 ille
2374 4630 2639 4688 annorum
2655 4629 2831 4688 prope
2858 4619 3215 4688 septuaginta.
3249 4637 3268 4669 ι

2161 4689 2235 4759 (9)
2278 4687 2428 4759 Idem
2453 4686 2622 4739 codex

2700 4699 2783 4754 eg.
2819 4685 2970 4742 Alex.
2995 4731 3009 4751 ,
3054 4685 3089 4738 “‹
3133 4688 3186 4741 in
3240 4685 3376 4741 locis
3416 4686 3523 4741 illis
3549 4696 3652 4753 est,

2087 4756 2225 4826 pene
2260 4756 2489 4812 dixerim
2539 4769 2702 4822 super
2733 4771 2947 4811 omnem
2989 4759 3265 4812 hominem
3296 4756 3605 4824 diligentius
3637 4776 3651 4812 :

2036 4842 2042 4851 '
2088 4838 2267 4881 tamen
2298 4826 2488 4897 didicit
2510 4840 2579 4897 ea
2602 4838 2724 4897 qua:
2751 4826 2803 4878 in
2835 4836 3071 4897 quatuor
3109 4828 3215 4881 illis
3249 4827 3445 4880 libellis
3475 4829 3654 4882 couti-

2087 4899 2375 4968 nebantur.
2412 4895 2909 4968 Acquisivit_etiant
2942 4899 3057 4968 ipse
3086 4897 3402 4968 discipulos.
3448 4916 3467 4949 ι

2158 4967 2269 5036 (10)
2310 4965 2368 5019 1η
2411 4967 2599 5036 eodem
2648 4965 2769 5036 09d.
2809 4965 2977 5033 Yat.,'
3023 4987 3042 5019 ι
3080 4977 3138 5021 ut
3175 4967 3491 5022 transferret
3534 4983 3653 5034 eos,

2086 5033 2249 5091 ita'ut
2268 5037 2377 5090 alia
2409 5035 2597 5088 multa.
2625 5053 2643 5085 ι
2671 5033 2839 5091 Paulo
2870 5048 3009 5107 post,
3047 5057 3063 5088 ι
3093 5052 3160 5091 ex
3189 5039 3483 5108 semetipso
3512 5033 3651 5093 scrié

2084 5109 2277 5175 pserit,
2313 5126 2332 5157 ›
2368 5119 2468 5176 pro
2497 5123 2516 5154 ε
2544 5110 2952 5176 conscripserit.
2997 5127 3016 5159 ι

2156 5179 2204 5248 (Ι
2222 5179 2265 5248 l)
2286 5178 2436 5249 idem
2456 5175 2651 5249 codex,
2662 5194 2684 5249 μ
2709 5175 2889 5244 partes
2907 5177 3283 5249 lEgyptiorum
3298 5178 3467 5233 voluit
3488 5192 3653 5233 occu-

2084 5247 2449 5316 pare.’Ahdas
2478 5261 2608 5299 vero
2641 5247 2834 5316 Syriae.
2871 5267 2888 5299 ι

2157 5319 2268 5389 (12)
2310 5316 2616 5385 chcndum
2670 5316 2933 5389 fortasse,
2976 5336 2995 5369 ι
3031 5318 3286 5375 inritans.
3328 5339 3347 5373 ι
3375 5349 3443 5359 —-
3471 5320 3650 5389 Atque

2083 5388 2224 5443 hanc
2276 5389 2560 5442 lectionem
2608 5388 2895 5459 conﬁrmat
2936 5390 3100 5443 codex
3143 5389 3271 5459 Reg.
3323 5394 3476 5445 Alex.
3527 5388 3643 5444 Vat.

2082 5459 2205 5512 Mox
2239 5458 2290 5511 in
2319 5459 2506 5512 eodem
2534 5458 2680 5521 cod.,
2709 5476 2726 5507 ‹
2759 5474 2950 5528 curare
2981 5470 3181 5528 posset,
3200 5458 3498 5522 accederet,
3520 5476 3648 5528 pra:-

2083 5530 2191 5582 mio
2225 5529 2404 5600 multo,
2443 5528 2741 5597 proposito.
2807 5527 2959 5600 Tunc
2987 5527 3111 5594 iste,
3149 5532 3291 5586 sicut
3316 5531 3392 5584 illi
3424 5527 3528 5600 qui
3548 5547 3645 5584 cu-

2082 5600 2232 5666 hnm,
2264 5599 2411 5668 quod
2436 5607 2750 5670 nomcu__est
2792 5599 2942 5661 alere,
2969 5601 3153 5655 ludere
3176 5602 3371 5663 solent,
3410 5599 3647 5670 praesen-

2083 5671 2212 5743 tiam
2247 5674 2330 5724 sui
2359 5669 2576 5722 exhibet
2628 5668 2831 5743 Manes.
2866 5687 2884 5721 ›
2948 5672 3049 5743 ista
3080 5688 3204 5726 vera
3233 5680 3316 5725 est
3348 5668 3511 5743 hujus
3539 5672 3640 5743 loci

2080 5740 2260 5802 lectio,
2307 5754 2469 5808 quam
2517 5751 2617 5793 nos
2650 5740 3125 5807 subodoravimus,
3164 5752 3223 5797 ut
3253 5745 3309 5797 in
3339 5740 3541 5798 nostris
3574 5741 3643 5796 ad

2082 5811 2228 5866 hunc
2254 5811 2431 5865 locum
2467 5809 2611 5865 notis
2639 5810 2809 5864 videri
2842 5820 3036 5881 potest.
3318 5812 3321 5813 ⁷
