4090 6390
397 452 529 507 2521

1482 456 1627 513 CUM
1666 456 1947 511 MANETE
1993 455 2527 511 llERESlARCllA.

3487 458 3510 511 1
3524 457 3626 513 522

402 573 714 639 praemium,
740 573 915 629 multo
942 574 1245 645 proposito.
1276 574 1412 629 Tum
1450 576 1571 641 iste,
1602 577 1741 632 sicut
1770 578 1843 631 illi
1870 578 1963 647 qui
1993 592 2038 647 Α
2069 577 2222 631 libris
2250 576 2397 647 (22),
2447 577 2591 631 sicut
2634 576 2798 629 etiam
2824 575 3087 630 adversus
3118 592 3203 630 me
3235 575 3517 644 disputans
3546 576 3626 630 fe-

395 662 618 729 cibum,
668 666 814 735 quod
854 681 1053 721 nomen
1096 676 1179 722 est
1225 668 1329 722 tale
1375 669 1593 723 eludere
1624 670 1733 740 (l3)
1766 671 1959 735 solent,

399 756 744 821 prmsentiam
789 772 944 810 suam
986 755 1172 813 Manes
1211 758 1427 813 exhibet
1463 760 1605 830 apud
1630 776 1845 829 regem,
1878 761 1961 816 di-

397 858 528 899 cens
578 861 635 899 se
672 863 792 902 esse
823 865 1048 917 puerum
1076 862 1389 906 curaturum
1425 869 1438 906 :
1469 868 1591 921 quae
1630 869 1752 906 cum
1781 854 1965 908 audis-

398 945 480 989 set
507 937 617 1003 (14)
646 954 760 1001 rex,
809 941 1046 1010 suscepit
1071 957 1194 995 eum
1223 956 1346 997 cum
1376 942 1659 1011 obsequio,
1690 958 1753 999 ac
1796 945 1966 997 liben-

400 1038 481 1080 ter
513 1028 718 1083 habuit.
781 1028 977 1084 Verum
1013 1048 1079 1087 ne
1124 1034 1294 1087 multa
1338 1033 1611 1087 narrando
1653 1049 1773 1102 quce
1803 1035 1967 1104 gessit

400 1121 616 1174 tzc'lium
664 1122 1002 1179 auditoribus
1035 1124 1265 1178 inferam
1287 1166 1301 1190 ,
1357 1134 1606 1178 mortuus
1638 1136 1721 1177 est
1748 1140 1882 1194 puer
1912 1125 1965 1178 in

401 1212 651 1266 manibus
696 1213 848 1281 ejus,
887 1216 971 1269 vel
1010 1217 1191 1285 potius
1234 1216 1553 1270 exstinctus.
1605 1215 1758 1271 Tunc
1789 1232 1879 1270 rex
1912 1217 1964 1269 in

399 1318 666 1357 carcerem
698 1303 911 1359 detrudi
946 1307 1103 1375 jubet
1125 1306 1358 1370 Mancm,
1381 1316 1434 1361 et
1464 1305 1593 1361 ferri
1632 1309 1833 1362 talento
1857 1308 1965 1379 (l5)

399 1394 638 1447 onerari.
698 1394 777 1448 llli
814 1412 942 1449 vero
969 1398 1076 1451 duo
1120 1398 1370 1467 discipuli
1402 1397 1519 1466 ejus
1557 1398 1649 1465 qui
1696 1399 1848 1452 missi
1879 1398 1967 1451 fu-

399 1494 556 1540 erant
596 1486 662 1539 ad
700 1486 1001 1541 docendum
1034 1503 1127 1557 per
1159 1489 1401 1557 singulas
1449 1488 1714 1550 civitates,
1760 1504 1968 1558 quzere-

401 1575 598 1630 bantur
634 1578 699 1630 ad
733 1592 971 1647 poenam.
1009 1578 1221 1649 Quique
1244 1579 1510 1649 fugientes
1536 1579 1660 1632 licet
1688 1594 1966 1649 nunquam

402 1675 688 1720 Cessat‘uttt
720 1667 949 1722 alienam
979 1668 1089 1739 (16)
1115 1669 1256 1723 hanc
1276 1679 1329 1723 et
1352 1670 1420 1724 ab
1440 1669 1779 1723 Antichristo
1805 1669 1973 1738 inspi-

401 1767 602 1824 ratam,
636 1775 730 1828 per
758 1760 875 1813 loca
910 1761 1122 1831 singula
1153 1761 1395 1816 inserere
1426 1761 1752 1815 doctrinam.

473 1849 607 1903 LIV.
648 1851 778 1905 Post
808 1854 922 1906 haec
946 1854 1011 1931 ad
1040 1852 1358 1923 magistrum
1391 1868 1548 1907 suum
1581 1853 1844 1917 redeunt,
1880 1866 1963 1906 re-

2063 668 2157 732 cit,
2194 667 2548 723 assertionem
2575 681 2727 722 suam
2757 665 3029 735 proferre,
3057 667 3301 735 quaedam
3338 666 3389 719 in
3416 667 3502 722 bis
3532 682 3626 721 ac-

2064 775 2263 815 cusans
2288 798 2302 820 ,
2341 758 2587 828 quaedam
2619 768 2934 827 permutans
2960 797 2974 821 ,
3011 758 3128 812 solo
3166 756 3368 812 Christi
3410 758 3629 813 nomine

2065 834 2307 920 adjecto;
2363 866 2525 919 quem
2558 865 2618 904 se
2644 836 2851 905 idcirco
2878 850 3154 919 suscipere
3206 849 3518 913 simulavit,
3570 860 3631 905 ut

2064 957 2160 1011 per
2207 941 2457 996 civitates
2505 941 2744 1011 singulas
2783 951 3029 996 sanctum
3060 952 3113 995 et
3156 941 3397 995 divinum
3432 957 3630 995 nomen

2066 1031 2348 1085 audientes
2385 1029 2589 1084 Christi
2617 1071 2631 1095 ,
2681 1030 2903 1085 minime
2930 1036 3278 1085 exsecrantes
3304 1045 3429 1096 eos,
3466 1031 3631 1084 disci-

2066 1121 2225 1190 pulos
2250 1122 2407 1176 istius
2451 1137 2560 1174 non
2596 1121 2900 1190 fatigarent.
2958 1120 3297 1175 lnvenientes
3331 1133 3508 1175 autem
3535 1136 3632 1174 vo-

2067 1226 2183 1264 cem
2218 1212 2381 1264 etiam
2416 1211 2485 1266 de
2511 1210 2791 1266 Paracleto
2820 1212 3051 1282 positam
3085 1211 3139 1266 in
3173 1212 3469 1281 Scripturis
3494 1210 3629 1283 (25),
3679 1226 3693 1247 ο

2068 1303 2417 1372 semetipsum
2445 1318 2564 1357 esse
2600 1304 2866 1373 subjecit;
2903 1306 2995 1374 qui
3028 1320 3135 1359 non
3165 1305 3368 1375 legerat
3406 1305 3635 1374 diligen-

2070 1402 2169 1459 ter,
2195 1395 2317 1462 quia
2343 1393 2656 1449 Paracletus
2677 1394 2788 1463 jam
2818 1404 2951 1451 tunc
2979 1397 3235 1462 venisset,
3261 1413 3381 1450 cum
3403 1395 3633 1466 apostoli

2070 1484 2246 1539 adhuc
2279 1494 2466 1540 essent
2488 1500 2650 1555 super
2679 1494 2901 1539 terram.
2960 1485 3057 1542 His
3084 1501 3213 1556 ergo
3237 1496 3342 1541 tam
3376 1487 3633 1543 scelerate

2069 1576 2421 1644 compositis,
2478 1576 2647 1630 mittit
2674 1587 2725 1632 et
2751 1578 3047 1647 discipulos
3080 1595 3209 1634 suos
3244 1579 3633 1648 prtedicaturos
3700 1592 3707 1599 '

2069 1666 2334 1735 intrepide
2359 1668 2512 1721 [ictos
2545 1670 2938 1739 simulatosque
2977 1685 3188 1725 errores
3209 1714 3223 1737 ,
3253 1680 3304 1724 et
3336 1686 3504 1725 novas
3529 1671 3626 1724 fal-

2070 1773 2268 1827 sasque
2299 1772 2462 1813 voces
2496 1761 2912 1815 annuntiaturos
2942 1778 3037 1831 per
3062 1763 3181 1816 loca
3205 1762 3434 1833 singula.
3478 1760 3632 1828 Quod

2070 1864 2193 1904 cum
2224 1866 2317 1904 rex
2348 1849 2641 1905 Persarum
2668 1854 3030 1921 cognovisset,
3077 1853 3252 1923 dignis
3277 1869 3400 1908 eum
3431 1855 3636 1923 suppli-

401 1941 639 1996 ferentcs
673 1958 794 2011 qua:
816 1944 895 1997 eis
919 1944 1259 2009 acciderant;
1311 1943 1537 1997 audiunt
1561 1944 1723 1997 etiam
1754 1959 1817 1997 ea
1849 1960 1970 2013 quae
2002 1940 2041 1994 Β
2072 1943 2171 1997 eiis
2204 1943 2435 1997 subdere
2463 1952 2637 2014 parat.
2692 1944 2811 2012 Quo
2837 1945 3020 2000 Manes
3060 1946 3276 2014 agnito,
3327 1946 3635 2001 admonitus

402 2035 457 2088 in
484 2035 599 2102 ipso
623 2036 819 2089 collata
847 2044 972 2089 sunt
998 2036 1160 2090 mala.
1196 2035 1528 2090 Accedentes
1556 2050 1703 2104 ergo,
1734 2044 1793 2089 ut
1817 2034 1966 2089 dice—

402 2126 525 2179 bam
557 2126 691 2196 (l7),
728 2127 793 2179 ad
822 2142 945 2180 eum
973 2128 1079 2187 sui,
1113 2137 1163 2181 et
1188 2135 1534 2197 suggerentes
1562 2126 1610 2179 ei
1644 2126 1709 2179 de
1734 2127 1816 2181 his
1848 2141 1967 2180 ma-

400 2213 469 2268 lis
515 2230 635 2283 qua:
684 2230 780 2282 per
821 2216 935 2270 loca
987 2217 1199 2286 singula
1248 2216 1611 2284 patiebantur,
1664 2217 1731 2269 de
1762 2217 1970 2286 reliquo

399 2305 644 2359 converti
679 2305 791 2377 (18)
822 2323 879 2361 se
902 2308 1100 2362 debere
1126 2306 1190 2361 ad
1224 2307 1450 2362 salutem
1481 2308 1782 2363 suadebant
1810 2324 1823 2361 :
1850 2322 1970 2377 per-

400 2396 697 2451 timuerant
723 2398 866 2451 enim
886 2440 901 2461 ,
948 2406 1194 2452 verentes
1220 2415 1288 2453 ne
1318 2398 1444 2469 quid
1476 2400 1578 2453 sibi
1611 2414 1673 2453 ex
1698 2399 1784 2453 his
1811 2399 1971 2453 malis

398 2502 521 2557 qua:
543 2487 618 2540 illi
646 2487 1038 2555 inferebantur,
1065 2489 1345 2544 accederet
1373 2490 1505 2561 (19).
1540 2490 1605 2544 At
1630 2491 1718 2544 ille
1735 2490 1970 2546 suadens

398 2592 496 2632 eos
530 2578 662 2631 nihil
693 2579 887 2645 vereri,
921 2581 986 2634 ad
1015 2580 1316 2635 orationem
1347 2582 1643 2651 consurgit.
1688 2581 1843 2636 Tunc
1876 2581 1971 2636 de-

404 2670 530 2725 inde
548 2669 704 2740 jubet
724 2711 739 2737 ,
774 2671 827 2724 in
856 2687 1073 2727 carcere
1102 2672 1310 2741 positus
1331 2712 1345 2736 ,
1376 2673 1510 2741 legis
1534 2672 1968 2727 Christianorum

399 2759 570 2814 libros
593 2761 935 2829 comparari;
986 2761 1141 2816 valde
1168 2762 1313 2816 enim
1357 2763 1411 2816 hi
1439 2764 1533 2831 qui
1566 2763 1718 2818 missi
1754 2761 1972 2817 fuerant

400 2849 469 2902 ab
500 2863 566 2903 eo
610 2864 705 2919 per
749 2850 991 2918 singulas
1020 2851 1289 2918 civitates,
1329 2853 1398 2907 ab
1436 2852 1690 2907 omnibus
1737 2852 1971 2907 homini-

399 2940 503 2995 bus
547 2942 908 2996 exsecrationi
958 2942 1316 3010 habebantur,
1361 2944 1596 2997 maxime
1644 2946 1783 3014 apud
1831 2959 1970 3013 quos

400 3031 839 3087 Christianorum
900 3049 1097 3089 nomen
1147 3036 1478 3089 venerationi
1534 3044 1675 3089 erat.
1739 3034 1968 3105 Sumpto

409 3137 532 3194 argo
558 3125 896 3194 aliquantulo
930 3127 1049 3180 auri
1084 3128 1247 3181 modo
1269 3169 1284 3193 ,
1334 3128 1584 3181 abierunt
1611 3129 1678 3182 ad
1706 3129 1823 3183 loca
1853 3128 1964 3198 (20)

400 3216 454 3272 in
483 3218 682 3287 quibus
708 3218 1145 3272 Christianorum
1172 3219 1294 3272 libri
1312 3219 1962 3291 consumebantur-(‘21);

399 3318 452 3364 et
477 3309 796 3365 simulantes
825 3325 883 3363 se
921 3310 1139 3364 nuntios
1169 3325 1289 3363 esse
1310 3310 1674 3375 Christianos,
1698 3312 1966 3379 rogabant

401 3401 644 3471 praestari
695 3401 796 3454 sibi
834 3400 1001 3455 libros
1048 3401 1115 3455 ad
1158 3402 1580 3470 comparandum
1630 3420 1644 3455 :
1691 3410 1766 3467 et,
1811 3412 1870 3456 ut
1899 3416 1967 3456 ne

398 3493 570 3548 multa
595 3492 772 3546 dicam
794 3533 809 3557 ,
845 3501 1166 3561 comparant
1208 3494 1492 3549 universos
1528 3493 1696 3547 libros
1724 3492 1968 3562 Scriptu-

399 3594 582 3633 rarum
635 3589 939 3635 nostrarum
964 3618 978 3643 .
1028 3591 1082 3636 et
1125 3581 1375 3636 deferunt
1407 3584 1471 3636 ad
1513 3598 1637 3637 eum
1666 3584 1719 3637 in
1752 3599 1968 3638 carcere

400 3672 778 3726 constitutum.
841 3671 1050 3737 Quibus
1093 3673 1183 3727 ille
1220 3674 1493 3743 acceptis,
1540 3676 1706 3728 homo
1757 3684 1970 3729 astutus

399 3766 564 3832 cmpit
588 3764 641 3816 in
679 3764 881 3818 nostris
910 3765 1062 3819 libris
1095 3766 1411 3819 occasiones
1446 3766 1718 3836 inquirere
1741 3766 1973 3819 dualita-

401 3853 471 3907 tis
515 3869 660 3919 suae,
696 3868 796 3907 nec
829 3869 941 3907 sua:
971 3854 1225 3923 quidem,
1260 3856 1353 3909 sed
1383 3852 1658 3926 Scythiaui
1680 3898 1695 3921 ,
1743 3857 1837 3927 qui
1869 3857 1972 3910 hoc

402 3952 531 4000 ante
578 3945 875 4017 plurimum
920 3946 1181 4015 temporis
1225 3947 1557 4017 protulerat;
1598 3957 1651 4001 et
1682 3949 1736 4001 in
1769 3948 1970 4003 nostris

477 4124 586 4195 (15)
626 4124 805 4178 Locus
860 4123 1017 4177 valde
1071 4132 1407 4195 corruptus.
1442 4123 1603 4178 Forte
1655 4124 1967 4194 legendum,

407 4213 428 4249 ι
462 4194 552 4264 qui
582 4196 968 4265 cybum,_quod
1001 4204 1315 4265 nomen__est
1341 4194 1456 4265 tali,
1487 4195 1689 4247 ludere.
1726 4213 1746 4246 ι

476 4259 756 4335 {14)Cod.
810 4259 941 4333 Reg.
986 4265 1138 4335 Alea.
1183 4259 1303 4317 Vat.
1363 4282 1380 4313 ι
1422 4263 1575 4329 Quod
1616 4279 1740 4317 cum
1786 4263 1972 4318 audis-

402 4333 505 4400 set,
543 4333 696 4405 i'pro
735 4353 754 4386 ‹
789 4350 928 4404 quae.
975 4352 993 4385 ι
1052 4333 1211 4398 Mox,
1268 4352 1287 4384 ί
1330 4334 1602 4388 narrando
1648 4348 1770 4404 quae
1819 4344 1970 4404 gesta

402 4412 549 4459 sunt.
586 4424 605 4456 ι

473 4475 585 4545 (15)
622 4473 736 4545 Hoc
758 4483 859 4538 est,
883 4472 1117 4528 vinculis
1144 4472 1354 4537 ferreis,
1380 4473 1450 4545 ab
1478 4486 1665 4527 eorum
1689 4474 1927 4543 pondere
1952 4493 1967 4530 :

401 4559 529 4599 nam
559 4544 814 4597 τάλαντον
847 4546 1115 4605 interdum
1141 4552 1224 4597 est
1250 4544 1481 4611 pondus.

472 4615 583 4684 (16)
618 4615 753 4669 Cod.
787 4613 917 4682 Reg.
945 4614 1102 4684 Alex.
1135 4610 1283 4675 Vat.,
1324 4632 1342 4664 ι
1381 4615 1504 4667 licet
1532 4628 1810 4683 nunquam
1845 4629 1961 4669 ces-
1996 4610 2040 4664 D

400 4682 585 4739 sarent
626 4685 877 4737 alienam.
918 4703 935 4733 ι
988 4682 1156 4737 Paulo
1206 4691 1358 4752 post.
1403 4702 1423 4734 ι
1465 4684 1595 4751 quid
1646 4682 1724 4738 eis
1756 4686 1967 4738 accide-

398 4756 542 4820 rint,
579 4774 597 4805 r
628 4756 740 4824 lege
770 4773 788 4803 ι
831 4754 1104 4807 acciderit.
1144 4772 1162 4806 ι
1225 4752 1347 4807 Mox
1375 4768 1537 4817 vero,
1580 4773 1597 4804 ι
1634 4754 1967 4808 Accedentes

399 4841 547 4891 ergo,
578 4834 637 4879 ut
664 4824 907 4889 decebat,
944 4824 1009 4877 ad
1033 4839 1156 4877 eum
1190 4825 1309 4888 sui,
1344 4834 1398 4877 et
1428 4834 1776 4894 suggerentes
1805 4826 1889 4878 sui
1916 4825 1965 4878 ei

401 4897 467 4949 de
495 4896 598 4947 bis.
638 4913 656 4947 ι

472 4964 581 5033 (17)
619 4964 673 5017 ln
689 4962 1195 5029 codiceCasinensi,
1225 4981 1245 5021 ‹
1278 4972 1336 5017 ut
1361 4963 1644 5028 dicebant;
1673 4981 1692 5013 ι
1737 4979 1835 5018 nos
1866 4964 1966 5018 levi

401 5036 721 5099 mutatione,
776 5051 796 5085 ι
830 5035 1095 5093 dicebam,
1133 5052 1152 5085 ι
1192 5034 1587 5087 emendandum
1631 5036 1963 5088 censuimus.

402 5102 508 5158 Sed
534 5114 588 5157 et
610 5106 874 5167 lortasse,
915 5122 933 5154 ‹
968 5114 1025 5156 ut
1055 5104 1314 5168 decebat,
1358 5122 1377 5153 ι
1414 5103 1736 5173 legendum;
1776 5107 1967 5158 melior

408 5182 589 5227 tamen
619 5175 732 5227 visa
755 5184 835 5227 est
866 5174 1014 5242 prior
1044 5174 1219 5227 lectio.

476 5244 588 5314 (18)
628 5245 686 5297 ln
734 5244 922 5296 eodem
969 5244 1189 5304 codice,
1241 5260 1259 5293 ‹
1290 5242 1575 5307 conventi,
1615 5260 1633 5294 ι
1668 5243 1964 5309 scribitur;

403 5313 501 5368 sed
554 5331 574 5364 ι
608 5314 870 5377 converti,
917 5331 937 5364 ›
979 5314 1263 5382 legendum
1312 5327 1451 5379 esse,
1500 5327 1622 5381 qua
1663 5323 1967 5382 sequuntur

403 5385 567 5445 clare,
598 5393 652 5439 ut
685 5383 939 5447 arbitror,
974 5384 1226 5437 innunnt.

476 5453 585 5522 (l9)
626 5452 820 5515 Forte,
872 5453 1208 5523 ¢__accidcret.
1246 5469 1266 5503 ι
1303 5481 1367 5491 --
1399 5450 1577 5522 Atque
1621 5452 1696 5506 ita
1742 5454 1961 5523 quidem

403 5520 507 5578 ms.
540 5523 667 5591 Reg.
701 5523 851 5576 Alex.
882 5520 1002 5576 Vat.

477 5592 588 5665 (20)
622 5589 758 5648 Cod.
805 5609 907 5665 ms.
954 5591 1084 5663 Reg.
1124 5591 1278 5665 Aleti.
1304 5589 1429 5665 Vat.
1490 5608 1509 5641 ι
1543 5590 1607 5645 ad
1639 5590 1727 5645 illa
1758 5591 1897 5647 loca.
1939 5611 1960 5645 ›

403 5660 608 5729 Μοι,’‹
649 5680 706 5717 se
736 5664 967 5717 novitios
1018 5660 1138 5716 esse
1187 5661 1547 5725 Christianos,
1586 5679 1605 5712 ι
1640 5676 1739 5729 pro
1768 5680 1786 5712 ι
1818 5678 1961 5716 nun-

404 5732 529 5787 tios.
567 5752 585 5785 ι
622 5732 791 5786 Paulo
817 5742 957 5802 post,
995 5749 1014 5783 ‹
1045 5741 1099 5786 et
1139 5747 1206 5786 ne
1230 5734 1398 5786 multa
1423 5730 1692 5785 dicam...
1727 5738 1781 5784 et
1816 5731 1959 5785 refe-

403 5813 529 5856 runt
556 5803 623 5857 ad
645 5818 790 5856 eum.
829 5822 848 5853 ι

477 5871 591 5942 (21)
631 5871 793 5928 Vides
828 5879 888 5927 ut
931 5870 1115 5927 arcani
1148 5870 1491 5942 disciplinam
1537 5872 1593 5929 in
1628 5868 1962 5929 occultandi:

2071 2033 2123 2085 in
2155 2034 2386 2096 somnis,
2422 2034 2640 2104 elapsus
2670 2036 2737 2089 de
2761 2050 2997 2100 carcere,
3032 2036 3085 2089 in
3113 2035 3292 2106 fugam
3315 2052 3504 2091 versus
3531 2046 3632 2101 est,

2070 2138 2204 2176 auro
2251 2122 2490 2191 plurimo
2533 2126 2853 2179 custodibus
2888 2126 3193 2195 corruptis;
3243 2134 3295 2181 et
3339 2126 3537 2181 mansit
3582 2127 3634 2179 in

2070 2216 2291 2269 castello
2343 2216 2651 2271 Arabionis.
2718 2216 2869 2271 Unde
2912 2218 3164 2286 scriptam
3210 2219 3492 2286 epistolam
3543 2232 3638 2288 per

2071 2305 2381 2359 Turbonem
2430 2307 2499 2359 ad
2541 2305 2851 2361 Marcellum
2900 2315 3147 2361 nostrum
3196 2308 3384 2374 misit,
3434 2309 3487 2362 in
3528 2323 3637 2377 qua

2071 2398 2395 2467 significavit
2442 2412 2501 2451 se
2543 2412 2663 2452 esse
2706 2407 3015 2453 venturum.
3060 2398 3181 2465 Quo
3227 2414 3350 2454 cum
3402 2401 3640 2456 venisset

2071 2486 2208 2556 (24),
2243 2485 2347 2541 fuit
2371 2487 2532 2541 nobis
2579 2495 2853 2541 certamen
2884 2488 3010 2551 tale,
3043 2490 3203 2558 quale
3224 2500 3279 2543 et
3304 2490 3393 2544 bic
3422 2490 3636 2545 vidistis

2068 2586 2124 2629 et
2163 2576 2394 2631 audistis
2424 2616 2439 2639 ,
2471 2576 2525 2630 in
2557 2591 2666 2646 quo
2688 2616 2703 2641 ,
2740 2587 2902 2647 prout
2942 2578 3220 2647 potuimus
3244 2620 3258 2645 ,
3297 2580 3638 2635 ostendimus

2068 2681 2192 2721 eum
2219 2667 2767 2737 pseudoprophetam.
2833 2665 2937 2720 Sed
2968 2676 3150 2721 custos
3199 2667 3417 2737 quidem
3449 2682 3637 2722 careo-

2070 2759 2170 2826 ris,
2202 2757 2295 2828 qui
2318 2773 2442 2813 eum
2471 2757 2775 2825 dimiserat,
2830 2759 3050 2828 punitus
3075 2767 3189 2823 est;
3234 2773 3331 2813 rex
3354 2773 3485 2813 vero
3511 2775 3635 2813 eum

2069 2850 2274 2920 requiri
2314 2850 2515 2919 jussit,
2559 2858 2614 2904 et
2654 2851 2711 2904 in
2742 2850 3158 2921 quibuscunque
3202 2850 3335 2905 locis
3363 2858 3637 2920 repertum

2073 2942 2463 3021 comprehendi
2490 2941 2624 3011 (25).
2689 2939 2814 2995 Haec
2838 2956 2961 2995 cum
2991 2956 3090 3011 ego
3113 2941 3505 3010 eognovissem,
3543 2957 3641 2996 ne-

2067 3034 2363 3088 cessarium
2394 3031 2494 3087 fuit
2516 3048 2602 3087 me
2622 3032 2785 3088 etiam
2808 3034 2962 3088 vobis
2987 3033 3246 3099 indicare,
3263 3034 3389 3102 quia
3405 3034 3640 3104 requiri~

2068 3133 2156 3179 tur
2180 3125 2282 3179 iste
2303 3140 2332 3178 a
2356 3140 2481 3194 rege
2510 3124 2796 3179 Persarum
2826 3140 2999 3194 usque
3033 3126 3086 3178 in
3116 3125 3438 3179 hodiernum
3469 3127 3635 3180 diem.

2143 3215 2254 3269 LV.
2296 3214 2392 3271 His
2422 3216 2643 3281 auditis,
2674 3216 2845 3270 turbae
2872 3216 3125 3269 volebant
3148 3215 3358 3270 Martem
3389 3231 3640 3286 compre-

2075 3308 2306 3361 hensum
2341 3306 2556 3361 tradere
2578 3307 2829 3375 potestati
2862 3306 3218 3360 barbarorum
3254 3307 3346 3376 qui
3368 3314 3523 3362 erant
3550 3308 3635 3361 vi-

2068 3398 2177 3452 cini
2210 3398 2353 3452 ultra
2389 3397 2678 3467 Strangam
2711 3398 2820 3469 (26)
2854 3398 3074 3452 fluvium
3108 3398 3242 3467 (27),
3296 3398 3553 3467 quoniam
3583 3406 3639 3452 et

2070 3496 2195 3542 ante
2220 3497 2431 3556 tempus
2453 3495 2717 3541 venerant
2740 3486 2961 3555 quidam
2982 3488 3049 3541 ad
3078 3487 3459 3556 requirendum
3487 3502 3636 3552 eum,

2069 3596 2175 3651 quo
2201 3594 2471 3648 nusquam
2506 3586 2739 3646 reperto,
2761 3578 3155 3645 discesserant;
3188 3588 3307 3632 erat
3336 3580 3480 3633 enim
3509 3588 3640 3634 tunc

2071 3672 2195 3743 fuga
2227 3671 2577 3726 constitutus.
2614 3671 2749 3724 Cum
2787 3686 2916 3741 ergo
2948 3672 3063 3726 lucc
3094 3673 3163 3723 ita
3187 3671 3485 3726 Archelaus
3510 3686 3637 3739 pro-

2070 3766 2317 3826 didisset,
2354 3763 2614 3817 continuo
2640 3778 2698 3817 se
2728 3764 2780 3816 in
2811 3763 2988 3832 fugam
3022 3764 3169 3817 dedit
3193 3763 3395 3829 Manes,
3427 3770 3481 3817 et
3506 3778 3636 3817 eva-

2071 3858 2197 3912 dere
2223 3857 2419 3925 potuit,
2451 3856 2580 3909 dum
2618 3870 2776 3908 nemo
2802 3870 2925 3908 cum
2959 3856 3357 3924 insequeretur.
3409 3853 3511 3908 Sed
3543 3870 3651 3923 po-

2070 3949 2252 4017 pulus,
2285 3963 2409 4003 cum
2433 3945 2680 4000 Archelai
2716 3958 2878 4015 quem
2905 3946 3132 3999 libenter
3158 3946 3464 4011 audiebant,
3494 3949 3636 4001 rela-

2073 4125 2194 4180 [ldei
2214 4123 2489 4193 mysteriis
2511 4122 2640 4176 olim
2672 4120 3029 4177 custodierint
3046 4119 3363 4193 Christiani,
3382 4128 3636 4193 etquam-

2070 4206 2125 4248 to
2151 4190 2462 4249 curaverint
2504 4193 2714 4251 studio,
2762 4207 2828 4244 ne
2871 4198 3229 4244 sacrosanctae
3258 4190 3389 4259 legis
3415 4190 3534 4244 libri
3568 4192 3637 4246 ad

2071 4265 2355 4335 gentilium
2386 4277 2582 4335 manus
2611 4260 2970 4330 pervenirent,
2998 4260 3161 4314 etiam
3192 4270 3481 4335 antequam
3507 4259 3638 4335 Dio-

2073 4329 2287 4389 cletiani
2313 4329 2623 4403 persecutio
2642 4340 2829 4403 e_.\'0tta
2857 4340 3020 4403 esset,
3054 4345 3119 4383 ac
3149 4329 3456 4384 traditionis
3488 4334 3635 4403 peri-

2071 4406 2253 4459 culum
2286 4400 2611 4456 immineret.
2664 4400 2926 4455 Praeterea
2962 4401 3086 4453 hinc
3109 4409 3349 4468 apparet,
3380 4415 3488 4453 non
3515 4401 3638 4453 ubi-

2072 4490 2178 4543 que
2203 4474 2296 4529 sed
2328 4473 2491 4527 certis
2516 4472 2841 4541 quibusdam
2872 4473 2921 4524 iu
2950 4471 3082 4525 locis
3104 4469 3539 4524 Christianorum
3563 4470 3635 4524 li~

2073 4548 2199 4599 bros
2231 4543 2388 4597 vendi
2417 4544 2784 4597 consuevisse.

2138 4615 2251 4683 (22)
2294 4614 2433 4683 idem
2463 4613 2584 4683 cod.
2622 4610 2820 4683 νίκη]
2850 4619 2901 4665 et
2926 4626 2989 4664 ex
3017 4609 3419 4683 nostrislibris.
3448 4628 3468 4660 ι

2141 4679 2252 4752 (25)
2292 4682 2349 4736 In
2377 4681 2565 4752 eodem
2595 4682 2714 4735 cod.
2747 4679 2865 4733 Vat.
2890 4722 2903 4745 ,
2945 4699 2963 4731 ι
2999 4680 3294 4752 discipulos
3336 4680 3492 4752 istius
3523 4693 3635 4733 non

2071 4748 2353 4823 fugarent.
2398 4751 2683 4823 Invenietis
2716 4760 2914 4823 autem
2946 4751 3109 4823 etiam
3139 4752 3206 4823 de
3230 4748 3508 4823 Paracleto
3536 4765 3635 4818 po-

2071 4814 2234 4878 sitvum
2256 4824 2308 4875 in
2331 4821 2646 4889 Scripturis.
2675 4841 2692 4872 ι
2712 4819 2855 4886 Mox,
2886 4839 2905 4871 ι
2929 4822 3098 4876 mittit
3119 4814 3412 4889 discipulos
3432 4814 3581 4885 suos,
3605 4836 3626 4869 ›

2070 4895 2188 4949 sine
2217 4892 2531 4961 particula}
2566 4901 2638 4945 et.
2672 4910 2692 4942 ›

2142 4957 2253 5034 (25)
2286 4961 2421 5034 Cod.
2478 4959 2610 5031 Reg.
2656 4960 2809 5017 Alex.
2856 4959 2975 5034 Vat.
3028 4979 3046 5011 ι
3075 4959 3195 5034 Quo
3223 4974 3345 5012 cum
3383 4957 3634 5034 advenis-

2071 5030 2169 5154 ῗριζ
2204 5030 2461 5154 »⁷8Ρςῖιιιο
2494 5030 2636 5100 post,
2674 5049 2693 5080 ι
2729 5031 3277 5100 pseudo—prophetam
3307 5043 3427 5082 esse
3452 5030 3631 5081 mani-

2092 5113 2223 5154 este.
2301 5119 2346 5154 ei
2373 5142 2385 5154 .
2426 5120 2445 5152 ιι

2071 5105 2223 5158 feste.
2262 5104 2385 5154 Sed.
2426 5120 2445 5152 ιι

2142 5174 2255 5237 (25)
2294 5171 2432 5223 Idem
2463 5172 2583 5225 cod.
2617 5190 2635 5223 ‹
2674 5171 2726 5224 in
2753 5169 3167 5239 quibuscunque
3191 5167 3323 5221 locis
3356 5175 3630 5239 repertum

2072 5236 2410 5297 ostendimus
2452 5236 2858 5309 comprehendi.
2895 5256 2915 5290 ι
2971 5237 3248 5303 Fortasse,
3283 5256 3301 5288 ι
3332 5236 3630 5290 offendere-

2069 5322 2179 5374 tur,
2206 5312 2610 5379 comprehendi.
2648 5328 2667 5361 ι

2141 5382 2254 5449 (26)
2293 5375 2349 5433 In
2376 5382 2563 5435 eodem
2589 5376 2889 5449 cod._Vat.,
2921 5394 2940 5428 ι
2968 5377 3221 5449 potestati
3245 5375 3626 5449 barbarorum,

2068 5444 2158 5522 qui
2188 5444 2344 5506 erant
2366 5451 2528 5522 vicini
2558 5451 2696 5522 ultra
2718 5444 3234 5522 Stracum’lluvium.
3267 5464 3286 5497 ι
3311 5444 3456 5507 Mox,
3489 5462 3509 5495 ι
3537 5460 3632 5497 ve-

2067 5517 2263 5577 nerant
2286 5521 2505 5591 quidam
2531 5519 2808 5591 hominum
2836 5518 2902 5571 ad
2930 5517 3312 5586 requirendum
3332 5529 3490 5581 eum;
3520 5530 3631 5583 quo

2067 5590 2336 5659 nusquam
2374 5598 2584 5659 reperto
2615 5590 3010 5659 discesserunt.
3038 5604 3057 5659 ε

2145 5608 2170 5645 s
2212 5607 2336 5644 uam
2374 5607 2584 5659 reperto
2615 5607 3001 5643 discesserunt.
3038 5607 3057 5639 ι

2139 5607 2268 5784 (217)
2294 5654 2359 5714 Ει
2385 5661 2474 5716 hic
2502 5660 2779 5731 praecisius
2806 5658 3013 5725 imperii
3039 5655 3265 5709 Romani
3296 5656 3476 5719 limes,
3505 5654 3627 5724 qui-

2143 5746 2194 5783 m
2274 5730 2474 5784 rchelai
2525 5737 2680 5784 aetate
2713 5738 2767 5783 et
2796 5727 2975 5782 Probo
2997 5726 3295 5784 imperante
3319 5734 3497 5784 esset.
3532 5725 3627 5779 de-

2067 5725 2194 5786 nam
2220 5725 2474 5786 Archelai
2502 5725 2680 5785 'aatate
2713 5738 2767 5783 et
2796 5727 2975 5782 Probo
2997 5726 3295 5796 imperante
3319 5734 3497 5788 esset,
3532 5725 3639 5779 de~

2068 5801 2333 5872 signatur.
