4090 6400
454 452 592 507 0525

1542 454 1687 512 CUM
1720 453 2000 511 MANETE
2036 454 2570 514 HERESIARCHA.

3550 471 3699 526 1526'

457 606 3622 647 _._____________.__.__________________________

1326 773 2153 870 FRAGMENTUM
2223 778 2799 874 ACTOBUM

1550 967 1904 1030 EIUSDEM
1952 970 2559 1035 DISPUTATIONIS

1072 1129 1174 1190 Ea:
1204 1127 1436 1209 Cyrilli
1484 1128 2050 1210 Hierosolymitam‘
2084 1136 2385 1197 catechesi
2441 1153 2529 1211 vr,
2582 1140 2642 1213 §§
2677 1138 2867 1204 27-29
2920 1145 3051 1220 (37).

510 1399 705 1468 Φευγει
738 1400 802 1453 ὲκ
841 1398 939 1469 τῆς
981 1397 1222 1471 φυλακῆς
1268 1399 1522 1472 (Μάνης),
1560 1403 1653 1457 καὶ
1685 1402 1902 1477 ἔρχεται
1932 1408 2010 1470 είς

2183 1409 2225 1460 I.
2258 1406 2417 1478 Fugit
2448 1422 2478 1461 e
2512 1421 2729 1463 carcere
2769 1407 3033 1481 (Manes),
3068 1419 3122 1466 et
3157 1411 3209 1467 in
3234 1412 3679 1487 Mesopotamiam

441 1489 541 1562 τήν
579 1489 1024 1561 Μεσοποταμίαν,
1054 1489 1167 1545 ἀλλ’
1197 1492 1417 1562 ἀπαντᾷ
1450 1493 1599 1563 αὐτῷ
1627 1494 1787 1550 ὅπλον
1813 1497 2013 1551 δικαιο-

444 1582 611 1652 σύνης
630 1580 761 1652 (58),
799 1580 1086 1652 Ἀρχέλαος
1120 1582 1444 1646 ὲπίσκοπος’
1473 1585 1566 1637 καὶ
1598 1585 1689 1639 ἐπὶ
1711 1586 2012 1657 φιλοσόφων

444 1672 642 1744 κριτῶν
666 1671 911 1741 ἐλέγξας,
943 1672 1305 1745 ἀκροατήριον
1338 1673 1643 1745 Ἑλληνικὸν
1675 1680 2014 1750 συστησάμε-

442 1781 570 1830 νος,
624 1763 710 1818 ἴνα
762 1764 873 1835 μὴ,
921 1764 1259 1836 Χριστιανῶν
1304 1766 1594 1838 κρινόντων
1619 1806 1633 1831 ,
1684 1767 1912 1823 δοκῶσιν
1960 1774 2008 1825 οἱ

440 1854 629 1926 κριταὶ
671 1853 1022 1927 χαρίζεσθαι*
1056 1855 1228 1925 Λέγε,
1266 1859 1429 1929 φησὶν
1471 1862 1499 1913 6
1539 1861 1823 1932 Ἀρχέλαος
1870 1863 2008 1934 πρὸς

438 1949 531 2001 τὸν
560 1948 771 2020 Μάνην,
793 1947 821 2000 ὃ
844 1949 1154 2021 κηρύσσεις.
1190 1952 1246 2005 '0
1263 1950 1338 2016 δὲ,
1371 1952 1446 2016 ὡς
1474 1952 1641 2023 τάφον
1661 1955 1768 2027 (39)
1799 1956 2006 2026 ἀνεῳγ-

442 2039 602 2109 μένον
639 2039 777 2111 έχων
803 2041 866 2094 τὸ
899 2041 1099 2111 στόμα,
1128 2042 1235 2095 ἀπὸ
1278 2041 1624 2116 βλασφημίας
1662 2045 1877 2117 πρῶτον
1910 2047 2004 2100 τοῦ

437 2130 666 2202 Ποιητοῦ
696 2131 805 2185 τῶν
828 2132 1078 2187 ἁπάντων
1107 2134 1338 2205 ήρξατο,
1372 2136 1592 2205 φάσκων
1612 2153 1626 2168 ’
1664 2136 1722 2189 '0
1752 2136 1851 2207 τῆς
1891 2137 2005 2189 Πα-

434 2222 593 2288 λαιᾶς
624 2224 756 2289 Θεὸς
780 2225 963 2279 κακῶν
993 2225 1140 2281 ἐστίν
1160 2227 1406 2299 εὑρετὴς,
1428 2228 1601 2297 λέγων
1621 2228 1967 2300 περὶξέαυτοῦ
1986 2246 2000 2259 ο

438 2335 459 2369 ι
496 2315 636 2387 Ἐγὼ
670 2317 779 2391 πῦρ
806 2316 916 2390 (40)
950 2320 1362 2374 καταναλίσκον.
1396 2339 1413 2372 ι
1457 2321 1514 2374 '0
1542 2321 1597 2374 δὲ
1624 2322 1784 2391 σοφὸς
1817 2320 2004 2393 Ἀρχέ-

431 2409 557 2475 λαος
579 2409 836 2478 ὑπεξέλυε
859 2409 956 2482 τήν
982 2411 1346 2482 βλασφημίαν,
1377 2410 1543 2467 είπών
1561 2429 1575 2444 ·
1610 2414 1673 2467 Ei
1709 2415 1737 2466 6
1756 2413 1853 2484 τῆς
1886 2414 2001 2467 Πα-

432 2502 592 2567 λαιᾶς
629 2502 761 2567 Θεὸς
798 2502 936 2557 κατὰ
977 2502 1066 2556 τὸν
1107 2501 1195 2557 σὸν
1232 2503 1406 2572 λόγον,
1446 2504 1555 2576 πῦρ
1596 2505 1787 2558 ἑαυτὸν
1830 2504 1997 2573 λέγει,

427 2595 573 2659 τίνος
618 2595 730 2660 υἱός
781 2597 927 2649 ἐστιν
975 2596 1003 2648 6
1034 2594 1207 2663 λέγων
1231 2612 1244 2625 ·
1282 2615 1300 2647 ι
1330 2595 1448 2667 Πῦρ
1486 2591 1647 2667 ἦλθον
1686 2594 1868 2665 βαλεῖν
1909 2596 2000 2648 ἐπὶ

427 2686 528 2759 τὴν
565 2686 706 2757 γῆνς
735 2706 753 2739 ι
786 2686 848 2739 El
880 2686 1068 2758 μέμφῃ
1099 2686 1188 2739 τὸν
1222 2685 1464 2754 λέγονταπ
1501 2704 1519 2737 ι
1548 2685 1748 2757 Κύριος
1780 2684 1999 2740 θανατοϊ

429 2753 524 2834 καὶ
551 2753 834 2849 {iw—orave?
921 2753 1015 2831 6:6
1041 2753 1100 2830 τί
1145 2780 1308 2850 τιμᾷς
1358 2778 1592 2849 Πέτρον,
1756 2777 1994 2833 Θαόιθὰν
2026 2753 2070 2809 Β

431 2871 530 2943 μὲν
563 2871 870 2942 ἐγείραντα,
906 2868 1002 2940 τήν
1042 2869 1099 2923 δὲ
1134 2870 1446 2942 Σαπφείραν
1482 2869 1896 2936 θανατώσαντα;
1930 2871 1993 2924 Εί

424 2957 483 3011 δὲ
522 2957 615 3012 καὶ
644 2957 855 3029 μέμφῃ,
885 2957 966 3011 ὅτι
1008 2957 1119 3029 πῦρ
1169 2959 1451 3030 ήτοίμασε,
1492 2958 1580 3013 διὰ
1611 2960 1666 3013 τί
1696 2961 1756 3013 οὐ
1803 2961 1990 3033 μέμφῃ

425 3035 529 3104 τὸν
565 3049 811 3119 λέγοντα,
848 3067 865 3101 ι
891 3050 1194 3122 Πορεύεσθε
1230 3051 1325 3106 ἀπ’
1364 3051 1496 3123 ἐμοῦ
1534 3052 1644 3124 (41)
1683 3055 1764 3117 είς
1790 3055 1850 3107 τὸ
1882 3054 1992 3126 πῦρ

423 3136 767 3209 τὸλαίώνιον;
798 3163 817 3196 ι
852 3144 917 3197 El
958 3141 1147 3216 μέμφῃ
1187 3141 1278 3196 τὸν
1314 3142 1575 3210 λέγοντα·
1623 3163 1641 3195 ι
1682 3145 1822 3214 Ἐγὼ
1864 3146 1998 3212 Θεὸς

425 3231 593 3285 ποιῶν
626 3234 867 3305 εἰρήνην,
906 3234 1000 3288 καὶ
1034 3233 1232 3299 κτίζων
1278 3234 1453 3289 κακά·
1490 3254 1509 3288 ι
1546 3236 1805 3308 ἐξήγησαι
1879 3239 1996 3304 πῶς

422 3324 570 3395 λέγει
626 3324 849 3397 Ἰησοῦς·
885 3346 903 3378 ι
936 3327 1049 3381 Οὐκ
1103 3322 1265 3398 ἦλθον
1322 3328 1502 3398 βαλεῖν
1554 3329 1808 3402 είρήνην,
1860 3332 1994 3386 ἀλλὰ

429 3420 721 3491 μάχαιραν.
768 3438 787 3471 ι
851 3419 1197 3491 Ἀμφοτέρων
1248 3420 1317 3473 τὰ
1363 3420 1450 3474 ίσα
1499 3420 1761 3491 λεγόντων
1784 3462 1799 3486 ,
1850 3422 1994 3477 δυοῖν

427 3509 651 3581 θάτερον
670 3529 683 3541 ·
723 3512 756 3583 ἢ
787 3513 1085 3585 ἀμφότεροι
1117 3514 1272 3566 καλοὶ
1294 3513 1381 3568 διὰ
1413 3514 1511 3587 τὴν
1539 3515 1850 3587 ὁμολεξίανσ
1877 3519 1910 3589 ἢ
1939 3521 1987 3573 εί

418 3601 751 3675 ἀνέγκλητος
791 3604 993 3675 Ἰησοῦς
1025 3605 1196 3660 ταῦτα
1219 3607 1410 3676 λέγων,
1447 3608 1532 3661 διὰ
1573 3609 1624 3662 τί
1664 3609 1850 3679 ψέγεις
1896 3610 1988 3664 τὸν

420 3695 490 3749 τὰ
514 3692 672 3767 ὃμοια
710 3698 768 3751 ἐν
798 3699 865 3769 τῇ
894 3696 1104 3768 Παλαιᾷ
1132 3697 1392 3767 λέγοντα;

2117 1499 2262 1554 venit
2291 1516 2304 1551 :
2339 1512 2528 1552 verum
2561 1500 2799 1555 occurrit
2828 1501 2878 1557 ei
2926 1509 3140 1557 scutum
3184 1504 3430 1573 justitiaz,
3474 1507 3679 1564 Arche-

2114 1589 2233 1646 laus
2255 1588 2543 1660 episcopus
2571 1607 2584 1642 :
2618 1604 2852 1662 cumque
2880 1606 3067 1650 coram
3104 1593 3443 1666 philosophis
3481 1599 3681 1669 judici-

2114 1682 2217 1738 bus
2242 1682 2667 1752 reprehendens,
2704 1683 2931 1739 collecto
2951 1685 3230 1756 gentilium
3258 1689 3553 1758 auditorio,
3583 1706 3675 1756 ne,

2110 1772 2159 1827 si
2208 1768 2505 1827 Christiani
2557 1772 2767 1843 judices
2805 1783 3020 1838 essent,
3072 1775 3382 1833 viderentur
3436 1778 3676 1841 favisse:

2109 1860 2221 1933 Age
2250 1861 2453 1933 profer,
2505 1863 2580 1918 ait
2625 1864 2922 1920 Archelaus
2964 1866 3030 1921 ad
3077 1865 3308 1935 Manent,
3346 1871 3491 1941 quod
3531 1887 3676 1942 prm-

2108 1955 2279 2010 dicas.
2311 1954 2379 2009 At
2404 1954 2513 2021 ille,
2535 1955 2622 2010 cui
2647 1969 2711 2011 os
2738 1957 2895 2026 quasi
2924 1958 3231 2028 sepulcrum
3257 1969 3446 2030 patens
3464 1972 3583 2019 erat
3603 1963 3674 2031 ”,

2106 2046 2343 2117 primum
2384 2061 2416 2101 a
2447 2045 2788 2118 blasphemia
2829 2048 2885 2103 in
2914 2048 3226 2105 Creatorem
3266 2052 3512 2107 omnium
3570 2054 3677 2109 ini-

2106 2135 2240 2190 tium
2274 2136 2536 2206 sumpsit,
2571 2136 2859 2207 inquiens:
2900 2136 3111 2196 Veteris
3140 2139 3471 2198 Testamenti
3508 2141 3674 2213 Deus,

2105 2228 2373 2284 malorum
2420 2228 2669 2284 inventor
2718 2238 2835 2297 est,
2882 2229 2950 2286 de
2996 2246 3056 2287 se
3097 2233 3212 2303 ipse
3244 2232 3472 2292 dicens:
3513 2253 3533 2287 ι
3560 2234 3676 2306 Ego

2104 2319 2245 2390 ignis
2278 2332 2610 2375 consumens
2631 2319 2697 2373 “.
2731 2338 2750 2372 ι
2783 2317 2925 2374 Tum
2960 2320 3178 2390 sapiens
3207 2322 3508 2380 Archelaus
3533 2322 3690 2380 hanc

2102 2410 2263 2466 solvit
2314 2409 2679 2481 relutavitque
2735 2410 3130 2481 blasphemiam
3194 2412 3279 2468 his
3328 2414 3553 2471 verbis:
3610 2413 3673 2470 Si

2102 2502 2297 2557 veteris
2350 2501 2494 2558 Deus
2523 2500 2877 2569 Testamenti,
2908 2511 2969 2556 ut
3014 2501 3125 2571 ais,
3175 2503 3355 2575 ignem
3403 2521 3463 2561 se
3514 2505 3669 2571 dicit,

2100 2596 2258 2668 cujus
2283 2604 2368 2653 est
2396 2596 2487 2652 ille
2516 2594 2710 2662 Filius,
2737 2597 2830 2666 qui
2864 2597 2941 2651 ait
2969 2615 2983 2651 :
3026 2614 3043 2646 ι
3075 2594 3257 2668 Ignem
3293 2597 3416 2654 veni
3450 2598 3669 2655 mittere

2101 2690 2155 2745 in
2186 2698 2385 2745 terram
2407 2688 2494 2744 “1
2522 2709 2541 2741 ι
2569 2687 2627 2744 Si
2650 2690 2839 2765 culpas
2865 2705 2988 2745 eum
3019 2690 3113 2760 qui
3145 2690 3275 2745 dicit
3303 2709 3316 2746 :
3352 2708 3374 2743 ι
3405 2689 3672 2748 Dominus

2101 2781 2394 2836 mortiﬁcat
2413 2789 2467 2836 et
2487 2782 2727 2835 viviﬁcat
2744 2781 2821 2848 ²⁸;
2849 2800 2868 2833 ι
2891 2782 3247 2851 quamobrem
3262 2781 3481 2839 Petrum
3509 2784 3668 2855 colis,

2100 2873 2194 2943 qui
2234 2871 2519 2927 Tabitham
2562 2887 2592 2926 a
2625 2873 2858 2928 mortuis
2893 2874 3238 2941 excitavit",
3265 2886 3319 2931 et
3343 2874 3668 2948 Sapphiram

2099 2964 2262 3019 morti
2298 2964 2520 3020 tradidit
2539 2964 2628 3017 ”?
2661 2962 2718 3019 Si
2746 2964 2878 3020 vitio
2917 2965 3103 3032 vertis,
3141 2969 3285 3037 quod
3314 2970 3495 3041 ignem
3526 2987 3669 3042 pra-

2098 3055 2309 3123 paravit
2330 3054 2409 3122 ²⁸;
2438 3069 2607 3125 quare
2649 3054 2798 3110 hunc
2829 3069 2937 3110 non
2962 3056 3140 3125 carpis
3169 3057 3263 3127 qui
3295 3058 3427 3114 dicit
3455 3078 3469 3113 :
3498 3079 3517 3112 ι
3544 3059 3670 3117 Dis-

2095 3142 2268 3200 cedite
2297 3160 2327 3199 a
2360 3160 2448 3200 me
2494 3145 2551 3201 in
2578 3146 2758 3216 ignem
2788 3148 3106 3201 aeternum”
3129 3147 3153 3200 ?
3180 3166 3198 3199 ι
3227 3147 3284 3203 Si
3314 3150 3666 3220 reprehendis

2091 3253 2216 3293 eum
2241 3238 2331 3308 qui
2356 3237 2490 3293 dicit
2515 3257 2528 3292 :
2561 3256 2578 3289 ι
2600 3237 2713 3309 Ego
2742 3238 2884 3294 Deus
2908 3238 3114 3296 faciens
3137 3255 3345 3311 pacem,
3387 3252 3441 3299 et
3472 3260 3666 3302 creans

2091 3330 2233 3384 mala
2256 3329 2337 3396 ³⁶;
2370 3348 2389 3382 ι
2438 3345 2647 3400 expone
2695 3330 2972 3401 quomodo
3022 3330 3182 3388 Jesus
3233 3334 3427 3389 dicat:
3494 3354 3513 3388 ι
3541 3335 3663 3392 Non

2090 3423 2213 3477 veni
2244 3437 2431 3491 pacem
2477 3422 2712 3490 mittere,
2761 3422 2855 3477 sed
2899 3423 3136 3493 gladium
3162 3425 3228 3479 “.
3269 3444 3287 3477 ι
3324 3424 3462 3481 Cum
3498 3429 3662 3485 ambo

2090 3512 2242 3584 paria
2266 3512 2468 3576 dicant,
2492 3528 2523 3568 e
2544 3511 2759 3569 duobus
2786 3512 3016 3568 alterum
3047 3533 3060 3569 :
3091 3525 3185 3571 aut
3210 3527 3437 3588 uterque
3460 3519 3660 3586 bonus,

2085 3617 2152 3657 eo
2184 3602 2303 3671 ipso
2349 3603 2493 3672 quod
2530 3602 2711 3658 verbis
2741 3613 3072 3673 congruant;
3114 3615 3209 3660 aut
3254 3609 3300 3662 si
3349 3606 3510 3666 Iesus
3543 3610 3663 3669 hac

2084 3695 2308 3761 dicens,
2339 3694 2495 3751 abest
2534 3709 2566 3749 a
2600 3695 3061 3765 reprehensione,
3113 3713 3284 3767 quare
3318 3701 3542 3773 dignum
3574 3719 3662 3758 re-

2084 3786 2450 3856 prehensione
2477 3784 2682 3841 clamas
2717 3801 2867 3853 eum,
2912 3786 3006 3856 qui
3027 3786 3082 3841 in
3107 3786 3283 3844 Veteri
3310 3787 3660 3848 Testamento

2087 3877 2286 3933 similia
2314 3875 2557 3948 profert?

492 3964 624 4021 Εἶτα
650 3970 678 4021 6
706 3968 894 4036 Μάνης
934 3968 1069 4037 πρὸς
1094 3967 1281 4021 τοῦτον
1310 3969 1489 4039 λέγει·
1526 3971 1634 4025 Καὶ
1675 3973 1822 4034 ποῖος
1852 3971 1983 4035 Θεὸς
2013 3965 2019 4003 ⁴

2160 3970 2224 4024 ll.
2265 3968 2404 4023 Tum
2434 3967 2620 4023 Manes
2663 3971 2777 4023 haec
2804 3978 2991 4023 contra
3020 3986 3033 4021 :
3064 3967 3129 4022 Et
3170 3969 3477 4039 qualisnam
3514 3969 3657 4025 Deus

417 4059 639 4130 τυφλοῖς
671 4058 879 4122 Παῦλος
902 4060 1007 4128 γάρ
1052 4059 1197 4111 ἐστιν
1219 4060 1247 4111 6
1278 4057 1479 4127 λέγων·
1515 4077 1533 4109 ι
1576 4061 1665 4112 Ἐν
1686 4055 1766 4124 οἷς
1796 4064 1823 4113 6
1850 4061 1981 4124 Θεὸς

415 4151 511 4205 τοῦ
542 4151 734 4214 αἰῶνος
774 4150 964 4203 τούτου
1001 4148 1277 4218 ἐτύφλωσε
1323 4149 1390 4203 τὰ
1428 4149 1675 4220 νοήματα
1703 4150 1810 4203 τῶν
1846 4150 1977 4204 ἀπί-

417 4262 577 4309 στων,
614 4246 693 4308 είς
735 4244 796 4297 τὸ
838 4243 912 4315 μὴ
962 4242 1245 4310 διαυγάσαι
1286 4240 1394 4313 (42)
1438 4241 1528 4294 τὸν
1567 4245 1841 4315 φωτισμὸν
1884 4245 1974 4299 τοῦ

484 4361 530 4392 ⁸³
556 4359 700 4415 Psal.
729 4376 782 4422 ν,
808 4360 894 4414 Η.
992 4360 1037 4391 ³³
1066 4358 1219 4413 Deut.
1246 4376 1318 4425 Iv,
1349 4359 1439 4414 24.

414 4432 459 4463 ⁸⁸
490 4430 643 4485 Deut.
681 4446 852 4497 xxxii,
887 4430 977 4488 ‘22.
1104 4431 1149 4460 ’ν
1184 4429 1371 4486 Matth.
1401 4445 1525 4492 xxv,
1553 4430 1640 4483 41.

482 4552 595 4623 (37)
636 4552 711 4607 Ne
738 4554 1013 4623 quidpiam
1047 4554 1296 4606 Actorum
1320 4551 1696 4619 disputationis
1725 4552 1970 4609 Archelai

409 4624 638 4694 episcopi
662 4640 779 4677 cum
805 4623 1012 4694 Manete
1033 4624 1423 4694 amitteremus,
1449 4631 1811 4694 opportunum
1842 4640 1970 4694 cen-

413 4690 626 4748 suimus
654 4694 740 4749 hic
769 4692 1084 4749 eorumdem
1130 4692 1594 4763 fragmentumeg
1618 4690 1803 4763 Cyrilli
1840 4693 1967 4749 Hie-

413 4763 787 4835 rosolymitani
822 4763 1093 4818 catechesi
1128 4760 1461 4835 serta,_pag.
1494 4760 1595 4835 i4?
1619 4760 1830 4835 primae
1855 4765 1969 4818 edi-

413 4831 578 4887 tionis
623 4834 1004 4903 desumptum,
1060 4831 1474 4903 corollariiloco
1511 4831 1870 4903 subjungere,
1904 4848 1969 4888 eo

412 4903 710 4984 praesertim
748 4900 894 4984 quini
920 4902 974 4958 in
1019 4902 1447 4984 praecedentibus
1486 4900 1653 4984 fictis,
1695 4900 1764 4956 ab
1800 4900 1970 4973 [lege-

413 4969 615 5039 inonio,
646 4983 706 5027 ut
755 4969 986 5038 videtur,
1020 4969 1079 5026 in
1117 4972 1387 5040 epitomen
1417 4969 1683 5037 redactis,
1723 4986 1831 5024 non
1880 4969 1967 5027 re-

414 5043 673 5112 periatur.
692 5040 1241 5112 Fragmentumistud
1263 5040 1593 5112 contulimus
1614 5055 1736 5093 cum
1760 5043 1962 5112 noviss.

408 5110 538 5167 edit.
569 5111 742 5167 Paris.
768 5110 870 5167 BB.
896 5127 1023 5166 ann.
1046 5110 1212 5175 1720;
1240 5110 1539 5164 versionem
1571 5110 1965 5175 recensuimus,

410 5191 467 5237 et
489 5184 558 5237 cl.
590 5182 812 5237 editoris
836 5191 993 5237 notas
1026 5181 1374 5249 subjecimus.

1565 4360 1610 4391 “
1635 4359 1764 4416 Luc.
1800 4379 1895 4430 xu,
1925 4365 2013 4421 49.
2119 4367 2163 4398 ⁸⁸
2197 4364 2218 4418 ι
2246 4363 2375 4431 Reg.
2409 4377 2469 4423 ιι,
2502 4360 2554 4415 6.
2656 4359 2703 4391 ⁸⁸
2735 4359 2853 4413 Act.
2879 4373 2955 4423 ιι,
2981 4359 3071 4414 40.
3181 4359 3225 4391 ⁸⁷

1565 4430 1640 4483 ιι.
1754 4431 1798 4463 ³⁸
1829 4432 1932 4489 lsa.
1972 4453 2094 4502 ην,
2124 4436 2174 4490 7.
2250 4434 2291 4465 ³¹
2321 4432 2507 4487 Matth.
2541 4446 2595 4497 ι,
2625 4429 2712 4483 54.
2804 4429 2846 4460 ³³
2877 4428 2922 4481 Il
2947 4427 3071 4482 Cor.
3102 4444 3176 4491 iv,
3198 4428 3251 4482 4.

2087 4060 2356 4117 excaacat?
2398 4059 2547 4113 Pauli
2574 4058 2720 4113 enim
2762 4058 2925 4112 verba
2953 4066 3080 4113 sunt
3105 4075 3117 4110 :
3148 4076 3167 4109 ι
3196 4058 3254 4114 ln
3282 4060 3483 4129 quibus
3510 4059 3654 4115 Deus

2086 4142 2270 4208 saeculi
2314 4151 2477 4221 hujus
2523 4149 2814 4205 excaecavit
2846 4149 3202 4218 cogitationes
3240 4150 3559 4216 inﬁdelium,
3594 4164 3653 4206 ul.

2084 4262 2153 4301 ne
2185 4244 2387 4313 fulgeat
2418 4242 2470 4295 in
2497 4241 2606 4296 illis
2644 4238 2968 4294 illuminatio
2995 4237 3271 4310 Evangelii
3291 4240 3356 4295 ”.
3386 4259 3405 4293 ι
3441 4241 3650 4297 Arche-

2119 4367 2163 4398 "
2197 4363 2375 4431 lReg.
2409 4377 2469 4423 ιι,
2502 4360 2554 4415 6.
2628 4359 2703 4431 ff
2735 4358 2853 4431 Act.
2879 4356 3071 4431 ιλιι).
3181 4358 3225 4431 "_
3276 4358 3394 4415 Act.
3452 4376 3507 4427 v,
3558 4360 3647 4416 10.

2080 4557 2320 4678 ἒοιιὲιὶῗιι*
2349 4554 2419 4607 ita
2446 4572 2457 4608 :
2493 4551 2694 4622 Κύριος
2722 4553 2748 4603 6
2770 4550 2901 4612 Θεός
2930 4566 3019 4602 σου
3040 4590 3055 4614 ,
3104 4548 3213 4621 πῦρ
3253 4551 3649 4610 καταναλίσκον

2110 4643 2170 4678 στ
2200 4666 2213 4678 .
2267 4643 2319 4678 ι).

2078 4626 2213 4679 ἐστί.
2244 4626 2319 4679 In.

2149 4696 2261 4765 (41)
2292 4694 2426 4765 ίΑπξ
2456 4691 2621 4765 ἐροῦ.
2646 4688 2824 4765 V_erba
2845 4688 2978 4765 haec
2996 4688 3459 4765 desiderantur‘in
3478 4695 3640 4765 codd.

2076 4757 2630 4831 Ottob.,Coislq'Roe,
2659 4759 2921 4831 Casaub.,
2940 4758 3129 4831 Grod.,
3156 4757 3316 4831 Petro
3338 4760 3449 4816 Sic.
3472 4762 3643 4818 Paulo

2074 4843 2217 4905 post,
2245 4828 2300 4888 in
2333 4831 2529 4905 Roeet
2570 4829 2805 4905 Casaub.
2857 4829 3146 4895 scribitur,
3184 4828 3322 4905 Ἐγέὶ)
3362 4831 3583 4905 οΔΘεὸς,
3615 4838 3643 4889 ὁ

2075 4900 2262 4969 ποιῶν,
2309 4902 2556 4972 proxime
2590 4900 2657 4972 ad
2700 4915 2918 4955 sacrum
2976 4906 3227 4972 te;tur_n._
3253 4900 3487 4972 Cyrillus
3521 4905 3639 4971 ipse

2072 4968 2282 5028 catech.
2309 4968 2389 5035 ix,
2418 4987 2475 5025 ιι.
2505 4970 2555 5035 7,
2598 4970 2775 5025 citans
2811 4968 3090 5038 sequentia
3138 4968 3307 5038 hujus
3340 4968 3640 5038 prophetici

2072 5042 2368 5099 testimonii
2394 5042 2578 5105 verba,
2602 5041 2757 5111 legit,
2793 5037 2932 5111 Ἐγὼ
2966 5039 2994 5090 6
3018 5037 3221 5111 Θεὸς-ᾇ
3242 5037 3472 5111 ποιήσας
3499 5041 3634 5111 φῶς.

2070 5112 2216 5182 Loco
2248 5112 2512 5182 ἐξήγησαι
2546 5105 2681 5182 πῶς’
2698 5105 2872 5182 λέγες
2886 5105 3113 5182 Ἰησοῦς,
3152 5105 3368 5182 Siculus
3404 5105 3635 5169 scribit:

2070 5180 2241 5260 Διὰ-τί
2266 5177 2545 5260 μέμφῃ
2566 5180 2657 5232 τὸν
2682 5177 2903 5260 ςιησοῦν
2933 5177 3186 5260 λέγοντα-ς
3221 5196 3240 5228 ι
3259 5177 3379 5260 _Cu.r
3408 5193 3515 5260 rion
3545 5197 3636 5260 νς..

483 5251 597 5323 (58)
644 5253 864 5328 Ὅπλον
906 5246 1357 5328 emacem,“
1383 5248 1438 5301 In
1492 5247 1651 5328 editis
1696 5247 1843 5328 ὅπλῳ
1891 5249 2019 5323 δι-ι

2088 5246 2367 5328 πειιειιρίέ
2408 5246 2621 5328 {eam
2645 5246 2913 5328 alentem,
2941 5266 2960 5298 ι
2994 5255 3126 5328 etc."
3146 5246 3275 5328 Post
3313 5248 3533 5319 εἰρήνην
3577 5251 3655 5328 in-

412 5317 677 5398 γταιοσξ,-ι
706 5322 873 5398 arnlis
899 5321 1139 5398 justitiga.
1167 5339 1185 5371 ι
1232 5318 1513 5398 Legimus“
1535 5317 1700 5398 ὅπλον
1738 5319 1790 5398 ιιι
1816 5317 1960 5398 ‘mss.

411 5387 757 5461 Coisl.,Boe,
790 5387 1225 5461 Casauhq‘Petro
1272 5387 1767 5458 Sicul.,Grod.,qui
1806 5390 1963 5443 vertit

417 5482 436 5513 ι
468 5458 680 5517 scutum
702 5462 946 5532 justitiaa.
976 5478 994 5510 ι
1038 5458 1237 5532 [οιιτλτ.

482 5533 595 5604 (39)
650 5523 741 5604 ης
786 5531 1003 5604 τάξον.-
1045 5528 1373 5604 Particulam
1423 5527 1498 5591 ὡς
1541 5523 1841 5593 adiecimus
1895 5543 1961 5582 ex

407 5597 584 5659 Grodi
606 5610 660 5658 et
682 5597 839 5656 Petro
863 5597 1061 5655 Siculo.
1095 5597 1169 5655 lo.

481 5671 593 5741 (.40)
638 5672 776 5741 Ἐγὼ
807 5671 943 5738 πῦρ.
994 5670 1160 5741 Codd.
1194 5669 1410 5741 Coisl.,_
1431 5665 1633 5741 Ottob.,
1681 5665 1822 5741 Roe_,
1856 5664 1960 5741 ca-

409 5734 588 5815 saub.,
815 5744 844 5795 6
1035 5738 1169 5815 acup
1203 5757 1326 5795 κατ.
1378 5737 1483 5815 Se_d
1516 5737 1570 5815 in
1617 5750 1722 5814 ms.
1772 5734 1954 5815 Qttob.

405 5813 558 5867 deest
574 5806 839 5867 articulus
864 5812 911 5865 6.
939 5809 996 5864 ln
1035 5806 1156 5865 loco
1204 5820 1383 5865 autem
1433 5806 1726 5876 Scriptura?
1766 5806 1955 5872 citato,

409 5896 518 5938 non
552 5880 726 5951 Deus,
778 5881 873 5939 sed
920 5880 1129 5951 Moyses
1178 5881 1245 5936 de
1296 5879 1403 5935 Deo
1430 5880 1484 5934 in
1525 5876 1678 5933 tertia
1727 5888 1958 5943 persona

2069 5316 2228 5377 codd.
2261 5320 2392 5385 Hoc,
2427 5319 2661 5375 Casaub.
2692 5326 2748 5372 et
2773 5316 2977 5383 Ottob.,
3008 5317 3062 5370 in
3087 5316 3254 5372 Coisl.
3281 5316 3464 5372 autem
3490 5316 3633 5375 ’cod.

2068 5398 2192 5460 post
2223 5389 2425 5460 βαλεῖν,
2452 5388 2668 5443 additur
2711 5387 2804 5440 ἐπὶ
2833 5387 2931 5459 τὴν
2967 5386 3317 5460 γῆνεηΡοιιιιε
3361 5387 3470 5443 Sic.
3507 5389 3635 5459 lcg.t

2067 5454 2161 5532 ἐπὶ
2190 5454 2299 5532 τῆς
2339 5454 2530 5532 γῇςηι
2555 5472 2719 5532 super
2767 5454 2988 5513 terram.
3015 5454 3035 5506 ι
3070 5454 3346 5532 Habentur
3372 5472 3436 5511 ea
3468 5454 3647 5532 verba

2068 5530 2124 5584 in
2154 5528 2319 5585 citato
2346 5528 2579 5584 Matthaei
2608 5536 2787 5596 textu;
2817 5542 3006 5582 verum
3029 5542 3136 5581 non
3162 5528 3224 5581 .iu
3245 5528 3347 5581 hoc
3373 5530 3633 5585 versiculi

2016 5606 2019 5609 '
2068 5600 2312 5671 membro
2344 5598 2619 5671 quod__hic
2662 5598 2913 5671 refertur,
2951 5597 3045 5671 sed
3079 5597 3135 5671 in
3180 5597 3631 5671 superiore:_Mi;

2068 5669 2343 5740 νομίσητε,
2361 5664 2448 5723 ὅτι
2471 5664 2650 5740 -ἦλθονᾷ
2664 5667 2842 5740 βαλεῖν
2870 5668 3107 5740 εἰρήνην.
3118 5668 3213 5740 ἐπι
3234 5664 3331 5740 τὴν
3352 5668 3481 5740 γῆν.
3515 5668 3592 5740 ll).

2140 5736 2260 5811 (42)
2420 5736 2591 5824 τὸμὴ
2987 5736 3053 5824 in
3072 5736 3253 5824 Ottoi).
3276 5736 3504 5823 habetur
3531 5739 3630 5824 αι)-

2066 5807 2251 5877 γάσαι.
2270 5809 2462 5864 Petrus
2487 5807 2595 5863 Sic.
2621 5807 2872 5878 legitgrsl;
2894 5809 2954 5860 τὸ
2979 5807 3052 5878 μὴ
3076 5808 3311 5874 αὐγάσαι
3333 5808 3513 5871 αὐτοῖς
3536 5809 3627 5861 τὸν

2068 5880 2343 5951 φωτισμὸν
2357 5881 2454 5951 τῆς
2480 5878 2731 5947 γνώσεως
2758 5879 2855 5950 τῆς
2876 5879 3032 5950 δόξης
3053 5879 3144 5934 τοῦ
3165 5878 3493 5948 Εὑαγγελίου
3533 5879 3643 5935 τοῦ.
