4090 6396
431 415 565 473 1521

1179 414 1365 471 ACTA
1401 407 1923 469 DlSPUTA'I'lONlS
1962 411 2022 465 S.
2063 410 2409 468 ARCHELAI
2431 412 2576 470 CUM
2613 410 2918 485 MANETE.

3524 412 3661 467 15i'8

429 537 550 593 laus
582 543 762 591 autem
801 536 906 591 hoc
930 535 1186 605 praeiere
1223 535 1511 599 refellens:
1545 534 1675 602 Quae
1709 536 1988 605 paululum

2092 518 2439 603 Ἑὺαγγελίου.
2479 554 2498 588 ι
2542 535 2598 589 '0
2634 534 2697 593 δὲ
2725 535 3045 605 Ἀρχέλαος,
3084 534 3263 598 καλῶς
3299 533 3656 605 ὑποκρούσας·
3737 599 3747 612 ε

430 628 777 693 antecedunt,
815 627 1010 697 inquit,
1038 626 1152 696 lege
1180 644 1192 679 :
1238 644 1256 679 ι
1280 625 1433 692 Quod
1466 627 1511 682 si
1536 628 1699 681 etiam
1740 636 1991 696 opertum

427 726 513 772 est
565 716 912 786 Evangelium
946 725 1227 782 nostrum,
1283 717 1337 770 in
1368 717 1436 771 iis
1492 718 1586 787 qui
1642 728 1867 788 pereunt
1909 725 1993 772 est

428 820 676 878 opertum
703 809 768 862 ⁸³.
808 826 827 860 ›
878 806 1114 862 Videsne
1158 809 1510 877 pereuntibus
1558 810 1831 863 obtectum
1882 809 1991 871 dici

429 898 816 969 Evangelium?
863 896 981 951 Non
1028 897 1175 951 enim
1222 898 1397 952 danda
1442 907 1570 952 sunt
1617 908 1802 953 sancta
1844 898 1993 953 cani-

429 993 531 1047 bus
547 992 610 1046 ".
652 991 952 1057 Praeterea,
996 993 1218 1046 solusne
1258 993 1451 1046 veteris
1485 993 1814 1047 Tcstamenti
1848 993 1988 1050 Deus

428 1083 720 1139 exczecavit
753 1083 1113 1153 cogitationes
1139 1082 1436 1137 inﬁdelium
1459 1084 1482 1136 ?
1502 1082 1661 1141 Jesus
1688 1085 1849 1139 etiam
1878 1085 1991 1155 ipse

403 1192 610 1261 .nonne
639 1175 817 1230 dixit:
867 1194 886 1227 ‹
923 1173 1046 1229 Ideo
1086 1174 1217 1243 ipsis
1249 1174 1302 1228 in
1347 1175 1623 1244 parabolis
1669 1176 1895 1245 loquor,
1934 1186 1992 1231 ut

427 1268 670 1322 videntes
696 1282 805 1321 non
836 1266 1054 1320 videant
1079 1266 1166 1319 ”?
1199 1285 1218 1317 ι
1257 1264 1464 1320 Odione
1494 1281 1588 1321 eos
1631 1282 1987 1337 prosequens,

426 1360 642 1414 volebat
673 1368 732 1413 ut
762 1375 870 1413 non
915 1358 1199 1413 viderent?
1225 1358 1309 1411 An
1354 1358 1483 1428 quia
1528 1358 1809 1428 indignum
1846 1369 1987 1426 erat,

426 1450 684 1520 quoniam
726 1450 913 1505 oculos
942 1450 1043 1518 ipsi
1092 1466 1222 1506 suos
1268 1451 1655 1505 occluserant?
1700 1450 1802 1505 Ubi
1843 1453 1995 1506 enim-

422 1542 728 1596 voluntaria
783 1541 987 1594 malitia
1021 1582 1035 1606 ,
1087 1541 1194 1595 illic
1233 1550 1287 1596 et
1332 1542 1517 1612 gratim
1562 1542 1765 1597 donum
1815 1543 1986 1598 abest.

430 1653 448 1684 ι
488 1631 714 1688 Habenti
755 1631 898 1685 enim
946 1632 1212 1687 dabitur:
1267 1633 1335 1687 ab
1379 1649 1445 1688 eo
1504 1641 1682 1687 autem
1739 1634 1829 1703 qui
1880 1650 1989 1688 nou

422 1724 607 1789 habet,
636 1723 799 1778 etiam
828 1723 973 1794 quod
1006 1738 1065 1777 se
1094 1731 1250 1793 putat
1287 1724 1507 1788 habere,
1531 1723 1807 1778 auferetur
1832 1724 1896 1776 ³⁸.
1929 1744 1945 1776 ι

494 1815 581 1871 lil.
622 1817 677 1870 Si
706 1825 911 1881 autem,
953 1825 1013 1870 ut
1044 1816 1465 1884 interpretantur
1500 1816 1766 1878 nonnulli,
1804 1816 1988 1871 dicen-

422 1909 551 1963 dum
600 1916 685 1963 est
735 1908 866 1962 illud
912 1908 1147 1977 (horum
1195 1908 1340 1961 enim
1372 1922 1482 1961 non
1530 1916 1615 1962 est
1662 1908 1988 1965 illaudabilis

424 1999 646 2070 oratio),
684 1998 901 2054 etiamsi
956 1998 1243 2053 excmcarit
1295 1998 1592 2053 inﬁdelium
1627 2010 1873 2066 mentes,
1922 2001 1990 2056 ad

425 2108 538 2147 rem
568 2093 764 2147 bonam
796 2091 1107 2155 exczccavit,
1139 2100 1199 2145 ut
1221 2090 1289 2145 ad
1319 2102 1509 2146 sancta
1534 2094 1845 2163 respiciant.
1871 2091 1989 2147 Non

422 2185 568 2239 enim
599 2184 737 2239 dixit
767 2202 780 2239 :
816 2182 1123 2239 Excazcavit
1156 2199 1345 2238 eorum
1374 2185 1631 2252 animam,
1664 2186 1756 2241 sed
1793 2204 1812 2237 ι
1838 2186 1988 2255 cogi-

423 2276 658 2331 tationes
698 2275 1017 2331 inﬁdelium.
1058 2294 1077 2326 ι
1112 2275 1281 2345 Cujus
1310 2275 1439 2331 dicti
1470 2291 1683 2341 sensus,
1720 2277 1990 2346 ejusmodi

422 2378 544 2423 est:
578 2367 802 2424 Excaeca
848 2368 1166 2424 scortatoris
1212 2367 1487 2423 scortandi
1522 2369 1900 2439 cogitationes,
1937 2380 1991 2426 et

422 2470 668 2514 servatus
716 2469 797 2513 est
846 2459 1046 2525 homo;
1101 2475 1309 2515 excaeca
1356 2460 1583 2515 latronis
1639 2462 1881 2529 rapiendi
1936 2471 1991 2517 et

422 2547 778 2603 latrocinandi
808 2546 1069 2613 studium,
1090 2557 1143 2602 et
1161 2543 1341 2603 salvus
1357 2558 1437 2601 est
1461 2548 1643 2604 homo.
1668 2550 1859 2605 Verum
1888 2553 1991 2609 hoc

420 2639 582 2694 modo
599 2654 706 2692 non
720 2639 801 2693 vis
817 2638 1150 2709 intelligere?
1166 2637 1262 2693 Est
1277 2649 1328 2693 et
1342 2640 1445 2694 alia
1465 2641 1858 2711 interpretatio.
1884 2642 1991 2697 Ex-

421 2737 588 2783 cmcat
614 2740 666 2783 et
696 2730 776 2783 sol
808 2730 1059 2784 obtusam
1087 2730 1370 2784 oculorum
1402 2732 1597 2797 aciem,
1621 2742 1674 2788 et
1706 2734 1988 2788 oculorum

420 2821 785 2875 imbecillitate
803 2822 1111 2876 laborantes
1127 2830 1470 2877 excaecantur
1487 2823 1694 2879 lumine
1721 2825 1953 2895 perculsi
1973 2845 1987 2879 :

422 2927 529 2965 non
562 2912 706 2982 quod
735 2912 814 2966 sol
841 2912 1147 2967 exczecandi
1200 2912 1454 2970 facultate
1487 2916 1557 2970 sit
1587 2917 1865 2984 praeditus,
1896 2917 1990 2974 sed

420 3004 567 3071 quod
586 3002 868 3057 oculorum
904 3011 1077 3058 status
1113 3020 1144 3059 a
1177 3005 1410 3060 videndo
1440 3005 1798 3076 impediatur;
1832 3010 1911 3064 sic
1937 3018 1992 3064 et

420 3093 617 3161 quibus
639 3094 800 3148 corda
826 3094 1073 3149 laborant
1094 3095 1491 3160 incredulitate,
1516 3098 1550 3151 ii
1575 3098 1875 3155 divinitatis
1902 3116 1990 3155 ra-

2092 624 2500 696 Προανάγνωθι,
2535 626 2720 697 φησὶν,
2761 625 2978 695 ὀλίγον’
3018 646 3036 677 ι
3069 628 3130 680 Et
3159 627 3214 680 δὲ
3253 627 3662 698 κεκαλυμμένον

2092 718 2209 769 ἐστὶ
2230 715 2292 770 τὸ
2324 715 2653 785 Εὑαγγέλιον
2689 716 2866 787 ήμῶν,
2897 719 2954 770 ἐν
2977 720 3089 782 τοῖς
3120 716 3512 787 ἀπολλυμένοις
3545 719 3663 772 ἐστὶ

2093 809 2519 881 κεκαλυμμένον.
2560 828 2579 861 ι
2628 810 2821 880 Ὁρᾷς,
2875 809 2955 862 ὅτι
3010 812 3067 863 ἐν
3117 813 3228 874 τοῖς
3275 811 3662 882 ἀπολλυμένοις

2092 874 2448 956 κεκάλυπται.
2480 902 2553 954 υὺ
2573 901 2669 975 ιδεῖ
2825 901 3023 955 διδόναι
3060 901 3127 954 τά
3167 902 3299 969 ἅγια
3332 904 3443 967 τοῖς
3481 874 3659 956 κυσίν.
3713 874 3737 897 .

2092 990 2255 1058 Εἶτα,
2293 989 2401 1064 ἆρα
2448 993 2614 1063 μόνος.
2639 994 2667 1045 6
2695 993 2794 1064 τῆς
2833 992 3073 1055 Παλαιᾶς
3102 983 3234 1055 θεὸς
3276 992 3549 1061 ἐτύφλωσε
3594 995 3662 1047 τά

2091 1086 2347 1155 νοήματαυ
2378 1083 2485 1136 τῶν
2528 1083 2799 1148 ἀπίστων;
2854 1082 3058 1153 Ἰησοῦς
3099 1083 3155 1136 δέ
3198 1083 3303 1153 (45)
3351 1082 3512 1148 αὐτὸς
3563 1085 3663 1138 οὐκ

2057 1206 2061 1212 -
2093 1178 2278 1248 εἴρηκε
2298 1194 2311 1206 ⁸
2345 1195 2362 1228 ι
2391 1176 2488 1229 Διά
2516 1176 2675 1229 τοῦτο
2714 1176 2896 1238 αὐτοῖς
2926 1179 2982 1229 ἐν
3015 1174 3347 1246 παραϐολαῖς
3383 1175 3547 1238 λαλῶ,
3575 1176 3661 1228 ἵνα

2095 1267 2382 1337 βλέποντες
2414 1267 2486 1338 μή
2506 1267 2778 1337 βλέπωσις
2808 1286 2825 1319 ι
2854 1266 2943 1337 Μὴ
2972 1266 3142 1337 μισῶν
3167 1267 3382 1331 αὐτοὺς,
3410 1266 3663 1320 ἐϐούλετο

2096 1359 2169 1430 μὴ
2198 1360 2448 1430 βλέπεινς
2482 1362 2553 1415 Ἣ
2589 1359 2676 1414 διὰ
2716 1361 2778 1413 τὸ
2806 1359 3043 1426 ἀνάξιον,
3073 1359 3257 1431 ἐπειδὴ
3296 1362 3421 1423 τοὺς
3465 1358 3663 1428 ὀφθαλ-

2096 1453 2227 1522 μοὺς
2258 1453 2433 1507 αὐτῶν
2460 1454 2783 1524 ἐκάμμυσαν
2809 1469 2823 1518 ;
2858 1454 3029 1506 Ὅπου
3067 1451 3175 1522 γὰρ
3210 1452 3661 1524 αὑτοπροαίρετος

2094 1547 2348 1617 πονηρία,
2375 1548 2492 1599 ἐκεῖ
2526 1547 2618 1599 καὶ
2644 1545 2820 1616 ἀποχὴ
2854 1543 2955 1613 τῆς
2990 1545 3209 1615 χάριτος
3235 1542 3363 1614 (Η).
3394 1563 3411 1595 ι
3437 1542 3541 1613 Τῷ
3553 1543 3660 1615 γὰρ

2092 1635 2266 1707 ἔχοντι
2301 1637 2583 1707 δοθήσεται
2603 1654 2616 1667 ⁸
2648 1636 2755 1691 ἀπὸ
2776 1636 2833 1690 δὲ
2855 1636 2949 1690 τοῦ
2992 1635 3067 1709 μὴ
3105 1636 3317 1707 ἔχοντος
3344 1637 3437 1690 καὶ
3464 1635 3492 1688 δ
3517 1635 3663 1689 δοκεῖ

2093 1726 2238 1797 ἔχειν
2261 1728 2574 1799 ἀρθήσεται.
2603 1748 2620 1780 ι
3190 1718 3193 1719 ν

2161 1820 2225 1872 Εἰ
2263 1819 2319 1873 δὲ
2346 1820 2427 1873 δεῖ
2456 1821 2551 1873 καὶ
2587 1818 2663 1883 ὣς
2691 1819 2799 1892 (45)
2832 1837 2976 1883 τινες
3006 1818 3354 1890 ἐξηγοῦνται,
3399 1816 3556 1871 τοῦτο
3587 1818 3663 1870 εί-

2091 1913 2211 1963 πεῖν
2256 1909 2347 1979 (οὑ
2420 1910 2622 1980 φαῦλον
2661 1911 2768 1983 γὰρ
2812 1911 2872 1964 τὺ
2910 1910 3123 1982 ῥῆμα)·
3159 1912 3207 1963 εί
3256 1911 3351 1963 καὶ
3386 1908 3659 1981 ἐτύφλωσε

2088 2002 2199 2057 τῶν
2224 2003 2467 2059 ἀπίστων
2500 2004 2568 2058 τὰ
2604 2006 2871 2075 νοήματα,
2897 2004 2988 2057 ἐπὶ
3030 2002 3177 2074 καλῷ
3217 2002 3542 2071 ἐτύφλωσεν,
3573 2002 3661 2053 ἵνα

2106 2098 2187 2159 είς
2219 2096 2287 2148 τὰ
2339 2097 2469 2164 ἆγια
2495 2095 2884 2165 ἁναϐλὲᾥωσιν.
2916 2096 2988 2150 Οὐ
3016 2095 3124 2166 γὰρ
3164 2091 3314 2148 εἶπεν
3334 2112 3347 2126 ’
3389 2092 3659 2162 Ἐτύφλωτ

2092 2202 2181 2241 σεν
2224 2187 2401 2241 αὐτῶν
2436 2188 2532 2259 τήν
2568 2186 2764 2258 ψυχὴν,
2800 2186 2935 2240 ἀλλὰ
2970 2205 2988 2236 ‹
3016 2185 3084 2239 τὰ
3121 2186 3363 2256 νοήματα
3396 2184 3502 2237 τῶν
3536 2183 3665 2237 ἀπί-

2093 2295 2255 2332 στων.
2285 2298 2303 2331 ι
2342 2278 2414 2332 Τὸ
2456 2280 2512 2333 δὲ
2552 2279 2841 2349 λεγόμενον
2884 2277 3123 2331 τοιοῦτόν
3169 2278 3317 2330 ἐστι’
3369 2274 3661 2343 Τύφλωσον

2088 2368 2180 2421 τοῦ
2226 2369 2422 2441 πόρνου
2473 2368 2541 2422 τὰ
2589 2369 2821 2441 πορνικά
2867 2370 3147 2439 νοήματα,
3200 2367 3294 2421 καὶ
3340 2365 3604 2419 σέσωσται
3631 2367 3661 2419 6

2091 2461 2373 2533 ἅνθρωπος
2392 2480 2405 2492 ·
2441 2461 2719 2531 τύφλωσον
2751 2461 2846 2514 τοῦ
2872 2460 3067 2533 λῃστοῦ
3106 2461 3167 2513 τὸ
3190 2457 3527 2531 ἁρπακτικὸν
3565 2456 3659 2510 καὶ

2089 2554 2401 2625 λῃστρικὸν,
2427 2555 2521 2607 καί
2548 2555 2813 2607 σέσωσται
2843 2554 2871 2605 6
2897 2551 3195 2624 ἄνθρωπος.
3239 2549 3379 2603 Ἀλλ’
3401 2550 3460 2603 οὔ
3486 2548 3659 2612 θέλεις

2090 2645 2233 2699 οῦτω
2258 2646 2481 2715 νοῆσαι;
2522 2644 2637 2697 ἔστι
2681 2644 2773 2697 καὶ
2811 2643 2945 2714 ἄλλη
2982 2641 3239 2714 ἐξήγησις
3257 2658 3270 2671 ο
3299 2639 3488 2709 τυφλοῖ
3514 2638 3608 2692 καὶ
3629 2638 3661 2690 6

2087 2738 2239 2810 ἥλιος
2300 2739 2426 2800 τοὺς
2483 2734 2977 2806 ἀμϐλυωποῦντας,
3022 2735 3116 2787 κα)⁸
3169 2735 3216 2787 οἱ
3254 2730 3661 2801 ὀφθαλμιῶντες

2088 2827 2447 2894 τυφλοῦνται,
2505 2827 2862 2897 βλαπτόμενοι
2920 2825 3025 2878 ὑπὸ
3059 2824 3152 2878 τοῦ
3193 2823 3398 2893 φωτός⁸
3434 2822 3532 2892 οὐχ
3575 2821 3660 2874 δτι

2088 2917 2422 2987 τυφλωτικός
2476 2916 2623 2968 ἐστιν
2671 2915 2699 2965 6
2744 2914 2929 2984 ἥλιος,
2985 2913 3098 2966 ἀλλ’
3152 2912 3233 2965 ὅτι
3285 2912 3318 2981 ή
3365 2907 3660 2969 ὑπόστασις

2088 3008 2195 3062 τῶν
2243 3008 2503 3079 ὀμμάτων
2541 3006 2599 3059 οὐ
2644 3005 2866 3076 βλέπει·
2911 3003 3052 3056 οὕτω
3079 3002 3173 3055 καὶ
3214 3002 3261 3054 οἱ
3308 2998 3532 3069 ἀπιστίᾳ
3573 3014 3661 3050 νο·

2093 3098 2308 3162 σοῦντες
2373 3102 2494 3162 ταῖς
2547 3096 2836 3169 καρδίαις,
2899 3097 2958 3149 οὐ
3015 3095 3267 3148 δύνανται
3294 3091 3485 3145 ἐνιδεῖν
3539 3089 3663 3151 ταῖς

420 3186 539 3240 dios
557 3187 802 3240 contueri
824 3202 932 3240 non
953 3197 1199 3256 possunt.
1219 3187 1328 3243 Nec
1342 3189 1505 3244 dixit:
1526 3187 1826 3246 Exczecavit
1841 3193 1989 3262 cogi-

2092 3188 2188 3261 τῆς
2243 3187 2494 3261 θεότητος
2539 3187 2735 3239 ἀκτῖσι.
2801 3184 2911 3238 Καὶ
2954 3183 3054 3236 οὐκ
3109 3176 3290 3234 εἶπεν·
3352 3175 3660 3245 Ἐτύφλωσε

419 3280 651 3334 taliones
689 3295 756 3334 ne
799 3280 1021 3335 audiant
1052 3279 1438 3351 Evangelium;
1486 3283 1578 3337 sed
1619 3303 1637 3336 ι
1678 3300 1745 3338 ne
1788 3284 1989 3356 fulgeat

2092 3278 2157 3334 τὰ
2183 3281 2429 3350 νοήματα
2469 3281 2549 3342 εἰς
2581 3277 2642 3330 τὸ
2685 3276 2758 3348 μή
2787 3275 3015 3330 ἀκοῦσαι
3052 3273 3113 3326 τὸ
3155 3269 3504 3341 Εὑαγγέλιον,
3545 3265 3659 3320 ἀλλ’

421 3374 474 3425 in
511 3372 617 3427 illis
648 3372 975 3427 illuminatio
1018 3373 1204 3443 gloriae
1239 3372 1514 3443 Evangelii
1553 3374 1769 3430 Domini
1816 3379 1987 3432 nostri

418 3462 546 3520 Jesu
575 3465 861 3521 Christi”.
891 3484 909 3517 ι
948 3463 1081 3518 Nam
1114 3464 1466 3535 Evangelium
1500 3466 1691 3523 audire
1721 3469 1788 3523 ab
1813 3471 1989 3523 nmni-

417 3554 520 3608 bus
574 3555 885 3624 expetitur:
943 3561 999 3607 at
1050 3551 1326 3622 Evangelii
1368 3545 1552 3621 'gloria
1599 3554 1731 3609 solis
1784 3552 1988 3608 Christi

418 3647 692 3717 germanis
740 3644 1080 3713 sincerisque
1124 3642 1452 3715 (discipulis)
1491 3645 1768 3699 tribuitur.
1806 3644 1989 3699 Domi-

420 3755 523 3794 nus
553 3739 737 3808 itaque
781 3736 1107 3807 loquebatur
1132 3732 1187 3786 in
1235 3735 1511 3803 parabolis
1544 3736 1613 3791 iis
1641 3736 1861 3805 quidem
1893 3737 1987 3805 qui

418 3848 529 3886 non
559 3840 809 3903 poterant
842 3831 1067 3895 audire;
1090 3830 1375 3901 discipulis
1398 3845 1526 3884 vero
1548 3828 1800 3899 privatim
1831 3845 1989 3899 para-

419 3926 572 3980 bolas
633 3934 686 3979 et
745 3924 1134 3980 similitudines
1194 3922 1519 3992 explicabat.
1590 3919 1789 3974 Gloriae
1842 3920 1988 3975 enim

419 4013 598 4085 fulgor
630 4027 819 4068 eorum
842 4020 946 4077 est,
979 4013 1071 4081 qui
1106 4012 1218 4081 jam
1252 4010 1507 4065 illustrati
1558 4017 1718 4075 sunt;
1747 4024 1990 4065 excaeca-

418 4104 498 4155 tin
540 4103 858 4156 inﬁdelium.
910 4099 1037 4156 Haec
1087 4099 1339 4171 mysteria
1391 4113 1538 4151 nunc
1580 4096 1678 4150 tibi
1735 4095 1990 4165 patefacit

421 4192 661 4250 Ecclesia
710 4211 775 4248 ex
827 4194 1343 4249 catechumenorum
1400 4198 1547 4243 sorte
1602 4198 1983 4258 transgresso:

422 4285 712 4355 gentilibus
733 4299 1005 4354 exponere
1029 4297 1150 4337 mos
1188 4296 1297 4335 non
1332 4287 1432 4333 est.
1468 4277 1586 4333 Non
1618 4279 1763 4332 enim
1799 4277 1987 4347 gentili

421 4377 675 4445 cuiquam
709 4376 775 4429 de
802 4373 963 4430 Patre
994 4383 1048 4429 et
1084 4372 1224 4427 Filio
1249 4380 1303 4427 et
1332 4369 1538 4439 Spiritu
1570 4378 1762 4424 sancto
1788 4384 1988 4423 arcana

422 4467 676 4538 mysteria
698 4466 1077 4520 declaramus:
1119 4477 1294 4533 neque
1334 4462 1514 4531 palam
1548 4461 1689 4530 apud
1732 4461 1990 4515 catechu-

2095 3393 2113 3424 ι
2146 3376 2224 3436 εἰς
2246 3372 2306 3425 τὺ
2349 3370 2422 3443 μὴ
2451 3371 2741 3438 διαυγάσαι
2787 3369 2877 3422 τὸν
2921 3366 3198 3438 φωτισμὸν
3240 3364 3339 3435 τῆς
3367 3360 3523 3431 δόξης
3564 3357 3661 3412 τοῦ

2089 3460 2417 3533 Εὑαγγελίου
2470 3458 2562 3513 τοῦ
2613 3458 2814 3530 Κυρίου
2835 3457 2989 3529 ήμῶν
3029 3454 3204 3527 Ἰησοῦ
3246 3449 3515 3526 Χριστοῦο
3548 3468 3567 3501 ι
3598 3447 3663 3501 τὸ

2094 3555 2190 3625 μὲν
2211 3554 2318 3625 γὰρ
2366 3550 2594 3605 ἀκοῦσαι
2627 3549 2722 3603 τοῦ
2760 3548 3093 3617 Εὐαγγελίου
3131 3548 3296 3599 πᾶσιν
3337 3544 3579 3612 ἐφίεταιο
3623 3540 3660 3609 ἠ
3773 3604 3781 3615 ,

2088 3644 2212 3708 δόξα
2240 3645 2298 3696 δὲ
2327 3642 2420 3695 τοῦ
2450 3640 2782 3708 Εὐαγγελίου
2811 3641 2923 3701 τοῖς
2944 3635 3180 3708 Χριστοῦ
3210 3634 3388 3705 μόνοις
3420 3630 3661 3701 γνησίοις

2089 3735 2412 3805 ἀφώρισται.
2444 3733 2667 3800 Ἔλεγεν
2696 3727 2787 3783 οῦν
2820 3733 2847 3783 6
2882 3728 3105 3797 Κύριος,
3146 3728 3259 3789 τοῖς
3298 3720 3659 3797 μένάκοῦσαι

2094 3826 2166 3897 μή
2189 3824 2526 3895 δυναμένοις,
2544 3822 2601 3875 ἐν
2621 3820 2954 3890 παραϐολαῖς
2973 3835 2988 3848 ο
3014 3819 3126 3880 τοῖς
3150 3815 3205 3869 δὲ
3247 3813 3512 3885 μαθηταῖς
3534 3810 3661 3863 ἐπέ-

2088 3917 2181 3970 λυε
2212 3915 2331 3969 κατ’
2361 3914 2499 3968 ἰδίαν
2524 3913 2623 3976 τὰς
2657 3911 2991 3984 παραϐολάς.
3033 3909 3091 3961 '0
3119 3906 3400 3975 αὑγασμδς
3424 3903 3534 3974 γὰρ
3557 3902 3660 3971 τῆς

2088 4008 2242 4078 δόξης
2264 4010 2374 4070 τοῖς
2402 4004 2851 4075 πεφωτισμένοις,
2879 4003 2913 4073 ή
2944 4000 3213 4070 τύφλωσις
3249 3999 3361 4061 τοῖς
3386 3997 3657 4055 ἀπίστοις.

2089 4099 2273 4152 Ταῦτα
2295 4098 2363 4151 τά
2392 4099 2666 4169 μυστήρια
2690 4097 2726 4151 ἀ
2766 4094 2863 4149 νῦν
2897 4096 2929 4166 ἠ
2964 4093 3257 4164 Ἐκκλησία
3285 4088 3548 4163 διηγεῖταί
3577 4105 3659 4142 σοι

2087 4190 2164 4261 τῷ
2202 4192 2267 4243 ἐκ
2291 4207 2528 4261 κατηχου
2539 4189 2712 4261 μένων
2740 4186 3208 4259 μεταϐαλλομένῳ,
3240 4183 3339 4237 οὐκ
3368 4182 3513 4235 ἐστιν
3538 4178 3661 4242 ἔθος

2088 4282 2319 4344 ἐθνικοῖς
2344 4279 2665 4351 διηγεῖσθαι.
2714 4281 2786 4331 Οὐ
2815 4279 2923 4350 γὰρ
2948 4275 3143 4347 ἐθνικῷ
3181 4276 3250 4328 τὰ
3284 4272 3412 4344 περὶ
3447 4272 3661 4343 Πατρὸς

2088 4376 2183 4429 καὶ
2205 4372 2334 4428 Υίοῦ
2362 4374 2456 4426 καὶ
2479 4372 2633 4441 ἁγίου
2660 4370 2975 4440 Πνεύματος
2996 4365 3329 4439 διηγούμεθα
3354 4364 3624 4436 μυστήρια
3640 4379 3656 4393 ’

2088 4468 2209 4520 οὐδὲ
2241 4465 2349 4519 τῶν
2392 4463 2703 4534 μυστηρίων
2742 4463 2835 4515 ἐπὶ
2865 4458 3283 4530 κατηχουμένων
3325 4454 3533 4518 λευκῶς
3562 4454 3660 4508 λα-

420 4575 612 4614 menos
640 4559 706 4613 dc
735 4559 1009 4629 mysteriis
1036 4557 1200 4611 verba
1232 4554 1488 4619 facimus,
1521 4553 1615 4609 sed
1651 4554 1817 4607 multa
1846 4568 1988 4622 saepe

2092 4556 2287 4628 λοῦμεν
2307 4597 2321 4621 ,
2362 4556 2498 4609 ἀλλά
2537 4553 2794 4617 πολλάκις
2839 4551 3068 4622 λέγομεν
3119 4545 3655 4617 ἐπικεκαλυμμένως,

421 4651 697 4717 loquimur
742 4648 991 4702 occulte:
1047 4656 1107 4701 ut
1135 4647 1319 4702 ﬁdeles
1368 4644 1463 4714 qui
1511 4659 1626 4699 rem
1672 4652 1876 4712 tenent,
1903 4644 1987 4698 in-

419 4742 703 4811 telligant;
731 4749 785 4795 et
817 4741 912 4809 qui
939 4754 1049 4793 non
1080 4747 1284 4805 tenent,
1314 4754 1383 4794 ne
1413 4738 1701 4794 laedantur.

2094 4651 2181 4703 ἵνα
2206 4652 2254 4702 οἱ
2286 4648 2484 4711 εἰδότες
2519 4648 2698 4701 πιστοὶ
2738 4646 2990 4717 νοήσωσι,
3025 4643 3118 4696 καὶ
3140 4642 3190 4694 οἱ
3234 4638 3309 4712 μή
3350 4638 3548 4702 ειδότες
3581 4637 3659 4709 μὴ

2098 4738 2359 4808 βλαϐὦσι.

494 4857 540 4890 ⁸³
560 4858 606 4911 ιι
630 4857 756 4911 Cor.
780 4871 855 4922 tv,
886 4854 940 4909 5.
1016 4853 1061 4885 “
1088 4851 1275 4907 Matth.
1303 4867 1399 4918 vit,
1430 4853 1483 4905 6.
1558 4850 1603 4882 ³⁸
1638 4849 1824 4905 Matth.
1855 4865 1976 4914 xtn,

2092 4893 2095 4901 ,
2172 4849 2218 4882 ³⁸
2250 4847 2437 4903 Matth.
2472 4863 2600 4911 xxv,
2623 4846 2713 4900 29.
2822 4845 2866 4877 ⁸⁷
2899 4845 2943 4897 ll
2973 4843 3099 4898 Cor.
3132 4857 3203 4907 tv,
3231 4841 3285 4895 ι.

417 4953 693 5028 Χριστοῖς
725 4972 744 5005 ι
771 4950 1201 5028 υιῃςιηήςιιιβοξιι
1227 4946 1996 5028 illisilluminatio_scicnti:e
2103 4960 2188 5025 me
2208 4940 2971 5028 judice“minus'mutationis
3002 4945 3096 4992 aut
3134 4933 3528 4991 emendationis
3568 4952 3659 4991 su-

423 5017 609 5093 gloriae
642 5022 918 5093 Evangelii
954 5018 1179 5076 Christi.
1206 5038 1224 5069 ι
1260 5017 1363 5093 sed
1391 5034 1455 5093 ex
1491 5017 1559 5093 iis
1580 5017 1996 5093 quae_l_iabentur

423 5085 572 5151 nutu.
606 5111 720 5161 seq.
740 5085 888 5162 patet
914 5093 1124 5146 Manem
1161 5089 1374 5162 non__ita
1399 5085 1678 5162 citavisse.
1707 5085 1921 5162 ΤοΨ-τ.

2098 5010 2338 5084 ερίοἶοηε
2368 5013 2595 5084 laborat.
2630 5010 2705 5065 lu.
2771 5078 2820 5084 ω
2898 5080 2911 5084 _
3074 5076 3100 5084 _
3323 5072 3348 5084 _
3394 5072 3407 5084 .
3612 5056 3649 5084 ,ι

2170 5084 2281 5153 (zu)
2329 5082 2441 5148 Τῆς
2470 5080 2726 5153 χάριτος.
2767 5076 3140 5153 εἰοιιιιιεητῆς
3177 5072 3516 5145 φωτιξούσης
3561 5074 3660 5144 χὰ-

494 5146 888 5235 (λδίλίηὸνοέῦς
913 5162 1011 5235 δὲ,
1042 5178 1163 5235 mg.
1181 5159 1228 5212 λ.
1260 5157 1393 5235 llaec
1426 5158 1587 5235 paulo
1612 5157 1771 5235 aliter
1802 5155 1989 5235 Petrus

2099 5146 2277 5235 ριτοςιτξ
2307 5146 2716 5235 «ΣΙ-ιίιιξὶἱὲιιιιιιίε
2736 5150 2941 5235 grati-:e.
2966 5166 2984 5198 ι
3019 5146 3095 5235 lt):

424 5224 681 5311 Siculus:
716 5224 796 5287 I'H
839 5224 945 5311 argi
966 5231 1170 5311 Ἰησοῦς
1216 5224 1464 5311 αὐτόςηξ.
1496 5226 1868 5311 κοὺκηεὶςρηκε·
1897 5224 1998 5311 Διά

2171 5212 2283 5287 ([5)
2324 5225 2393 5275 El
2420 5221 2487 5273 δὲ
2513 5212 2842 5284 δεῖκαὶῶς.
2878 5219 2933 5270 In
2967 5216 3125 5287 codd.
3165 5212 3280 5268 Roe
3320 5212 3377 5287 et
3417 5212 3652 5269 Casaub.
3736 5234 3741 5239 ·

715 5283 1066 5375 πέρᾶϐὁλοὶῖξ
1085 5283 1268 5375 αὺτοῖς
1292 5283 1468 5375 λαλῶ,
1493 5298 1576 5375 ὅτι
1616 5283 1899 5375 minim;
1934 5296 1989 5347 οὐ

2095 5310 2159 5348 ex
2177 5283 2381 5346 ’δεῖκαὶ
2399 5292 2473 5354 ὡς
2506 5306 2674 5344 unum
2707 5291 2927 5343 verbum
2958 5285 3179 5366 δικαίως
3197 5283 3510 5375 εοηίεοιυοιῃ
3538 5294 3655 5375 est:

461 5376 717 5440 λέπουσι;
750 5395 767 5426 ι
795 5368 988 5428 Annon
1013 5382 1068 5427 et
1099 5372 1257 5426 Jesus
1291 5371 1500 5440 ipse....
1528 5369 1599 5422 ita
1626 5368 1840 5440 locutus
1870 5376 1953 5417 est
1979 5380 1992 5416 :

2099 5376 2153 5417 at
2204 5365 2277 5416 ita
2329 5351 2513 5416 manet
2560 5376 2750 5414 manca
2799 5356 3150 5413 constructio.
3197 5354 3389 5409 Petrus
3439 5351 3657 5406 Siculus

475 5425 717 5515 ἐξ)βῆέῶ
763 5425 1118 5514 inpii—rabulis
1158 5425 1548 5515 ipsislloqunr,
1594 5437 1721 5506 quia
1755 5436 1995 5515 videntes
2099 5434 2225 5503 legit
2249 5431 2467 5515 quidem
2509 5430 2751 5515 δικαίως.
2798 5428 2891 5482 sed
2927 5425 3167 5515 plirasim
3193 5425 3370 5504 paulo

426 5492 739 5570 5.332735.
752 5492 816 5567 ἐξ
840 5492 1704 5577 {aliide—riis:sicuti‘tmeipﬁes,
1720 5505 1989 5577 quomodo

2099 5492 2211 5577 tat:
2249 5492 2311 5555 Εἰ
2342 5501 2404 5577 δὲ
2430 5500 2798 5577 -καὶλδικαίως
2837 5492 2981 5577 τινὲς
3028 5492 3366 5577 ἐξηγοῦνται,
3414 5492 3527 5545 ἔστι
3562 5492 3655 5577 καὶ

426 5586 481 5640 in
508 5585 695 5656 Cyrilli
723 5594 893 5648 textu,
934 5604 951 5635 ι
978 5592 1038 5656 ut
1062 5573 1326 5656 videntes
1350 5596 1457 5656 non
1502 5573 1793 5656 videautfi
1822 5573 1991 5656 Siculi

426 5650 678 5720 allegatio
730 5655 1024 5722 evangelici
1074 5652 1205 5705 dicti
1259 5650 1467 5704 ﬁdelior
1515 5658 1617 5711 est,
1668 5657 1719 5701 et
1780 5653 1989 5699 textum

427 5726 662 5780 Matthaai
700 5724 766 5777 ad
798 5724 1058 5778 amussim
1103 5728 1454 5790 repraesentat
1480 5737 1492 5771 :
1516 5727 1727 5790 contra,
1762 5730 1844 5790 ea_
1865 5728 1989 5783 qua:

430 5798 484 5848 in
521 5806 668 5849 textu
702 5800 806 5854 est,
858 5794 1052 5865 partim
1097 5783 1453 5865 ett-Matthxi,
1486 5787 1679 5857 partim
1727 5783 1987 5865 erebum:

429 5866 609 5920 verbis
641 5878 758 5932 cap.
780 5855 896 5929 vui,
922 5861 1005 5927 ιο,
1038 5861 1412 5915 consarcinata
1439 5855 1554 5916 est:
1580 5867 1742 5927 atque
1765 5855 1986 5920 idcirco,

2095 5572 2266 5636 οῦτως
2308 5573 2479 5624 εἰπεῖν
2538 5570 2630 5641 (οὐ
2668 5569 2866 5641 φαῦλον
2915 5566 3022 5637 γάρ
3065 5561 3351 5636 τδρῆμα),
3395 5579 3470 5641 κ..
3500 5577 3561 5641 τ’..
3600 5561 3652 5641 λ,

2100 5662 2119 5693 ‹
2147 5631 2298 5709 Quod
2326 5642 2369 5697 si
2400 5631 2564 5695 etiam
2610 5631 2751 5695 recte
2781 5631 3494 5709 interpretanturnonnulli.
3528 5631 3657 5709 licet

2092 5704 2307 5835 quoque
2337 5711 2416 5767 sic
2447 5710 2625 5766 dicere
2657 5713 2798 5777 (non
2823 5704 2967 5764 enim
2994 5704 3229 5763 absurda
3287 5710 3372 5759 est
3422 5704 3650 5765 oratio).

2094 5794 2195 5836 etc.
2233 5806 2249 5835 ι
2312 5796 2384 5836 D.‘
