4090 6404
288 571 3516 617 W

1423 716 1604 789 cmés
1658 746 1879 789 manu
1933 745 2161 789 DOMINI
2204 745 2388 790 ccxc.

1105 926 1276 1105 s.
1403 854 2662 1104 PAMPHILUS

360 1239 955 1330 ECCLESI/E
1052 1236 1851 1330 CESARIENSIS
1922 1239 2622 1334 PRESBYTER
2711 1245 2863 1336 ET
2935 1247 3431 1336 MARTYR

1611 1604 2212 1718 NOTITIA

1157 1819 1441 1885 (tinuum,
1461 1827 1560 1874 Vel.
1588 1824 1731 1873 Patr.
1780 1822 2028 1885 Biblioth.,
2056 1831 2090 1874 t.
2132 1824 2215 1886 IV,
2245 1826 2466 1891 Proleg.,
2487 1841 2536 1891 p.
2562 1826 2652 1891 ιιι.)

280 2122 326 2177 1.
354 2123 484 2189 Quis
515 2132 564 2176 et
588 2131 813 2197 quantus
855 2124 937 2197 _vir
984 2121 1300 2191 Pamphilus
1324 2164 1340 2188 ,
1375 2121 1543 2177 Pierii
1564 2121 1908 2176 Alexandrini
1932 2121 2240 2192 discipulus.
2274 2121 2525 2178 Ecclesia
2555 2123 2898 2180 Caesariensis
2943 2127 3209 2197 presbyter
3247 2137 3297 2183 et
3346 2146 3509 2185 orna-

352 2202 605 2263 mentum.
639 2193 981 2247 Beatissimus
1004 2204 1225 2263 martyr.

285 2259 356 2316 ll.
388 2262 992 2339 Scelerum-litterarum
1016 2259 1454 2322 studiosissimus.
1482 2263 1820 2319 Bibliotheca:
1847 2260 2188 2318 Ccesariensis
2216 2264 2476 2319 conditor.
2509 2265 2591 2318 An
2616 2264 2819 2336 aliquid
2852 2267 3052 2335 proprii
3087 2268 3257 2336 operis
3285 2271 3508 2339 scripse-

353 2334 442 2402 rit.
475 2331 688 2385 Eusebii
719 2333 861 2388 locus
885 2349 1155 2402 expensus.

280 2400 372 2475 lii.
401 2401 678 2475 Expositio
706 2400 956 2475 capitum
987 2405 1219 2475 Actuum
1253 2405 1642 2473 apostolorum,
1668 2420 1792 2457 num
1824 2402 2076 2457 Euthalio
2105 2404 2434 2459 ascribenda.
2478 2403 2756 2475 Pamphilo
2781 2408 3059 2462 asseritur.

386 2469 603 2545 _Anctor
620 2469 818 2544 quoque
846 2473 1095 2543 Origenis
1126 2469 1461 2543 Apologetici
1489 2490 1552 2528 ea!
1576 2484 1802 2545 veterum
1836 2476 2148 2528 testimoniis
2186 2475 2348 2543 fuisse
2370 2469 2689 2545 perhibetur.

285 2539 347 2596 ν.
368 2541 455 2615 Eo
556 2539 705 2610 opere
726 2539 1064 2615 potissimum,
1085 2539 1372 2615 prteclarus
1403 2546 1693 2615 divinitatis
1722 2544 1919 2615 Christi
1947 2539 2393 2615 assertor-beatus:
2406 2557 2609 2614 martyr
2632 2546 3015 2613 comprobatur.
3047 2545 3354 2615 Interpretis
3390 2545 3498 2599 Ru-

348 2611 591 2735 ﬁnilfdes
620 2615 900 2667 astruitur.
927 2613 1230 2668 Novissima
1258 2614 1489 2682 ejusdem
1511 2614 1843 2686 Apologetici
1868 2613 2135 2669 luculenta
2163 2614 2323 2669 editio
2362 2611 2679 2669 Parisiensis
2718 2611 3005 2671 eahibetur.
3057 2611 3203 2672 Acta
3226 2618 3491 2687 passionis

349 2679 408 2737 S.
487 2682 703 2737 amnhili
725 2698 789 2736 ea:
815 2700 910 2737 ms.
942 2682 1174 2737 Hediceo
1204 2686 1551 2737 adliciuntur.
1832 2712 1837 2719 -

487 2682 703 2751 amphili
725 2698 789 2736 ea:
815 2700 910 2737 ms.
942 2682 1174 2737 Mediceo
1204 2686 1551 2755 adjiciuntur.

345 2798 388 2851 ις
416 2795 731 2868 Pamphilus
777 2808 935 2870 gente
983 2799 1292 2856 thnicius
1344 2816 1410 2856 ex
1464 2801 1836 2873 Berytensium
1866 2809 1913 2866 Α
1940 2810 2000 2857 ut
2034 2816 2154 2856 eam
2190 2802 2396 2857 medias
2425 2801 2568 2856 inter
2591 2800 2883 2872 Egyptum
2931 2810 2985 2856 et
3024 2802 3366 2856 Antiochiam
3401 2801 3504 2855 Ec-

274 2890 429 2954 orbe,
460 2890 626 2945 nobili
641 2907 837 2960 genere
866 2903 1019 2947 ortus
1038 2934 1052 2959 ,
1083 2893 1311 2948 illustris
1333 2910 1550 2964 quoque
1593 2893 1695 2949 fuit
1719 2911 1839 2949 mu-

274 2984 498 3038 neribus
529 2984 583 3037 in
617 2985 792 3054 patria
824 2985 1039 3055 publice
1070 2985 1237 3055 gestis
1270 2985 1366 3055 (l).
1394 2983 1593 3039 Verum
1628 2985 1835 3041 relictis

274 3070 628 3133 saecularibus
653 3079 819 3146 curis,
878 3077 1260 3133 Alexandriam
1316 3093 1375 3134 se
1429 3079 1701 3144 contulit;
1746 3078 1834 3133 ubi

273 3168 513 3226 Pici-ium
544 3172 687 3227 illius
720 3170 976 3226 Ecclesiae
1025 3171 1399 3241 presbyterum
1426 3209 1440 3232 ,
1486 3171 1665 3225 virum
1714 3172 1835 3226 exi-

275 3262 468 3329 mium,
494 3263 548 3316 in
578 3278 858 3318 sacrarum
890 3263 1190 3316 litterarum
1224 3262 1404 3317 studio
1433 3263 1706 3317 doctorem
1738 3263 1834 3317 ha-

274 3353 411 3420 buit,
439 3364 501 3409 ut
519 3355 706 3411 scribit
722 3354 948 3410 Photius
973 3355 1071 3425 (2).
1106 3353 1364 3424 Deinceps
1387 3369 1514 3408 vero
1534 3354 1833 3409 Ctesaream

274 3443 573 3500 Palmstinae
606 3449 956 3509 contendens,
988 3456 1149 3515 atque
1171 3445 1238 3499 ad
1265 3444 1583 3515 presbyterii
1605 3444 1829 3515 gradum

273 3542 512 3597 evectus,
544 3533 896 3590 Caesariensis
922 3533 1177 3589 Ecclesia:
1191 3543 1570 3589 ornamentum
1593 3534 1832 3600 exstitit;

273 3624 455 3694 ibique
478 3627 713 3681 maxime
764 3626 1052 3690 inclaruit,
1108 3640 1217 3695 quo
1246 3636 1487 3695 tempore
1518 3626 1831 3680 cathedram

275 3715 423 3769 illam
449 3717 811 3788 episc0palem
858 3728 980 3788 post
1010 3716 1380 3772 Theotecnum
1422 3716 1639 3771 tenebat
1685 3716 1825 3789 Aga.

273 3803 417 3872 pius.
464 3802 652 3860 Virum
706 3806 1130 3862 disertissimum
1183 3806 1539 3877 moribusque
1572 3822 1638 3862 ac
1667 3809 1832 3878 gestis

271 3911 398 3949 vere
429 3897 833 3967 philosophum,
859 3896 1286 3968 ὲλλογιμώτατον
1312 3896 1461 3970 αὑτῷ
1480 3915 1540 3951 τε.
1567 3898 1668 3970 βίῳ
1689 3899 1835 3969 φιλό-

274 4004 437 4058 σοφσν
486 3989 660 4061 ἁληθῆ
692 4029 708 4053 ,
755 3989 1096 4058 Pamphilum
1152 4000 1400 4045 nostrum
1463 4000 1620 4046 vocat
1664 3991 1834 4049 Euse—

272 4081 394 4135 bius
424 4082 500 4152 (5)
533 4099 545 4135 :
581 4081 673 4151 qui
711 4082 873 4135 etiam
910 4081 1121 4151 singula
1160 4097 1283 4151 qua:
1306 4083 1372 4137 ad
1402 4083 1546 4138 illius
1581 4083 1749 4136 vitam
1779 4093 1832 4138 et

272 4172 339 4225 ad
362 4172 603 4227 scholam
649 4173 717 4227 ab
748 4171 938 4227 eodem
986 4172 1288 4227 institutam
1326 4172 1629 4243 pertinent;
1678 4172 1826 4226 varia

1941 2893 2134 2948 clesias
2172 2895 2227 2948 in
2266 2908 2607 2948 communem
2632 2908 2791 2947 usum
2820 2894 3085 2962 recepisse
3116 2902 3338 2947 testatur
3370 2909 3505 2948 san-

1942 2991 2061 3037 ctus
2083 2981 2444 3054 Hieronymus
2476 2983 2572 3052 (5).
2616 2982 2878 3037 Mittimus
2919 2985 3078 3038 etiam
3110 2999 3229 3052 qua:
3260 2985 3326 3038 de
3384 2986 3500 3055 ipso

1938 3073 2221 3145 Pamphilo
2254 3075 2394 3129 idem
2423 3074 2613 3129 doctor
2644 3075 2914 3130 maximus
2944 3085 3067 3144 post
3095 3074 3384 3130 Eusebium
3422 3078 3497 3149 (6)

1938 3166 2063 3220 alibi
2091 3175 2307 3221 enarrat
2335 3166 2413 3238 (7)
2445 3184 2459 3221 :
2499 3165 2647 3219 illum
2679 3166 2965 3231 videlicet,
3021 3183 3139 3220 cum
3172 3167 3496 3223 Demetrium

1936 3257 2253 3311 Phalereum
2317 3265 2367 3312 et
2430 3257 2774 3312 Pisistratum
2829 3258 2884 3311 in
2946 3275 3112 3312 sacrm
3176 3258 3500 3314 bibliotheca:

1935 3352 2113 3406 studio
2156 3351 2306 3406 vellet
2350 3367 2555 3422 requare
2583 3394 2596 3416 ,
2634 3351 2986 3419 imaginesque
3031 3351 3353 3420 ingeniorum
3382 3368 3499 3421 qua}

1936 3461 2057 3498 vera
2080 3455 2200 3497 sunt
2231 3452 2280 3496 et
2308 3455 2504 3498 (eterna
2538 3452 2898 3507 monumenta,
2940 3452 3048 3495 toto
3088 3441 3208 3495 orbe
3231 3446 3495 3512 perquire-

1937 3545 2034 3601 ret,
2066 3545 2187 3589 tunc
2223 3535 2301 3590 vel
2345 3536 2569 3589 maxime
2601 3535 2843 3605 Origenis
2865 3534 3026 3588 libros
3054 3536 3342 3603 impensius
3374 3550 3497 3604 pro-

1935 3637 2188 3694 secutum,
2222 3625 2534 3682 Ctesariensi
2569 3625 2815 3681 Ecclesiae
2848 3628 3156 3690 dedicasse;
3207 3637 3496 3696 praeterea-

1936 3735 2043 3787 que
2065 3718 2141 3787 (8)
2167 3717 2541 3773 Ctesariensem
2577 3714 2939 3771 bibliothecam
2969 3717 3348 3770 studiosissime
3375 3732 3501 3769 con-

1935 3811 2141 3881 fecisse.

2006 3902 2071 3957 Et
2103 3903 2216 3957 haec
2239 3902 2456 3972 quidem
2487 3901 2628 3957 beati
2662 3902 2914 3972 martyris
2952 3901 3197 3956 studium
3230 3900 3283 3952 in
3325 3899 3497 3953 sacris

1934 3995 2227 4065 praesertim
2248 3994 2442 4048 litteris
2462 3994 2769 4048 excolendis
2788 3993 2918 4047 satis
2936 3993 3190 4062 produnt.
3212 3988 3329 4058 Ipse
3345 4005 3492 4054 vero,

1934 4082 2386 4155 inquitEusebius
2409 4084 2547 4153 apud
2567 4082 2951 4154 Hieronymum
2978 4083 3075 4152 (9),
3103 4083 3301 4151 proprii
3324 4085 3495 4151 operis

1934 4176 2066 4231 nihil
2093 4175 2303 4229 omnino
2326 4176 2555 4245 scripsit,
2585 4176 2814 4244 exceptis
2838 4171 3089 4242 Epistolis
3110 4190 3239 4244 quas
3264 4175 3332 4227 ad
3359 4176 3495 4228 ami-

271 4279 488 4335 quoque
511 4264 916 4322 confessionum
941 4265 1237 4320 certamina
1266 4264 1659 4335 persecutionis
1691 4273 1828 4319 tem-
1863 4285 1905 4339 Β
1936 4284 2021 4321 cos
2061 4267 2197 4337 forte
2220 4268 2493 4321 mittebat:
2519 4267 2573 4320 in
2605 4277 2809 4320 tantum
2825 4283 2879 4320 se
2892 4266 3189 4320 humilitate
3210 4267 3493 4335 dejccerat.

273 4371 402 4427 pore
433 4357 502 4412 ab
522 4372 586 4411 eo
625 4357 883 4422 tolerata;
924 4373 989 4412 ac
1041 4366 1317 4427 postremo
1345 4358 1667 4430 martyrium
1721 4376 1831 4430 quo

273 4458 564 4505 eoronatus
603 4460 709 4514 est,
756 4451 1014 4521 peculiari
1074 4466 1236 4521 opere
1289 4452 1605 4522 complexus
1660 4453 1829 4508 fuisse

274 4542 584 4611 perhibetur
611 4561 624 4597 :
654 4542 800 4612 quod
825 4551 1002 4598 tamen
1040 4543 1381 4600 intercidisse
1406 4584 1421 4608 ,
1465 4544 1589 4614 jure
1637 4546 1827 4600 dolen-

272 4634 421 4689 dum.
441 4632 639 4689 Passus
665 4643 741 4688 est
775 4632 1028 4689 Caesarem
1050 4634 1354 4693 Palaestina:
1368 4635 1461 4690 sub
1478 4637 1831 4705 persecutione

276 4722 577 4790 Maximini,
601 4734 735 4779 teste
759 4723 1085 4796 Hieronymo
1115 4724 1190 4795 (Δ)
1213 4767 1230 4792 ,
1268 4742 1410 4781 anno
1440 4726 1543 4781 309
1588 4726 1826 4781 ineunte.

340 4815 404 4870 ll.
434 4816 514 4871 Ad
541 4826 888 4871 monumenta
914 4832 1042 4872 vero
1071 4819 1375 4873 litterarum
1395 4817 1662 4898 Pamphili
1681 4820 1828 4888 quod

273 4911 478 4975 attinet,
502 4910 644 4964 nulla
669 4910 757 4964 hic
777 4911 977 4964 mentio
998 4910 1064 4965 de
1088 4911 1352 4965 Lxxvirali
1388 4910 1644 4977 editione,
1665 4927 1829 4981 quam

272 5010 494 5055 sanctus
524 5009 727 5071 martyr
751 5016 857 5054 una
886 5015 1011 5055 cum
1042 4999 1273 5054 Eusebio
1298 5002 1621 5070 descripsit,
1670 5012 1831 5071 prout

273 5093 341 5146 ah
360 5089 590 5162 Origene
618 5092 891 5146 asteriscis
916 5091 1157 5161 suppleta
1174 5091 1455 5161 obelisque
1479 5093 1689 5147 conﬁxa
1714 5092 1829 5147 fue-

275 5191 399 5237 runt
430 5200 442 5236 :
471 5198 593 5252 quae
624 5182 840 5251 quidem
881 5183 1066 5247 editio,
1099 5184 1257 5251 vulgo
1290 5182 1582 5237 Palaestina
1619 5200 1830 5239 nuncu—

276 5283 394 5343 pata
421 5314 436 5341 ,
475 5289 647 5344 usque
680 5275 815 5328 adeo
864 5274 1215 5345 comprobata
1254 5273 1425 5330 fuisse
1454 5278 1785 5346 comperitur
1808 5315 1825 5343 ,

342 5493 418 5566 (l)
454 5494 580 5566 Fid.
611 5492 739 5566 infr.
772 5493 891 5547 Act.
919 5490 1150 5566 pars:
1184 5490 1440 5562 Pamph.,
1478 5491 1544 5566 §§
1573 5495 1607 5549 5
1637 5504 1691 5551 et
1710 5493 1772 5551 ‘7.

341 5560 417 5631 (Ξ)
442 5560 585 5617 Bibl.
617 5565 736 5619 cod.
767 5580 878 5628 αι,
910 5578 1031 5633 pag.
1053 5562 1178 5616 299.

337 5633 413 5703 (ὅ)
450 5633 590 5703 Hist.
622 5635 746 5689 eccl.
781 5634 872 5688 lib.
909 5632 1005 5694 vn.
1044 5632 1278 5703 capi'52.

342 5700 420 5769 (bl
455 5702 527 5758 De
552 5704 650 5759 vir.
690 5705 886 5759 illustr.
907 5744 922 5766 ,
957 5718 1075 5771 cap.
1107 5700 1194 5755 75.

345 5775 423 5843 (5)
450 5772 607 5843 Praef.
634 5775 686 5827 in
719 5774 813 5828 lib.
840 5773 1074 5842 Paralip.

342 5842 417 5916 (6)
444 5842 585 5898 Hist.
610 5845 733 5898 eccl.
766 5845 857 5899 lib.
886 5860 936 5900 vt
958 5884 973 5911 ,
1005 5858 1122 5915 cap.
1150 5842 1241 5900 52.

1934 4359 2153 4415 Interim
2181 4367 2361 4414 tamen
2398 4358 2711 4428 hujusmodi
2758 4358 2997 4429 episc0pi
3027 4357 3380 4413 Caesariensis
3409 4366 3491 4412 te-

1935 4452 2250 4507 stimonium
2312 4452 2448 4505 nihil
2503 4449 2765 4520 impedit,
2828 4450 3122 4527 quominus
3176 4448 3497 4519 Pamphilus

1932 4543 2193 4613 opuscula
2218 4544 2327 4598 duo
2350 4559 2471 4613 qua:
2508 4541 2685 4597 adhuc
2714 4549 2975 4612 superant
3011 4544 3297 4613 scripsisse
3323 4585 3337 4609 ,
3375 4541 3490 4596 Ea:-

1929 4637 2239 4705 positionem
2276 4636 2533 4689 nimirum
2566 4635 2795 4703 capitum
2847 4636 3076 4689 Actuum
3136 4635 3493 4705 apostolorum

1930 4737 1980 4782 et
2016 4725 2255 4797 Origenis
2305 4726 2695 4796 Apologeticum
2721 4766 2737 4792 ,
2786 4726 2981 4780 merito
3010 4726 3369 4780 existimetur.
3405 4726 3492 4779 Si-

1931 4821 2171 4886 quidem.
2201 4827 2261 4873 ut
2290 4822 2455 4890 probe
2476 4818 2747 4889 perspexit
2777 4818 3182 4874 eruditissimus
3227 4819 3490 4874 Fontani-

1932 4910 2056 4965 nius
2087 4907 2221 4979 (l0),
2255 4906 2523 4964 Eusebius
2562 4917 2707 4963 certe
2752 4923 2863 4961 non
2914 4907 3097 4975 dixit,
3143 4907 3486 4977 Pamphilum

1931 5001 2065 5055 nihil
2081 5004 2269 5070 operis,
2290 5002 2382 5057 sed
2399 5001 2531 5055 nihil
2546 5015 2755 5055 enormi
2768 5002 3167 5071 operisomnino
3179 4992 3449 5068 scripsisse
3467 5016 3485 5052 :

1933 5097 2035 5162 vel,
2072 5096 2118 5151 si
2144 5096 2338 5162 mavis,
2378 5094 2497 5165 ipso
2522 5093 2850 5164 Hieronymo
2877 5094 3182 5163 interprete,
3200 5091 3332 5145 nihil
3356 5106 3485 5145 ruo-

1929 5203 2033 5241 rnu
2053 5188 2335 5257 quidquam
2357 5186 2647 5239 condidisse
2670 5200 2948 5241 SERIONIS.
2968 5184 3129 5253 Atqui
3154 5183 3299 5251 prius
3348 5199 3485 5251 opu-
3594 5184 3597 5187 λ

1929 5278 2141 5331 sculum
2187 5274 2537 5331 conscribens
2569 5274 2898 5345 Pamphilus,
2929 5274 3064 5328 nihil
3096 5273 3295 5342 proprii
3317 5273 3487 5342 operis

2002 5496 2317 5638 (7)11ieron.
2333 5537 2347 5559 ,
2364 5498 2521 5566 epist.
2541 5496 2630 5563 54,
2654 5497 2725 5552 al.
2752 5496 2871 5560 Ml,
2893 5495 2960 5549 ad
2976 5494 3235 5560 Marcell.,
3252 5509 3405 5548 num.
3429 5495 3484 5552 l.
3528 5544 3533 5550 .

2022 5569 2075 5638 8)
2103 5568 2179 5638 ld.
2215 5567 2291 5621 De
2321 5568 2418 5622 vir.
2455 5567 2677 5638 illustr.,
2712 5580 2830 5636 cap.
2854 5567 2906 5619 ὅ.
2961 5634 2989 5638 _
3054 5635 3068 5638 Α
3413 5635 3428 5638 Α

2022 5569 2075 5637 8)
2103 5568 2179 5621 ld.
2215 5567 2291 5621 De
2321 5568 2418 5622 vir.
2455 5567 2677 5633 illustr.,
2712 5580 2830 5636 cap.
2854 5567 2906 5619 ὅ.

2000 5634 2074 5707 (9)
2105 5637 2215 5705 ld.,
2247 5638 2340 5707 lib.
2375 5653 2391 5690 ι
2466 5637 2687 5707 Apolog.
2737 5634 2905 5690 contr.
2952 5634 3126 5705 Ruﬁn.
3151 5674 3168 5701 ,
3218 5649 3373 5693 num.
3404 5635 3441 5692 θ
3467 5676 3482 5698 ,

1929 5712 2006 5779 Op
2049 5704 2064 5758 ζ
2098 5716 2227 5761 tot".
2256 5704 2319 5772 Il,
2350 5721 2473 5775 pag.
2507 5704 2651 5761 ιθεξ
3036 5704 3039 5705 ⁷

1999 5723 2107 5849 ὅθ)
2146 5775 2288 5832 Hist.
2320 5776 2481 5832 litter.
2513 5777 2692 5847 Aquil.
2732 5776 2826 5833 lib.
2855 5792 2908 5842 v,
2937 5789 3055 5848 cap.
3077 5771 3255 5848 5,55,
3274 5790 3328 5848 p.
3355 5774 3479 5835 9.50.
