4090 6390
580 427 709 481 1331

581 637 711 690 illud
726 637 868 690 enim
894 638 1155 691 duntaxat
1172 653 1237 692 ex
1261 638 1492 692 summis
1509 652 1687 691 rerum
1713 638 1981 706 capitibus
2005 653 2141 708 quas

580 730 634 782 in
649 731 941 799 apostolica
965 729 1190 783 historia
1203 729 1366 784 tradit
1382 738 1600 784 sanctus
1625 729 1980 798 Lucas,-patet
1994 730 2062 784 ab
2076 745 2141 783 eo

579 830 910 874 contextum.
941 818 1128 890 Neque
1171 836 1335 888 porro
1365 821 1634 890 posterius
1674 821 1968 890 quidquam
2014 837 2139 889 pro-

579 913 682 978 prii
704 911 871 979 operis
892 911 1003 964 sive
1025 911 1276 964 sermonis
1298 910 1494 964 habere
1511 911 1839 979 comperit-ur
1861 901 1876 964 Ξ
1897 911 2142 980 quando-

581 1003 820 1071 quidem,
863 1011 924 1056 ut
959 1003 1036 1056 ait
1081 1002 1162 1055 vir
1190 1003 1283 1067 c|.,
1340 1002 1528 1071 beatus
1558 1011 1759 1071 martyr
1802 1009 1988 1055 contra
2024 1016 2141 1055 ma-

579 1093 685 1146 lam
718 1092 1021 1146 doctrinam
1058 1091 1282 1160 Origeni
1314 1089 1577 1160 objectam
1601 1132 1615 1155 ,
1649 1105 1829 1143 veram
1864 1089 1984 1158 ejus
2037 1090 2138 1144 do-

577 1180 806 1234 ctrinam
843 1181 975 1248 ipsis
994 1179 1334 1250 Origenianis
1356 1179 1534 1233 verbis
1550 1193 1862 1247 expressam
1883 1179 2134 1248 opponit;

579 1282 641 1326 ut
687 1287 753 1325 ex
798 1271 1082 1340 utriusque
1133 1282 1322 1325 mutuo
1372 1270 1579 1324 collatae
1631 1269 1948 1324 discrimine
1996 1271 2138 1326 clare

575 1365 874 1427 evincatur,
917 1363 1161 1433 Origenis
1191 1364 1389 1432 scripta
1422 1363 1488 1416 ab
1520 1362 1788 1416 haereticis
1810 1361 1981 1418 fuisse
2010 1379 2134 1418 cor-

576 1467 731 1527 rupta
765 1475 778 1520 ;
835 1473 957 1511 cum
993 1457 1131 1511 hanc
1180 1471 1343 1510 unam
1384 1455 1741 1525 quaestionem
1794 1462 2086 1524 pertractet
2118 1497 2132 1522 ,

577 1551 849 1604 fuerintne
872 1549 1118 1618 Origcnis
1149 1549 1269 1602 libri
1303 1547 1564 1616 corrupti,
1599 1562 1766 1602 necne
1794 1566 1806 1601 :
1839 1549 1984 1618 quod
2007 1564 2138 1604 sane

575 1659 682 1696 non
715 1653 795 1697 est
826 1643 1025 1712 proprii
1065 1644 1232 1710 operis
1267 1641 1470 1709 aliquid
1500 1639 1751 1694 condere.

647 1732 728 1786 ΙΙΙ.
765 1732 857 1788 [lis
891 1742 1070 1787 autem
1122 1732 1312 1801 positis
1347 1733 1412 1786 ad
1471 1742 1764 1801 utrumque
1813 1729 2135 1801 opusculum

572 1823 855 1893 Pamphilo
882 1824 1257 1888 astruendum,
1284 1823 1350 1877 de
1377 1824 1557 1893 priore
1583 1823 1801 1892 quidem
1832 1823 1913 1878 sic
1954 1821 2137 1891 prolo-

1792 428 1848 482 S.
1889 427 2208 483 PAMPlllLl
2248 428 2294 482 Μ
2307 427 2604 483 ARTYRIS

581 545 820 614 protulit,
852 562 950 601 nec
980 546 1273 617 quidquam
1320 546 1564 600 condidit
1606 547 1805 613 proprii
1836 549 2088 601 sermonis
2118 562 2137 600 :
2169 553 2212 606 Α
2240 545 2393 612 Acta,
2436 557 2596 616 atque
2625 547 2679 600 in
2715 548 3029 604 melioribus
3063 547 3196 605 Novi
3225 548 3556 606 Testameuti
3605 553 3806 609 editio-

2244 638 2404 693 nibus
2431 638 2649 692 Roberti
2677 635 2958 707 Stephani,
2988 638 3212 696 Joannis
3243 639 3462 696 llenrici
3491 635 3728 698 Boe'cleri
3753 657 3808 700 et

2241 727 2466 784 Joannis
2498 729 2648 783 Millii
2679 745 2693 793 ;
2731 744 2941 783 necnon
2990 730 3045 784 in
3074 730 3312 787 Danielis
3344 731 3548 788 Heinsii
3582 734 3652 787 ad
3685 733 3734 786 Ν
3746 754 3806 789 o-

2241 837 2359 875 vum
2407 820 2790 875 Testamentum
2812 821 3293 875 exercitationibus.
3319 821 3444 878 Haec
3465 823 3748 880 Fabricius
3793 867 3806 887 ,

2240 914 2332 982 qui
2357 921 2410 966 et
2430 913 2546 982 ipse
2578 912 2615 965 l.
2650 927 2698 966 c.
2727 913 2866 990 hanc
2909 910 3178 981 Pamphili
3227 910 3621 981 Expositionem
3675 930 3799 969 cum

2240 1002 2558 1057 Euthaliana
2593 1003 2840 1058 collatam
2871 1001 3010 1073 typis
3040 1003 3406 1060 excudendam
3428 1005 3608 1060 denuo
3636 1021 3799 1060 cura-

2241 1095 2334 1148 vit.
2368 1094 2500 1160 Quic
2536 1109 2662 1150 cum
2688 1095 2762 1149 ita
2790 1109 2848 1148 se
2875 1093 3129 1162 habeant,
3173 1096 3596 1151 existimaverim
3644 1099 3800 1168 equi-

2239 1185 2359 1240 dem
2421 1185 2815 1241 Wetsthenium
2851 1185 3030 1242 minus
3059 1188 3305 1242 consulte
3329 1204 3496 1242 unum
3528 1189 3796 1258 ejusmodi

2238 1278 2424 1348 opella:
2451 1289 2721 1333 auctorem
2754 1277 3063 1332 Euthalium
3107 1294 3401 1349 agnoscere
3429 1281 3541 1350 (1'5)
3575 1299 3590 1348 ;
3645 1281 3796 1335 nullo

2241 1384 2370 1424 sane
2403 1379 2720 1442 argumento
2749 1371 2883 1426 satis
2911 1371 3089 1438 ﬁrmo,
3127 1387 3257 1442 quo.
3290 1373 3344 1426 in
3371 1389 3524 1428 suam
3570 1383 3793 1430 senten-

2239 1461 2367 1515 tiam
2401 1477 2499 1516 nos
2525 1462 2820 1532 pertrahat,
2848 1462 2902 1515 in
2932 1462 3170 1516 medium
3200 1462 3453 1516 adducto.

2308 1552 2398 1606 1V.
2435 1553 2504 1608 De
2533 1555 2703 1607 altero
2730 1562 2909 1607 autem
2940 1551 3209 1622 Pamphili
3253 1554 3536 1622 opusculo,
3587 1555 3798 1608 scilicet

2242 1643 2481 1713 Origenis
2509 1644 2863 1713 Apologetico,
2895 1660 3003 1698 non
3045 1657 3126 1698 est
3157 1645 3434 1699 enimvero
3486 1661 3583 1699 cur
3631 1647 3794 1699 verba

2238 1734 2500 1790 faciamus
2533 1754 2546 1788 :
2580 1735 2718 1788 hanc
2736 1734 2877 1788 enim
2899 1734 3230 1803 provinciam
3250 1750 3437 1804 cepere
3472 1735 3791 1802 jamdudum

2240 1827 2377 1880 inter
2420 1825 2748 1879 recentiores
2799 1824 2902 1877 viri
2934 1824 3278 1887 doctissimi,
3315 1823 3539 1879 Iluctius
3583 1827 3634 1878 in
3680 1827 3794 1895 pri-

573 1917 758 1984 quitur
795 1916 1146 1971 doctissimus
1177 1915 1618 1970 Montfaucouius
1649 1959 1663 1982 ,
1718 1917 1810 1986 qui
1843 1932 1908 1970 ex
1944 1913 2135 1970 codice
2167 1897 2209 1951 Β
2239 1913 2343 1968 mis
2375 1913 2485 1985 (14)
2512 1954 2526 1979 ,
2556 1912 2936 1967 Tillemontius
2984 1911 3094 1983 (l5)
3151 1922 3206 1967 ct
3235 1912 3587 1969 Fontaniuius
3637 1915 3747 1986 (16)
3775 1935 3791 1983 ;

572 2007 910 2062 Coisliniano
937 2008 1068 2061 illud
1126 2008 1334 2077 primus
1396 2008 1452 2061 in
1507 2008 1702 2077 vulgus
1753 2007 1930 2063 emisit
1971 2009 2131 2079 (11);

579 2117 597 2149 ι
648 2097 1044 2166 Expositionem
1073 2100 1305 2168 capitum
1338 2101 1565 2151 Actuum
1595 2099 1953 2168 apostolorum
2013 2115 2134 2155 esse

574 2206 697 2245 vere
715 2190 981 2260 Pamphili
1024 2191 1314 2260 martyris,
1359 2206 1466 2244 non
1499 2199 1581 2246 est
1607 2191 1752 2260 quod
1800 2191 2129 2246 dubitemus.

570 2281 704 2337 Nam
739 2285 792 2336 in
821 2297 885 2336 eo
906 2281 1015 2336 fere
1038 2291 1202 2335 totam
1229 2289 1439 2335 aetatem
1465 2283 1717 2337 contrivit
1740 2291 1960 2338 sanctus
1987 2299 2134 2351 mar-

572 2385 656 2446 tyr
679 2415 692 2438 ,
729 2384 791 2428 ut
826 2373 1119 2444 Scriptura:
1150 2389 1319 2428 sacrae
1347 2374 1515 2428 libros
1543 2391 1708 2430 manu
1733 2392 1831 2432 sua
1855 2377 2132 2432 describe-

571 2476 672 2531 ret,
705 2474 925 2520 ornaret
956 2465 1126 2520 titulis
1152 2474 1318 2534 atque
1347 2465 1591 2531 scholiis,
1626 2475 1687 2521 ut
1734 2467 1893 2522 docet
1939 2466 2132 2522 Hiero-

570 2573 788 2628 nymus,
829 2555 905 2609 De
934 2557 1278 2624 scriptoribus
1324 2557 1717 2612 ecclesiasticis.
1767 2557 1973 2612 Iudicat
2003 2557 2130 2612 item

569 2657 699 2702 nota
721 2647 923 2702 codicis
966 2646 1078 2700 RR.
1130 2645 1233 2700 PP.
1273 2644 1604 2702 Jesuitarum
1634 2689 1648 2711 ,
1697 2648 1789 2718 qui
1840 2648 2130 2718 prophetas

568 2755 756 2795 omnes
789 2740 1044 2794 continet.
1079 2737 1518 2796 Asseritdemum
1543 2739 1904 2809 calligraphus
1929 2740 2131 2796 codicis

567 2830 925 2886 vetustissimi
960 2829 1124 2901 hujus
1155 2831 1500 2886 bibliotheca:
1528 2830 1946 2903 (Coisliniante)
1977 2848 2126 2887 num.

567 2921 696 2988 9.02,
727 2921 819 2990 qui
845 2921 908 2974 ad
941 2922 1140 2977 calcem
1169 2922 1532 2992 Epistolarum
1572 2922 1630 2977 S.
1662 2923 1816 2978 Pauli
1847 2923 1922 2978 ait
1965 2940 2023 2978 se
2063 2925 2130 2978 i1-

570 3012 682 3066 lum
711 3011 889 3083 ipsum
919 3013 1161 3068 codicem
1191 3013 1486 3068 contulisse
1511 3014 1565 3067 in
1603 3013 1926 3068 bibliouieca
1953 3014 2133 3068 Caesa-

570 3107 738 3162 riensi
766 3122 887 3161 cum
928 3107 1034 3159 alio
1063 3105 1249 3161 codice
1296 3106 1390 3174 qui
1438 3105 1610 3176 ipsius
1661 3105 1929 3175 Pamphili
1964 3121 2130 3160 manu

568 3205 824 3251 exaratus
873 3195 1070 3250 fuerat.
1104 3195 1184 3250 Ad
1215 3196 1330 3250 haec
1363 3210 1491 3250 vero
1529 3195 1896 3266 calligraphus
1952 3197 2040 3253 ille
2076 3198 2129 3252 in
2159 3231 2200 3288 ο

569 3298 696 3342 nota
721 3303 839 3355 sua,
859 3287 1046 3342 eadem
1075 3287 1328 3358 loquendi
1355 3287 1585 3341 formula
1606 3303 1775 3357 caque
1795 3304 1902 3343 non
1923 3289 2131 3360 vulgari

569 3378 756 3443 utitur,
780 3378 870 3448 qui
911 3378 1064 3432 initio
1096 3378 1341 3448 opusculi
1401 3377 1761 3448 Patuphiliaui
1792 3389 2086 3448 usurpatur
2114 3395 2128 3444 ;

567 3470 848 3533 nimirum,
886 3473 1012 3541 παρ’
1037 3464 1110 3524 ὧν
1132 3471 1383 3523 ἁπάντων
1402 3469 1604 3541 τόλμης
1629 3471 1954 3542 συγγνώμην
1975 3471 2127 3535 αἰτῶ,

565 3561 696 3631 εὐχῇ
728 3563 792 3631 τῇ
821 3562 959 3632 ὑπὲρ
992 3562 1146 3630 ἡμῶν
1169 3562 1268 3631 τὴν
1296 3560 1708 3632 συμπεριφορὰν
1737 3560 2088 3633 κομιζόμενος
2114 3579 2126 3591 ·

564 3669 686 3722 qua:
722 3652 883 3705 verba
907 3653 1020 3720 ipse
1044 3667 1107 3705 ex
1135 3649 1420 3719 Pamphilo
1446 3651 1592 3704 haud
1645 3649 1808 3704 dubie
1850 3659 2129 3723 mutuatus

565 3747 669 3794 est.
727 3736 878 3792 lianc
922 3747 1101 3792 autem
1155 3737 1576 3807 Expositionent,
1617 3747 1730 3792 tum
1779 3739 1849 3792 ob
1893 3738 2129 3794 auctoris

566 3831 894 3887 sanctissimi
935 3831 1380 3900 celeberrimique
1409 3845 1604 3884 nomen
1635 3870 1649 3894 ,
1703 3839 1814 3884 tum
1843 3830 1970 3900 quia
2019 3845 2127 3885 non

565 3923 744 3979 fructu
771 3940 962 3980 vacare
985 3934 1222 3994 putatur,
1246 3924 1331 3976 hic
1361 3923 1520 3977 edere
1548 3920 1722 3978 visum
1755 3933 1855 3977 est.
1900 3943 1918 3975 ι

640 4016 787 4071 lianc
811 4031 936 4069 vero
959 4015 1174 4068 ἔκθεσιν
1198 4014 1395 4069 smculo
1421 4013 1700 4083 superiore
1721 4015 1999 4068 desinente
2027 4015 2127 4069 sub

566 4107 805 4162 Euthalii
834 4105 1112 4160 Sulcensis
1142 4104 1379 4174 episcopi
1415 4103 1635 4158 nomine
1664 4103 1994 4158 edideratcl.
2028 4102 2129 4158 Za-

566 4198 791 4267 cagnius
825 4197 878 4249 in
910 4196 1224 4250 collectione
1254 4193 1709 4248 Monumentorum
1730 4203 1979 4263 veterum,
2003 4209 2122 4263 pag.

564 4289 688 4341 4'23.
722 4287 1036 4357 lpsetamen
1068 4285 1371 4346 Euthalius,
1401 4299 1524 4354 pag.
1547 4283 1651 4336 515
1674 4323 1690 4349 ,
1729 4283 1928 4336 diserte
1956 4289 2126 4337 testa-

567 4389 674 4446 tur,
710 4389 768 4434 ut
789 4379 1041 4434 observat
1067 4376 1344 4430 Fabricius
1371 4375 1483 4443 (1‘2)
1509 4417 1521 4438 ,
1567 4389 1624 4429 se
1655 4389 1814 4427 usum
1845 4372 2126 4428 codicibus

565 4486 597 4524 c
613 4470 930 4524 Caesariensi
947 4469 1464 4536 bibliotheca,quam
1484 4465 1540 4518 S.
1558 4463 1872 4532 Pamphilus
1893 4463 2123 4532 primum

567 4663 910 4704 successores
943 4648 1182 4716 episcopi
1233 4645 1595 4700 Caesarienses
1634 4653 1920 4698 servarunt
1967 4658 2130 4698 auxe-

569 4749 824 4808 runtque.
862 4737 998 4792 llinc
1039 4739 1220 4807 itaque
1258 4737 1578 4792 divisionem
1630 4735 1865 4804 capitum
1912 4735 2126 4804 qualem

570 4833 628 4886 δ.
679 4829 993 4899 Pamphilus
1039 4829 1360 4898 digesserat,
1393 4829 1554 4883 etiam
1585 4841 1649 4880 ex
1683 4825 1790 4881 illis
1846 4834 2126 4882 mutuatus

566 4937 706 4982 esse,
738 4918 1131 4974 versiculorum
1171 4933 1302 4972 vero
1335 4919 1559 4987 ipsemet
1601 4915 1883 4970 Euthalius
1940 4915 2127 4984 utique

566 5011 842 5066 addidisse
856 5010 1086 5065 videtur.
1105 4998 1293 5064 Exstat
1308 5023 1468 5078 porro
1489 5007 1674 5062 eadem
1690 5005 1900 5068 ἕκΟεσις
1925 5005 2126 5074 absque

569 5104 785 5158 nomine
817 5103 1056 5158 auctoris
1102 5109 1227 5156 ante
1255 5099 1674 5156 commentarios
1697 5097 2012 5152 OEcumenii
2071 5096 2122 5148 in

639 5259 749 5327 (Η)
776 5258 916 5312 Bibl.
945 5257 1107 5312 Coisl.
1133 5299 1148 5322 ,
1182 5272 1301 5326 pag.
1341 5254 1426 5308 78.

639 5321 749 5397 (19.)
779 5330 857 5382 Ad
891 5327 1026 5397 Opp.
1063 5321 1276 5397 Hippo):
1304 5333 1440 5397 t_om.
1477 5321 1542 5397 l_l,
1577 5337 1694 5390 pag.
1722 5321 1843 5375 9.09.

641 5389 753 5479 ζ
782 5389 1085 5479 Ρςοιυξςὸῐη.
1111 5389 1181 5450 ad
1211 5394 1275 5449 N.
1303 5393 1451 5448 Tcst.
1482 5389 1614 5454 Grai,
1655 5406 1811 5461 pagg.
1853 5389 1921 5444 45
1941 5399 1993 5445 et
2023 5390 2119 5457 76,

568 5467 1088 5606 odiillrbtigenian.
1121 5535 1214 5589 lib.
1244 5551 1317 5606 n_,_
1336 5550 1457 5604 cap.
1488 5535 1546 5606 3,
1581 5532 1610 5603 §
1646 5533 1728 5595 16,
1764 5546 1887 5606 pag.
1925 5529 2048 5584 190.

666 5543 753 5606 Μ)
781 5543 1088 5606 Urigenian.
1121 5543 1214 5589 lib.
1244 5551 1304 5597 η,
1336 5550 1457 5604 cap.
1488 5543 1541 5596 5,
1581 5543 1610 5603 ᾗ
1646 5543 1728 5595 tu,
1764 5546 1887 5600 pag.
1925 5543 2048 5584 tuu.

639 5543 753 5675 (15)
783 5607 1024 5660 Mentoir.
1052 5645 1068 5669 ,
1116 5617 1246 5658 tom.
1275 5603 1352 5668 ν,
1385 5620 1436 5672 p.
1484 5605 1607 5667 7'30,
1663 5609 1773 5654 not.
1829 5600 1888 5653 11
1927 5616 2020 5655 sur
2063 5601 2118 5655 S.

569 5673 927 5812 Paﬂgihﬂist.
963 5745 1126 5798 litter.
1164 5744 1362 5813 Aquil..
1385 5744 1477 5796 lib.
1516 5761 1567 5807 v,
1601 5758 1717 5811 cap.
1745 5741 1796 5808 1,
1927 5741 1958 5796 5
1991 5749 2042 5797 et
2068 5740 2119 5809 6,

568 5827 623 5870 et
656 5831 770 5884 cup.
801 5813 853 5877 5,
895 5814 923 5884 δ
956 5815 1007 5880 3,
1039 5830 1190 5884 pagg.
1234 5815 1358 5879 “2.08,
1389 5814 1510 5878 “2.55,
1557 5829 1706 5883 seqq.

2237 2020 2408 2074 nuper
2439 2020 2566 2059 vero
2585 2005 2718 2060 satis
2745 2019 2974 2074 operose
3006 2014 3311 2074 postremus
3339 2005 3792 2076 Origeuianorum

2235 2096 2408 2152 editor
2436 2095 2762 2152 Parisiensis
2797 2096 2932 2168 (17).
2960 2094 3163 2150 Verum
3191 2111 3259 2152 ne
3288 2097 3463 2152 oﬂicio
3493 2108 3677 2153 nostro
3701 2115 3794 2169 pe-

2236 2189 2382 2244 nitus
2412 2188 2601 2244 deesse
2631 2188 2945 2253 videamur,
2993 2188 3082 2243 hie
3109 2198 3316 2244 veteres
3350 2197 3556 2244 tantum
3585 2199 3637 2244 et
3659 2190 3794 2261 ’(ιυί-

2235 2282 2357 2338 dem
2389 2282 2690 2352 przecipuos
2719 2296 3147 2336 commemorare
3203 2297 3378 2352 operte
3423 2284 3652 2352 pretium
3687 2285 3792 2339 du-

2234 2372 2436 2438 cimus,
2457 2373 2550 2442 qui
2576 2372 2950 2442 Origenianum
2980 2372 3370 2442 Apologeticum
3391 2373 3547 2428 beato
3570 2377 3791 2447 martyri

2233 2464 2534 2519 asseruisse
2563 2472 2884 2519 noscuntur.
2915 2462 3060 2517 Inter
3083 2479 3176 2518 eos
3196 2456 3566 2534 veroprimus
3595 2482 3790 2521 occur-

2233 2552 2304 2608 rit
2325 2551 2592 2608 Eusebius
2628 2552 2778 2625 (18);
2828 2570 2988 2624 quem
3044 2555 3286 2624 sequitur
3337 2563 3554 2610 sanctus
3604 2553 3791 2611 Hiero-

2234 2659 2466 2714 nymus,
2511 2643 2590 2698 sic
2625 2643 2876 2712 inquiens
2919 2643 3028 2715 (19)
3062 2663 3074 2698 :
3131 2643 3353 2714 Scripsit
3389 2645 3787 2717 (Pamphilus)

2235 2745 2514 2805 antequam
2547 2735 2804 2791 Eusebius
2827 2736 3166 2792 Caesariensis
3195 2777 3210 2803 ,
3250 2738 3642 2808 Apologeticum
3692 2753 3788 2807 pro

2238 2825 2477 2895 Origene.
2518 2825 2714 2882 Verum
2748 2826 2944 2882 Doctor
2975 2829 3244 2884 maximus
3264 2870 3279 2894 ,
3308 2837 3511 2884 mutata
3537 2829 3792 2898 deinceps

2233 2917 2501 2970 sententia
2525 2957 2540 2982 ,
2597 2917 2652 2969 in
2684 2917 3013 2987 assignando
3054 2917 3364 2987 scriptionis
3390 2927 3609 2973 auctore
3642 2919 3788 2971 varia

2233 3005 2510 3060 disseruit.
2545 3005 2824 3060 Socratem
2861 3003 2972 3074 (‘20)
2998 3005 3333 3074 praeterimus
3355 3003 3786 3074 etEiccpborum

2235 3099 2346 3171 (‘21)
2377 3099 2621 3169 aliosque
2653 3098 2924 3168 sequioris
2955 3099 3050 3152 aevi
3084 3099 3377 3168 scriptores
3405 3139 3420 3164 ,
3474 3099 3567 3168 qui
3619 3097 3790 3152 Euse-
3875 3176 3890 3184 ἱ

2235 3190 2383 3244 bium
2426 3189 2747 3260 plerumque
2775 3189 3025 3244 assectati
3056 3188 3225 3244 fuisse
3251 3188 3520 3243 videntur.
3566 3189 3634 3243 At
3678 3202 3788 3241 nou

2233 3280 2662 3337 estomittendus
2696 3277 2944 3343 Photius,
2969 3277 3060 3348 qui
3088 3277 3188 3331 sibi
3217 3277 3382 3331 lectos
3417 3291 3538 3330 esse
3560 3284 3788 3329 testatur
3880 3322 3892 3330 .

2233 3372 2345 3442 (:22)
2373 3370 2639 3441 Pamphili
2673 3370 2926 3440 martyris
2960 3377 3014 3424 et
3059 3367 3275 3424 Eusebii
3306 3383 3404 3437 pro
3447 3366 3676 3436 Origene
3721 3367 3788 3420 li-
3831 3421 3865 3428 ,_

2230 3463 2358 3518 bros
2387 3477 2519 3528 sex;
2552 3461 2821 3530 simulque
2842 3460 2999 3514 docet
3019 3458 3384 3530 Pamphilum,
3429 3474 3550 3514 cum
3583 3459 3786 3518 detine»

3669 437 3805 494 153‘!

2230 3559 2378 3603 retur
2411 3549 2463 3602 in
2495 3563 2734 3616 carcere,
2767 3548 3006 3617 quinque
3034 3549 3240 3618 priores
3269 3549 3591 3617 Apologetici
3639 3549 3785 3602 illius
3884 3549 3924 3590 -ὲ
3983 3583 4004 3594 -

2229 3637 2414 3702 libros,
2445 3646 2707 3706 praesente
2733 3636 2895 3690 etiam
2923 3635 3175 3702 Eusebio,
3194 3637 3500 3692 elaborasse
3525 3657 3540 3704 ;
3572 3647 3784 3692 sextum

2231 3741 2378 3792 vero,
2411 3737 2532 3796 post
2564 3726 2829 3796 Pamphili
2863 3727 3181 3796 martyrium
3207 3767 3221 3791 ,
3255 3727 3424 3782 fuisse
3454 3728 3522 3782 ab
3551 3726 3785 3783 Eusebio

2229 3819 2552 3873 absolutum.
2579 3813 2679 3872 Ὧν
2710 3821 2759 3874 οἱ
2790 3819 2888 3888 μὲν
2941 3818 3099 3871 πέντε
3147 3817 3412 3889 Παμφίλῳ
3439 3819 3498 3872 τὸ
3523 3819 3781 3890 δεσμοτή-

2231 3928 2340 3983 ριον
2362 3909 2614 3974 οἰκοῦντι,
2647 3911 3018 3982 συμπαρόντος
3045 3912 3136 3963 καὶ
3161 3910 3440 3973 Εὐσεϐιου,
3464 3905 3786 3987 egerim/fﬁr-

2230 4019 2356 4056 σαν·
2387 4004 2415 4055 ὁ
2444 4002 2501 4055 δὲ
2533 4002 2686 4068 ἕκτος
2711 4043 2726 4068 ,
2773 4002 2892 4055 ἐπεὶ
2922 4005 2950 4055 ὁ
2987 4002 3191 4072 μάρτυς
3226 4000 3365 4070 ξίφει
3391 4001 3484 4054 aut")
3521 4001 3618 4074 ζῇν
3648 4003 3784 4056 ἀπο-

2227 4091 2395 4162 χθεὶς,
2428 4093 2649 4146 ὰνέλυσε
2681 4093 2816 4164 πρὸς
2838 4092 2896 4147 ὃν
2933 4092 3114 4145 ἐπόθει
3151 4092 3299 4156 Θεὸν,
3333 4092 3575 4163 Εὑσεϐίῳ
3601 4093 3786 4147 λοιπὸν
3819 4112 3821 4114 ·
3891 4102 3914 4140 ι

2226 4183 2595 4258 ἀπαρτίζεται.
2631 4182 2757 4239 Hzec
2787 4185 2920 4238 satis
2950 4186 3130 4237 'sunto.
3170 4181 3272 4248 Qui
3303 4197 3430 4236 vero
3482 4183 3784 4252 plura-hoc
3812 4197 3846 4229 λ

2226 4275 2293 4330 de
2318 4290 2480 4345 Opere
2505 4277 2647 4332 scire
2669 4277 2887 4341 studet,
2933 4275 3222 4344 scriptores
3266 4289 3333 4328 ex
3391 4276 3784 4331 recentioribus
3843 4345 3848 4351 λ

2226 4365 2390 4420 modo
2412 4365 2658 4420 laudatos
2679 4365 2855 4420 adeat.

2296 4455 2360 4509 ν.
2381 4456 2488 4511 Sed
2507 4472 2672 4510 unum
2689 4456 2866 4510 adhuc
2881 4455 3143 4510 hactenus
3161 4455 3320 4510 dictis
3343 4454 3612 4510 addidisse
3626 4457 3781 4524 juve-
3845 4475 3850 4479 ·

567 4576 765 4629 magno
815 4560 990 4614 studio
1024 4559 1316 4623 instruxit;
1356 4556 1621 4610 Eusebius
1673 4554 1864 4608 deinde
1897 4554 2124 4624 ejusque
2156 4562 2198 4616 D
2225 4546 2296 4600 rit
2325 4564 2338 4613 ;
2372 4561 2482 4615 quo
2513 4547 2770 4600 nimirum
2799 4555 3028 4612 constet,
3063 4555 3120 4600 ut
3153 4546 3252 4600 viri
3281 4546 3579 4601 doctissimi
3601 4537 3858 4602 verbis"

2229 4645 2350 4691 utar
2387 4638 2524 4707 (23),
2563 4646 2812 4693 sanctum
2837 4648 3125 4708 martyrem
3151 4637 3204 4690 in
3241 4635 3479 4706 Origettis
3518 4638 3776 4707 Apoldge-

2227 4731 2326 4782 tico
2351 4730 2664 4784 adornaudo
2687 4729 3004 4799 praeclarum
3033 4743 3144 4782 suae
3164 4729 3216 4781 in
3251 4727 3529 4782 Christum
3563 4729 3779 4798 pietatis

2225 4829 2635 4873 monumentum
2692 4819 2994 4888 reliquisse.
3032 4816 3166 4870 Dum
3209 4817 3350 4870 enim
3384 4818 3472 4871 ille
3499 4819 3551 4870 in
3587 4819 3637 4872 id
3681 4835 3776 4888 po-
3845 4893 3854 4906 .

2227 4911 2495 4965 tissimum
2537 4909 2819 4976 incumbit,
2845 4919 2902 4963 ut
2925 4910 2992 4964 ab
3015 4907 3204 4962 haeresi
3235 4908 3435 4961 Ariana
3478 4909 3774 4964 immunem

2223 5003 2557 5056 demonstret
2588 4999 2872 5070 Origenem
2899 5041 2913 5065 ,
2959 5011 3122 5069 atque
3155 4999 3337 5053 animo
3384 5001 3457 5055 ita
3494 5016 3776 5071 compara-

2225 5101 2329 5156 tus,
2359 5091 2620 5161 quidquid
2652 5093 2860 5161 uspiam
2885 5093 2951 5147 de
2987 5090 3123 5145 Filio
3157 5091 3249 5145 Dei
3278 5091 3631 5146 Adamantius
3688 5093 3774 5146 lu-

2294 5248 2434 5371 (17)1
2447 5247 2656 5372 Oiiggen.
2681 5249 2813 5318 Opp.
2844 5258 2974 5303 tom.
3000 5247 3085 5314 ιν,
3117 5250 3168 5300 in
3191 5247 3410 5302 admon.
3435 5246 3501 5300 atl
3531 5248 3773 5316 Apolog.,

2294 5335 2377 5372 ea.
2442 5349 2467 5357 -
2543 5357 2558 5371 .

2260 5337 2377 5373 32H.
2409 5337 2558 5372 1-10.

2224 5335 2377 5389 pagg.
2409 5335 2558 5372 1-10.

2293 5388 2405 5456 (18)
2437 5387 2578 5442 Hist.
2603 5389 2726 5442 eccl.
2755 5389 2844 5442 lib.
2883 5405 2934 5441 vt
2958 5427 2972 5451 ,
3008 5403 3126 5456 cap.
3161 5387 3249 5440 ⁸55.

2319 5393 2405 5456 18)
2437 5393 2578 5442 Hist.
2603 5393 2726 5442 eccl.
2755 5393 2844 5442 lib.
2883 5405 2934 5441 vt
2958 5427 2972 5451 ,
3008 5403 3126 5507 cap.

2293 5393 2400 5534 ili!)
2429 5457 2506 5534 De
2539 5459 2632 5513 vir.
2664 5459 2858 5534 illustr.
2887 5497 2901 5521 ,
2927 5473 3045 5526 cap.
3105 5459 3157 5512 '5.

2293 5527 2406 5597 (20)
2434 5528 2578 5582 Hist.
2611 5528 2736 5581 eccl.
2773 5530 2867 5582 lib.
2899 5544 2990 5589 Ill,
3021 5543 3139 5595 cap.
3174 5527 3224 5581 7.

2315 5600 2403 5666 21)
2434 5597 2579 5651 Hist.
2610 5598 2734 5651 εδει.
2766 5599 2857 5651 lib.
2885 5613 2916 5649 Χ
2938 5637 2951 5658 ,
2976 5613 3094 5664 cap.
3133 5597 3214 5650 Μ.

2314 5668 2404 5732 22)
2429 5668 2570 5721 Bibl.
2597 5669 2715 5722 cod.
2749 5683 2910 5722 cxvm
2938 5707 2953 5732 ,
2984 5683 3114 5735 pag.
3141 5666 3264 5720 9.95.

2293 5733 2685 5861 ςῗὸὲΰζίαναηη
2718 5738 2790 5793 De
2811 5733 3143 5792 αἱιεὶηξῶζϐ.
3182 5736 3273 5794 lib.
3310 5751 3381 5801 tv,
3414 5750 3528 5806 cap.
3547 5735 3633 5800 9.4,
3662 5733 3770 5805 εδ,

2224 5823 2342 5877 pug.
2379 5808 2498 5861 554.

3931 4129 4011 4192 ἠ

4015 4242 4030 4268 l
