4090 6386
289 426 434 482 i553

1811 424 2016 482 ACTA.

3403 431 3531 486 1534

285 543 665 606 culentissime
717 544 922 610 docuit,
954 545 1176 600 sedulus
1205 543 1429 612 colligit,
1471 541 1709 611 illudque
1739 541 1858 610 ejus
1888 547 1932 602 Α
1962 557 2018 596 se
2046 542 2202 597 laesos
2222 553 2410 612 putant
2436 543 2508 597 ab
2533 558 2599 599 eo
2626 545 2720 614 qui
2758 544 2825 599 de
2871 544 3099 615 Origene
3163 564 3270 602 non
3326 551 3529 620 aliquid

286 633 748 690 obtrectatoribus
777 636 1005 705 objicit;
1041 635 1172 704 quid
1220 635 1336 703 ipse
1383 648 1600 703 quoque
1645 632 1712 686 de
1755 633 1856 686 hoc

287 724 569 794 pracipuo
599 725 878 780 catholica
920 725 1164 780 veritatis
1189 724 1364 794 capite
1393 723 1658 788 sentiret,
1701 723 1858 792 plane

283 826 629 886 compertum
659 817 803 872 fecit.

365 903 551 975 Neque
590 907 696 960 ulla
731 908 971 972 demum,
1002 907 1175 978 pergit
1207 907 1290 960 vir
1317 907 1387 962 cl.
1412 948 1427 972 ,
1475 906 1714 977 legitima
1764 923 1858 962 su—

288 995 466 1065 spicio
488 997 660 1051 estde
706 997 810 1052 [ide
843 996 1045 1064 Ruﬁni,
1073 999 1166 1068 qui
1200 999 1343 1053 hunc
1367 997 1754 1066 Apologcticum
1801 997 1856 1051 in

289 1087 546 1142 Latinum
571 1088 864 1142 transtulit.
901 1087 1181 1158 Siquidem
1203 1088 1496 1156 quominus
1529 1087 1670 1141 ineo
1695 1100 1858 1155 opere

287 1178 505 1234 Latinis
537 1179 728 1235 litteris
779 1180 1053 1236 reddendo
1095 1180 1149 1234 id
1187 1180 1454 1250 interpres
1501 1179 1861 1234 committeret

285 1271 435 1341 quod
462 1271 515 1325 in
545 1272 668 1328 aliis
689 1272 954 1341 ejusmodi
986 1271 1460 1328 lucubrationibus
1499 1271 1602 1326 sibi
1639 1271 1858 1326 licuisse

284 1360 644 1426 existimavit,
675 1362 944 1418 deterrere
975 1371 1118 1418 certe
1143 1363 1320 1433 ipsum
1365 1361 1548 1417 debuit
1589 1369 1766 1416 metus
1789 1361 1858 1415 ab

285 1451 540 1523 Origenis
567 1453 897 1509 adversariis
931 1455 1183 1524 injectus,
1208 1453 1408 1524 quibus
1429 1453 1770 1509 stomachum
1797 1468 1858 1508 se

285 1542 562 1598 facturum
587 1544 824 1610 videbat,
876 1545 1127 1616 quamvis
1156 1560 1265 1600 non
1299 1560 1458 1600 suum
1491 1585 1507 1611 ,
1558 1544 1654 1599 sed
1683 1544 1856 1600 sancti

284 1634 557 1705 Pamphili
602 1636 669 1690 de
721 1635 950 1706 Origene
974 1637 1240 1707 judicium
1314 1636 1578 1707 proferret
1609 1655 1620 1689 :
1653 1645 1856 1705 quanto

285 1723 467 1795 magis
496 1724 543 1780 si
570 1726 702 1795 quid
730 1727 846 1797 ipse
880 1727 1222 1796 inseruisset,
1250 1731 1394 1799 quod
1427 1743 1603 1799 neque
1649 1729 1718 1784 ab
1737 1727 1856 1783 Ori-

284 1830 427 1886 gena
446 1817 708 1887 scriptum
735 1860 750 1885 ,
782 1834 958 1889 neque
994 1836 1025 1874 a
1056 1830 1244 1876 sancto
1284 1820 1567 1890 Pamphilo
1602 1821 1852 1888 relatum,

283 1910 465 1964 evinci
491 1911 783 1980 aliquando
812 1913 1118 1982 potuisset?

359 1999 516 2066 Quod
551 2002 770 2071 quidem
791 2019 852 2058 es
892 2004 1046 2057 initio
1078 2000 1412 2072 prafationis
1441 2001 1737 2056 Ruﬁniana
1785 2001 1850 2055 li-

225 2121 232 2127 ο
283 2091 456 2161 quido
481 2102 714 2148 constat.
757 2092 848 2149 Sic
891 2093 1037 2150 enim
1076 2095 1342 2165 interpres
1389 2092 1684 2149 Macarium
1720 2094 1851 2149 allo-

283 2191 453 2240 cutus
482 2203 496 2239 :
525 2204 544 2238 s
580 2184 824 2256 lnjungis
849 2187 984 2241 mihi
1014 2203 1160 2254 rem,
1203 2187 1400 2256 inquit,
1429 2202 1549 2258 qua
1577 2186 1671 2242 tibi
1700 2187 1852 2258 agni-

283 2285 356 2330 ta
384 2277 631 2332 veritatis
656 2277 884 2348 gratiam
918 2278 1164 2334 conferat
1198 2296 1211 2331 :
1247 2279 1382 2334 mihi
1406 2287 1585 2334 tamen
1607 2294 1714 2334 non
1749 2279 1850 2334 du-

283 2365 404 2421 bito
435 2365 566 2436 quin
595 2367 854 2422 oll'ensam
888 2368 1180 2423 maximam
1207 2379 1482 2438 comparet
1513 2384 1701 2423 eorum
1753 2368 1846 2438 qui

1960 633 2099 688 male
2125 637 2375 690 senserit.
2412 634 2476 689 Et
2503 637 2751 705 quamvis
2783 652 2890 689 non
2917 651 3093 692 meam
3127 640 3192 692 de
3222 657 3287 694 eo
3313 652 3530 696 senten-

1957 727 2108 790 tiam,
2140 726 2230 780 sed
2255 728 2425 781 sancti
2458 727 2708 798 martyris
2753 727 3016 796 Pamphili
3068 732 3374 788 sciscitatus
3407 734 3484 789 sis
3512 775 3529 800 ,

1957 825 2012 870 et
2043 816 2239 870 librum
2273 817 2413 886 ejus,
2447 834 2607 888 quem
2639 834 2739 888 pro
2790 818 3025 890 Origene
3069 821 3122 875 in
3154 823 3344 878 Graeco
3393 827 3530 880 scri-

1955 906 2128 977 psisse
2159 909 2428 976 traditur,
2476 911 2757 966 transferri
2806 913 2899 966 tibi
2931 917 3249 983 poposceris
3295 917 3349 969 in
3377 917 3527 971 Lati-

1958 1012 2123 1064 num;
2154 1007 2336 1052 tamen
2361 1013 2468 1052 non
2507 999 2695 1054 dubito
2723 1001 2956 1070 futuros,
2984 1004 3076 1073 qui
3104 1016 3156 1057 et
3184 1005 3237 1056 in
3267 1019 3333 1059 eo
3368 1005 3528 1060 lasos

1955 1103 2015 1144 se
2039 1098 2244 1158 putent,
2272 1091 2316 1144 si
2348 1106 2448 1146 nos
2476 1091 2677 1161 aliquid
2713 1108 2812 1161 pro
2840 1108 2906 1148 eo
2934 1095 3020 1148 vel
3047 1094 3224 1149 alieno
3276 1110 3527 1149 sermone

1956 1178 2224 1233 dicamus.
2266 1198 2286 1230 ι
2315 1177 2489 1234 Tanta
2523 1194 2686 1249 porro
2714 1181 2897 1234 cautio
2917 1221 2933 1245 ,
2967 1189 3026 1235 ut
3046 1197 3170 1235 cum
3216 1181 3336 1235 viro
3367 1181 3527 1234 docto

1957 1271 2370 1338 concludamus,
2399 1271 2581 1326 nimia
2603 1271 2836 1326 licentia
2863 1273 3232 1342 suspicionem
3281 1289 3392 1326 non
3426 1288 3527 1342 pa-

1956 1363 2105 1428 titur,
2129 1379 2228 1418 nec
2253 1363 2433 1417 Ruﬁni
2461 1379 2658 1418 nomen
2705 1363 2772 1418 de
2804 1363 3240 1418 testimoniorum
3287 1363 3527 1434 pondere

1955 1455 2157 1524 aliquid
2197 1454 2482 1509 detrahere
2509 1454 2636 1522 jure
2661 1455 2841 1510 debet.
2867 1453 3000 1508 lllud
3033 1470 3252 1525 quoque
3291 1453 3523 1517 accedit,

1955 1548 2100 1618 quod
2133 1562 2200 1601 ex
2227 1546 2437 1601 laciniis
2469 1545 2668 1601 Gracis
2690 1545 3052 1617 Origenianis,
3080 1546 3194 1601 suis
3215 1545 3524 1615 quibusque

1955 1638 2092 1693 locis
2120 1637 2363 1701 intextis,
2401 1637 2469 1691 de
2490 1637 2714 1706 reliquis
2744 1639 2905 1691 etiam
2943 1639 3031 1692 ubi
3063 1654 3182 1692 esse
3206 1638 3421 1701 desunt,
3449 1637 3526 1690 in-

1958 1729 2212 1798 terpretis
2237 1727 2370 1783 ﬁdes
2424 1727 2664 1782 fulcitur.
2718 1729 2984 1783 Caterum
3039 1745 3298 1799 nuperam
3360 1729 3525 1799 hujus

1962 1822 2277 1892 Apotogctici
2307 1821 2441 1876 satis
2472 1822 2800 1876 luculentam
2829 1823 3120 1877 editionem
3159 1822 3521 1876 Parisiensem

1883 1895 1928 1953 Β
1958 1914 2098 1984 typis
2123 1913 2529 1983 exprimendam
2561 1915 2894 1970 curavimus.

2028 2005 2123 2060 His
2148 2019 2312 2075 porro
2339 2004 2400 2060 Β.
2424 2005 2692 2076 Pamphili
2739 2007 2995 2076 operibus
3025 2049 3039 2072 ,
3096 2007 3228 2058 Acta
3259 2006 3522 2074 passionis

1955 2093 2201 2166 ejusdem
2233 2093 2532 2164 adjeeimus
2557 2136 2572 2161 ,
2606 2112 2673 2150 ex
2701 2096 2856 2150 libris
2908 2094 3126 2150 Eusebii
3174 2095 3526 2166 Gasariensis

1953 2187 2261 2258 desumpta,
2291 2203 2413 2258 qua
2437 2189 2788 2244 doctissimus
2814 2189 3388 2260 Papebrocbiusjuxta
3417 2205 3522 2245 ms.

1953 2276 2248 2334 Mediceum
2274 2279 2417 2349 regis
2455 2278 2910 2336 Christianissimi
2937 2279 3206 2350 evulgavit
3238 2279 3374 2350 (9.4).

310 2934 319 2940 _
809 2779 1189 2892 ACTA
1277 2699 2017 2892 PASSIONIS
2105 2775 2218 2892 s.
2319 2779 2998 2891 PAMPHlLl

121 3037 154 3100 ι
1602 3015 2214 3104 MARTYRIS

237 3134 274 3162 4

115 3199 139 3308 ξ
505 3210 686 3274 libris
717 3209 972 3272 Eusebii
1005 3209 1402 3273 Casariensis
1431 3209 1502 3271 de
1531 3206 1706 3270 illius
1740 3208 1900 3280 Vita,
1923 3208 2124 3287 juxta
2153 3225 2264 3268 ms.
2311 3205 2654 3268 Mediccum
2711 3207 2874 3282 regis
2926 3204 3466 3272 Christianissimi.

247 3407 343 3490 ,ς
1849 3396 1922 3412 ’-

1667 3524 1865 3587 PARS
1907 3525 2151 3588 PRIOR

527 3687 777 3745 Omnium
802 3688 1078 3744 duodecim
1111 3688 1201 3760 qui
1255 3705 1373 3743 cum
1419 3690 1532 3758 ipso
1562 3689 1707 3756 passi
1744 3696 1888 3757 sunt,
1919 3698 2075 3760 atque
2103 3689 2159 3741 in
2183 3688 2370 3759 primis
2396 3684 2666 3756 Pamphili
2695 3684 2876 3740 laudes
2904 3683 3271 3750 complectens.

349 3863 427 3914 A'.
445 3861 647 3934 Καιρὸς
667 3860 731 3932 δὴ
746 3860 902 3914 καλεῖ
922 3860 1056 3932 πρὸς
1079 3861 1212 3913 πᾶσι
1240 3861 1300 3912 τὸ
1323 3861 1466 3930 μέγα
1492 3862 1583 3914 καὶ
1598 3861 1850 3933 περιϐόη-

2021 3859 2064 3915 l.
2100 3858 2340 3931 Tempus
2371 3873 2520 3914 nunc
2572 3865 2760 3912 monet
2797 3869 2981 3910 coram
3015 3855 3270 3911 omnibus
3303 3856 3522 3925 aperire

273 3967 369 4005 τον
384 3951 737 4022 ἀνιστορῆσαι
763 3947 988 4019 Θέατρον
1037 3947 1322 4018 Παμφίλου
1349 3948 1441 4001 τοῦ
1469 3944 1854 4020 ἀγίου’μάρτυ-

1954 3952 2226 4007 theatrum
2276 3964 2537 4018 magnum
2595 3946 2739 4002 istud
2783 3961 2848 4000 ac
2889 3946 3303 4000 celeberrimum
3343 3949 3520 4002 sancti

237 4061 240 4064 ’
278 4059 372 4114 ρος
385 4042 475 4096 καὶ
484 4040 590 4094 τῶν
605 4041 699 4094 σὺν
713 4039 859 4110 αὑτῷ
873 4037 1265 4092 τελειωθέντων
1289 4038 1603 4108 Θαυμασίων
1618 4039 1849 4112 ἀνδρῶν,

1954 4039 2205 4111 martyris
2260 4037 2561 4107 Pamphili,
2593 4045 2648 4091 et
2678 4050 2867 4090 eorum
2915 4037 3159 4104 quicum
3201 4035 3318 4104 ipso
3349 4037 3517 4092 vitam

269 4116 372 4186 καὶ
424 4131 794 4203 πολυτρόπους
829 4129 1106 4192 εὐσεϐείας
1162 4128 1356 4192 ἄθλους
1403 4128 1845 4200 ὲπιδεδεγμένων.

1954 4134 2243 4188 tiniverunt
2274 4128 2678 4184 admirabilium
2731 4130 2994 4194 virorum,
3025 4137 3079 4182 et
3110 4143 3206 4198 per
3239 4128 3387 4182 varia
3421 4144 3520 4198 pro

271 4223 552 4277 Πλείστων
609 4220 739 4292 γοῦν
797 4223 936 4275 ὅσων
990 4219 1130 4273 κατὰ
1185 4220 1274 4272 τὸν
1327 4222 1690 4290 ὲγνωσμένον-
1718 4224 1850 4293 ἡμῖν

271 4315 542 4388 διωγμὸν,
582 4314 1006 4387 ἀνδρισαμένων,
1054 4314 1144 4367 τὸν
1182 4314 1307 4384 περὶ
1345 4306 1420 4367 ὧν
1463 4314 1490 4365 ὁ
1529 4313 1683 4382 λόγος
1709 4311 1849 4381 ἀγῶ-

273 4429 345 4466 να
392 4408 779 4472 σπανιώτατον,
821 4408 881 4462 ὃν
929 4409 1089 4480 ἡμεῖς
1140 4408 1404 4479 ἔγνωμεν,
1463 4411 1846 4482 ἱστορήσαμεν,

219 4513 224 4518 “
272 4500 489 4572 ’ἁθρόως
523 4501 580 4553 ὲν
613 4498 759 4568 αὐτῷ
804 4499 912 4551 πᾶν
947 4493 1084 4560 εἶδος
1114 4496 1334 4566 ἡλικιῶν
1363 4513 1421 4549 τε
1457 4495 1726 4566 σώματος,
1757 4497 1851 4550 κον.)⁹

273 4591 463 4662 ψυχῶν
503 4587 748 4658 ἀγωγῆς,
796 4587 912 4658 βίου
961 4605 1021 4640 τε
1075 4588 1168 4640 καὶ
1210 4586 1552 4656 ἀναστροφῆς
1594 4586 1849 4656 διαφόρου

274 4681 686 4755 περιειληφότα,
721 4679 964 4750 βασάνων
999 4696 1058 4731 τε
1099 4677 1357 4741 ποικίλοις
1403 4678 1584 4740 εἴδεσι,
1620 4679 1850 4741 καὶτοῖς

274 4775 420 4830 κατὰ
459 4775 518 4828 τὸ
548 4772 750 4828 τέλειον
787 4770 1083 4843 μαρτύριον
1115 4770 1532 4840 ὲνηλλαγμένοις
1570 4768 1852 4836 στεφάνοις

275 4843 626 4939 κεκοέμένον.
662 4866 834 4928 Νέους
866 4879 926 4916 τε
957 4863 1064 4934 γὰρ
1094 4857 1162 4932 ἦν
1195 4861 1341 4925 ίδεϊν,
1370 4860 1462 4914 καὶ
1496 4860 1688 4932 κομιδῇ
1724 4862 1848 4913 παῖ-

273 4959 372 5023 δας
414 4943 522 5035 τῶν
555 4957 652 5009 σὺν
681 4956 862 5020 αὐτοῖς
891 4953 1202 5023 Αἰγυπτίων
1237 4953 1409 5016 τινὰς,
1445 4952 1600 5024 ἡμῶν
1630 4954 1756 5015 τοὺς
1795 4951 1850 5004 δὲ

276 5050 468 5113 ἄλλους
493 5047 634 5119 (μεθ’
664 5043 737 5101 ὧν
768 5049 860 5100 καὶ
892 5049 920 5100 ὁ
949 5044 1254 5117 Πορφύριος
1276 5041 1378 5115 ἦν)
1404 5044 1670 5114 ἀκμαίους
1696 5061 1755 5096 τε
1784 5038 1848 5097 αὖ

1949 4226 2148 4296 pietate
2198 4221 2496 4278 certamina
2549 4219 3075 4275 circumductorum.
3135 4219 3345 4275 Etenim
3394 4221 3518 4275 licet

1948 4313 2168 4386 plurimi
2196 4329 2262 4369 ex
2295 4313 2475 4378 nobis,
2508 4321 2749 4382 tempore
2773 4312 3174 4376 persecutionis
3203 4322 3389 4367 contra
3416 4329 3516 4369 nos

1949 4405 2268 4476 publicata,
2286 4411 2506 4458 strenue
2534 4416 2654 4455 sese
2683 4401 2987 4471 gesserint;
3017 4400 3215 4454 horum
3243 4409 3422 4454 tamen
3448 4401 3517 4454 de

1949 4497 2146 4566 quibus
2176 4510 2322 4549 nunc
2346 4508 2526 4548 sermo
2562 4501 2664 4557 est,
2695 4491 3039 4546 rarissimum
3069 4506 3298 4563 agonem
3330 4491 3516 4547 nobis-

1949 4603 2056 4658 que
2095 4587 2391 4658 cognitum,
2425 4586 2544 4640 ideo
2576 4584 2759 4654 potius
2790 4583 3151 4653 scripsimus;
3188 4583 3317 4652 quia
3365 4583 3419 4638 in
3451 4599 3516 4638 eo

1950 4680 2130 4733 statim
2165 4677 2462 4747 apparebit,
2494 4677 2642 4731 velut
2671 4675 2775 4729 sub
2806 4689 2918 4728 uno
2950 4682 3206 4743 aspectu,
3235 4689 3397 4730 omne
3425 4689 3520 4745 ge-

1950 4785 2052 4823 nus
2083 4777 2195 4822 tum
2223 4767 2396 4822 atatis
2427 4780 2722 4834 corporea,
2757 4773 2871 4818 tum
2905 4762 3207 4832 spiritualis
3238 4762 3516 4817 conditio-

1950 4859 2055 4926 nis,
2090 4859 2322 4928 vitaque
2363 4866 2418 4913 et
2459 4856 2766 4913 studiorum
2812 4855 3101 4910 diversitas
3150 4869 3342 4923 magna
3367 4893 3382 4917 ,
3421 4855 3515 4908 sed

1951 4951 2218 5020 imprimis
2243 4949 2474 5003 varietas
2508 4954 2904 5001 tormentorum
2927 4955 3094 5015 atque
3113 4944 3307 4999 exinde
3328 4958 3517 4999 secun-

1948 5044 2075 5097 dum
2125 5041 2369 5112 martyrii
2415 5040 2681 5110 cujusque
2725 5037 3251 5094 consummationem
3297 5045 3515 5106 parata-

280 5138 494 5211 σῴματί
515 5155 573 5192 τε
595 5135 730 5208 ὁμοῦ
755 5139 848 5190 καὶ
871 5137 1149 5207 φρονήσει,
1183 5135 1308 5196 τοὺς
1341 5133 1482 5204 ἀμφὶ
1515 5133 1575 5185 τὸ
1609 5132 1850 5186 ποθεινόν

1954 5149 2070 5188 rum
2103 5133 2299 5202 cuique
2324 5146 2671 5188 coronarum.
2704 5127 2840 5182 Nam
2864 5127 3052 5200 videre
3081 5134 3197 5180 erat
3243 5125 3512 5196 quosdam

281 5204 379 5302 μοι
416 5229 606 5301 ὅνομα,
629 5204 728 5283 καὶ
756 5229 846 5282 τὸν
885 5204 1172 5300 θίαμνήτην
1219 5225 1448 5288 Παῦλον,
1489 5225 1747 5278 Σέλευκόν
1789 5241 1849 5276 τε

1954 5241 2141 5282 eorum
2169 5225 2261 5294 qui
2288 5226 2426 5279 inter
2448 5223 2596 5292 ipsos
2616 5230 2773 5277 erant
2797 5219 3172 5290 Egyptiorum
3201 5217 3313 5288 (‘25)
3331 5217 3516 5288 junio-

281 5322 378 5376 καὶ
416 5319 720 5384 ἰουλιανδν,
770 5319 938 5390 ἄμφω
977 5319 1075 5388 τῆς
1111 5314 1492 5370 Καππαδοκῶν
1521 5316 1622 5384 γῆς
1659 5315 1848 5386 ὡρμη-

279 5409 476 5483 μένους
500 5425 514 5440 ⁶
543 5403 694 5489 ᾖσαν
719 5408 776 5462 δὲ
795 5410 852 5461 ὲν
879 5408 1058 5471 αὐτοῖς
1087 5409 1180 5460 καὶ
1211 5406 1329 5476 ἱερᾷ
1358 5403 1536 5474 πολιᾷ,
1568 5403 1850 5474 βαθυτάτῳ

275 5519 346 5574 γε
377 5503 523 5575 γήρᾳ
555 5500 982 5570 πεπυκασμένοι,
1025 5498 1238 5569 Οὐάλης
1263 5498 1504 5559 διάκονος
1550 5497 1645 5566 τῆς
1688 5498 1846 5568 Ἱερο-

355 5677 470 5740 (24)
505 5679 636 5730 Acta
666 5675 764 5731 SS.
789 5719 803 5739 ,
831 5675 954 5730 Jun.
982 5684 1017 5728 t.
1049 5673 1090 5736 1,
1122 5691 1174 5744 p.
1209 5673 1298 5738 64,
1325 5687 1477 5741 seqq.

357 5747 474 5816 (25)
513 5745 706 5801 Procul
756 5748 824 5801 ab
871 5741 1320 5816 auctoris—mente
1366 5741 1632 5795 aberravit
1680 5741 1845 5816 inter-

284 5811 626 5887 pres,'apnd
669 5816 1023 5884 Lipomanum
1074 5824 1127 5868 et
1178 5814 1419 5887 Sutrium,
1476 5827 1599 5887 cum
1641 5811 1844 5864 vertit:

284 5881 651 5944 ldolcsccntes
683 5881 964 5956 et'pncros,
996 5895 1145 5955 atque
1173 5885 1300 5938 adeo
1332 5883 1481 5954 plane
1512 5881 1759 5950 infantes,
1785 5897 1847 5934 es:

1958 5333 2044 5373 res
2075 5325 2236 5387 atque
2284 5316 2506 5370 omnino
2533 5327 2768 5384 pueros;
2805 5312 2942 5367 alios
2971 5317 3152 5364 autem
3201 5318 3511 5365 nostrorum

1961 5410 2038 5476 (in
2090 5407 2290 5478 quibus
2340 5405 2503 5460 etiam
2547 5400 2882 5473 Porphyrius
2932 5399 3069 5467 erat)
3103 5397 3306 5451 viribus
3353 5398 3515 5452 simul

1956 5499 2200 5570 corporis
2247 5496 2410 5554 simul
2449 5503 2502 5550 et
2537 5493 2704 5548 animi
2755 5489 3039 5562 prudentia
3094 5488 3375 5553 robustos;
3421 5503 3516 5543 eos

1955 5679 2021 5732 iis
2053 5677 2142 5746 qui
2172 5684 2318 5728 erant
2348 5688 2464 5726 cum
2494 5673 2622 5740 ipsis
2651 5667 2922 5808 Sfortassis
2954 5665 3226 5736 Egyptiis
3252 5665 3514 5731 interpres

1957 5748 2271 5808 scripserat,
2316 5744 2392 5797 uti
2435 5743 2660 5796 debebat
2718 5739 2852 5792 alios
2893 5748 3069 5808 autem
3114 5736 3513 5808 pubescentes...

1957 5736 2271 5815 scripserat,
2316 5744 2392 5797 uti
2435 5736 2683 5815 debebat)
2718 5739 2852 5815 alios
2888 5748 3080 5815 autent
3114 5736 3513 5815 pubescentes...

1956 5806 2134 5886 uem'pe
2164 5806 2287 5869 mihi
2321 5806 2688 5868 charissimam
2718 5809 3001 5865 Iamm‘tcm
3039 5806 3287 5860 Paulum.
