4090 6388
531 433 669 490 1535
1718 420 1774 475 S.
1817 416 2098 473 ΡΑΜΡΗΙΙ

2198 414 2530 471 νιΑιιΤγιιιε
2838 478 2841 479 ί
3623 403 3756 459 1530

530 548 737 604 scilicet
751 544 843 615 qui
872 558 996 598 cum
1018 538 1370 596 dilectissimo
1404 550 1523 591 meo
1545 536 1921 602 censebantur,
1942 534 2093 589 Jam-

2198 530 2501 602 σολυμιτῶν
2545 525 2885 598 Ἐκκλησίας,
2926 524 3018 578 καὶ
3049 523 3077 577 ὁ
3110 520 3345 594 τοῦνομα
3386 517 3761 590 ἐπαληθεύσας

530 640 693 693 uitem
710 636 818 707 (9.6)
832 633 1079 696 Paulum,
1103 629 1497 697 Seleucumque
1516 625 1873 689 etJulianum,
1897 626 2086 680 ambos

2198 623 2495 687 θεόδουλος.
2576 662 2585 673 .
3076 708 3089 718 ⁸
3363 703 3385 718 ρ
3477 703 3492 718 1
3743 704 3756 718 .

528 747 596 785 ex
636 703 1011 798 Cappadocum
1046 722 1265 791 regione
1298 721 1404 775 buc
1447 721 1720 774 advectos.
1757 718 1925 774 Erant
1951 721 2113 775 etiam
2142 718 2285 784 inter
2314 717 2436 772 illos
2467 714 2689 786 quidam
2739 724 2895 767 sacra
2927 708 3125 765 canitie
3172 710 3225 763 et
3259 703 3530 776 profunda
3580 704 3758 759 ornati

529 829 833 885 senectute;
872 817 1067 871 Valens
1097 832 1309 884 nempe,
1328 813 1582 869 Ecclesize
1612 813 2113 885 Hierosolymorum
2161 814 2442 874 diaconus,
2478 820 2532 864 et
2558 823 2754 863 nomen
2783 821 2942 861 suum
2967 803 3254 857 verilicans
3283 799 3595 854 Tbe'odulus
3621 798 3756 869 (εῖτ).

599 914 660 969 ΙΙ.
704 912 826 966 Haec
855 927 983 982 ergo
1014 912 1151 964 inter
1177 925 1272 965 eos
1293 917 1409 962 erat
1434 918 1648 962 aetatum
1686 910 1919 963 varietas
1947 927 1960 962 :
1990 893 2084 968 sed

2258 910 2331 961 B'.
2360 905 2592 976 Τοιαύτη
2622 902 2719 974 μὲν
2746 898 2836 956 οὖν
2863 901 2921 953 ἐν
2953 900 3135 960 αὐτοῖς
3166 901 3199 969 ἡ
3227 897 3332 950 τῶν
3351 895 3575 968 ἡλικιῶν
3592 893 3758 961 ἐτύγ-

527 1013 583 1060 et
629 1004 826 1059 mentis
855 1003 1240 1056 exercitatione
1284 999 1783 1067 distinguebantur,
1837 1015 1959 1053 cum
1994 1002 2087 1055 alii

2198 1017 2319 1072 χανε
2356 998 2613 1059 ποικιλία·
2634 995 2819 1066 ψυχῶν
2842 994 2898 1047 δὲ
2914 993 3155 1061 ἀγωγαῖς
3177 990 3567 1062 διηλλάττοντο,
3590 990 3637 1041 οί
3660 988 3757 1057 μὲν
3832 1076 3845 1082 ἡ

530 1094 776 1148 rudiores
799 1102 1003 1157 essent,
1039 1099 1222 1159 utpote
1252 1090 1422 1159 pueri,
1453 1090 1770 1158 simpliciori
1804 1091 1982 1144 adhuc
2007 1092 2091 1146 in-

2198 1092 2618 1166 ἰδιωτικώτερον,
2653 1085 2741 1144 οἷα
2772 1089 2987 1152 παῖδες,
3022 1087 3114 1140 καὶ
3155 1083 3628 1156 ἀπλούστερον’έτι
3668 1081 3757 1134 τὸν
3804 1086 3807 1091 ’

528 1186 741 1241 tellectu
775 1194 1004 1245 utentes,
1043 1184 1130 1237 alii
1162 1183 1273 1252 jam
1312 1180 1597 1234 formatam
1631 1195 1693 1234 ac
1733 1181 1962 1237 solidam
1997 1184 2093 1237 ba-

2198 1187 2314 1241 νοῦν
2335 1182 2642 1255 φοροῦντες,
2661 1182 2711 1235 οἱ
2739 1180 2797 1235 δὲ
2820 1179 2915 1232 καὶ
2943 1179 3083 1232 πάνυ
3108 1175 3357 1248 στιϐαρὸν
3382 1177 3473 1229 καὶ
3502 1170 3760 1244 ἐμϐριθὲς

530 1281 721 1334 herent
748 1279 956 1332 vivendi
988 1280 1460 1333 consuetudinem.
1490 1278 1628 1344 Quin
1652 1279 1814 1332 etiam
1849 1277 2089 1331 invenie-

2198 1276 2520 1347 κεκτημένοι
2551 1274 2613 1327 τὸ
2642 1270 2799 1344 ἦθος·
2832 1267 2971 1341 ἦσαν
3003 1269 3059 1322 δὲ
3091 1271 3149 1322 ὲν
3181 1269 3362 1330 αὐτοῖς
3390 1266 3483 1319 καὶ
3512 1267 3624 1327 τοῖς
3651 1258 3787 1319 τῶν

528 1370 727 1425 bantur
777 1369 918 1423 inter
947 1369 1066 1423 illos
1104 1368 1244 1423 baud
1284 1370 1546 1439 inexperti
1586 1370 1892 1424 divinarum
1926 1368 2094 1423 disci-

2198 1369 2357 1440 ἱερῶν
2400 1365 2733 1438 μαθημάτων
2776 1364 2876 1417 οὐκ
2905 1361 3349 1431 ἀνεπιστήμονες,
3397 1354 3670 1425 συγγενῶς
3702 1352 3762 1440 δὲ

528 1458 819 1527 plinarum.
880 1455 1146 1512 Omnibus
1196 1467 1396 1530 tamen
1435 1474 1589 1528 atque
1639 1458 1925 1528 congenita
1979 1467 2095 1512 erat

2198 1439 2397 1513 ἅπασιν
2426 1454 2707 1525 ὑπερφυὴς
2735 1454 2829 1507 κα)⁴
2850 1452 3098 1521 ἐνάρετος
3129 1452 3165 1521 ὴ
3192 1447 3379 1519 ἀνδρία
3404 1446 3628 1517 προσῆν.
3657 1439 3763 1519 Οἷα

526 1550 796 1604 excellens
834 1550 1080 1618 quzedam
1129 1560 1290 1619 atque
1317 1550 1515 1605 virtute
1565 1550 1698 1604 fulta
1743 1551 1915 1605 animi
1948 1549 2095 1605 l‘orti-

527 1641 678 1695 tudo.
711 1639 829 1694 Prae
858 1641 1112 1695 omnibus
1143 1651 1346 1707 autem,
1375 1651 1632 1711 tanquam
1658 1658 1765 1711 prae
1791 1642 2093 1696 scintillan-

526 1732 675 1787 tibus
703 1732 867 1786 astris
898 1732 1169 1787 luminare
1207 1733 1406 1802 majus,
1441 1735 1711 1789 emicabat
1746 1749 1936 1789 eorum
1974 1751 2091 1789 me—

527 1824 652 1879 dius
696 1824 951 1880 dominus
1000 1841 1188 1892 meus;
1225 1841 1326 1881 nec
1369 1827 1514 1880 enim
1551 1828 1915 1897 amplius‘l‘as
1956 1830 2088 1882 mihi

527 1927 611 1971 est
662 1917 900 1971 sodalem
954 1917 1225 1986 appellare
1276 1918 1389 1989 (28)
1439 1921 1809 1975 venerandum
1862 1937 1926 1976 ac
1969 1938 2094 1977 vere

529 2007 906 2063 beatissimum
974 2006 1339 2077 Pamphilum.
1414 2009 1624 2065 Etenim
1682 2011 2093 2083 disciplinarum

531 2099 824 2168 gentilibus
857 2101 1269 2163 mstimatarum,
1300 2102 1549 2170 peritiam
1587 2104 1731 2157 haud
1767 2106 2094 2160 mediocrem

533 2199 879 2256 consecutus,
916 2192 968 2245 in
997 2192 1197 2248 divinis
1221 2194 1567 2264 dogmatibus
1591 2211 1656 2250 ac
1684 2197 1900 2252 ccelitus
1928 2197 2100 2266 inspi-

532 2283 667 2337 ratis
721 2282 1037 2353 Scripturis,
1068 2285 1313 2338 omnium
1368 2287 1460 2355 qui
1511 2302 1693 2341 secum
1739 2288 2099 2343 versabantur

533 2375 832 2445 (audacter,
880 2376 973 2431 sed
1019 2387 1197 2431 tamen
1230 2393 1351 2432 vere
1369 2378 1538 2448 dico,)
1573 2381 1866 2448 apparebat
1911 2397 2102 2437 versae

534 2469 668 2535 tior;
703 2469 924 2537 insuper
970 2478 1147 2523 autem
1181 2470 1414 2538 pollebat
1452 2472 1806 2542 prazrogativa
1867 2474 2100 2543 propria;

534 2561 762 2625 scilicet,
788 2569 881 2615 aut
928 2561 1108 2630 potius
1140 2576 1171 2616 a
1204 2560 1311 2615 Deo
1340 2562 1575 2627 donatze,
1620 2558 1991 2635 intelligentia:
2034 2580 2099 2620 ac

534 2651 834 2721 sapientiae.

603 2740 692 2794 lll.
722 2741 812 2796 Sic
839 2741 1015 2810 quoad
1040 2741 1278 2796 animam
1306 2743 1628 2799 constitutis
1645 2744 1895 2817 singulis,
1924 2745 2100 2816 major

534 2832 716 2888 adhuc
748 2833 1048 2887 differentia
1094 2843 1210 2888 erat
1236 2836 1630 2890 conditionum.
1663 2835 1796 2891 Nam
1842 2835 2100 2907 Pamphi-

535 2926 621 2977 lus
644 2924 898 2993 quidem,
932 2924 1095 2977 nobili
1134 2925 1432 2979 secundum
1480 2941 1698 2980 carnem
1739 2942 1934 2996 genere
1974 2943 2097 2997 pro-

534 3026 752 3088 gnatus,
801 3016 962 3068 etiam
1008 3017 1290 3085 pr:esignis
1325 3029 1442 3072 erat
1480 3018 1800 3074 muneribus
1842 3018 1896 3073 in
1926 3021 2100 3091 patria

536 3108 749 3177 publice
783 3106 947 3176 gestis
973 3121 987 3169 ;
1039 3103 1297 3160 Seleucus
1320 3121 1470 3171 vero,
1508 3107 1794 3176 przecipuis
1823 3107 1877 3161 in
1908 3108 2099 3162 militia

2194 1548 2250 1602 δέ
2272 1564 2353 1610 τις
2372 1550 2430 1601 ὲν
2452 1544 2863 1599 ἀποστίλϐουσιν
2895 1544 3113 1613 ἄστροις
3145 1537 3488 1613 ἡμεροφοινὴς
3513 1535 3761 1606 φωστὴρ.

2197 1638 2256 1692 ὲν
2300 1638 2482 1708 μέσοις
2518 1637 2805 1709 διέπρεπεν
2838 1633 3224 1711 ἐξαστράπτων
3255 1632 3284 1683 ὁ
3316 1629 3446 1700 ἐμὸς
3500 1627 3764 1697 δεσπότης

2200 1729 2298 1801 (οὐ
2330 1729 2438 1800 γάρ
2482 1731 2693 1798 ἑταῖρον
2724 1728 3037 1798 προσειπεῖν
3071 1723 3150 1776 ἔτι
3199 1738 3287 1792 μοι
3327 1720 3482 1790 θέμις
3518 1717 3608 1771 τὸν
3642 1714 3767 1768 θεσ-

2198 1821 2382 1875 πέσιον
2410 1821 2505 1875 καὶ
2535 1819 2799 1890 μακάριον
2832 1817 2907 1880 ὼς
2930 1814 3143 1887 ἀληθῶς
3171 1809 3497 1882 Πάμφιλον)’
3518 1805 3763 1869 παιδείας

2126 1883 2167 1936 Β
2196 1913 2304 1985 γὰρ
2331 1905 2485 1975 οὗτος
2518 1883 2616 1981 τῆς
2659 1883 2788 1982 παρ’
2825 1883 3047 1977 Ἕλλησι
3089 1902 3504 1976 θαυμαζομένης
3548 1900 3607 1955 οὐ
3671 1915 3765 1968 με·

2196 2003 2359 2076 τρίως
2394 2000 2558 2076 ἦπτο,
2594 2002 2694 2072 τῆς
2725 2018 2785 2055 τε
2816 2000 2956 2067 κατά
2984 1998 3052 2052 τὰ
3091 1997 3210 2051 θεῖα
3253 1986 3493 2065 δόγματά
3525 1992 3616 2046 καὶ
3665 1990 3764 2055 τὰς

2198 2092 2585 2165 θεοπνεύστους
2633 2093 2855 2165 Γραφὰς
2888 2091 2974 2162 (εί
3013 2090 3117 2161 χρῆ
3158 2106 3211 2140 τι
3246 2084 3594 2159 θρασύτερον,
3626 2081 3764 2151 πλὴν

2197 2185 2411 2259 ἀληθὲς,
2438 2164 2652 2256 ἷίπεῖν),
2678 2164 2753 2248 ὡς
2780 2179 3057 2265 οὐδέτερον
3082 2182 3192 2254 έχοι
3218 2198 3301 2243 τις
3321 2179 3483 2257 φάναι
3505 2178 3611 2230 τῶν
3638 2166 3789 2228 κατ”
3816 2180 3827 2205 ¹

2199 2277 2381 2343 αὑτὸν,
2414 2278 2574 2347 ῆχετο
2598 2293 2612 2306 ·
2651 2275 2832 2347 μεῖζον
2863 2275 2921 2335 δὲ
2958 2273 3161 2327 τούτων
3194 2270 3390 2340 ὲκέκτη
3428 2270 3490 2325 τὸ
3537 2269 3757 2323 πλεῦνές

2196 2388 2407 2443 κτημα,
2426 2367 2523 2439 τὴν
2546 2364 2776 2432 οἴκοθεν,
2809 2363 3005 2436 μᾶλλον
3034 2363 3091 2417 δὲ
3138 2363 3321 2416 θεόθεν
3354 2359 3511 2432 αὐτῷ.
3534 2358 3763 2428 δεδωρηυ
3843 2430 3846 2435 ἢ

2204 2461 2372 2532 μένην
2406 2458 2620 2512 σύνεσίν
2651 2476 2709 2511 τε
2741 2459 2836 2513 καὶ
2872 2458 3080 2527 σοφίαν.

2268 2745 2343 2798 I".
2368 2744 2476 2797 Καὶ
2505 2743 2574 2797 τὰ
2603 2742 2701 2814 μὲν
2728 2742 2855 2813 περὶ
2874 2740 3049 2812 ψυχὴν
3070 2737 3243 2800 οὕτως
3271 2732 3413 2808 εἶχον
3436 2736 3495 2788 οἱ
3526 2734 3722 2796 πάντες
3743 2749 3759 2764 ο

2202 2833 2314 2904 βίου
2346 2833 2401 2886 δὲ
2430 2829 2585 2895 αὖθις
2613 2830 2708 2885 καὶ
2749 2831 3090 2901 ἀναστροφῆς
3120 2827 3343 2897 πλείστη
3377 2844 3459 2889 τις
3488 2828 3545 2883 ὲν
3586 2825 3766 2887 αὐτοῖς

2201 2926 2412 2997 ὑπῆρχε
2441 2922 2732 2994 διαλλαγή·
2768 2922 2860 2975 τοῦ
2895 2922 2991 2992 μὲν
3021 2914 3305 2990 Παμφίλου
3339 2917 3398 2982 ἐξ
3432 2913 3766 2984 εὐπατριδῶν

2199 3018 2525 3086 κατάγοντος
2544 3015 2684 3070 κατά
2705 3016 2883 3086 σάρκα
2903 3014 3077 3084 γένος,
3099 3014 3379 3083 ἐπισήμως
3405 3028 3465 3063 τε
3489 3012 3606 3072 ταῖς
3624 3007 3766 3062 κατά
3868 3021 3873 3024 ·
3924 3020 3927 3023 ‘

2200 3100 2299 3183 τὴν
2337 3110 2569 3181 πατρίδα
2600 3108 2891 3172 πολιτείαις
2922 3107 3333 3179 διαπρέψαντος,
3368 3102 3460 3158 τοῦ
3489 3104 3546 3157 δὲ
3580 3101 3768 3154 Σελεύ-

536 3199 836 3252 bonnribus
865 3197 1032 3250 literal
1065 3197 1385 3261 decoratus.
1419 3214 1542 3253 cum
1574 3199 1664 3253 alii
1699 3199 1889 3255 media:
1928 3198 2098 3255 ferme

2202 3220 2296 3256 κου
2330 3204 2448 3265 ταῖς
2482 3201 2622 3256 κατά
2658 3202 2755 3272 τὴν
2784 3199 3068 3273 στρατείαν
3111 3196 3289 3263 ἀξίαις
3332 3195 3768 3268 περιφανέστατα

533 3291 863 3344 conditionis
893 3298 1096 3343 essent.
1132 3288 1234 3343 Sed
1266 3306 1440 3357 neque
1472 3293 1523 3343 in
1558 3291 1729 3345 choro
1757 3293 1862 3346 isto
1903 3292 2099 3346 servile

536 3397 704 3449 genus
743 3383 945 3443 deerat,
980 3396 1046 3433 eu
1075 3400 1100 3429 ιι
1135 3398 1198 3433 ex
1243 3383 1615 3449 proconsulari
1654 3383 1858 3437 familia
1906 3384 2101 3453 adjun-

535 3481 657 3524 ctus
701 3475 780 3524 eis
827 3470 991 3525 fuerit
1039 3488 1230 3525 servus
1271 3472 1624 3543 Porphyrius,
1670 3476 1849 3542 specie
1878 3476 2099 3544 quidem

538 3574 694 3616 unus
734 3564 992 3630 Pamphili
1038 3564 1386 3630 mancipium,
1442 3565 1619 3632 reipsa
1674 3574 1854 3619 autem
1898 3566 2031 3619 nihil
2068 3583 2097 3620 a

536 3652 724 3715 fratre,
764 3664 857 3706 aut
887 3655 1065 3722 potius
1094 3656 1203 3708 lilio
1235 3655 1469 3723 genuino
1499 3655 1835 3723 discrepans,
1875 3664 1928 3709 et
1968 3672 2099 3711 nus-

537 3756 698 3810 quam
750 3757 779 3794 a
831 3742 1034 3793 domini
1084 3742 1166 3794 sui
1220 3728 1845 3798 imitationeideliciens.
1890 3741 2098 3813 Ecquid

539 3833 737 3901 porro?
770 3833 827 3886 Si
866 3833 990 3901 quis
1021 3833 1237 3895 dixerit,
1280 3832 1429 3901 ipsos
1472 3847 1686 3887 omnem
1718 3835 2101 3891 ecclesiasticae

537 3926 901 3980 ordinationis
954 3926 1181 3981 formam
1211 3941 1437 3980 numero
1469 3942 1570 3979 suo
1605 3928 1918 3996 complexos
1954 3945 2096 3996 esse,

536 4018 674 4075 nihil
704 4028 852 4072 extra
877 4018 1157 4071 veritatem
1182 4017 1406 4075 dixerit:
1433 4031 1556 4071 cum
1585 4019 1901 4088 presbyterii
1931 4019 2102 4090 digni-

538 4120 646 4164 tate
678 4119 904 4163 oruatus
940 4107 1102 4162 fuerit
1139 4104 1493 4173 Pamphilus,
1539 4109 1606 4164 ad
1638 4110 1865 4178 gradum
1912 4110 2100 4165 diaco-

539 4215 698 4256 natus
726 4209 944 4255 cvectus
982 4198 1196 4263 Valens,
1228 4201 1316 4254 alii
1370 4201 1632 4257 lectorum
1680 4217 1905 4257 munere
1948 4202 2101 4273 fungi

537 4306 720 4344 coram
774 4291 927 4359 plebe
974 4300 1358 4356 consuessent;
1416 4289 1677 4346 Seleucus
1726 4308 1880 4353 vero.
1935 4293 2100 4347 etiam

538 4392 666 4436 ante
696 4382 1044 4463 nrartyricum
1085 4382 1245 4436 linem
1276 4383 1563 4438 decoratus
1604 4392 1750 4438 esset
1776 4384 1943 4439 nobili
1970 4400 2102 4440 con-

540 4474 773 4527 fessione.
809 4491 903 4541 per
941 4490 1260 4543 generosam
1295 4477 1581 4532 verberum
1615 4478 1953 4533 tolerantiam
1996 4478 2104 4533 for-

2200 3293 2583 3364 τετιμημένου,
2612 3290 2718 3345 τῶν
2737 3292 2794 3344 δὲ
2822 3292 2920 3362 τῆς
2953 3291 3126 3361 μέσης
3150 3290 3241 3341 καὶ
3266 3288 3451 3355 κοινῆς
3472 3285 3768 3353 γεγονότων

2201 3386 2438 3456 ἀγωγῆς.
2473 3385 2584 3437 Οὐκ
2606 3380 2672 3454 ἦν
2702 3383 2757 3436 δὲ
2789 3382 2965 3435 αὐτῶν
2988 3384 3016 3435 ὁ
3045 3381 3201 3453 χορὸς
3230 3380 3349 3433 οὐδὲ
3380 3379 3471 3431 τοῦ
3499 3375 3769 3431 οἱκετικοῦ

2200 3476 2389 3542 γένους
2418 3474 2592 3538 ἐκτὸς,
2626 3475 2655 3527 ὅ
2680 3491 2739 3525 τε
2764 3472 2872 3544 γάρ
2901 3472 3231 3543 ἡγεμονικῆς
3257 3470 3492 3534 οίκετίας
3517 3469 3770 3542 θεράπων

2201 3565 2383 3626 αὐτοῖς
2407 3564 2826 3632 συγκατείλεκτο
2847 3565 2939 3616 καὶ
2963 3567 2990 3616 ό
3019 3563 3342 3635 Πορφύριος,
3372 3562 3432 3613 τὺ
3457 3562 3551 3632 μὲν
3572 3562 3767 3625 δοκεῖν,

2201 3654 2295 3708 τοῦ
2346 3655 2629 3724 Παμφίλου
2686 3653 2925 3721 γεγονὼς
2980 3653 3216 3722 οἰκέτης,
3267 3652 3502 3705 διαθέσει
3545 3669 3609 3719 γε
3662 3652 3767 3722 μὴν

2201 3747 2428 3817 ἀδελφοῦ
2458 3749 2551 3801 καὶ
2583 3747 2778 3818 μᾶλλον
2804 3747 3023 3817 γνησίου
3054 3746 3243 3808 παιδὸς
3269 3743 3584 3815 διενηνοχὼς
3618 3745 3771 3797 οὐδὲν

2201 3840 2234 3911 ἢ
2268 3840 2528 3893 ἐλλείπων
2568 3840 2665 3910 τῆς
2699 3840 2835 3911 πρὸς
2863 3840 2954 3892 τὸν
2986 3837 3251 3906 δεσπότην
3295 3837 3434 3890 κατὰ
3464 3836 3637 3889 πάντα
3682 3854 3773 3905 μι-

2206 3934 2440 4004 μήσεως.
2474 3932 2580 3985 Καὶ
2604 3933 2656 3985 τί
2684 3932 2823 4002 γάρ;
2873 3930 3011 3983 Ἀλλ’
3038 3933 3086 3982 εί
3119 3933 3268 4007 φωνῇ
3301 3947 3403 3991 τις,
3438 3930 3633 3990 αὐτοὺς
3656 3928 3771 3979 ὁλό-

2203 4024 2399 4094 κληρον
2435 4025 2491 4076 ὲν
2528 4024 2716 4095 βραχεῖ
2743 4023 2905 4076 τόπον
2945 4021 3394 4092 ὲκκλησιαστικοῦ
3426 4021 3769 4090 συστήματος

2203 4116 2640 4187 περιειληφέναι,
2686 4116 2785 4168 οὐκ
2829 4113 2894 4168 ἂν
2944 4114 3098 4180 ἐκτὸς
3144 4113 3294 4183 βάλοι
3347 4113 3446 4183 τῆς
3488 4099 3768 4183 ἀληθείας,
3868 4182 3872 4188 λ

2204 4205 2595 4277 πρεσϐυτερίου
2617 4206 2713 4276 μὲν
2742 4207 2798 4258 ὲν
2820 4205 2998 4268 αὐτοῖς
3019 4203 3320 4274 ἠξιωμένου
3345 4200 3438 4254 τοῦ
3464 4201 3772 4272 Παμφίλου.

2203 4295 2473 4359 διακονίας
2498 4313 2557 4349 τε
2590 4295 2682 4350 τοῦ
2708 4296 3025 4360 υύάλεντος,
3056 4296 3156 4367 τήν
3181 4311 3241 4346 τε
3269 4293 3373 4347 τῶν
3396 4293 3487 4345 ἐπὶ
3514 4291 3609 4345 τοῦ
3638 4280 3776 4364 πλη-ί
3866 4338 3882 4347 .

2205 4385 2328 4451 θους
2359 4386 2749 4456 ἀναγινώσκειν
2790 4387 3109 4458 εἰθισμένων
3146 4387 3295 4452 τάξιν
3329 4384 3621 4454 εἰληχότων
3660 4383 3774 4437 ἑτέ-

2207 4494 2344 4548 ρων·
2378 4479 2689 4549 ὁμολογίαις
2731 4478 2819 4531 διά
2849 4478 3266 4550 καρτερωτάτης
3311 4476 3586 4547 μαστίγων
3636 4476 3771 4527 ὐπο-

538 4565 661 4617 titer
688 4563 849 4617 etiam
884 4564 1163 4634 dignitatis
1200 4567 1449 4621 militaris
1471 4567 1741 4637 iacturam
1770 4585 2096 4639 perpessus;

2208 4573 2392 4644 μονῆς,
2427 4574 2505 4627 ἔτι
2536 4572 2704 4625 πάλαι
2743 4572 2846 4644 πρὸ
2876 4572 2968 4624 τοῦ
3003 4570 3141 4624 κατά
3173 4572 3232 4623 τὸ
3262 4570 3557 4643 μαρτύριον
3590 4572 3772 4635 τέλους

542 4654 717 4708 caeteri
736 4669 886 4720 vero,
920 4662 1178 4724 tanquam
1209 4657 1581 4711 catechumeni
1610 4659 2097 4722 autlideles,veluti

540 4742 594 4796 in
627 4743 863 4811 imagine
892 4758 1055 4810 parva
1080 4756 1527 4815 repraesentarent
1556 4748 1966 4805 similitudinem
1996 4765 2098 4803 ttu-

538 4850 768 4889 merosaz
801 4833 1071 4890 Ecclesia}.

614 5118 703 5172 IV.
742 5120 800 5175 In
831 5122 977 5176 hunc
1003 5137 1133 5192 ergo
1157 5123 1379 5177 modum
1408 5124 1762 5195 contemplari
1795 5125 1953 5182 nobis
1976 5126 2103 5180 licet

538 5212 913 5267 admirabilem
947 5215 1133 5268 talium
1161 5222 1323 5283 atque
1357 5223 1630 5269 tantorum
1674 5227 1970 5287 martyrum
2008 5219 2103 5272 de-

541 5304 770 5369 let-tum;
815 5314 1085 5374 quatenus
1132 5305 1261 5369 illis,
1314 5307 1562 5373 quamvis
1612 5323 1840 5361 numero
1886 5309 2092 5376 paucis,

541 5395 722 5447 nullus
751 5404 929 5449 tamen
962 5409 1152 5449 eorum
1187 5395 1437 5449 ordinum
1469 5396 1671 5462 deerat,
1694 5398 1789 5465 qui
1822 5399 1994 5453 solent
2018 5401 2100 5453 in-

542 5491 621 5536 ter
666 5484 914 5539 homines
962 5485 1208 5555 reperiri.
1269 5483 1496 5554 Nempe,
1541 5487 1998 5557 quemadmodum
2042 5491 2099 5558 in

614 5642 728 5713 (26)
755 5645 972 5699 Jamnia
1018 5647 1133 5702 sive
1158 5645 1356 5703 lamna
1388 5649 1520 5705 urbs
1549 5649 1821 5705 maritima
1861 5648 2096 5706 Palresti—

541 5729 646 5788 nat,
674 5714 824 5788 baud
861 5718 1048 5788 procul
1078 5716 1269 5788 Joppe,
1318 5720 1413 5774 sed
1451 5721 1580 5775 totis
1610 5736 1681 5773 xx
1717 5720 1948 5776 horariis
1988 5723 2103 5777 leu-

541 5785 621 5860 eis
655 5783 841 5860 dissita
862 5783 909 5839 ’a
939 5783 1221 5860 Ctesarea’,
1252 5789 1846 5860 cujusrarchiepiscopo
1881 5793 2101 5860 subest,

541 5852 706 5907 etiam
740 5853 870 5909 urbe
903 5855 1175 5911 maritima
1206 5852 1266 5913 in
1305 5852 1549 5914 confiniis
1585 5852 1892 5917 Phoenicim.

2205 4670 2294 4725 τοῦ
2324 4667 2585 4739 Σελεύκου
2612 4665 3024 4737 διαπρέψαντος,
3074 4662 3167 4716 καὶ
3194 4661 3290 4732 τὴν
3327 4663 3423 4733 τῆς
3458 4679 3773 4734 στρατιωτιιο

2205 4762 2306 4832 κῆς
2335 4760 2491 4825 ἀξίας
2518 4755 2789 4828 ἀποϐολὴν
2815 4755 3142 4827 ἐρρωμένως
3168 4753 3599 4825 καταδεξαμένου
3620 4772 3634 4784 ·
3664 4754 3773 4808 τῶν

2205 4870 2264 4906 τε
2285 4850 2486 4904 λοιπῶν
2507 4850 2600 4901 ἐπὶ
2628 4847 2856 4912 τούτοις,
2883 4845 2972 4899 διὰ
3004 4843 3422 4915 κατηχουμένων
3450 4846 3543 4898 καὶ
3567 4845 3773 4899 πιστῶν

2204 4944 2351 4997 τουτὶ
2389 4941 2722 5015 λοιπὸνυτῆς
2762 4941 2837 5005 ὡς
2878 4942 2935 4993 ὲν
2978 4937 3143 4991 εἰκόνι
3194 4939 3399 5008 σμικρᾷ
3449 4939 3774 5010 μυριάνδρου

2213 5033 2533 5104 Ἐκκλησίας
2566 5032 2891 5101 ἀφομοίωμα
2934 5027 3200 5100 φερούσης
3232 5026 3700 5099 ἀναπληρούντων.

2274 5127 2345 5180 Δ’.
2377 5124 2547 5178 Οὕτω·
2574 5122 2871 5194 παράδοξον
2897 5122 2994 5193 τὴν
3022 5119 3285 5175 τοσούτων
3320 5121 3411 5173 καὶ
3445 5121 3773 5191 τηλικούτων

2190 5215 2497 5289 ’μαρτύρων
2534 5214 2765 5286 ἐκλογὴν
2816 5212 3231 5284 ὲθεωρήσαμεν,
3260 5212 3380 5265 καθ’
3413 5212 3478 5283 ἣν
3529 5214 3771 5283 καίτοιγε

2205 5311 2265 5363 ού
2311 5309 2523 5371 πολλοῖς
2578 5307 2668 5360 τὸν
2720 5304 2949 5378 ἀριθμὸν
2994 5299 3164 5371 οὖσιν,
3210 5305 3357 5375 ὅμως
3389 5305 3539 5359 οὐδὲν
3585 5306 3774 5361 ἀπέδει

2202 5401 2494 5471 ταγμάτων
2540 5401 2597 5452 ἐν
2637 5395 2943 5469 ἀνθρώποις
2986 5395 3405 5467 εὑρισκομένων.
3442 5390 3543 5448 Οἷα
3582 5393 3673 5449 οὖν
3715 5398 3774 5452 ὲν

2205 5491 2514 5563 πολυχόρδῳ
2568 5489 2709 5561 λύρᾳ
2755 5485 2816 5552 ἐξ
2872 5486 3141 5557 ἀνομοίων
3190 5485 3499 5558 συνεστώσῃ
3547 5486 3773 5557 χορδῶν,

2300 5656 2390 5727 27)
2426 5654 2709 5727 Θεόδουλος
2741 5652 2907 5727 enim,
2944 5650 3040 5704 Dei
3067 5665 3245 5703 servus
3276 5648 3683 5727 interpretatur.

2300 5657 2390 5727 27)
2426 5657 2709 5717 Θεόδουλος
2741 5657 2907 5715 enim,
2944 5657 3040 5704 Dei
3067 5665 3245 5703 servus
3276 5657 3683 5715 interpretatur.

2278 5657 2393 5796 ἷξε)
2455 5726 2749 5781 ΡΓξΒιΙὶεῐιιε
2800 5722 3067 5790 interpres
3116 5734 3215 5789 pro
3275 5720 3490 5790 ἑταῖρον
3566 5716 3650 5768 ἒτε
3662 5729 3774 5785 ρον,

2278 5800 2411 5858 ium;
2443 5805 2498 5852 et
2521 5795 2699 5858 vertit,
2731 5810 2836 5850 non
2867 5803 2944 5848 cst
2971 5790 3097 5846 mihi
3129 5789 3212 5858 fas
3248 5788 3406 5844 aliter
3431 5757 3719 5858 adpellare.

2210 5786 2411 5862 alium}
2443 5805 2498 5852 et
2521 5795 2699 5863 vertit,
2731 5810 2836 5867 non
2867 5786 3097 5848 cst—mihi
3118 5786 3212 5859 ’[ασ
3248 5786 3410 5844 aliter
3431 5786 3719 5858 appellare.
