4090 6428
351 461 374 515 Ι
388 462 488 516 557

1867 464 2066 519 ACTA.

3454 460 3589 515 1558

348 582 538 647 ὀξειῶν
564 584 657 636 καὶ
694 582 954 657 βαρειῶν·
989 587 1097 644 τῶν
1127 606 1187 643 τε
1217 591 1513 662 ἀνειμένων
1545 588 1637 641 καὶ
1676 589 1885 639 ἑπιτετο

1991 583 2138 654 λιςτει
2178 580 2506 637 chordarum
2541 578 2775 650 plurium
2818 592 3114 648 earumque
3156 578 3298 632 inter
3339 592 3398 632 se
3425 577 3589 633 dissi-

352 674 529 744 μένων
561 676 652 727 καὶ
683 677 883 745 μέσων,
914 679 1385 751 εὑδιηρμοσμένων
1415 679 1637 734 ἀπασῶν
1665 677 1824 748 τέχνῃ
1850 678 1914 745 τῇ

351 764 587 837 μουσικῇ
608 784 620 796 '
655 768 796 822 κατά
827 769 896 822 τὰ
926 771 1061 823 αὖτά
1085 772 1145 843 δὴ
1180 774 1270 825 καὶ
1295 774 1387 825 ἐπὶ
1410 758 1610 824 ¹ξούτων
1638 769 1746 821 νέοι
1777 766 1916 820 κατὰ

342 859 407 909 τὸ
434 860 565 912 αὐτὸ
595 862 687 913 καὶ
716 855 1036 931 πρεσϐῦται,
1061 864 1231 919 δοῦλοί
1259 883 1317 919 τε
1339 863 1473 935 ὁμοῦ
1505 864 1596 916 καὶ¹
1621 860 1912 930 ἐλεύθεροι,

343 949 514 1018 λόγιοι
550 952 643 1005 καὶ
693 953 918 1019 ἰδιῶται,
969 954 1142 1019 ἄδοξοί
1174 974 1236 1009 τε
1280 957 1421 1010 κατὰ
1459 956 1518 1009 τὸ
1557 959 1668 1018 τοῖς
1702 953 1915 1015 πολλοῖς

210 1053 239 1073 τ
328 1040 533 1121 δοκοῦν
559 1044 651 1097 καὶ
673 1044 927 1112 ἐπίδοξοι,
955 1046 1134 1100 πιστοί
1163 1066 1222 1102 τε
1247 1048 1340 1104 καὶ
1367 1048 1778 1119 κατηχούμενοι,
1798 1048 1911 1116 ἅμα

172 3777 199 3790 l

326 1134 434 1186 ικαὶ
463 1133 696 1188 διάκονοι
734 1138 829 1189 σὺν
860 1138 1266 1210 πρεσϐυτέροις,
1296 1140 1346 1193 οί
1380 1139 1597 1202 πάντες,
1724 1137 1787 1191 ἂν
1820 1138 1909 1206 ὑφ’

340 1225 764 1304 ἐνὸςπανσόφου
802 1230 1135 1302 μουσουργοῦ
1163 1231 1257 1283 τοῦ
1296 1230 1615 1303 μονογενοῦς
1642 1228 1735 1281 τοῦ
1773 1226 1907 1280 Θεοῦ

250 1360 253 1361 ν
338 1318 512 1385 Λόγου
563 1320 818 1384 ποικίλως
862 1322 1347 1393 ἀνακρουσθέντες,
1378 1324 1469 1376 καὶ
1497 1323 1594 1392 τῆς
1629 1323 1686 1374 ὲν
1728 1322 1908 1383 αὐτοῖς

334 1407 555 1495 έεκαστοι
584 1410 863 1482 δυνάμεως
890 1413 977 1466 διὰ
1006 1415 1102 1485 τῆς
1128 1414 1235 1468 τῶν
1266 1414 1509 1485 βασάνων
1532 1414 1805 1484 ὑπομονῆς
1824 1413 1908 1466 ὲν-

335 1499 638 1572 δ,ιξάμενοι
668 1504 765 1574 τὴν
809 1505 1031 1577 ἀρετὴν,
1064 1505 1187 1570 τούς
1226 1524 1285 1559 τε
1319 1508 1414 1578 τῆς
1442 1507 1727 1580 ὁμολογίας
1763 1506 1905 1576 λαμ-

336 1593 637 1664 προτάτους
668 1595 760 1647 καὶ
810 1597 1063 1666 ἐμμελεῖς
1088 1637 1101 1660 ,
1136 1598 1423 1669 ἀρμονίους
1463 1616 1523 1651 τε
1565 1598 1656 1651 καὶ
1687 1596 1907 1668 συμφώ-

331 1701 457 1747 νους
496 1684 588 1737 ἐπὶ
628 1686 735 1737 τῶν
778 1685 1137 1758 δικαστηρίων
1174 1688 1440 1758 φθόγγους
1484 1688 1900 1751 ἀποδεδωκότες,

266 1843 281 1855 ς
331 1774 421 1843 ὑφ’
457 1775 513 1827 ἓν
544 1777 637 1830 καὶ
670 1778 835 1830 ταύτὸ
863 1779 1012 1842 τέλος
1043 1778 1137 1850 τὴν
1160 1780 1549 1852 εὐσεϐεστάτην
1578 1780 1671 1858 καὶ
1706 1781 1903 1834 πάνσο-

331 1885 431 1936 φον
461 1868 549 1921 διὰ
582 1870 679 1939 τῆς
712 1870 804 1923 τοῦ
851 1871 1146 1942 μαρτυρίου
1182 1869 1507 1933 τελειώσεως
1527 1870 1602 1941 τῷ
1643 1870 1761 1940 Θεῷ
1793 1869 1900 1922 τῶν

325 1960 463 2012 ὅλων
495 1962 896 2032 ἀπεπλήρωσαν
923 1964 1020 2034 τὴν
1056 1963 1337 2034 μελῳδίαν.

400 2052 474 2104 Ε’.
521 2051 651 2104 ’Υπε
659 2054 794 2124 ρθαυ
804 2053 995 2123 μάζειν
1020 2052 1165 2118 ἄξιον
1195 2055 1285 2107 καὶ
1307 2055 1397 2107 τὸν
1420 2054 1647 2125 ἀριθμὸν
1672 2053 1779 2106 τῶν
1808 2053 1901 2106 ἀν-

322 2139 468 2215 δρῶν
504 2142 837 2211 προφητικὸν
867 2140 1128 2213 δηλοῦντα
1161 2143 1317 2214 χορόν
1338 2160 1352 2173 ’
1388 2142 1592 2196 δώδεκα
1626 2142 1733 2214 γὰρ
1762 2138 1897 2195 εἶναι

327 2232 537 2303 συνέϐη
558 2234 682 2297 τοὺς
717 2234 941 2299 πάντας,
981 2238 1213 2299 ὁπόσους
1258 2238 1600 2307 πατριάρχας
1635 2237 1728 2288 καὶ
1766 2253 1891 2307 προ-

325 2323 502 2394 φήτας
537 2326 630 2377 καὶ
675 2326 1001 2390 ἀποστόλους
1039 2327 1288 2395 γενέσθαι
1337 2328 1769 2399 παρειλήφαμεν.
1815 2326 1892 2380 Οῦ

321 2429 431 2485 περ
463 2415 685 2487 ἑτέρων,
719 2417 836 2469 οὐδὲ
864 2417 961 2480 τὰς
996 2417 1135 2471 κατὰ
1176 2419 1339 2489 μέρος
1373 2419 1602 2472 ἑκάστου
1634 2418 1914 2488 πολυτλή--

319 2506 453 2566 τους
470 2504 738 2574 ἀνδρείας,
765 2506 905 2559 κατά
931 2506 1038 2559 τῶν
1069 2506 1315 2579 πλευρῶν
1351 2508 1543 2573 ξέσεις,
1572 2510 1664 2561 καλ¹
1685 2508 1780 2571 τάς
1807 2508 1893 2561 διὰ

317 2595 522 2666 τριχῶν
555 2598 748 2663 αἰγίων
787 2597 928 2668 ὑφῆς
957 2597 1098 2651 κατά
1123 2598 1230 2652 τῶν
1263 2598 1555 2664 ξεσθέντων
1581 2599 1674 2653 τοῦ
1710 2598 1894 2670 σώμα-

316 2702 410 2749 τος
454 2686 634 2758 μερῶν
674 2690 968 2760 έκτρίφεις,
1004 2692 1102 2754 τάς
1147 2708 1206 2744 τε
1236 2691 1564 2761 ἀνηκέστους
1601 2692 1914 2763 μάστιγαςςδ

318 2777 412 2830 καὶ
458 2778 559 2842 τὰς
604 2780 973 2852 πολυτρόπους
1016 2783 1110 2837 καὶ
1154 2783 1557 2855 ἐνηλλαγμένας
1602 2779 1887 2855 βασάῦους,

315 2870 494 2933 δεινάς
524 2887 583 2924 τε
626 2873 720 2925 καὶ
749 2873 1216 2947 δυσκαρτερήτους
1250 2876 1636 2948 στρεϐλώσεις,
1664 2877 1732 2941 ἃς
1770 2877 1891 2930 ἐπι-

316 2959 673 3032 κελευομένου
714 2962 807 3015 τοῦ
844 2964 1098 3019 δικαστοῦ
1128 2967 1220 3019 καὶ
1256 2969 1411 3039 χερσὶ
1450 2968 1544 3021 καὶ
1581 2969 1884 3022 ποσὶνέπι-

240 3111 259 3121 -
313 3049 578 3114 τείνοντες
604 3053 652 3103 oi
686 3052 987 3124 δορυφόροι,
1022 3058 1085 3126 τῇ
1114 3055 1203 3127 βίᾳ
1231 3057 1643 3135 κατηνάγκαζον
1678 3058 1885 3129 πρᾶξαί

312 3156 365 3193 τι
398 3140 506 3194 τῶν
531 3144 913 3215 ἀπειρημένων
945 3148 1071 3211 τοὺς
1098 3150 1415 3222 μάρτυραςρ

387 3320 452 3384 εἶ’
512 3320 575 3370 Τί
603 3321 707 3391 χρὴ
738 3321 915 3388 λέγειν
940 3321 1038 3386 τὰς
1066 3324 1423 3395 ἀειμνήστους
1450 3326 1556 3380 τῶν
1585 3327 1883 3384 θεσπεσίων

312 3407 514 3476 φωνὰς,
549 3410 606 3461 ὲν
636 3406 720 3472 αἶς
743 3408 901 3482 ἦττον
932 3414 1344 3485 πεφροντικότες
1371 3416 1478 3468 τῶν
1510 3417 1703 3481 πόνων,
1742 3418 1884 3491 λαμ-

302 3499 435 3571 νπρῷ
467 3501 559 3552 καὶ
589 3502 797 3573 φαιδρῷ
824 3504 1115 3575 προσώπῳ,
1148 3505 1244 3568 τὰς
1269 3508 1360 3561 τοῦ
1383 3507 1633 3563 δικαστοῦ
1665 3512 1884 3577 πεύσεις

310 3592 645 3662 ἀμείϐοντες,
671 3594 807 3666 πρὸς
827 3596 1015 3660 αὐταῖς
1038 3598 1287 3667 βασάνοις
1308 3599 1571 3666 γελῶντες
1596 3602 1879 3673 ἀνδρικῶς,

310 3686 430 3755 ἤθει
463 3704 522 3739 τε
564 3688 835 3759 σπουδαίῳ
871 3692 1385 3763 κατειρωνευόμενοι
1427 3694 1589 3746 αὐτοῦ
1619 3694 1715 3758 τὰς
1748 3698 1883 3767 ἐρω-

309 3778 528 3847 τήσεις;
572 3779 875 3850 Ἐρωμένου
904 3781 1012 3853 γὰρ
1032 3783 1223 3838 ὁπόθεν
1252 3780 1382 3848 εἷεν,
1415 3784 1511 3856 τὴν
1540 3787 1631 3839 ἐπὶ
1659 3789 1758 3858 γῆς
1783 3788 1881 3840 πό-

308 3868 390 3921 λιν
428 3868 654 3943 φράζειν
695 3870 979 3943 παρέντες,
1011 3876 1110 3946 τὴν
1138 3874 1307 3939 ὅντως
1342 3878 1545 3929 ἑαυτῶν
1592 3879 1880 3950 ἀνεδήλουν

266 3961 561 4031 κπατρίδα,
601 3963 707 4021 ἀπὸ
763 3964 1117 4035 Ἰερουσαλὴμ
1160 3968 1387 4031 ἑαυτοὺς
1434 3970 1875 4041 ἀναγορεύοντες,

290 4051 583 4121 ,ἐνέφαινον
615 4053 669 4105 δὲ
702 4054 807 4123 ἄρα
849 4055 989 4107 κατὰ
1018 4056 1108 4109 τὸν
1138 4058 1315 4110 αὐτῶν
1357 4058 1479 4110 νοῦν
1512 4059 1607 4131 τὴν
1641 4062 1877 4134 ἐπουρά-

306 4156 417 4193 νιον
448 4142 539 4194 τοῦ
569 4142 724 4205 Θεοῦ,
756 4145 839 4212 ἐφ’
871 4145 935 4210 ἢν
982 4146 1075 4198 καὶ
1109 4147 1363 4200 ἔσπευδον
1411 4148 1583 4212 πόλιν,
1620 4152 1711 4204 καὶ
1742 4151 1875 4206 ἄλλα

304 4229 360 4283 δὲ
389 4232 794 4302 τοιουτότροπα,
818 4234 1067 4303 ἄγνωστα
1092 4237 1186 4305 μὲν
1212 4239 1304 4292 καὶ
1325 4238 1602 4293 ἀσύνοπτα
1627 4244 1737 4305 τοῖς
1764 4243 1872 4295 τῶν

307 4320 465 4391 ἱερῶν
510 4324 813 4390 ἀγεύστοις,
852 4327 1029 4396 μόνοις
1065 4327 1119 4379 δὲ
1163 4330 1345 4393 αὐτοῖς
1393 4330 1484 4383 καὶ
1512 4334 1622 4393 τοῖς
1667 4333 1732 4384 ἐκ
1771 4333 1873 4402 τῆς

303 4414 450 4479 θείας
480 4417 712 4481 πίστεως
739 4418 1085 4491 ὡρμημένοις
1116 4422 1470 4493 ἀριδηλότατα
1499 4424 1832 4496 προσέφερον
1852 4441 1865 4455 ο

303 4509 385 4576 ἐφ’
426 4502 506 4570 οἷς
548 4508 603 4559 δὲ
660 4509 893 4578 μάλιστα
939 4512 968 4563 ὁ
1016 4511 1274 4584 δικαστὴς
1322 4515 1720 4582 ἀγανακτικῶς,
1773 4518 1868 4570 καὶ

2025 673 2256 738 milium,
2302 680 2476 725 acutae
2504 680 2557 725 et
2590 684 2800 741 graves,
2836 669 3064 722 intensze
3091 683 3156 722 ac
3183 667 3446 734 remissae,
3480 684 3589 723 me-

2022 759 2251 828 diaeque,
2302 774 2399 828 per
2439 759 2707 812 musicam
2751 764 2920 810 artem
2971 757 3108 810 belle
3138 761 3583 812 concordantur:

2022 850 2100 903 sic
2128 850 2258 902 etin
2296 850 2433 913 istis,
2457 850 2681 918 juvenes
2704 864 2825 901 cum
2864 851 3106 914 senibus,
3139 854 3278 903 servi
3304 865 3425 902 cum
3453 850 3585 902 iibe-

2021 942 2117 1004 ris,
2168 941 2312 995 docti
2363 952 2416 994 et
2450 940 2671 1005 indocti,
2733 942 2939 995 nobiles
2985 951 3037 995 et
3088 942 3381 994 secundum
3439 941 3581 1009 vulgi

2019 1031 2432 1085 aestimationem
2489 1031 2774 1099 ignobiles,
2837 1032 3020 1085 ﬁdeles
3076 1042 3128 1085 et
3180 1031 3580 1096 cateeliumeni,

2016 1122 2227 1175 diaconi
2259 1131 2422 1191 atque
2455 1121 2782 1192 presbyteri;
2820 1133 3075 1189 tanquam
3109 1122 3356 1190 pulsante
3381 1136 3474 1174 cos
3496 1120 3580 1172 di-

2018 1213 2324 1267 versimode
2395 1214 2799 1283 sapientissimo
2858 1215 3093 1268 musices
3162 1214 3418 1280 magistro
3482 1211 3578 1267 Dei

2018 1304 2216 1368 Verbo,
2254 1318 2406 1356 suam
2442 1305 2640 1373 singuli
2672 1320 2765 1373 per
2800 1314 3196 1357 tormentorum
3232 1302 3577 1357 tolerantiam

2015 1395 2366 1450 ostendentes
2409 1397 2684 1462 virtutem,
2734 1397 3129 1465 pulcherrimos
3165 1396 3405 1465 beneque
3442 1410 3577 1448 con-

2012 1488 2206 1541 cordes
2261 1488 2621 1541 confessionis
2680 1489 2929 1541 modulos
2979 1503 3160 1541 coram
3215 1486 3576 1541 tribunalibus

2012 1578 2410 1646 personabant;
2454 1578 2729 1631 communi
2762 1578 2993 1647 denique
3027 1579 3132 1632 (ine
3182 1594 3277 1649 per
3320 1592 3576 1631 consum-

2011 1670 2310 1723 mationem
2362 1670 2627 1739 martyrii,
2678 1671 3072 1739 pientissimam
3116 1671 3279 1725 simul
3322 1670 3574 1726 doetissi-

2012 1779 2272 1833 unamque
2300 1763 2682 1818 concludentes
2708 1762 2994 1816 melodiam
3023 1762 3132 1816 Deo
3157 1763 3400 1816 omnium
3438 1777 3572 1817 con-

2006 1856 2187 1909 ditori.

2075 2027 2140 2084 γ.
2195 2028 2299 2084 Sed
2334 2038 2388 2084 et
2418 2030 2855 2086 consideratione
2882 2031 3143 2101 singulari
3175 2030 3372 2099 dignus
3394 2038 3479 2085 est
3503 2031 3569 2085 il-

2002 2121 2177 2175 lorum
2225 2138 2525 2191 numerus,
2580 2124 2955 2193 propheticum
3002 2134 3394 2194 repraesentans
3433 2124 3567 2179 cho-

2001 2229 2122 2267 rum
2152 2231 2164 2267 :
2194 2223 2349 2269 erant
2376 2216 2520 2269 enim
2556 2216 2849 2270 universim
2882 2218 3189 2283 duodecim,
3235 2227 3368 2286 quot
3398 2218 3562 2270 etiam

1998 2308 2359 2375 patriarchas,
2395 2308 2690 2377 prophetas
2715 2318 2877 2379 atque
2912 2309 3188 2379 apostolos
3213 2308 3383 2363 fuisse
3416 2323 3567 2363 acce-

1997 2399 2197 2467 pimus.
2251 2398 2436 2468 Neque
2482 2400 2711 2454 aliorum
2769 2416 2934 2469 quam
2999 2401 3187 2454 talium
3238 2415 3361 2453 esse
3406 2399 3562 2453 dixe-

1996 2495 2110 2553 rim.
2157 2494 2290 2565 (29),
2348 2496 2428 2549 vel
2476 2496 2907 2567 uniuscujusque
2956 2511 3145 2549 eorum
3209 2492 3561 2562 multiplicem

1989 2578 2387 2654 fortitudinem,
2419 2590 2559 2643 inter
2583 2592 2851 2644 sectiones
2879 2590 3128 2653 laterum,
3155 2599 3207 2641 et
3228 2587 3556 2640 laniatorum

1993 2682 2190 2735 deinde
2219 2683 2464 2751 corporis
2499 2683 2666 2735 totius
2709 2682 3079 2735 membrorum
3124 2679 3426 2732 attritiones
3463 2691 3560 2745 per

1992 2771 2237 2826 cilicinos
2267 2787 2331 2826 ex
2364 2772 2501 2826 lanis
2542 2771 2779 2839 caprinis
2823 2785 3033 2839 pannos
3055 2810 3069 2831 ,
3105 2778 3158 2822 et
3197 2766 3557 2821 intolerabilia

1991 2862 2211 2917 verbera
2233 2864 2514 2932 variaque,
2536 2872 2589 2917 et
2612 2871 2940 2940 commutata
2957 2861 3247 2915 identidem
3263 2866 3555 2922 tormenta,

1990 2971 2053 3011 ac
2092 2971 2282 3026 graves
2324 2955 2859 3023 inunanissimosque
2908 2955 3214 3018 cruciatus;
3244 2966 3383 3021 quos
3429 2965 3553 3005 cum

1989 3046 2055 3099 ad
2091 3045 2375 3114 imperium
2400 3044 2602 3114 judicis
2649 3044 2871 3098 lictores
2917 3042 3258 3096 intenderent
3297 3041 3552 3095 manibus

1989 3138 2344 3207 pedibusque,
2374 3138 2521 3191 omni
2547 3136 2801 3191 violentia
2840 3135 3151 3189 nitebantur
3177 3148 3368 3204 cogere
3392 3147 3555 3199 mar-

1910 3264 1952 3323 ο
1986 3240 2132 3301 tyres
2164 3230 2229 3284 ad
2257 3229 2460 3299 aliquid
2488 3229 2736 3283 illicitum
2764 3228 3091 3283 faciendum.

2063 3320 2148 3375 Vl.
2180 3321 2318 3387 Quid
2364 3337 2526 3391 porro
2556 3336 2779 3376 necesse
2813 3330 2897 3375 est
2938 3320 3142 3376 referre
3171 3321 3291 3375 illas
3337 3334 3551 3391 semper

1990 3413 2374 3467 memorabiles
2408 3427 2596 3466 eorum
2633 3417 2810 3477 νάιος,
2841 3428 2978 3482 quas
3014 3413 3220 3467 medios
3262 3413 3403 3465 inter
3449 3412 3550 3465 do-

1984 3506 2128 3561 lores
2158 3522 2347 3560 sereno
2373 3522 2435 3561 ac
2457 3506 2578 3560 lzeto
2611 3505 2762 3559 vultu
2795 3506 3067 3575 sapienter
3090 3505 3421 3574 reponebant
3465 3504 3551 3557 iu-

1984 3597 2442 3667 terrogatiouibus
2486 3597 2708 3667 judicis,
2763 3612 3021 3668 generose
3052 3596 3277 3650 ridendo
3310 3595 3375 3649 ad
3430 3595 3550 3663 ejus

1984 3699 2289 3756 tormenta,
2345 3698 2438 3743 aut
2486 3690 2725 3761 gratioso
2774 3690 3007 3759 quodam
3067 3690 3231 3743 modo
3284 3687 3550 3742 eludendo

1984 3783 2289 3851 propositas
2339 3784 2407 3836 ab
2446 3797 2511 3835 eo
2572 3780 2938 3851 quaestiones?
2984 3781 3358 3849 luterrogante
3401 3778 3546 3833 enim

1982 3875 2094 3934 illo.
2126 3876 2394 3929 undenam
2424 3884 2643 3941 essent;
2678 3889 2776 3943 pro
2802 3889 2868 3928 eo
2892 3874 3036 3942 quod
3065 3873 3135 3928 de
3163 3881 3374 3926 terrena
3407 3872 3546 3927 civi-

1981 3979 2088 4023 tate
2101 3971 2507 4038 responderent,
2529 3984 2708 4023 veram
2724 3969 2772 4022 ei
2790 3983 2943 4022 suam
2966 3967 3274 4020 iudicabant
3291 3965 3543 4034 patriam,

1976 4063 2045 4114 ab
2096 4060 2431 4114 Hierusalem
2473 4075 2531 4113 se
2567 4074 2686 4112 esse
2734 4059 3125 4128 praedicantes;
3174 4055 3543 4124 intelligeban:

1978 4162 2156 4208 autem
2187 4154 2463 4206 cmicstem
2492 4150 2637 4204 illam
2675 4149 2791 4213 Dei,
2827 4163 2936 4219 quo
2975 4147 3323 4211 festinabant,
3349 4147 3542 4201 civita-

1975 4232 2087 4301 teni
2106 4265 2120 4312 ;
2154 4256 2206 4301 et
2232 4248 2338 4301 alia
2364 4246 2631 4315 ejusmodi
2656 4244 2805 4298 varia
2833 4243 3104 4304 dicebant,
3136 4239 3429 4308 inexpertis
3451 4253 3537 4293 sa-

1972 4355 2188 4393 crarum
2216 4354 2395 4393 rerum
2423 4353 2531 4391 non
2558 4335 2937 4405 intelligibilia,
2964 4342 3016 4387 et
3043 4332 3174 4387 solis
3194 4330 3389 4385 divinae
3412 4328 3536 4383 ﬁdei

1972 4430 2317 4485 consortibus
2351 4428 2635 4484 manifesta
2662 4448 2674 4483 :
2706 4428 2905 4498 quibus
2926 4425 3093 4496 judex
3122 4423 3295 4493 magis
3315 4436 3537 4476 exacero

1970 4523 2148 4589 batus,
2182 4523 2470 4591 animoque
2512 4531 2769 4584 :estuans,
2800 4533 2977 4588 neque
3006 4518 3136 4587 quid
3174 4522 3355 4587 ageret
3383 4527 3535 4567 com-

306 4598 447 4668 μάλα
485 4598 716 4670 ὀργίλως
747 4601 1053 4669 σφαδάζων,
1095 4604 1188 4656 καὶ
1221 4604 1310 4657 τὸν
1341 4604 1595 4675 λογισμὸν
1634 4607 1867 4678 ἀπορού-

1991 4614 2212 4677 ieriens,
2245 4630 2312 4667 ne
2359 4614 2464 4667 illis
2511 4613 2751 4676 cederet,
2785 4623 3143 4679 quascunque
3175 4604 3535 4675 ‘excogitabat

304 4707 460 4758 μενος
492 4691 768 4756 ποικίλως,
797 4693 871 4756 ὡς
900 4692 965 4745 ἂν
994 4693 1068 4765 μὴ
1096 4696 1374 4767 ἡττηθείη,
1402 4697 1499 4760 τάς
1537 4698 1654 4762 κατ’
1687 4698 1864 4751 αὐτῶν

299 4780 504 4833 ἐπενόει
543 4784 788 4853 μηχανάς
806 4800 819 4812 ·
857 4782 1089 4838 κᾶπειτα
1117 4785 1296 4839 πεσὼν
1328 4788 1426 4857 τῆς
1454 4788 1684 4852 ἐλπίδος,
1714 4789 1863 4853 τέλος

299 4870 511 4942 ἑκάστῳ
539 4872 608 4925 τά
641 4875 737 4945 τῆς
785 4876 939 4947 νίκης
974 4877 1342 4948 ἀποφέρεσθαι
1379 4879 1683 4952 παρεχώρει
1732 4880 1862 4951 βρα-

299 4960 436 5014 ϐεῖα.
487 4958 734 5028 Ποικίλος
778 4966 822 5019 δ’
849 4961 916 5037 ἦν
946 4967 1124 5021 αὐτῶν
1159 4969 1252 5022 καὶ
1283 4971 1311 5020 ὁ
1340 4970 1435 5041 τῆς
1459 4970 1712 5041 τελευτῆς
1738 4973 1861 5042 τρό-

300 5069 428 5116 πος·
457 5054 601 5109 δυεῖν
635 5057 730 5126 μὲν
764 5057 871 5111 τῶν
910 5059 966 5111 ἐν
998 5059 1177 5123 αὐτοῖς
1210 5062 1627 5131 κατηχουμένων
1658 5062 1733 5132 τῷ
1773 5063 1859 5116 διὰ

298 5145 467 5217 πυρὸς
507 5146 839 5218 βαπτίσματι
883 5150 1300 5204 τελειωθέντων·
1344 5153 1528 5223 ἐτέρου
1562 5153 1617 5206 δε
1653 5153 1730 5224 τῷ
1764 5153 1858 5207 τοῦ

299 5238 560 5308 σωτηρίου
614 5238 817 5301 πάθους
872 5242 1112 5310 σχήματι
1176 5242 1592 5312 παραδοθέντος·
1646 5245 1752 5297 τῶν
1802 5247 1859 5299 δὲ

270 5329 433 5398 ἀμφὶ
459 5329 520 5382 τὸ
557 5330 799 5384 ποθεινόν
827 5349 917 5403 μοι
942 5333 1141 5404 ὄνομα,
1179 5334 1546 5389 διαλλάττουσι
1586 5338 1853 5409 βραδείοις

294 5419 731 5491 ἀναδησαμένων.
1408 5490 1411 5495 Ι

361 5512 431 5564 Z'.
462 5514 598 5567 Τάδε
625 5515 721 5584 μὲν
747 5509 837 5567 οῦν
866 5517 997 5586 φαίη
1021 5518 1083 5571 ἄν
1105 5535 1187 5582 τις
1206 5517 1631 5590 καθολικώτερον
1654 5521 1856 5576 τούτων

296 5604 656 5673 μεμνημένος,
690 5606 827 5658 κατά
877 5607 1040 5677 μέρος
1068 5608 1122 5661 δὲ
1161 5608 1387 5661 ἕκαστον
1429 5609 1678 5673 ἐπεξιὼν,
1710 5614 1853 5665 εἰκό-

285 5710 395 5758 τως
437 5694 502 5748 ἂν
558 5695 650 5749 τοῦ
705 5696 866 5768 χοροῦ
922 5698 1014 5750 τὸν
1071 5701 1456 5773 πρωτοστάτην
1509 5702 1848 5774 μακαρίσεις.

1971 4705 2286 4770 machinas;
2318 4719 2383 4757 ac
2424 4702 2673 4770 denique,
2703 4701 2942 4769 dejectus
2975 4712 3071 4767 spe
3100 4695 3269 4761 omni,
3318 4692 3533 4748 unicui-

1966 4810 2073 4866 que
2098 4810 2288 4849 eorum
2316 4793 2553 4848 victoriae
2584 4790 2883 4862 assignavit
2915 4787 3183 4843 bravium.
3217 4784 3322 4839 Sed
3349 4785 3404 4837 in
3426 4783 3531 4836 hoc

1965 4887 2121 4956 quasi
2155 4887 2339 4939 varius
2370 4893 2486 4938 erat
2528 4883 2720 4937 modus
2748 4901 2761 4936 :
2792 4897 2916 4935 nam
2949 4880 3162 4935 duobus
3193 4876 3409 4947 quidem
3436 4889 3530 4927 eo-

1965 4993 2085 5029 rum
2134 4976 2313 5029 adhuc
2358 4974 2785 5038 catechumeuis,
2822 4988 2955 5029 suus
2989 4988 3083 5042 per
3126 4972 3301 5040 ignem
3347 4965 3539 5035 bapli-y

1964 5084 2116 5123 smus
2144 5068 2373 5137 obtigit:
2405 5067 2558 5120 alteri
2586 5066 2837 5120 salviﬁca:
2868 5062 3137 5133 passionis
3186 5056 3404 5128 imagini
3437 5072 3528 5112 as-

1969 5159 2223 5225 similati;
2274 5159 2452 5213 caeteri
2498 5172 2626 5211 vero
2656 5159 2747 5228 qui
2788 5172 2910 5211 cum
2951 5155 3145 5209 dilecto
3178 5166 3300 5207 meo
3339 5160 3523 5216 erant,

1964 5251 2174 5304 diversa
2212 5252 2349 5303 inter
2380 5264 2438 5303 se
2470 5248 2686 5317 praemia
2714 5246 2893 5315 partiti
2923 5254 3066 5299 sunt.

2032 5472 2143 5570 Vll'.
2166 5516 2343 5587 Atque
2374 5517 2489 5570 hzec
2512 5514 2709 5570 dixerit
2737 5514 2952 5583 aliquis,
2985 5514 3224 5582 ipsorum
3246 5511 3434 5566 volens
3459 5511 3517 5568 in

1957 5626 2151 5681 genere
2180 5611 2524 5675 meminisse;
2558 5609 2868 5678 singillatim
2912 5623 3039 5662 vero
3069 5622 3164 5662 eos
3192 5604 3520 5675 praedicatu-

1956 5720 2070 5771 rus,
2096 5705 2219 5775 jure
2264 5705 2458 5759 merito
2485 5703 2650 5758 totius
2689 5702 2839 5758 chori
2870 5701 3059 5757 ducem
3090 5700 3145 5754 in
3178 5698 3369 5770 primis
3398 5698 3515 5755 lau-

363 5890 472 5958 (29)
514 5888 735 5946 Videtur
775 5891 863 5948 bic
892 5893 1093 5963 aliquid
1124 5894 1311 5950 deesse
1339 5897 1525 5952 (ἔγρεο
1556 5897 1723 5953 textui
1767 5900 1836 5954 ad
1875 5917 2092 5956 sensum
2129 5901 2527 5970 complendum.
