4090 6386
602 413 627 470 ’l
642 415 745 471 539

1791 408 1846 464 S.
1885 404 2208 463 PAMPHILI
2243 404 2597 461 MARTYRIS

598 524 829 598 (laverit.
859 524 1173 595 Pamphilus
1207 524 1299 580 hic
1326 523 1447 589 fuit,
1483 524 1564 578 vir
1603 524 1694 581 Dei
1722 524 2158 589 amantissimus1

2241 575 2243 582 λ
2271 520 2555 592 Πάμφιλος
2583 512 2736 583 οὗτος
2763 514 2850 591 ἧν,
2882 521 2911 571 ὁ
2941 519 3193 591 θεοφιλὴς
3220 518 3386 584 ὅντως
3416 518 3551 593 ἀνὴρ
3582 520 3677 575 καὶ
3710 526 3847 577 πάν-

597 626 655 671 ει
683 632 811 673 vere
834 618 1042 672 amicus
1063 617 1307 671 omnium
1333 616 1465 687 (30),
1496 615 1793 671 secundum
1820 615 2170 686 signiﬁcatio-

599 723 726 763 nem
776 708 1016 763 nominis
1045 707 1153 774 sui,
1203 705 1557 762 Caesariensis
1590 704 1846 772 Ecclesia;
1877 719 2168 760 ornamen-

599 805 715 852 tum
753 816 765 853 :
806 813 933 852 nam
985 806 1040 853 et
1067 798 1489 869 presbyteralem
1533 796 1848 853 cathedram
1886 799 2167 870 presbyter

598 892 865 947 exsistens
913 891 1252 960 gloriﬁcavit,
1298 906 1503 947 ornans
1535 890 1700 946 simul
1750 898 1806 946 et
1846 898 2072 947 ornatus
2099 907 2165 947 eo

595 982 741 1050 quod
780 979 855 1034 ibi
899 979 1123 1035 offertur
1155 981 1444 1036 sacriﬁcio.
1479 979 1587 1035 Sed
1618 987 1673 1035 et
1695 980 1817 1036 aliis
1860 994 2080 1052 quoque
2107 982 2162 1037 in

595 1073 759 1127 rebus
804 1086 932 1127 vere
982 1072 1199 1128 divinus
1242 1082 1378 1138 erat,
1427 1072 1731 1142 divinaeque
1780 1071 2161 1142 inspirationis

593 1163 906 1234 particeps:
958 1179 1080 1219 cum
1132 1179 1229 1234 per
1258 1178 1475 1218 omnem
1523 1164 1688 1219 vitam
1737 1164 1953 1220 cunctis
2001 1163 2163 1219 fuerit

592 1254 886 1309 virtutibus
928 1254 1259 1319 cumulatus,
1292 1254 1454 1324 longe
1493 1254 1715 1325 quidem
1750 1255 1929 1311 valere
1962 1254 2161 1325 jubens

589 1345 814 1401 delicias
868 1355 1032 1417 atque
1086 1347 1323 1412 divitias,
1376 1356 1550 1402 totum
1600 1362 1731 1402 vero
1769 1363 1893 1404 sese
1942 1348 2160 1403 tradens

589 1440 757 1494 verbo
804 1438 920 1495 Dei.
974 1439 1315 1495 Renuntians
1347 1438 1492 1493 enim
1529 1438 1799 1495 universae
1825 1454 1947 1508 quae
1990 1439 2093 1495 sibi
2127 1453 2159 1492 a

588 1528 906 1597 parentibus
952 1528 1247 1582 obvenerat
1294 1527 1634 1594 substantiae,
1680 1542 1911 1599 eamque
1959 1528 2154 1592 nudis,

588 1618 894 1683 imbecillis,
913 1619 1202 1689 cgenisque
1222 1618 1576 1686 distribuens,
1595 1619 1711 1688 ipse
1737 1619 1902 1673 vitam
1928 1617 2158 1674 ducebat

588 1709 807 1778 proprio
826 1719 1140 1770 carentem.
1187 1708 1683 1778 exercitationeque
1713 1708 1987 1765 indefessa
2016 1709 2157 1763 divi-

585 1815 712 1853 nam
772 1801 876 1856 sibi
946 1802 1298 1871 comparabat
1362 1801 1788 1871 philosophiam.
1850 1798 1962 1871 (51)
2026 1799 2155 1855 Erat

585 1897 766 1944 autem
812 1903 878 1944 ex
908 1888 1281 1960 Berytensium
1316 1889 1563 1956 civitate,
1618 1889 1710 1944 ubi
1736 1889 1971 1959 primum
2019 1896 2151 1943 tela-

586 1989 694 2034 tem
746 1979 857 2050 egit
906 1980 961 2033 in
1006 1979 1075 2034 iis
1136 1995 1257 2051 quze
1305 1980 1383 2036 ibi
1433 1989 1592 2035 erant
1648 1994 1942 2051 puerorum
1997 1996 2151 2052 gym-

585 2070 757 2125 nasiis
811 2089 825 2124 :
883 2081 1173 2143 postquam
1219 2087 1349 2128 vero
1398 2072 1677 2143 ingenium
1729 2072 1849 2142 ejus
1892 2072 1957 2127 ad
2019 2073 2151 2128 viri-

583 2160 688 2215 lem
730 2169 945 2217 aetatem
987 2162 1286 2229 maturuit,
1333 2164 1587 2219 transivit
1632 2164 1700 2219 ad
1741 2179 2020 2219 sacrarum
2062 2165 2151 2219 iit-

581 2261 819 2306 tcrarum
841 2252 1113 2320 studium;
1135 2252 1370 2324 vitaeque
1397 2254 1629 2309 formam
1659 2256 1883 2311 omnino
1908 2254 2147 2310 divinam

577 2349 634 2395 et
661 2342 1030 2411 propheticam
1067 2344 1335 2414 suscepit;
1381 2361 1548 2415 seque
1597 2344 1693 2400 Dei
1722 2360 1913 2401 verum
1945 2353 2150 2417 marty-

578 2446 716 2495 rem,
741 2432 905 2487 etiam
932 2443 1058 2489 ante
1083 2435 1207 2490 vitae
1228 2436 1412 2498 linem,
1446 2436 1716 2506 probavit.

649 2517 782 2574 Vill.
817 2519 882 2575 Et
910 2524 1035 2578 talis
1061 2526 1278 2594 quidem
1316 2534 1434 2581 erat
1474 2525 1789 2598 Pamphilus
1825 2547 1839 2582 :
1870 2528 2145 2585 secundus

575 2624 706 2664 vero
733 2625 856 2665 cum
887 2613 978 2669 illo
1018 2616 1083 2670 ad
1129 2631 1356 2686 agonem
1395 2619 1667 2689 processit
1691 2618 1891 2676 Valens
1913 2662 1930 2687 ,
1978 2636 2146 2692 gran-

574 2700 723 2756 daeva
774 2718 839 2758 ac
882 2707 1174 2762 reverenda
1228 2710 1428 2766 canitie
1483 2712 1856 2781 conspicuus,
1915 2714 2145 2783 ipsoque

573 2788 792 2861 aspectu
825 2797 1152 2853 venerabilis
1183 2814 1343 2855 senex
1372 2818 1385 2855 :
1424 2801 1647 2872 insuper
1672 2817 1805 2858 vero
1834 2803 2140 2859 divinarum

542 2880 977 2952 'Scripturarum
1002 2876 1331 2960 intelligens,
1385 2891 1432 2947 si
1481 2893 1607 2963 quis
1641 2892 1802 2961 alius,
1842 2908 2142 2965 earumque

573 2977 895 3032 memoriam
931 2980 1246 3051 complexus
1300 2992 1409 3039 tam
1463 2985 1696 3053 ﬁrmam,
1740 2994 1800 3040 ut
1845 2986 1913 3042 ad
1951 2992 2139 3042 e‘arum

571 3078 711 3132 quas
739 3067 792 3122 in
817 3083 882 3124 ea
910 3073 1177 3143 repositas
1204 3076 1475 3141 servabat,
1511 3092 1790 3133 sacrarum
1817 3080 2138 3149 promissio-

2268 629 2376 665 των
2408 613 2482 677 ὡς
2506 611 2718 684 ἀληθῶς
2739 613 2887 680 φίλος
2907 629 2967 664 τε
2994 611 3087 666 καὶ
3110 612 3474 694 προσήγορος,
3497 613 3847 685 ὲπαληθεύων

2266 702 2366 773 τὴν
2405 702 2736 773 ἐπωνυμίαν,
2779 702 2878 774 τῆς
2929 703 3253 775 Καισαρέων
3297 702 3618 774 Ἐκκλησίας
3659 707 3688 759 ὁ
3723 705 3849 760 κόσ-
3958 700 4004 816 ς.

2269 810 2386 862 μος.
2431 794 2583 846 Ἐπεὶ
2620 794 2711 847 καὶ
2741 792 2839 864 τὴν
2862 791 2970 846 τῶν
2999 792 3384 866 πρεσϐυτέρων
3409 794 3691 866 καθέδραν.
3713 813 3848 866 πρε-

2268 883 2526 956 σϐύτερος
2558 883 2633 939 ὢν
2664 883 2910 949 ἐδόξαζε,
2943 883 3164 953 κοσμῶν
3191 884 3326 955 ὁμοῦ
3354 885 3448 939 καὶ
3477 885 3845 958 κοσμούμενος

2262 978 2329 1046 τῇ
2367 975 2598 1029 ἐνταῦθα
2640 976 2976 1047 λειτουργίᾳ·
3014 975 3120 1028 κᾶν
3147 978 3259 1040 τοῖς
3301 975 3482 1041 ἄλλοις
3513 976 3570 1031 δὲ
3606 977 3747 1042 θεῖος
3773 974 3843 1051 ἦν

2262 1067 2430 1133 ὅντως
2459 1068 2555 1122 xai
2582 1067 2733 1132 θείας
2761 1068 2999 1139 μετέχων
3024 1067 3400 1138 ἐμπνεύσεως·
3434 1069 3558 1122 ἐπεὶ
3585 1069 3678 1122 καὶ
3710 1069 3842 1141 παρ’

2261 1158 2380 1212 ὅλον
2420 1157 2586 1213 αὐτοῦ
2632 1159 2725 1212 τὸν
2769 1158 2884 1229 βίον
2917 1159 3085 1231 ἀρετῇ
3126 1160 3273 1231 πάσῃ
3316 1159 3621 1233 διαπρέψας
3658 1160 3839 1233 ἔτυχε.

2265 1249 2450 1321 μακρὰ
2501 1250 2599 1322 μὲν
2639 1251 2847 1323 χαίρειν
2887 1249 3056 1305 εἰπὼν
3102 1254 3278 1323 τρυφῇ
3324 1252 3418 1304 καὶ
3463 1252 3694 1307 πλούτου
3745 1271 3840 1306 πε-

2265 1342 2476 1413 ριουσίᾳ.
2497 1381 2512 1405 ,
2555 1341 2674 1395 ὅλον
2695 1342 2751 1395 δὲ
2784 1341 2974 1395 ἑαυτὸν
3007 1342 3227 1405 ἀναθεὶς
3253 1340 3347 1413 τῷ
3366 1342 3461 1395 τοῦ
3492 1342 3628 1396 Θεοῦ
3657 1344 3799 1415 λόγῳ
3818 1361 3834 1375 ·

2259 1432 2587 1503 ἀπώὁμενός
2604 1434 2667 1501 γέ
2689 1450 2769 1485 τοι
2789 1432 2858 1485 τὰ
2884 1433 2965 1496 εἰς
2989 1432 3149 1493 αὐτὸν
3179 1433 3456 1505 προγόνων
3479 1435 3680 1505 ἥκοντα
3700 1453 3839 1506 γυμ-

2257 1526 2387 1587 νοῖς,
2418 1526 2610 1596 πηροίς
2641 1524 2735 1578 καὶ
2763 1524 2987 1595 πένησιν
3016 1522 3233 1577 ἅπαντα
3253 1562 3266 1587 ,
3297 1523 3459 1589 αὐτὸς
3488 1526 3545 1578 ἐν
3564 1526 3855 1597 ἀκτήμονι’

2255 1614 2407 1688 διῆγε
2451 1616 2551 1691 βίῳ
2578 1616 2646 1669 δι’
2683 1617 2970 1687 ἀσκήσεως
2998 1616 3475 1689 καρτερικωτάτης
3513 1621 3611 1691 τὴν
3653 1617 3835 1671 ἔνθεον

2259 1704 2455 1776 μετιὼν
2485 1704 2823 1775 φιλοσοφίαν.
2850 1704 3129 1776 [Ὤρμᾶτο
3168 1705 3267 1775 μὲν
3301 1700 3394 1759 οῦν
3427 1707 3490 1759 ὲκ
3517 1707 3615 1777 τῆς
3649 1706 3832 1778 Βηρυ-

2255 1796 2385 1849 τίων
2428 1797 2659 1862 πόλεως,
2693 1796 2823 1853 ἔνθα
2847 1797 2946 1869 τὴν
2985 1796 3205 1869 πρώτην
3244 1797 3461 1869 ἡλικίαν
3489 1800 3601 1861 τοῖς
3646 1798 3833 1853 αὐτόθι

2182 1873 2224 1927 Β
2252 1884 2554 1957 ἐτέθραπτο
2583 1886 2988 1958 παιδευτηρίοις
3008 1903 3020 1915 ·
3054 1886 3176 1939 ἐπεὶ
3202 1886 3260 1938 δὲ
3289 1885 3358 1939 τὰ
3390 1887 3494 1955 τῆς
3517 1890 3833 1961 φρονήσεως

2251 1976 2331 2040 εἰς
2366 1975 2601 2040 τελείους
2635 1976 2833 2048 ἄνδρας
2877 1976 3025 2048 αὐτῷ
3064 1977 3313 2049 προσῄει,
3366 1979 3681 2050 μετέϐαινεν
3724 1980 3832 2035 ἀπὸ

2248 2065 2416 2119 τῶνδε
2446 2067 2538 2119 ἐπὶ
2569 2067 2669 2139 τὴν
2703 2066 2809 2121 τῶν
2849 2067 3009 2140 ἱερῶν
3032 2067 3203 2137 λόγων
3229 2071 3565 2143 ἐπιστήμην·
3597 2072 3832 2143 ἀνελάμ-

2250 2156 2377 2211 ϐανε
2401 2158 2457 2211 δὲ
2485 2158 2669 2213 ἐνθέου
2698 2160 2790 2214 καὶ
2810 2160 3145 2232 προφητικοῦ
3176 2159 3292 2231 βίου
3312 2162 3532 2233 τρόπον,
3567 2164 3661 2217 καὶ
3691 2162 3828 2218 Θεοῦ

2250 2250 2501 2321 μάρτυρα
2544 2250 2705 2315 αὐτὸς
2740 2250 2912 2324 ἀληθῆ
2951 2251 3143 2306 ἑαυτὸν
3174 2252 3269 2306 καὶ
3300 2254 3406 2325 πρὸ
3435 2255 3690 2327 τελευτῆς
3731 2254 3828 2312 τοῦ

2249 2340 2361 2411 βίου
2398 2342 2660 2414 παρίστη.
2683 2343 2702 2415 J

2316 2546 2398 2600 H'.
2436 2545 2575 2600 Ἀλλ’
2600 2547 2628 2598 ὁ
2662 2546 2758 2617 μὲν
2784 2546 3069 2619 Πάμφιλος
3096 2548 3336 2614 τοιοῦτος
3374 2547 3442 2621 ῆν
3464 2567 3476 2580 °
3496 2551 3745 2623 δεύτερος
3768 2553 3824 2608 δὲ

2246 2638 2363 2707 μετ’
2392 2636 2555 2690 αὐτὸν
2592 2638 2686 2691 ἐπὶ
2715 2637 2808 2693 τὸν
2844 2637 3033 2707 ἀγῶνα
3074 2639 3275 2711 παρῄει
3328 2640 3560 2712 Οὐάλης,
3612 2646 3818 2715 γηραιᾷ

2242 2729 2338 2783 καὶ
2378 2729 2695 2802 ἱεροπρεπεῖ
2729 2729 2891 2802 πολιᾷ
2940 2731 3317 2803 τετιμημένος,
3363 2734 3501 2805 αὐτῇ
3536 2751 3597 2787 τε
3649 2752 3818 2806 προσ-

2239 2819 2360 2891 όψει
2391 2819 2586 2891 σεμνὸς
2624 2820 2718 2874 καὶ
2752 2821 2894 2892 ἱερὸς
2924 2822 3261 2896 πρεσϐύτηςο
3296 2825 3358 2878 οὐ
3404 2826 3509 2897 μὴν
3541 2826 3676 2882 ἀλλά
3708 2827 3814 2882 τῶν

2241 2909 2397 2965 θείων
2428 2910 2661 2983 Γραφῶν
2707 2912 2756 2964 εί
2789 2910 2881 2965 καί
2918 2929 3004 2976 τις
3049 2912 3206 2977 ἄλλος
3240 2916 3510 2988 είδήμωνο
3556 2917 3822 2983 τοσαύτας

2238 3002 2303 3070 γέ
2335 3020 2415 3055 τοι
2444 3005 2662 3073 μνήμας
2688 3003 2864 3057 αὐτῶν
2893 3000 3321 3077 ὲνὲστερνίσατο,
3346 3006 3422 3070 ὡς
3445 3008 3579 3081 μηδὲ
3602 3009 3821 3063 ἀποδεῖν

2237 3094 2337 3165 τῆς
2372 3093 2481 3147 ἀπὸ
2505 3094 2848 3165 γραμμάτων
2885 3095 3118 3162 τεύξεως
3156 3098 3255 3161 τὰς
3284 3096 3372 3152 διὰ
3414 3100 3635 3171 μνήμης
3672 3102 3822 3172 αύτῷ

571 3176 702 3215 num
756 3176 938 3227 usum,
978 3179 1086 3219 non
1116 3176 1298 3237 egeret
1325 3169 1579 3238 praesidio
1610 3170 1860 3227 litteralis
1881 3171 2134 3255 subsidii.

571 3250 827 3279 n..-.....:-
888 3264 1062 3279 ---.-...
1115 3258 1237 3279 4-1:-
1309 3269 1441 3279 -__-.
1586 3260 1652 3279 ιε-
1675 3276 1721 3279 _-
1750 3277 1757 3279 Α
1779 3270 1885 3279 ,μη
1954 3270 1995 3279 ._
2026 3278 2083 3279 ην

2241 3182 2556 3279 σωζομένας
2595 3182 2706 3236 τῶν
2743 3184 2903 3255 ἱερῶν
2939 3185 3275 3257 μαθημάτων
3308 3169 3659 3258 ἀπαγγελίας.
3694 3169 3820 3247 Ata—

566 3250 829 3322 Quamvis
886 3264 1065 3311 autem
1115 3258 1240 3313 talis
1302 3269 1447 3316 esset
1477 3301 1493 3325 ,
1573 3250 1894 3317 diaconatus
1953 3270 2132 3318 tamen

2241 3250 2399 3334 κονος
2435 3266 2523 3343 ἦν,
2555 3271 2759 3345 καίπερ
2787 3250 2863 3328 ὧν
2887 3250 3147 3341 τοιοῦτος,
3190 3276 3292 3348 τῆς
3319 3250 3545 3333 Αίλινέων
3588 3250 3817 3354 ’ἐκκλη-

567 3343 737 3412 gradu
761 3343 814 3398 in
828 3343 1058 3401 Alliensi
1070 3346 1183 3418 (32)
1201 3347 1442 3405 Ecclesia
1462 3359 1579 3405 erat
1591 3359 1899 3407 contentus.
1917 3349 2134 3407 Tertius

566 3434 798 3506 denique
822 3444 1143 3493 numeratus
1164 3437 1393 3507 Paulus,
1425 3443 1638 3497 actione
1664 3442 1827 3498 simul
1856 3451 1911 3497 et
1941 3442 2131 3512 spiritu

566 3520 1020 3608 ferventissimus,
1055 3542 1123 3581 ex
1153 3526 1366 3585 Jamnia
1417 3532 1634 3587 civitate
1680 3530 1990 3598 oriundus;
2036 3533 2132 3602 qui

564 3613 728 3667 etiam
776 3623 901 3670 ante
933 3620 1277 3689 martyrium,
1329 3620 1456 3675 ferri
1487 3623 1770 3678 candentis
1798 3622 2087 3679 tolerantia
2112 3665 2128 3691 ,

565 3702 924 3762 confessionis
948 3718 1222 3766 certamen
1251 3713 1641 3770 exantlaverat.

2242 3361 2381 3424 σίας.
2428 3362 2620 3433 Τρίτος
2667 3363 2725 3416 ὲν
2784 3365 2957 3429 τοῖςδε
3008 3366 3397 3451 κατηριθμεῖτο
3437 3370 3667 3437 Παῦλος,
3694 3373 3818 3447 θερ⁹

2243 3451 2612 3521 μουργότατος
2658 3452 2753 3505 καὶ
2786 3451 2864 3524 τῷ
2902 3454 3172 3531 πνεύματι
3197 3456 3335 3521 ζέων
3362 3458 3520 3531 ἀνὴρ,
3569 3461 3678 3515 ἀπὸ
3716 3462 3818 3533 τῆς

2249 3540 2546 3611 ’ῐαμνιτῶν
2583 3542 2791 3607 πόλεως
2839 3544 3165 3616 ὲγνωρίζετο
3186 3562 3198 3576 ·
3245 3547 3304 3610 ὃς
3341 3548 3403 3619 δὴ
3439 3551 3533 3603 καὶ
3570 3552 3676 3623 πρὸ
3718 3552 3814 3605 τοῦ

2235 3632 2535 3703 μαρτυρίου
2567 3632 2656 3686 διὰ
2693 3635 2984 3706 καυτήρων
3041 3636 3317 3707 ὑπομονῆς
3356 3639 3447 3692 τὸν
3487 3641 3589 3711 τῆς
3624 3643 3814 3712 ὁμολο⁸

2233 3722 2359 3790 γίας
2399 3722 2591 3791 ἀγῶνα
2618 3723 2917 3795 διηθλήκει.

1364 3947 1547 4009 'Idcm
1574 3967 1653 4010 ea:
1688 3951 1954 4014 Eusebii
1985 3953 2274 4016 Historia
2305 3960 2681 4034 martyrum,
2713 3971 2851 4032 cap.
2889 3955 2985 4014 11.

565 4056 634 4116 Ut
658 4074 926 4147 appareat.
953 4082 1110 4147 quam
1131 4084 1233 4121 non
1278 4072 1562 4128 verisimile
1597 4073 1694 4136 sit,
1723 4074 1859 4147 lianc
1892 4074 2201 4147 Passionem
2235 4090 2299 4147 ea:
2322 4074 2429 4128 alio
2459 4075 2677 4144 paulum
2699 4075 2979 4143 prolixiori
3012 4072 3271 4131 Historiae
3297 4076 3608 4136 Eusebiante
3636 4094 3805 4147 textu,

630 4149 788 4219 quatit
818 4137 970 4219 vulgo
1002 4137 1612 4219 habeatur,_accept_ttm,
1643 4144 1732 4197 sed
1774 4144 1993 4199 alterius
2018 4146 2403 4219 anteriorisque
2427 4137 2597 4215 operis
2618 4137 2822 4215 partem
2848 4159 2983 4209 esse,
3011 4162 3170 4216 quam
3200 4148 3387 4204 deinde
3415 4151 3469 4204 in
3495 4137 3646 4206 aliud
3665 4137 3803 4219 apii

631 4213 818 4257 auctor
851 4207 1215 4275 transtulerit;
1247 4207 1524 4278 placet/rio
1555 4213 1783 4269 alterum
1808 4225 2116 4270 contextum
2142 4207 2418 4284 subjicere.

626 4317 865 4391 Tempus
907 4340 1055 4380 nunc
1083 4336 1188 4394 est,
1224 4337 1287 4383 ut
1324 4345 1581 4402 magnum
1628 4330 1764 4387 illud
1796 4347 1862 4388 ac
1909 4333 2120 4389 celebre

559 4412 947 4480 spectaculum,
982 4429 1169 4471 eorum
1196 4418 1290 4489 qui
1320 4434 1446 4474 cum
1473 4419 1761 4492 Pamphilo
1793 4422 1986 4494 (cujus
2026 4438 2119 4479 no-

2296 4330 2502 4401 Καιρὸς
2540 4330 2677 4402 δῆτα
2704 4331 2878 4397 καλεῖ,
2909 4331 2970 4385 τὸ
3014 4332 3155 4403 μέγα
3187 4334 3283 4388 καὶ
3321 4335 3647 4408 περιϐόητον
3692 4337 3808 4392 ἀνι-

2226 4423 2486 4494 στορῆσαι
2520 4421 2766 4496 θέατρον,
2800 4422 2909 4475 τῶν
2960 4424 3103 4495 ἀμφὶ
3155 4426 3216 4478 τὸ
3247 4426 3574 4498 τριπόθητον
3606 4428 3807 4501 ¹ἔμοιγε

558 4513 681 4553 men
709 4502 840 4556 mihi
867 4506 1082 4573 quidem
1104 4507 1626 4568 desideratissimum
1649 4514 1767 4583 est)
1796 4516 2116 4586 martyrium
2152 4546 2158 4601 γ

2241 4514 2394 4584 ὄνομα
2429 4513 2714 4584 Παμφίλου
2756 4513 3173 4570 τελειωθέντων.
3210 4516 3429 4572 Δώδεκα
3481 4517 3524 4571 δ’
3568 4513 3706 4590 ἦσαν
3750 4523 3803 4575 oi

556 4599 1026 4659 consummarunt,
1047 4606 1387 4666 posterorum
1405 4603 1680 4658 memoriae
1694 4605 1926 4660 tradam.
1952 4605 2119 4661 Erant
2154 4599 2158 4601 ’

2241 4606 2446 4669 πάντες,
2491 4605 2831 4677 προφητικώ
2879 4624 3025 4671 τινος
3061 4608 3094 4679 ἢ
3138 4608 3492 4663 ἀποστολικοῦ
3534 4610 3815 4683 χαρίσμα-⁹

556 4690 746 4733 omnes
791 4694 1020 4737 numero
1065 4686 1371 4755 duodecim,
1404 4692 1717 4762 prophetica
1746 4694 1979 4765 quadam
2020 4711 2115 4752 seu

554 4768 734 4837 potius
781 4775 1076 4842 apostolica
1110 4781 1302 4848 gratia,
1340 4794 1394 4838 et
1428 4785 1639 4839 numeri
1672 4788 1978 4857 aequalitate
2015 4789 2116 4844 do-

556 4860 664 4915 nati
693 4878 707 4917 :
743 4878 972 4933 quorum
1000 4866 1251 4939 princeps
1276 4872 1549 4929 eminebat
1582 4874 1933 4946 Pamphilus,
1964 4879 2115 4936 solus

554 4968 619 5008 ex
652 4968 840 5011 eorum
873 4972 1103 5014 numero
1142 4961 1462 5033 presbyterii
1512 4968 1655 5036 apud
1682 4968 1987 5025 Caesaream
2033 4971 2115 5027 di-

554 5047 759 5117 gnitate
806 5049 1129 5121 decoratus;
1172 5054 1258 5109 vir
1301 5063 1417 5110 toto
1460 5057 1584 5114 vitae
1611 5075 1725 5116 sum
1767 5069 2011 5133 tempore
2058 5066 2112 5119 in

553 5139 703 5195 omni
747 5141 968 5199 virtutis
993 5160 1188 5216 genere
1227 5149 1683 5221 spectatissimus,
1717 5168 1813 5209 seu
1843 5152 2026 5227 fugam
2060 5166 2115 5213 et

549 5334 730 5459 ﬂigi-30)
769 5338 1070 5411 Πάμφιλος,
1097 5348 1255 5416 quasi
1282 5349 1499 5405 πάντων
1524 5352 1693 5422 φίλος,
1724 5357 1955 5410 omnium
1977 5360 2113 5412 ami-

620 5476 1210 5567 (iliAQqae'sequun‘tur
1233 5505 1340 5545 non
1362 5491 1615 5567 videntur
1636 5495 1739 5552 hoc
1761 5496 1882 5551 loco
1910 5498 2111 5567 scripta

549 5543 880 5638 3245189919
892 5543 1028 5638 ;_
1072 5558 1145 5638 ab
1174 5574 1263 5622 eo,
1283 5543 2113 5638 ᾱυίξἐῐῖἑιῖιίῖἒίῖἑῖίῦἶόἳὲ

547 5616 656 5709 ait:
669 5683 672 5688 _
687 5616 972 5709 lia-mplril'i‘
992 5625 1173 5709 hujus
1193 5616 1260 5709 ac
1296 5616 1900 5709 sbcidihid'ﬁiiri'yiﬁuii
1909 5616 2111 5694 erce}:

571 5693 673 5768 is",
719 5702 831 5768 suae
863 5693 1175 5768 collectioni
1228 5701 1613 5768 inserendum,
1658 5693 1765 5763 huc
1802 5693 2017 5764 collata,
2043 5723 2109 5763 ex

570 5754 687 5848 ibeo
724 5758 972 5848 ejusdem
1008 5764 1228 5848 Eusebii
1268 5754 2107 5848 pri.g.6;_‘}{§braising'ié'éﬁmiéi

545 5836 691 5881 esset
740 5836 1001 5899 narratio,
1034 5851 1154 5905 quze
1196 5836 1284 5894 de'
1308 5843 1474 5908 priori
1510 5836 1617 5901 vita
1669 5849 1804 5904 nihil
1837 5836 2059 5907 haberet
2092 5871 2104 5904 :

2223 4713 2315 4761 τος
2350 4697 2442 4750 καὶ
2481 4695 2713 4769 ἀριθμοῦ
2758 4696 3181 4771 κατηξιωμένοι·
3226 4693 3347 4753 ὧνὸ
3378 4705 3673 4773 κορυφαῖος
3705 4705 3803 4758 καὶ

2222 4781 2317 4835 τοῦ
2351 4781 2488 4835 κατὰ
2539 4782 2880 4853 Καισάρειαν
2938 4782 3228 4854 πρεσϐείου
3275 4788 3407 4856 τιμῇ
3447 4788 3801 4860 κεκοσμημέ-

2222 4889 2310 4935 νος
2359 4873 2515 4943 μόνος
2558 4873 2848 4945 ἐτύγχανεν
2892 4878 2921 4929 ὁ
2966 4875 3281 4946 Πάμφιλος·
3338 4878 3476 4951 ἀνὴρ
3527 4880 3622 4934 καὶ
3668 4882 3799 4951 παρ’

2220 4967 2338 5019 ὅλον
2390 4965 2552 5019 αὑτοῦ
2599 4967 2689 5020 τὸν
2739 4966 2854 5037 βίον
2894 4969 3052 5039 πάσῃ
3087 4967 3391 5040 διαπρέψας
3438 4972 3627 5045 ἀρετῇ,
3669 4974 3801 5026 ἀπο-

2220 5056 2370 5120 τάξει
2400 5057 2493 5109 καὶ
2522 5058 2924 5129 καταφρονήσει
2957 5057 3093 5129 βίου,
3144 5060 3210 5129 τῇ
3244 5059 3344 5130 τῆς
3380 5060 3569 5124 οὐσίας
3602 5062 3683 5124 είς
3709 5060 3799 5116 ὲν-

2218 5148 2353 5211 δεεῖς
2367 5148 2637 5219 κοινωνίᾳ,
2652 5150 2933 5218 κοσμικῶν
2952 5148 3180 5204 ἐλπίδων
3202 5150 3484 5224 ὀλιγωρίᾳ,
3515 5152 3792 5225 φιλοσόφῳ

2221 5367 2402 5449 itaque
2435 5367 2673 5437 iudicavi
2712 5386 2776 5427 ea
2815 5371 2903 5427 his
2934 5372 3106 5455 signis
3138 5371 3243 5496 [ιιι
3276 5375 3488 5447 reliquo
3523 5387 3785 5436 contextu

2221 5439 2602 5496 abiungenda:
2640 5442 2784 5496 quod
2815 5443 2862 5496 si
2910 5441 3127 5496 fecisset
3206 5445 3430 5496 alesius.
3474 5464 3581 5496 non
3629 5450 3785 5496 dnhi-

2219 5438 2602 5507 abiungenda:
2640 5442 2784 5509 quod
2815 5443 2862 5497 si
2910 5438 3430 5510 fecisset'Valesius,
3474 5464 3581 5503 non
3629 5450 3789 5506 dubi-

2220 5516 2407 5588 tasset,
2454 5513 3101 5588 credo_,_eorum_cau_sa'
3142 5515 3283 5570 hanc
3341 5518 3787 5588 compositionem

2218 5578 2486 5633 diversam
2519 5581 2588 5635 ab
2614 5580 2839 5636 historia
2874 5581 3184 5639 Eusebiana
3211 5600 3453 5641 censere.

2249 5716 2261 5729 .
2293 5646 2612 5729 (ᾆξλίΕιία,
2647 5651 2700 5705 id
2725 5662 2830 5716 est,
2866 5651 3233 5729 llierusalem,
3266 5657 3335 5711 ab
3363 5656 3513 5712 zElio
3546 5658 3785 5714 Adriano

2218 5719 2298 5773 sic
2322 5719 2487 5782 dicta,
2525 5730 2813 5791 postquam
2864 5724 2954 5778 illa
2989 5725 3057 5779 ab
3099 5739 3164 5779 eo
3211 5719 3266 5780 in
3302 5737 3486 5784 inonte
3523 5731 3786 5787 Calvaria:

2217 5798 2546 5860 restaurata,
2577 5791 2741 5846 situm
2761 5795 3007 5860 mutavit,
3036 5793 3235 5851 Judaeis
3266 5814 3460 5853 novam
3491 5801 3675 5855 urbem
3697 5802 3787 5855 in-

2218 5859 2367 5924 gredi
2405 5861 2708 5926 prohibitis.

3717 404 3849 461 {5:50
3934 415 3947 433 '
