4090 6386
260 404 394 461 1541

1780 399 1957 458 ACTA
1968 441 1980 454 .

3364 399 3385 453 1
3398 399 3503 456 542

259 523 505 596 πολιτείᾳ
525 524 618 578 καὶ
641 526 887 599 ἀσκήσει.
924 526 1173 581 Μάλιστα
1197 524 1348 598 παρὰ
1378 510 1647 587 τοὺςκαθ⁹
1674 522 1822 594 ἡμᾶς

1931 527 2293 590 contemptum
2314 520 2495 576 saeculi
2523 520 2852 585 consideres,
2882 537 2974 577 seu
2998 520 3264 577 bonorum
3290 523 3499 595 largam

258 612 520 686 διέπρεπε
555 618 621 687 τῇ
658 619 785 689 περὶ
810 618 877 671 τὰ
904 617 1023 671 θεῖα
1048 616 1202 687 λόγια
1231 616 1573 687 γνησιωτάτῃ
1603 614 1826 685 σπουδῇ,

261 705 480 777 ἀτρύτῳ
505 723 562 760 τε
601 700 637 761 ἃ
670 707 934 780 προύθετο
969 708 1269 780 φιλοπονίᾳ,
1300 707 1393 761 καὶ
1435 709 1502 777 τῇ
1545 705 1670 776 περί
1706 706 1830 768 τοὺς

262 799 638 869 προσήκοντας
687 799 782 853 καὶ
820 800 1027 864 πάντας
1077 801 1205 864 τοὺς
1247 798 1393 871 αὐτῷ
1437 797 1831 867 πλησιάζοντας

260 886 496 959 ὠφελείᾳ
513 905 526 919 ·
555 881 618 941 οῦ
640 888 709 942 τά
733 890 892 944 λοιπὰ
922 891 1022 961 τῆς
1047 890 1246 962 ἀρετῆς
1270 887 1692 960 κατορθώματα,
1728 904 1831 958 μα-

265 978 531 1051 κροτέρας
557 978 687 1035 ὄντα
717 980 1039 1053 διηγήσεως,
1066 981 1152 1035 ἐπ’
1184 980 1316 1045 ἰδίας
1337 980 1436 1052 τῆς
1465 979 1559 1032 τοῦ
1592 980 1711 1032 κατ’
1737 979 1833 1031 αὐ-

261 1069 355 1123 τὸν
379 1069 684 1136 ὑποθέσεως
727 1072 842 1142 βίου
880 1075 1184 1145 γραφῆςᾼὲν
1216 1072 1394 1145 τρισὶν
1435 1072 1536 1143 ήδη
1570 1070 1832 1142 πρότερον

262 1159 616 1233 ὑπομνήμασι
654 1142 1134 1236 παραδεδώκαμεν.
1186 1142 1349 1218 Ἀλλὰ
1381 1142 1488 1235 γὰρ
1528 1142 1616 1215 ἐπ’
1652 1163 1832 1215 ἐκεῖνα

258 1257 389 1320 τοὺς
416 1256 711 1326 φιλοτίμως
740 1258 833 1310 καὶ
870 1255 1043 1310 ταῦτα
1083 1257 1279 1310 εἰδέναι
1313 1254 1554 1325 ἔχοντας,
1589 1252 1834 1323 ἀναπέμ-

261 1347 481 1417 ψαντες,
512 1347 580 1400 τά
632 1347 725 1401 νῦν
777 1347 1030 1420 ἐχώμεθα
1061 1350 1161 1419 τῆς
1203 1347 1346 1402 κατὰ
1376 1348 1502 1410 τοὺς
1551 1345 1831 1417 μάρτυρας

261 1440 597 1502 ἀκολουθίας.
634 1438 892 1511 Δεύτερος
930 1441 1066 1512 μετὰ
1097 1441 1379 1512 Πάμῳιλον
1404 1439 1495 1493 ἐπὶ
1527 1438 1616 1492 τὸν
1648 1436 1831 1506 ἀγῶνα

262 1534 483 1604 παρῄει,
519 1535 835 1608 ἰεροπρεπεῖ
866 1535 1025 1605 πολιᾷ
1050 1533 1430 1604 τετιμημένος,
1462 1529 1694 1599 Οὐάλης,
1724 1530 1831 1583 τῶν

264 1612 570 1690 ἀπὸἈίλίας
590 1626 852 1689 διάκονος,
890 1625 1023 1695 αὐτῇ
1049 1622 1306 1695 προσόψει
1345 1621 1669 1692 σεμνότατος
1703 1636 1833 1690 πρε-

266 1714 483 1785 σϐύτης,
513 1716 621 1769 τῶν
649 1717 805 1770 θείων
850 1714 1080 1789 Γραφῶν
1106 1715 1153 1767 εἰ
1184 1714 1276 1767 καί
1306 1731 1388 1777 τις
1420 1712 1576 1774 ἄλλος
1605 1711 1829 1783 ἐπιστή-

267 1825 414 1878 μων·
459 1807 722 1872 τοσαύτας
752 1808 814 1877 γέ
841 1825 919 1861 τοι
951 1808 1168 1879 μνήμας
1194 1805 1369 1860 αὐτῶν
1408 1802 1827 1876 ἔνεστέρνισατο,

1934 613 1988 666 in
2038 625 2305 682 pauperes
2344 613 2737 683 erogationem,
2788 628 2884 669 seu
2933 614 3273 669 saecularium
3326 617 3501 670 hono-

1931 718 2052 757 rum
2082 702 2149 757 ad
2198 718 2338 774 quos
2375 704 2617 773 aspirare
2662 712 2875 774 poterat
2918 704 3351 774 despicientiam,
3400 721 3498 761 seu

1933 796 2161 866 denique
2212 797 2460 852 arctioris
2504 808 2555 853 et
2606 798 2997 868 philosophica:
3051 798 3334 868 cujusdam
3374 798 3501 852 viL'e

1932 886 2392 941 exercitationem.
2426 885 2530 942 Sed
2580 902 2688 957 prae
2720 888 2930 943 cunctis
2972 896 3172 943 nostrae
3201 887 3375 941 :etatis
3400 888 3501 941 ho—

1934 978 2170 1033 minibus
2195 978 2426 1033 eminuit.
2452 979 2504 1033 in
2533 994 2599 1034 eo
2622 980 2739 1036 vim
2781 981 3222 1036 ardentissimum
3259 979 3497 1034 studium

1934 1084 2211 1124 sacrarum
2242 1070 2567 1139 litterarum,
2601 1080 2654 1125 et
2681 1071 2733 1125 in
2764 1072 2831 1127 iis
2861 1072 3025 1128 rebus
3057 1088 3196 1142 quas
3240 1072 3343 1128 sibi
3380 1087 3501 1142 per-

1935 1162 2189 1217 ticiendas
2234 1172 2609 1233 proposuerat,
2645 1164 2917 1219 indefessa
2952 1164 3155 1219 laboris
3202 1163 3500 1219 assiduitas

1933 1267 1996 1308 ac
2039 1253 2348 1323 diligentia;
2389 1255 2453 1309 ad
2490 1255 2605 1310 haec
2642 1255 2935 1325 singularis
2977 1255 3029 1309 in
3063 1257 3342 1325 proximos
3373 1272 3504 1310 cun-

1933 1354 2157 1414 ctosque
2180 1345 2272 1415 qui
2300 1345 2366 1398 ad
2398 1346 2575 1415 ipsum
2608 1356 2951 1402 accesserant
2982 1348 3357 1403 beneﬁcentia.
3386 1347 3493 1402 llu-

1926 1435 2017 1506 jus
2052 1435 2152 1489 viri
2200 1423 2435 1506 reliquas
2479 1437 2707 1492 virtutes
2740 1454 2935 1508 resque
2978 1440 3239 1509 praeclare
3270 1449 3456 1510 gestas
3482 1482 3499 1507 ,

1931 1544 2052 1598 quae
2079 1530 2427 1598 prolixiorem
2468 1531 2770 1584 orationem
2802 1531 3130 1597 desiderant,
3175 1531 3498 1602 jampridem

1932 1638 2031 1675 nos
2062 1622 2113 1674 in
2165 1621 2420 1690 peculiari
2465 1637 2627 1691 opere
2658 1622 2800 1692 quod
2832 1623 2898 1677 de
2940 1623 3059 1692 ejus
3103 1624 3214 1676 vita
3256 1624 3502 1677 conseri-

1934 1712 2162 1780 psimus,
2194 1712 2367 1765 tribus
2390 1712 2544 1767 libris
2571 1713 2838 1781 complexi
2874 1728 3066 1768 sumus
3096 1732 3107 1767 :
3142 1713 3187 1768 si
3215 1714 3307 1783 qui
3336 1715 3503 1785 igitur

1934 1798 2127 1853 harum
2170 1815 2353 1853 rerum
2390 1799 2893 1870 cognoscendarum
2928 1801 3182 1869 cupidine
3208 1811 3494 1865 tenentur,

263 1901 339 1962 ὡς
380 1900 454 1969 μὴ
487 1900 655 1953 ἐνδεῖν
688 1900 785 1970 τῆς
836 1900 942 1953 άπὸ
982 1898 1323 1969 γραμμάτων
1370 1896 1660 1963 ἐντεύξεως
1682 1934 1698 1957 ,
1730 1895 1830 1964 τῆς

1934 1908 2029 1948 eos
2063 1893 2189 1947 illuc
2224 1893 2549 1948 amandasse
2576 1893 2835 1959 contenti,
2873 1894 2927 1948 in
2954 1894 3364 1964 praesentiarum
3395 1909 3504 1950 cm-

262 1986 317 2039 εί
340 2005 467 2041 ποτε
492 1990 880 2069 λάϐοιΓραφῆς
905 1990 995 2054 οὒς
1016 1990 1059 2043 δ’
1083 1987 1175 2043 οῦν
1196 1987 1669 2061 ἀπομνημονεῦσαι
1694 1984 1830 2047 διεξ-

258 2079 430 2143 όδους.
472 2080 664 2152 Τρίτος
709 2084 738 2135 ὁ
794 2080 1253 2153 θερμουργότατος
1306 2081 1399 2135 καὶ
1437 2079 1514 2151 τῷ
1559 2079 1829 2149 πνεύματι

258 2169 417 2234 ζέων,
444 2171 553 2225 άπὸ
578 2171 677 2241 τῆς
726 2171 1009 2243 Ἰαμνιτῶν
1034 2172 1260 2236 πόλεως,
1293 2171 1352 2225 δν
1385 2171 1566 2233 αὐτοῖς
1600 2168 1827 2241 ἐγνωρί-

259 2258 384 2323 ζετο
414 2261 643 2327 Παῦλος,
675 2264 782 2333 πρὸ
813 2262 905 2316 τοῦ
939 2263 1232 2335 μαρτυρίου
1264 2262 1350 2317 διά
1381 2264 1666 2334 καυτήρων
1695 2260 1829 2312 ὑπο-

264 2350 431 2421 μονῆς
461 2352 551 2408 τὸν
576 2353 672 2424 τῆς
707 2352 993 2423 ὁμολογίας
1024 2352 1314 2423 διαθλήσας
1347 2353 1551 2422 ἀγῶνα.

1933 1996 2079 2056 ptam
2114 1987 2180 2040 de
2213 1986 2539 2057 martyribus
2568 1987 2771 2041 nostris
2805 1986 3172 2041 narrationem
3207 2001 3502 2057 proseque—

1932 2092 2073 2130 mur.
2124 2074 2407 2130 Secundus
2453 2084 2576 2145 post
2624 2075 2969 2146 Pamphilum
3010 2076 3064 2129 in
3092 2084 3366 2131 certamen
3405 2075 3501 2130 dc-

1934 2168 2142 2223 sccndit
2180 2166 2338 2223 Elite
2362 2167 2515 2222 urbis
2556 2167 2842 2233 diaconus,
2883 2165 3105 2233 Valens,
3138 2175 3369 2238 augusta
3411 2181 3506 2221 ca-

1932 2255 2063 2311 nitie
2079 2257 2426 2327 conspicuus,
2456 2256 2681 2326 ipsoque
2705 2264 2927 2326 aspectu
2953 2257 3279 2312 venerabilis
3308 2272 3499 2319 senex,

1933 2349 2026 2417 qui
2048 2348 2259 2403 divinas
2281 2346 2591 2418 Scripturas
2613 2361 2725 2416 pra:
2748 2347 2955 2403 caeteris
2978 2348 3194 2419 egregie
3229 2349 3459 2403 callebat
3483 2366 3497 2409 ;

254 2457 357 2499 eas
402 2446 547 2501 enim
595 2462 767 2519 usque
811 2448 946 2503 adeo
984 2447 1127 2503 ﬁdeli
1172 2450 1433 2504 memoria
1493 2444 1969 2517 complectebatur,
2021 2454 2082 2498 ut
2126 2444 2261 2498 nihil
2310 2444 2534 2498 omnino
2577 2443 2879 2510 interesset,
2937 2458 3005 2499 an
3052 2459 3119 2499 ex
3146 2444 3328 2501 codice
3379 2445 3503 2514 ipso

260 2534 481 2606 legeret,
518 2552 586 2591 an
633 2537 922 2606 cujuslibet
970 2537 1266 2610 Scriptura:
1308 2539 1547 2609 integras
1592 2536 1818 2608 paginas
1875 2534 2146 2590 recitaret.
2209 2533 2425 2589 Tertius
2475 2535 2615 2588 inter
2667 2550 2762 2589 eos
2803 2535 2995 2589 claruit
3033 2533 3256 2597 Paulus,
3294 2534 3501 2591 lamni—

265 2636 444 2682 tarum
475 2631 671 2700 oppido
701 2633 994 2698 oriundus,
1028 2633 1111 2688 vir
1155 2634 1211 2688 in
1259 2634 1467 2704 agendo
1520 2630 1759 2687 fervidus
1810 2622 1867 2686 et
1922 2629 2116 2685 ardore
2164 2630 2389 2701 spiritus
2434 2631 2643 2701 plenus,
2679 2631 2772 2700 qui
2827 2642 2950 2685 ante
3002 2632 3315 2703 martyrium
3368 2647 3500 2686 cau-

256 2719 439 2777 dentis
472 2722 598 2778 ferri
630 2725 869 2782 ustiones
910 2742 1222 2797 perpessus,
1270 2726 1631 2784 confessionis
1663 2739 1923 2783 coronam
1957 2725 2237 2781 retulerat.

1826 2874 1899 2885 F—

1569 2961 1768 3023 PARS
1830 2960 2177 3023 ALTERA.

1072 3078 1386 3135 Sanctorum
1437 3081 1769 3153 singulorum
1798 3082 2109 3147 certamina,
2148 3090 2196 3134 et
2229 3081 2473 3151 martyrii
2495 3082 2688 3137 exitus.

330 3191 408 3246 0'.
437 3192 655 3257 Τούτοις
680 3193 771 3248 ἐπὶ
793 3194 890 3265 τῆς
914 3195 1134 3267 εἱρκτῆς
1154 3197 1297 3252 δυεῖν
1324 3200 1465 3253 ἐτοῖν
1497 3200 1702 3272 χρόνων
1733 3218 1830 3255 κα-

1980 3172 2094 3253 ίῐΧ.
2144 3199 2281 3254 Cum
2319 3200 2633 3270 preclaudati
2678 3213 2788 3255 tres
2820 3201 2991 3256 sancti
3042 3201 3315 3258 biennium
3357 3204 3502 3278 egis-

257 3285 686 3359 τατριὸομένοις,
722 3288 978 3353 ὑπόθεσις
1022 3290 1115 3343 τοῦ
1155 3291 1452 3362 μαρτυρίου
1486 3294 1700 3362 ἐγένετο
1731 3295 1827 3347 Αί-

1932 3291 2133 3347 sentin
2175 3306 2391 3347 carcere
2433 3292 2568 3363 (53),
2609 3292 2826 3347 occasio
2868 3295 3110 3365 martyrii
3152 3295 3332 3351 oblata
3365 3297 3501 3367 ipsis

257 3377 504 3445 γυπτίων
535 3375 735 3446 ἄφιξις,
776 3377 884 3432 τῶν
921 3378 1015 3432 σὺν
1048 3380 1229 3445 αὐτοῖς
1264 3381 1655 3437 τελειωθέντων
1676 3423 1690 3447 ,
1736 3383 1829 3449 οὓς

1931 3391 2011 3437 est
2030 3397 2125 3452 per
2146 3398 2262 3449 eos,
2290 3384 2383 3454 qui
2411 3385 2573 3438 etiam
2612 3400 2734 3439 cum
2767 3384 2871 3441 illis
2893 3395 3135 3441 extremo
3167 3387 3342 3444 aﬁ‘ecti
3369 3405 3498 3459 sup-

256 3471 401 3525 κατὰ
427 3471 524 3540 τὴν
570 3470 820 3525 Κιλικίαν
866 3465 1010 3526 οῦτοι
1056 3476 1565 3547 καταπονουμένους
1616 3479 1674 3531 ὲν
1718 3480 1830 3542 τοῖς

263 3563 565 3633 μετάλλοις,
597 3563 757 3641 μέχρι
794 3564 899 3619 τῶν
933 3565 1110 3620 τόπων
1145 3568 1588 3638 καταστήσαντες
1617 3568 1708 3621 ἐπὶ
1731 3568 1830 3641 τὴν

257 3656 465 3710 οἰκείαν
491 3655 898 3710 ὲπαλινὸστουν·
938 3658 1030 3711 καὶ
1060 3658 1123 3729 δὴ
1160 3658 1292 3729 πρὸς
1323 3662 1440 3723 ταῖς
1472 3660 1696 3724 εἰσόδοις
1723 3660 1830 3714 τῶν

260 3747 401 3801 κατὰ
422 3747 757 3818 Καισάρειαν
788 3747 991 3812 πυλῶν,
1016 3748 1160 3813 τίνες
1188 3745 1295 3803 εἷεν
1325 3752 1417 3804 καὶ
1447 3751 1608 3805 πόθεν
1636 3752 1829 3821 ἀφικό-

264 3855 435 3907 μενοι,
471 3837 605 3909 πρὸς
638 3837 745 3891 τῶν
780 3838 1031 3907 φυλάκων
1057 3839 1441 3911 ἐρωτηθέντες,
1468 3841 1562 3894 καὶ
1588 3840 1751 3911 μηδὲν
1781 3839 1827 3893 τ’

260 3929 493 3999 ἀληθοῦς
533 3928 964 4000 ἀποκρύψαντες,
1002 3930 1318 4000 Χριστιανοὶ
1362 3931 1419 3984 δὲ
1465 3930 1663 4001 φάντες
1701 3934 1827 3985 ἐαυ-

256 4021 406 4085 τοὺς,
438 4018 754 4090 κακούργων
787 4019 970 4090 τρόπῳ
998 4019 1084 4070 ἐπ’
1130 4019 1276 4090 αὐτῷ
1303 4020 1471 4094 φώρῳ
1520 4021 1828 4093 ληφθέντων

260 4110 771 4182 καταλαμϐάνοντο·
814 4109 974 4161 πέντε
1007 4108 1063 4161 δὲ
1090 4105 1227 4180 ἦσαν
1255 4111 1349 4163 τὸν
1383 4111 1630 4183 ἀριθμόν.
1668 4114 1730 4165 Oi
1771 4113 1827 4166 δὲ

261 4195 659 4268 προσαχθέντες
680 4195 757 4267 τῷ
788 4196 1026 4268 ἄρχοντι,
1062 4197 1197 4250 κάπὶ
1224 4198 1410 4251 τούτου
1442 4201 1825 4271 παρρησιασά-

262 4304 435 4357 μενοι,
454 4287 669 4358 δεσμοῖς
690 4287 788 4357 μὲν
808 4286 1002 4340 αὐτίκα
1026 4287 1422 4358 παραδίδονται.
1449 4290 1526 4361 Τῇ
1551 4290 1824 4363 ὑστεραίᾳ,

259 4379 544 4452 Περιττίου
590 4379 754 4450 μηνὸς
784 4379 1174 4453 ἑκκαιδεκάτῃ,
1226 4380 1367 4459 καιτά
1423 4382 1722 4453 Ῥωμαίους
1772 4384 1826 4437 δὲ

257 4474 327 4542 τῇ
358 4469 462 4543 πρὸ
485 4470 898 4542 δεκατεσσάρων
931 4471 1220 4525 Καλάνδων
1245 4473 1521 4543 Μαρτίων,
1541 4474 1736 4538 αὐτοὺς
1763 4475 1826 4547 δὴ

1927 3473 2092 3543 plicio
2117 3473 2358 3541 fuerunt,
2389 3474 2693 3547 Egyptios.
2726 3475 2790 3531 lli
2816 3494 2846 3532 a
2873 3477 3063 3534 Cilicia
3090 3481 3500 3536 revertebantur

1928 3563 2174 3632 domum,
2206 3574 2495 3637 postquam
2539 3568 2667 3623 illuc
2707 3585 2878 3639 usque
2903 3570 3247 3627 deduxerunt
3285 3572 3349 3627 ad
3382 3588 3500 3627 me-

1931 3655 2057 3709 talla
2086 3655 2373 3712 damnatos
2400 3657 2546 3728 (5i);
2580 3668 2741 3728 atque
2779 3660 2844 3714 ad
2887 3660 3191 3731 ingressum
3220 3672 3499 3733 portarum

1930 3744 2191 3805 Cmsarete
2221 3750 2538 3821 interrogati
2593 3750 2707 3820 (55)
2738 3751 2830 3822 qui
2864 3762 3050 3808 essent
3098 3763 3153 3809 et
3182 3755 3323 3811 unde
3350 3757 3503 3811 veni-

1929 3847 2085 3905 rent,
2120 3832 2244 3895 cum
2297 3854 2472 3911 neque
2506 3841 2625 3911 ejus
2668 3842 2811 3911 quod
2847 3854 2965 3899 erat
2997 3844 3299 3916 quidquam
3337 3848 3505 3904 dissi-

1931 3930 2221 3994 mularent,
2254 3946 2418 4001 seque
2446 3930 2786 3988 Christianos
2831 3948 2955 3988 esse
2984 3935 3392 4002 profiterentur;
3418 3938 3502 3991 in-

1930 4025 2044 4072 star
2070 4019 2437 4073 maleﬁcorum
2481 4020 2598 4089 ipso
2631 4020 2683 4074 in
2716 4019 2959 4076 facinore
2999 4020 3459 4092 deprehensorum
3479 4066 3495 4090 ,

1928 4105 2146 4161 fuerant
2186 4109 2587 4179 comprehensi,
2625 4123 2856 4165 numero
2886 4111 3128 4181 quinque
3157 4130 3171 4166 :
3207 4113 3272 4169 ad
3308 4116 3499 4183 praesi-

1928 4198 2048 4253 dem
2081 4208 2259 4253 autem
2294 4200 2532 4265 adducti,
2558 4202 2855 4271 eademque
2878 4202 3072 4258 fiducia
3099 4203 3204 4272 usi,
3235 4207 3499 4261 continuo

1929 4288 1982 4342 in
2011 4288 2226 4344 vincula
2260 4290 2371 4345 dati
2418 4300 2591 4346 erant.
2641 4291 2911 4348 Postridie
2938 4308 3096 4361 vero,
3127 4295 3221 4364 qui
3272 4295 3337 4349 l6
3378 4295 3498 4352 dies

1927 4391 2045 4438 erat
2067 4383 2269 4440 mensis
2292 4383 2523 4447 Perittii,
2547 4385 2651 4440 hoc
2676 4393 2756 4441 est
2777 4385 2931 4455 juxta
2959 4384 3235 4443 Romanos
3253 4387 3369 4443 dies
3396 4406 3488 4444 xiv

1928 4483 2057 4529 ante
2095 4473 2368 4529 Kalendas
2402 4473 2643 4542 Martias,
2680 4476 2842 4531 iidem
2890 4477 3052 4544 simul
3098 4493 3221 4533 cum
3253 4479 3361 4535 illis
3401 4481 3495 4552 qui

258 4539 502 4625 τούτους,
555 4562 651 4613 σὺν
701 4539 815 4624 τσιξ
860 4561 1000 4631 ἀμφί
1039 4562 1131 4616 τὸν
1161 4539 1459 4633 Πάμφιλον,
1511 4564 1587 4635 τῷ
1632 4539 1826 4637 (ιἰρμιζ

1931 4564 2214 4636 Pamphilo
2247 4565 2493 4629 aderant,
2525 4539 2842 4622 Firmiliano
2879 4539 3224 4625 exhibentur.
3267 4569 3369 4638 Qui
3402 4539 3495 4627 so-

260 4650 430 4723 λιανῷ
474 4651 854 4724 προσάγουσιν.
902 4653 961 4707 Ὀ
1009 4651 1064 4705 δὲ
1101 4653 1208 4706 τῶν
1257 4655 1561 4724 Αἰγυπτίων
1599 4658 1824 4711 ἀπεπει-

258 4741 396 4813 ρᾶτο
425 4740 619 4811 μόνων,
650 4740 755 4813 πρὸ
783 4743 887 4796 τῶν
923 4741 1165 4810 βασάνων
1190 4743 1386 4796 είδεσιν
1412 4745 1683 4809 παντοίοις
1711 4745 1826 4799 δια-

258 4831 553 4901 ’γυμνάζων
594 4834 720 4897 τοὺς
753 4832 982 4904 ἄνδρας·
1011 4833 1101 4886 τὸν
1137 4834 1236 4903 μὲν
1272 4829 1365 4888 οῦν
1398 4838 1699 4909 προηγορον
1732 4840 1826 4891 αὺ-

257 4921 371 4975 τῶν
418 4924 476 4977 ὲν
530 4923 679 4994 μέσῳ
719 4924 959 4992 ἀγαγὼν,
1023 4923 1075 4976 τί
1130 4923 1217 4995 εἴη
1271 4926 1365 4979 καὶ
1412 4925 1571 4980 πόθεν
1617 4927 1821 4999 ἠρώτα.

336 5097 449 5181 (ἓξ)
480 5096 759 5183 Ecgrapha
790 5106 986 5183 nostra
1004 5095 1398 5183 ‘bl-edicei‘msq
1426 5100 1521 5183 επὶ
1548 5099 1648 5183 τῆς
1675 5101 1826 5183 Κρη-

259 5166 383 5238 της,
411 5170 468 5222 in
494 5166 673 5230 Creta,
703 5168 857 5238 quasi
885 5168 973 5223 isti
1003 5168 1076 5222 ibi
1105 5168 1442 5223 exsulassent
1471 5188 1485 5223 :
1520 5166 1616 5226 sed
1654 5166 1825 5226 corri-

264 5235 469 5309 gunturr
497 5252 563 5292 ex
598 5253 701 5292 ms.
721 5235 1043 5309 Lipomani,
1091 5247 1254 5309 atque
1292 5239 1524 5309 ipsomet
1549 5238 1787 5295 Eusebio
1807 5280 1823 5304 ,

267 5311 396 5395 haec.
432 5307 894 5395 in.compendium
932 5307 1322 5375 contrahente,
1364 5317 1418 5363 et
1453 5308 1553 5379 τῆς
1604 5310 1827 5383 εἱρκτῆς

264 5378 557 5438 scribente;
652 5387 659 5395 '
1510 5378 1517 5379 “
1660 5378 1673 5383 ⁷

339 5447 452 5519 (δέ)
492 5447 722 5519 Additur
748 5446 815 5519 in,
840 5445 1004 5519 βεδε..
1031 5447 1383 5519 ὀμολογητάς,
1410 5449 1751 5519 confessorem

339 5517 454 5587 (55)
487 5517 715 5572 Additur
749 5516 1216 5601 ibitlepi,_perind_e
1238 5516 1300 5571 ac
1328 5516 1528 5601 priores
1574 5516 1659 5600 illi
1693 5535 1824 5589 quos

262 5586 854 5657 supra'commemoravi
888 5586 1117 5657 (scilicet
1151 5586 1386 5658 Egyptii
1426 5588 1538 5652 alii,
1569 5589 1661 5657 qui
1703 5586 1822 5659 cap.

266 5658 337 5710 10
367 5659 750 5726 narrabantur,
792 5672 883 5711 xix
932 5656 1056 5711 Kal.
1090 5656 1384 5711 Ianuarias
1432 5659 1823 5726 comprehensi)

264 5725 564 5797 professos,
606 5744 660 5782 se
687 5732 755 5781 ad
784 5729 1077 5782 ministeria
1116 5729 1496 5797 confessoribus
1538 5730 1591 5780 in
1633 5728 1823 5781 Cilicia

264 5797 565 5852 uastitatis
610 5799 896 5853 exhibenda
945 5799 1211 5867 proﬁcisci
1254 5817 1266 5852 :
1302 5815 1531 5867 quorum
1581 5799 1671 5851 alii
1702 5799 1823 5867 qui-

1931 4657 2015 4713 los
2060 4656 2345 4728 Egyptios
2379 4658 2666 4713 tentandos
2717 4658 2821 4713 sibi
2860 4674 3084 4715 sumens
3116 4663 3265 4717 omni
3299 4678 3498 4733 genere

1933 4756 2362 4813 tormentorum,
2418 4748 2613 4803 nudari
2664 4750 2812 4805 viros
2847 4751 3042 4820 jussit;
3091 4752 3305 4819 deinde,
3357 4767 3485 4809 eum

1930 4838 2025 4908 qui
2071 4839 2379 4909 praecipuus
2422 4839 2561 4894 inter
2610 4855 2800 4895 omnes
2845 4839 3128 4896 videbatur
3166 4842 3221 4897 in
3254 4843 3495 4899 medium

1932 4929 2232 4994 adducens,
2283 4930 2409 5000 quis
2442 4939 2588 4986 esset
2634 4941 2687 4987 ct
2738 4932 2901 4998 unde,
2954 4932 3340 5003 interrogabat.
3394 4934 3493 4989 llic

1930 5104 2077 5165 dem,
2114 5102 2294 5175 eadem
2340 5118 2444 5174 qua
2485 5104 2569 5159 illi
2597 5105 2785 5175 quibus
2815 5105 3172 5159 ministraturi
3208 5116 3491 5173 venerant,

1930 5189 2078 5242 parua
2106 5172 2516 5244 damnati‘sunt,
2547 5172 2711 5230 oculis
2734 5192 2795 5228 ac
2822 5176 3038 5244 pedibus
3062 5176 3275 5230 inutiles
3298 5178 3491 5231 redditi

1933 5247 2064 5312 (uno
2096 5243 2302 5297 scilicet
2347 5244 2509 5298 oculo
2537 5253 2710 5310 eruto,
2751 5243 2829 5299 et
2851 5246 3026 5299 cruris
3057 5247 3223 5299 unius
3264 5248 3494 5302 succisis

1931 5312 2166 5386 nervis);
2201 5322 2303 5386 tres
2334 5329 2450 5366 vero
2477 5329 2542 5367 ea:
2569 5314 2721 5386 ipsis,
2749 5314 2805 5386 in
2832 5314 2957 5386 urbe
2982 5314 3262 5377 Ascalone,
3295 5316 3352 5368 in
3385 5333 3492 5386 qua

1931 5383 2089 5436 cincti
2117 5385 2442 5458 tenebantur,
2472 5400 2590 5458 cum
2623 5383 2993 5458 admirabilem
3022 5386 3187 5458 animi
3217 5383 3491 5458 fortitudi-

1933 5468 2050 5524 riem
2092 5452 2459 5524 ostendissent,
2493 5453 2696 5524 diverso
2727 5455 2966 5524 martyrii
3011 5457 3157 5509 exitu
3184 5452 3487 5510 occubuere.

1934 5520 2132 5590 Quippe
2156 5538 2293 5593 unus
2312 5522 2552 5585 illorum,
2579 5520 2708 5576 Ares
2735 5520 2959 5587 nomine,
2985 5525 3216 5593 ﬂammis
3247 5540 3489 5579 consum-

1932 5601 2051 5662 p_tits
2071 5601 2183 5656 est;
2218 5591 2431 5662 reliquis
2458 5593 2683 5657 duobus,
2707 5609 2929 5662 quorum
2954 5591 3088 5648 uinus
3103 5593 3327 5659 Probus,
3354 5595 3491 5648 alter

1935 5660 2086 5716 Elias
2134 5660 2440 5733 uocabatur,
2471 5660 2833 5733 aputigladio
2875 5665 3174 5733 praecisum.
3222 5663 3490 5719 Coluntur

1932 5738 2112 5783 autem
2155 5731 2208 5784 hi
2239 5747 2267 5784 a
2299 5732 2501 5805 Grzecis
2532 5734 2598 5785 i9
2631 5731 2959 5805 Decembris.
2982 5735 3145 5805 quasi
3184 5734 3378 5805 quinto
3402 5737 3490 5790 die

1934 5810 2053 5869 post
2078 5803 2612 5869 comprehensionem
2644 5804 2907 5873 supplicio
2936 5804 3132 5863 afl‘ccti.
