4090 6390
625 378 766 433 ὶῧοιῦ

1760 377 1841 441 λδ.
1885 348 2212 430 mapalia
2249 373 2611 432 MARTYRIS

3721 378 3860 433 IS“

629 511 754 552 cum
791 494 911 550 loco
940 491 1142 563 proprii
1171 492 1409 547 nominis
1443 494 1822 563 prOpheticum
1854 494 2062 564 aliquid
2090 496 2180 566 ipsi

2298 498 2505 561 Ὅστις,
2554 494 2675 551 ἀντὶ
2715 495 2807 549 τοῦ
2855 496 3041 568 κυρίου
3087 497 3365 568 ὀνόματος,
3422 497 3757 570 προφητικὼ
3803 514 3862 551 τι

629 588 940 649 indicasset,
972 588 1110 641 idem
1143 596 1196 640 et
1228 588 1318 641 alii
1352 591 1595 643 fecerunt
1622 603 1720 659 pro
1749 588 2065 644 nominibus
2092 589 2194 644 sibi

634 682 684 734 in
718 692 887 749 patria
922 679 1126 734 inditis.

705 857 764 909 Χ.
800 858 967 910 Eliun
1005 874 1131 927 ergo
1163 870 1215 912 et
1241 856 1550 920 Jeremiam,
1580 856 1771 912 Isaiam
1803 868 1856 912 et
1885 857 2188 912 Samuclem

630 961 788 1017 atque
822 949 1090 1003 Danielem
1141 966 1261 1004 sese
1290 952 1438 1016 ipsos
1473 950 1743 1017 appellare
1787 952 2017 1003 audiens
2055 965 2191 1018 prte-

629 1055 715 1094 ses
757 1040 857 1097 (sic
905 1046 1045 1091 enim
1084 1041 1357 1107 placuerat
1400 1042 1505 1095 illis
1538 1049 1812 1094 oswntare
1854 1056 2014 1109 quem
2047 1042 2192 1094 intus

628 1131 867 1184 abditum
907 1134 1163 1199 gerebant
1190 1134 1431 1185 animum
1469 1134 1575 1185 veri
1600 1131 1773 1187 Judaei
1799 1149 1863 1186 ac
1889 1131 2182 1199 Isr'aelitaa,

627 1238 733 1276 non
772 1224 946 1276 solum
988 1224 1262 1291 Oper-ibus,
1292 1227 1383 1278 sed
1410 1226 1571 1278 etiam
1603 1224 1883 1280 vocabulis
1907 1226 2016 1295 (56)
2047 1226 2191 1279 clare

628 1317 890 1386 prolatis),
924 1318 1038 1384 ipse
1067 1316 1280 1385 quidem
1312 1320 1561 1371 virtutem
1598 1319 1833 1372 nominis
1857 1319 1960 1373 sibi
1986 1334 2015 1373 a
2048 1335 2192 1371 mar-

628 1418 740 1464 tvre
774 1409 993 1461 indicati
1035 1424 1140 1461 non
1179 1408 1471 1474 intellexit;
1514 1409 1605 1463 sed
1645 1413 2073 1479 porroiperrexit
2104 1412 2190 1466 in—

627 1515 921 1570 terrogare,
963 1516 1082 1569 quae
1122 1501 1223 1568 ipsi
1260 1510 1403 1555 esset
1440 1502 1649 1569 patria:
1685 1512 1890 1573 martyr
1921 1519 2068 1563 vero,
2092 1521 2188 1558 eo-

625 1591 745 1644 dem
782 1592 1100 1659 compendio
1129 1607 1280 1654 usus,
1311 1592 1533 1645 alteram
1565 1593 1745 1646 emisit
1768 1609 1974 1657 vocem,
2005 1596 2189 1650 dicens

623 1675 922 1731 Jerusalem
948 1679 1049 1732 sibi
1072 1680 1298 1748 patriam
1332 1696 1471 1745 esse,
1496 1697 1614 1734 eam
1643 1682 1849 1737 scilicet
1888 1683 2188 1753 intelligens

622 1770 689 1821 de
716 1785 821 1837 qua
854 1768 1054 1823 Paulus
1084 1771 1192 1824 ait‘
1222 1789 1234 1823 :
1269 1769 1399 1835 Qua:
1417 1788 1625 1826 sursum
1653 1783 1726 1826 est
1758 1771 2075 1838 Jerusalem,
2118 1775 2186 1827 li-

622 1858 745 1912 bera
770 1870 866 1923 est,
895 1877 1010 1923 qua:
1030 1871 1105 1914 est
1132 1874 1299 1916 mater
1320 1875 1537 1931 nostra;
1564 1875 1617 1918 et
1641 1866 1767 1919 alibi
1794 1868 1815 1899 ²
1844 1884 1858 1921 :
1882 1869 2180 1922 Accessistit

2290 1860 2477 1923 ἐστὶν,
2514 1860 2643 1928 ἣτις
2677 1861 2806 1914 ἐστί
2841 1860 3038 1929 μήτηρ
3074 1861 3270 1930 ἡμῶν·
3316 1859 3439 1914 καί⁹
3469 1860 3860 1927 Προσεληλύ-
3952 1879 3959 1884 ·

621 1953 690 2006 ad
727 1953 852 2007 Sion
894 1964 1119 2006 montem
1144 1964 1192 2007 et
1219 1956 1476 2009 civitatem
1505 1957 1601 2009 Dei
1632 1959 1863 2023 vit-cutis,
1889 1958 2183 2014 Jerusalem

622 2050 898 2098 caelestem.
926 2044 1074 2098 Talia
1099 2046 1261 2115 igitur
1282 2048 1553 2117 cegitabat
1586 2059 1789 2121 martyr
1816 2067 1829 2102 :
1868 2055 1959 2106 Sed
1991 2069 2187 2122 praeses

626 2148 857 2191 mentem
894 2147 1047 2191 terrae
1077 2140 1286 2192 allixam
1321 2142 1525 2196 habens
1548 2183 1562 2206 ,
1595 2158 1713 2211 qua:
1745 2145 1831 2197 illa
1864 2155 2009 2199 esset
2030 2143 2188 2199 Jeru-

622 2228 810 2292 salem,
833 2239 885 2282 ct
917 2229 1004 2283 tibi
1047 2239 1308 2291 terrarum
1347 2233 1447 2286 sita
1479 2233 1588 2303 (57)
1615 2237 1914 2293 studiosius
1942 2238 2186 2307 require-

623 2319 751 2384 bat;
785 2321 916 2388 quin
954 2329 1008 2373 et
1046 2330 1314 2375 tormenta
1346 2324 1686 2391 admovebat,
1733 2336 1794 2382 ut
1826 2329 1969 2398 quod
1996 2346 2181 2383 verum

620 2422 764 2466 esset
804 2412 1080 2468 fateretur.
1127 2415 1231 2469 Sed
1264 2418 1408 2471 enim
1443 2429 1645 2490 martyr
1694 2436 1890 2476 manus
1928 2432 2050 2492 post
2078 2432 2185 2477 ter-

619 2520 744 2572 gum
773 2515 1023 2569 retortas,
1049 2509 1318 2577 pedesque
1340 2511 1664 2578 quibusdam
1691 2514 1953 2569 machinis
1974 2514 2186 2569 luxatos

623 2595 848 2661 habens,
898 2613 1085 2652 verum
1118 2615 1176 2653 se
1219 2601 1423 2656 dixisse
1463 2602 1767 2659 affirmavit.
1813 2604 2060 2675 Cumque
2104 2608 2185 2659 ui-

619 2688 916 2743 hilominus
949 2692 1142 2745 iterum
1175 2702 1337 2761 atque
1370 2694 1564 2747 iterum
1596 2693 2040 2767 interrogaretur,
2063 2715 2184 2769 qure

617 2790 672 2834 et
704 2781 792 2835 ubi
823 2782 925 2836 sita
954 2792 1097 2837 esset
1120 2798 1183 2837 ea
1210 2801 1371 2853 quam
1399 2784 1612 2841 dicebat
1633 2787 1828 2845 civitas
1847 2789 2179 2858 Jerusalem;

617 2872 789 2925 solam
824 2872 963 2927 hanc
990 2873 1418 2931 Christianorum
1453 2880 1684 2947 patriam
1720 2894 1843 2936 esse
1882 2883 2179 2950 respondit,

617 2973 781 3034 atque
812 2965 933 3020 illos
967 2968 1111 3022 solos
1133 2985 1231 3022 nec
1258 2970 1395 3025 alios
1417 2971 1555 3026 ullos
1590 2972 1643 3025 in
1683 2988 1747 3027 ea
1777 2975 2017 3040 versari;
2047 2989 2184 3029 con-

618 3056 811 3110 sistere
841 3072 969 3111 vero
994 3059 1060 3113 ad
1093 3060 1380 3125 orientem,
1405 3062 1563 3132 juxta
1591 3064 1765 3118 lucem
1800 3075 1962 3135 atque
1990 3068 2180 3124 solem.

618 3147 684 3202 Et
708 3150 794 3205 hic
818 3151 1034 3220 quidem
1070 3169 1258 3209 rursus
1279 3156 1433 3225 juxta
1462 3156 1738 3227 proprium
1769 3174 1928 3213 suum
1959 3175 2179 3215 sensum

617 3241 1120 3311 philosophabatur,
1153 3247 1287 3299 nihil
1317 3258 1686 3305 commutatus
1714 3250 1779 3304 iis
1809 3266 1930 3321 qua:
1955 3252 2181 3307 circum-

558 3399 573 3415 ί
618 3332 829 3387 stabant
857 3338 1162 3404 tormentis,
1193 3340 1287 3393 sed
1314 3339 1460 3393 velut
1483 3341 1836 3413 incorporeus
1875 3360 1943 3398 ne
1978 3348 2181 3401 sentire

615 3425 834 3494 quidem
874 3427 1159 3484 videbatur
1193 3431 1424 3487 dolores.
1467 3431 1638 3489 Iudex
1674 3451 1801 3491 vero
1828 3439 2179 3507 angustiaba-

618 3526 727 3579 tur,
778 3528 929 3572 ratus
979 3518 1319 3577 Christianos
1371 3525 1557 3579 urbem
1607 3526 1869 3589 aliquam,
1919 3525 2181 3584 Romanae

612 3609 863 3663 aemulam
887 3619 940 3663 et
962 3611 1257 3675 inimicam,
1281 3614 1380 3667 sibi
1405 3615 1668 3681 coadere;
1696 3618 2005 3687 multusque
2034 3620 2085 3672 in
2115 3638 2180 3674 eo

612 3707 731 3777 erat
758 3708 817 3752 ut
842 3703 1241 3769 percunctando
1266 3704 1517 3771 disceret,
1541 3716 1595 3761 et
1625 3708 1796 3777 ipsam
1824 3719 1877 3763 et
1903 3710 2176 3776 regionem

613 3776 929 3847 orientalem
978 3808 1099 3863 qua:
1146 3794 1247 3848 sibi
1295 3776 1674 3853 indicabantur
1720 3800 1811 3854 ubi
1851 3811 2053 3855 essent.
2084 3800 2181 3855 Vi-

612 3884 745 3938 dens
788 3893 966 3938 tamen
1014 3885 1079 3938 ad
1115 3887 1335 3942 verbera
1376 3890 1548 3960 magis
1590 3890 1751 3945 etiam
1782 3892 2177 3946 immutabilem

611 3992 830 4033 manere
855 3978 1130 4049 juvenem,
1162 3989 1215 4036 et
1244 3980 1297 4033 in
1324 3982 1599 4051 prioribus
1630 3984 1905 4052 responsis
1934 4000 2179 4054 perseve-

611 4084 753 4135 rare,
791 4071 1071 4139 eapitalem
1105 4073 1318 4126 tandem
1352 4082 1539 4127 contra
1571 4090 1694 4128 eum
1736 4074 1927 4130 mortis
1960 4085 2179 4130 sentcn-

613 4160 740 4214 tiam
772 4164 1158 4230 pronuntiavit.

680 4250 769 4306 XI.
822 4252 886 4307 Et
910 4269 995 4309 res
1024 4256 1240 4325 quidem
1268 4255 1492 4324 hujusce
1517 4257 1771 4329 martyris
1797 4258 1984 4322 talem,
2011 4258 2177 4311 veluti

608 4346 893 4415 cujusdam
942 4350 1223 4413 dramatis,
1284 4351 1491 4404 exitum
1559 4352 1897 4419 habuerunt;
1953 4361 2176 4408 caeteros

608 4436 802 4491 deinde
826 4436 1130 4510 Egyptios,
1164 4455 1287 4493 cum
1312 4442 1376 4492 ad
1402 4441 1762 4495 diversimoda
1780 4457 1996 4511 quoque
2014 4457 2176 4510 expe-

611 4529 839 4582 rimenta
864 4531 1141 4594 nudasset,
1162 4532 1410 4585 eumdem
1441 4534 1494 4586 in
1520 4534 1739 4587 modum
1772 4535 2010 4602 agitavit.
2034 4534 2170 4588 Tum
2206 4562 2248 4616 ο

610 4620 677 4671 ad
709 4616 972 4687 Pamphili
1000 4622 1215 4679 sodales
1241 4634 1635 4694 transgressus,
1671 4626 1861 4679 didicit
1884 4628 2028 4695 quod
2061 4627 2171 4696 jam

612 4709 819 4777 pridem
842 4712 1007 4767 variis
1034 4725 1216 4769 essent
1244 4717 1576 4772 cruciatibus
1615 4717 1827 4772 tentati.
1870 4718 2049 4784 Quare
2081 4736 2175 4773 su-

611 4816 1001 4869 pervacaneum
1059 4814 1210 4859 ratus
1258 4808 1447 4861 iisdem
1499 4809 1893 4877 muestionibus
1925 4811 2173 4867 homines

609 4893 895 4963 subjicere,
927 4910 1091 4964 seque
1125 4896 1321 4952 frustra
1356 4900 1409 4952 in
1442 4901 1507 4955 iis
1539 4902 1948 4967 laboraturum;
1993 4904 2169 4957 solum

611 4985 978 5055 interrogavit,
1009 5001 1077 5039 an
1108 4987 1191 5040 vel
1220 5003 1364 5042 nunc
1402 4992 1713 5058 persuaderi
1758 4992 1861 5045 sibi
1908 4994 2166 5047 sinerent.

607 5075 847 5130 Audiens
890 5092 1018 5131 vero
1064 5092 1130 5132 ex
1187 5078 1412 5148 singulis
1458 5090 1754 5135 extremam
1809 5082 2169 5139 confessionis

679 5192 697 5222 ί
727 5190 905 5245 Galat.
932 5207 1005 5257 IV,
1028 5191 1118 5245 26.
1195 5195 1215 5224 ³
1244 5192 1377 5248 Heb.
1405 5210 1497 5257 xu,
1526 5193 1615 5246 2‘2.

679 5325 794 5391 (36)
844 5324 1045 5381 Ibidem
1081 5330 1185 5383 alia
1230 5329 1388 5383 datur
1429 5330 1568 5383 ratio
1605 5338 1937 5384 mutatornm
1991 5331 2167 5386 nomi-

609 5409 759 5469 num,
785 5395 923 5466 quod
949 5398 1157 5454 scilicet
1176 5402 1390 5469 propria
1413 5399 1595 5469 forsan
1615 5400 1953 5453 idololatrica
1975 5413 2161 5466 essent,

610 5480 640 5517 ιι
668 5467 923 5539 falsorum
948 5467 1184 5539 deorum
1201 5467 1511 5525 nominibus
1535 5479 1773 5539 sumpta,
1801 5480 1858 5523 ut
1884 5482 2011 5525 sunt
2034 5472 2163 5525 Dio-

608 5537 805 5602 ugsius,
837 5537 1145 5609 Bacchides,
1193 5541 1491 5604 Athemeus,
1539 5537 1752 5609 aliaque
1797 5542 2013 5594 similia.
2045 5541 2161 5597 Non

610 5613 785 5681 tamen
813 5621 877 5660 ex
913 5606 1013 5662 hac
1042 5608 1257 5664 Eusebii
1292 5611 1624 5681 conjectura.
1660 5606 1833 5664 inulto
1873 5613 2051 5666 minus
2096 5630 2162 5667 ex

610 5674 714 5750 isto
742 5674 935 5750 horum
967 5688 1262 5749 martyrum
1307 5674 1471 5744 facto,
1521 5691 1665 5736 recte
1698 5682 1986 5750 quisquam
2020 5683 2164 5737 intu-

606 5740 759 5822 lerit,
809 5745 864 5798 in
911 5740 1179 5822 frequenti
1226 5740 1669 5822 Christianorum
1709 5740 2011 5822 primorum
2057 5769 2158 5806 usu

608 5812 800 5877 fuisse,
849 5812 1064 5881 gentilia
1116 5821 1335 5874 nomina
1367 5812 2077 5889 baptizandis-commutare
2103 5824 2157 5877 in

2298 588 2474 660 ἐαυτῷ
2497 591 2778 661 προσῆπτε
2797 607 2811 621 ·
2836 591 2993 644 τοῦτο
3017 593 3077 646 δὲ
3102 594 3195 646 καὶ
3228 592 3360 665 πρὸς
3386 590 3494 645 τῶν
3517 589 3719 642 λοιπῶν
3746 589 3863 658 ἐγί-

2298 698 2451 750 γνετο
2475 680 2594 736 ἀντὶ
2633 680 2732 750 τῆς
2774 681 3039 752 πατρόθεν
3070 682 3251 744 αὐτοῖς
3284 680 3624 750 ἐπιτεθείσης
3653 680 3862 732 ἐπωνυ-

2298 772 2444 842 μίας.

2364 862 2420 914 l'.
2474 860 2655 914 Ἠλίαν
2692 862 2744 929 γ’
2776 855 2867 915 οὖν
2912 862 3007 914 καὶ
3062 860 3346 931 Ἰερεμίαν,
3395 859 3623 912 Ἦσαῖαν
3670 874 3729 909 τε
3766 859 3859 909 καὶ

2293 951 2543 1023 Σαμουὴλ
2570 952 2663 1004 καὶ
2692 951 2887 1020 Δανιὴλ
2917 950 3149 1014 ἀκούσας
3182 950 3246 1004 ἂν
3279 949 3456 1003 αὐτῶν
3485 948 3709 1011 ἐαυτοὺς
3738 949 3857 1000 ovo-

2296 1044 2592 1112 μαζὸντων,
2628 1045 2720 1096 καὶ
2751 1043 2841 1096 τὸν
2873 1044 2930 1096 ἐν
2962 1041 3185 1113 κρυπτῷ
3236 1042 3481 1095 Ἰουδαῖον
3515 1040 3606 1094 καὶ
3638 1042 3858 1109 γνήσιον

2304 1120 2638 1206 Ἰσραηλίτην
2666 1134 2843 1197 αὐτοῖς
2872 1134 3050 1203 ἔργοις
3081 1134 3141 1186 οὐ
3167 1133 3342 1205 μόνον,
3370 1132 3506 1186 ἀλλὰ
3535 1133 3628 1186 καὶ
3654 1132 3858 1200 φωναῖς

2292 1224 2491 1294 κυρίως
2518 1224 2908 1296 ἐκφερομέναις
2941 1223 3385 1294 ἐνδεικνυμένων
3421 1222 3657 1275 τοιοῦτον
3687 1216 3780 1273 οὖν
3804 1237 3858 1274 τι

2292 1314 2426 1384 πρὸς
2453 1314 2544 1367 τοῦ
2577 1318 2849 1387 μάρτυρος
2879 1314 3183 1378 ἐπακούσας
3213 1315 3241 1367 ὁ
3285 1314 3537 1384 δικαστὴς
3576 1314 3766 1382 ὄνομα,
3795 1313 3857 1366 οὐ

2294 1404 2397 1476 μὴν
2436 1408 2498 1475 τῇ
2527 1404 2619 1457 τοῦ
2670 1406 2908 1475 ῥήματος
2940 1406 3235 1475 ἐπιστήσας
3281 1404 3535 1474 δυνάμει,
3587 1402 3856 1474 δεύτερον,

2288 1496 2405 1557 ἥτις
2432 1495 2591 1547 αὑτοῦ
2623 1495 2815 1565 πατρὶς
2844 1494 2926 1565 εἴη
2960 1494 3161 1566 ἠρώτα.
3207 1496 3263 1547 Ὀ
3304 1495 3358 1548 δὲ
3390 1493 3589 1564 συνοδῷ
3620 1496 3686 1564 τῇ
3723 1511 3860 1564 προ·-

2287 1588 2421 1657 τέρᾳ
2449 1586 2703 1657 δευτέραν
2746 1586 2935 1658 ἀφίησι
2976 1590 3177 1659 φωνὴν,
3221 1588 3573 1661 Ἰερουσαλὴμ
3605 1583 3744 1639 εἶναι
3769 1586 3863 1639 λέ-

2287 1694 2397 1745 γων
2417 1677 2513 1748 τὴν
2547 1678 2739 1731 ἑαυτοῦ
2765 1679 3016 1751 πατρίδα,
3042 1681 3252 1750 ἐκείνην
3279 1681 3411 1751 δῆτα
3445 1679 3599 1742 νοῶν,
3635 1679 3761 1747 περὶ
3787 1673 3861 1748 ἧς

2287 1771 2497 1840 εἴρηται
2532 1769 2759 1840 Παύλῳ·
2792 1771 2860 1823 Ἡ
2889 1770 2955 1823 δὲ
2986 1771 3107 1824 ἄνω
3150 1770 3538 1838 Ἰερουσαλὴμ
3573 1768 3859 1835 ἐλευθέρεί

2288 1956 2425 2006 ﬂare
2465 1953 2615 2006 Σιὼν
2644 1953 2781 2021 ὄρει,
2817 1954 2912 2007 καὶ
2953 1956 3124 2007 πόλει
3174 1955 3320 2007 Θεοῦ
3366 1953 3598 2019 ζῶντος,
3641 1954 3859 2020 Ἰερουο

2287 2041 2493 2109 σαλὴμ
2525 2042 2876 2109 ἐποιιριανίῳ.
2921 2043 3028 2095 Καὶ
3067 2044 3095 2095 ὁ
3136 2042 3231 2111 μὲν
3274 2041 3475 2112 ταύτην
3519 2040 3688 2094 ἐνόει·
3725 2042 3753 2093 ὁ
3797 2040 3856 2096 δὲ

2287 2134 2379 2185 ἐπί
2410 2130 2574 2202 χθόνα
2623 2134 2717 2184 καὶ
2764 2135 2939 2202 χαμαὶ
2992 2132 3153 2205 ῥίψας
3194 2131 3291 2202 τὴν
3325 2132 3580 2193 διάνοιαν,
3626 2131 3711 2194 τίς
3766 2129 3852 2202 εἴη

2287 2224 2423 2292 αὑτὴ
2451 2221 2546 2275 καὶ
2593 2220 2697 2275 ὑπὸ
2744 2224 2845 2291 γῆς
2898 2223 3055 2286 ποίας
3096 2222 3342 2292 κειμένη,
3379 2220 3616 2292 ἀκριϐῶς
3658 2219 3854 2273 ἐπολυ-

2289 2312 2611 2381 πραγμόνει,
2646 2313 2739 2365 καλ⁵
2768 2313 2899 2383 δῆτα
2942 2315 3034 2366 καλ⁸
3067 2313 3328 2383 βασάνους
3363 2313 3563 2383 ἐπῆγεν
3604 2311 3678 2373 ὡς
3712 2311 3853 2365 ἄντ’

2286 2403 2482 2473 ἀληθὲς
2509 2404 2818 2475 ὁμολογοίη.
2869 2406 2925 2458 '0
2962 2406 3017 2458 δὲ
3048 2404 3464 2474 στρεϐλούμενος
3511 2404 3737 2457 κατόπιν
3785 2403 3855 2455 τά

2286 2496 2432 2565 χεῖρε
2478 2495 2570 2547 καὶ
2602 2498 2712 2547 τοῖν
2751 2495 2929 2549 ποδοῖν
2975 2497 3271 2567 μαγγάνοις
3316 2497 3425 2548 τισὶ
3464 2494 3849 2564 διακλώμενος,

2287 2586 2562 2656 εἰρηκέναι
2587 2587 2634 2639 τ’
2659 2587 2853 2658 ἀληθὲς
2880 2587 3254 2660 διῖσχυρίζετο.
3298 2585 3429 2641 Εἶτα
3475 2583 3540 2641 αὖ
3573 2587 3731 2640 πάλιν
3756 2587 3852 2640 καὶ

2287 2676 2543 2741 πολλάκις
2592 2680 3011 2751 πυνθανομένου,
3055 2681 3137 2745 τίς
3178 2680 3262 2752 εἴη
3297 2680 3389 2733 καί¹
3440 2682 3530 2732 ποῖ
3558 2678 3783 2749 κειμένη
3813 2679 3847 2748 ὴ

2284 2767 2536 2841 λεχθεῖσα
2565 2772 2718 2834 πόλις
2764 2773 3131 2846 Ἰερουσαλὴμ,
3167 2772 3332 2842 μόνην
3370 2773 3539 2844 αὐτὴν
3570 2767 3707 2824 εἶναι
3744 2771 3849 2824 τῶν

2285 2859 2620 2917 Χριστιανῶν
2667 2863 2899 2933 πατρίδα
2941 2862 3124 2931 ἔλεγε,
3190 2864 3262 2933 μὴ
3303 2863 3411 2933 γὰρ
3451 2862 3543 2914 καὶ
3570 2863 3774 2932 ἑτέροις
3812 2859 3847 2931 ἢ

2284 2951 2493 3015 τούτοις
2523 2953 2700 3022 μόνοις
2728 2953 2897 3023 αὐτῆς
2912 2957 3173 3023 μετεῖναι,
3200 2953 3410 3005 κεῖσθαι
3432 2952 3486 3005 δέ
3513 2950 3647 3023 πρὸς
3668 2950 3852 3003 ἀνατο-

2284 3040 2423 3107 λαῖς,
2455 3043 2547 3097 καί
2580 3044 2717 3117 πρὸς
2746 3044 2892 3114 αὑτῷ
2921 3045 3059 3115 φωτί
3088 3045 3181 3097 καὶ
3209 3045 3362 3115 ἡλίῳ.
3404 3044 3461 3095 'U
3495 3044 3592 3113 μὲν
3625 3043 3716 3096 καὶ
3747 3043 3854 3095 πά-

2284 3137 2368 3191 λιν
2395 3138 2482 3191 διὰ
2507 3137 2708 3192 τούτων
2734 3139 2873 3193 κατὰ
2899 3141 2989 3193 τὸν
3012 3141 3207 3193 οἰκεῖον
3231 3140 3352 3195 νοῦν
3380 3138 3712 3208 ἐφιλοσόφει·
3744 3138 3854 3193 τῶν

2283 3230 2341 3281 ἐν
2371 3229 2553 3301 κύκλῳ
2594 3230 2844 3301 βασάνοις
2877 3232 3036 3285 αὑτὸν
3065 3230 3418 3303 αἰκιζομένων
3446 3231 3565 3285 οὐδὲ
3596 3233 3850 3303 ἐπιστρε-

2284 3320 2543 3390 φόμενος*
2577 3321 2765 3393 ὥσπερ
2795 3323 2849 3375 δέ
2874 3341 2955 3387 τις
2992 3323 3229 3395 ἄσαρκος
3261 3324 3352 3376 καί
3386 3321 3695 3393 ἀσώματος,
3733 3323 3853 3378 οὐδὲ

2282 3412 2705 3467 ἐπαισθάνεσθαι
2735 3413 2906 3466 ἐδόκει
2928 3414 3033 3467 τῶν
3063 3414 3387 3485 ἀλγηδόνων.
3426 3416 3482 3466 Ὀ
3510 3414 3566 3467 δὲ
3594 3415 3854 3486 δικαστὴς

2282 3503 2654 3574 ἀπορούμενος
2693 3504 3010 3572 ἐσφάδαζεν,
3058 3505 3256 3576 ἐχθράν
3289 3506 3383 3559 καὶ
3426 3507 3717 3576 Ῥωμαίοις
3750 3523 3851 3559 πο-

2280 3592 2474 3663 λεμίαν
2499 3596 2637 3663 τάχα
2661 3612 2761 3647 που
2784 3595 3150 3665 συστήσασθαι
3173 3596 3382 3657 ἑαυτοῖς
3413 3595 3564 3648 πόλιν
3593 3597 3853 3668 Χριστια-

2281 3686 2404 3747 νοὺς
2431 3686 2704 3755 οἰόμενοςσ
2738 3685 2905 3748 πολύς
2937 3702 2995 3737 τε
3034 3682 3102 3755 ἦν
3147 3686 3491 3755 ἐπικείμενος
3528 3689 3648 3749 ταῖς
3683 3685 3851 3755 βασά-

2279 3790 2411 3837 νοις,
2452 3775 2545 3828 καί
2582 3775 2882 3845 ἀνερευνῶν
2915 3776 3011 3846 τὴν
3052 3775 3380 3848 δηλωθεῖσαν
3414 3777 3591 3842 πόλιν,
3636 3777 3736 3848 τήν
3788 3793 3849 3829 τε

2280 3866 2421 3919 κατὰ
2457 3866 2716 3930 ἀνατολὰς
2760 3866 3025 3931 ἐξετάζων
3073 3868 3285 3939 χώραν’
3324 3869 3399 3932 ὡς
3430 3870 3488 3921 δέ
3531 3869 3624 3923 ἐπὶ
3668 3869 3851 3923 πλεῖον

2282 3957 2499 4027 μάστιξι
2539 3957 2629 4011 τὸν
2662 3960 2875 4011 νεανίαν
2913 3960 3239 4030 καταξήνας,
3284 3960 3700 4032 ἀπαράλλακτον
3740 3959 3851 4012 τῶν

2279 4052 2558 4124 προτέρων
2586 4051 2732 4121 αὐτῷ
2764 4051 3033 4123 ῥηθέντων
3059 4052 3226 4123 ἐώρα,
3250 4051 3346 4122 τὴν
3370 4053 3462 4104 ἐπὶ
3486 4051 3699 4123 θανάτῳ
3728 4052 3849 4104 κατ’

2278 4141 2442 4194 αὐτοῦ
2477 4142 2776 4215 κεφαλικὴν
2805 4143 3025 4215 ἐκφέρει
3052 4144 3250 4214 ψῆφον.

2348 4235 2451 4287 ΙΑ’.
2484 4234 2595 4288 Καὶ
2622 4234 2689 4287 τά
2722 4236 2817 4304 μὲν
2842 4235 2980 4288 κατὰ
3006 4235 3214 4298 τοῦτον,
3236 4235 3488 4305 τοιαύτην
3515 4235 3699 4306 εἴληφε
3723 4234 3848 4301 δρα-

2282 4344 2452 4398 ματου
2462 4326 2637 4396 ργίαν,
2668 4326 2761 4379 καὶ
2784 4326 2909 4389 τοὺς
2929 4326 3147 4395 λοιποὺς
3174 4326 3229 4379 δὲ
3253 4326 3359 4379 τῶν
3388 4326 3718 4396 Αἰγυπτίων,
3736 4327 3848 4388 τοῖς

2277 4396 2676 4490 παραπλησίοις
2722 4416 3093 4487 διαγυμνάσας
3138 4416 3495 4487 παλαίσμασι,
3530 4416 3621 4469 τὸν
3662 4417 3848 4486 ὅμοιον

2278 4512 2471 4577 ἐπάγει
2512 4509 2729 4579 τρόπον.
2761 4504 2895 4562 Εἶτα
2935 4511 2998 4562 ἐκ
3043 4500 3246 4562 τούτων
3278 4510 3370 4562 ἐπὶ
3408 4510 3534 4573 τοὺς
3575 4508 3717 4579 ἀμφὶ
3753 4505 3845 4560 τὸν

2277 4601 2557 4673 Πάμφιλον
2600 4600 2840 4672 μεταϐὰς
2888 4602 3280 4667 ἀνεδιδάσκετο,
3316 4601 3393 4665 ὡς
3436 4602 3544 4672 ἄρα
3582 4600 3845 4672 πρότερον

2275 4692 2374 4761 ἥδη
2410 4691 2675 4743 πλείστων
2718 4686 2825 4743 εἷεν
2860 4690 3107 4761 βασάνων
3156 4692 3611 4763 πεπειρασμένον
3646 4691 3842 4745 ἄτοπον

2272 4778 2327 4834 δὲ
2360 4778 2496 4834 εἶναι
2525 4780 2878 4851 λογισάμενος
2900 4785 3020 4845 ταῖς
3044 4782 3235 4845 αὑταῖς
3264 4783 3467 4845 αἰκίαις
3499 4780 3840 4855 περιϐάλλειν

2272 4874 2397 4935 τοὺς
2436 4872 2655 4943 ἄνδρας,
2693 4872 2789 4925 καὶ
2834 4873 3036 4942 μάταια
3079 4873 3328 4943 μοχθεῖν,
3362 4873 3615 4928 τοσοῦτον
3659 4873 3837 4943 μόνον,

2272 4960 2319 5009 εἰ
2351 4959 2453 5012 κᾶν
2492 4959 2585 5012 νῦν
2629 4960 2990 5031 πειθαρχοῖεν,
3035 4961 3460 5017 ἁνεπυνθάνετο”
3512 4963 3750 5027 ἀκούσας
3780 4965 3838 5019 δέ

2270 5052 2397 5123 παρ’
2432 5050 2660 5106 ἑκάστου
2717 5053 2816 5125 τὴν
2857 5054 3090 5125 ὑστάτην
3133 5055 3230 5125 τῆς
3282 5057 3584 5129 μαρτυρίας
3630 5056 3834 5132 φωνὴν,

2267 5339 2490 5413 nomina
2525 5338 2977 5413 patriarcharum,
3012 5341 3397 5413 prophetarum
3438 5343 3523 5397 vel
3553 5345 3834 5413 apostolo-

2265 5410 2653 5482 rum._a|_iaque
2677 5427 2707 5465 e
2735 5411 2906 5482 sacris
2938 5411 3228 5479 Scripturis
3257 5414 3419 5482 petita

2336 5480 2458 5552 (57)_
2487 5478 2690 5552 Nempe
2722 5482 2831 5547 jam
2867 5481 2992 5534 inde
3020 5478 3322 5552 aitempo're
3351 5482 3479 5537 jElii
3508 5485 3754 5551 Adriani,
3777 5496 3835 5540 et

2263 5563 2408 5603 anno
2421 5550 2624 5604 Christi
2644 5551 2768 5616 179,
2797 5560 3098 5606 restaurata
3124 5550 3255 5608 urbs
3275 5553 3595 5617 Jerusalem,
3620 5550 3832 5610 mutato

2263 5620 2507 5695 nomine,
2526 5630 2666 5683 erat,
2686 5632 2739 5675 et
2774 5621 3052 5695 dicebatur
3083 5621 3247 5683 IEIia.
3281 5634 3339 5679 ut
3360 5626 3698 5695 antiquatum
3725 5627 3835 5695 pri-

2262 5692 2385 5743 dem
2423 5704 2631 5765 aomen
2657 5692 2905 5765 potuerit
2948 5690 3200 5765 Iiomano
3239 5694 3457 5765 prmsidi
3484 5690 3828 5765 peregrinum

2262 5760 2787 5838 prorsusgaceidere,
2817 5761 3054 5818 maxime
3078 5766 3122 5819 si
3153 5760 3377 5821 noverat
3404 5760 3686 5838 Egyptios
3709 5782 3832 5823 esse

2261 5843 2401 5897 quos
2431 5828 2818 5898 interrogabat.
