4090 6392
368 386 504 441 4513

1885 382 2087 457 acra.

3488 390 3626 447 ιδιο

363 498 760 571 παραπλησίως
793 496 1095 568 κεφαλικὴν
1127 496 1396 568 τιμωρίαν
1444 497 1562 548 κατ’
1609 495 1787 547 αὑτῶν
1829 496 1941 562 ἐξε-

2048 510 2258 563 νοοεηι,
2290 497 2633 554 consimilem
2672 498 2725 552 in
2763 512 2858 553 cos
2892 498 3017 554 tulit
3048 499 3372 553 sententiam
3407 501 3621 570 capitis,

363 590 723 659 νεγκάμενος,
757 589 978 656 ὑπάγει.

436 682 533 735 ΙΒ’.
568 680 734 735 Οὔπω
776 682 831 734 δὲ
874 679 1021 751 αὑτῷ
1060 682 1165 734 πᾶν
1205 682 1389 753 εἴρητο
1430 680 1589 742 ἔπος·
1629 680 1719 732 καὶ
1754 679 1946 745 πόθεν;

377 774 608 846 Ἀναϐοᾷ
659 773 941 846 μειράκιόν
972 791 1047 839 τι,
1084 774 1181 843 τῆς
1220 773 1497 844 οἰκετικῆς
1522 771 1615 827 τοῦ
1663 772 1947 844 Παμφίλου

363 866 682 938 θεραπείας,
720 867 785 920 ὲκ
832 865 996 934 μέσου
1030 864 1125 919 τοῦ
1171 864 1407 936 πλήθους
1451 865 1558 918 τῶν
1597 865 1739 935 ἀμφὶ
1779 865 1839 917 τὸ
1868 864 1947 917 δι-

363 956 658 1026 καστήριον
697 954 1041 1008 κυκλούντων
1071 954 1359 1027 παρελθὼν
1391 955 1472 1018 είς
1504 954 1667 1025 μέσον
1692 971 1704 984 ·
1737 954 1866 1007 ἐϐόα
1892 954 1947 1006 δὲ

363 1047 576 1120 μεγάλῃ
602 1050 775 1118 φωνῇ,
796 1049 938 1117 ταφῇ
963 1046 1031 1100 τὰ
1054 1045 1283 1117 σώματα
1301 1044 1511 1110 ὲξαιτού
1521 1062 1699 1116 μενος.
1727 1046 1946 1117 Πορφύ-

364 1157 475 1213 ριος
507 1135 574 1211 ἧν
600 1141 628 1193 ὁ
664 1139 959 1211 μακάριος·
990 1139 1211 1210 θρέμμα
1236 1139 1456 1211 γνήσιον
1496 1138 1803 1208 Παμφίλου,
1835 1138 1945 1192 οὐδ’

361 1232 498 1287 ὅλων
520 1230 665 1286 ὀκτὼ
700 1232 794 1285 καὶ
824 1230 955 1284 δέκα
996 1230 1152 1294 ἑτῶν,
1183 1230 1625 1302 καλλιγραφικῆς
1658 1230 1942 1303 ἔμπειρος,

362 1319 718 1392 σωφροσύνης
751 1320 808 1372 δὲ
849 1319 1014 1372 ἕνεκα
1048 1319 1142 1373 καὶ
1190 1320 1408 1390 τρόπων
1450 1319 1627 1374 πάντα
1659 1322 1946 1376 καλύπτων

357 1410 627 1481 ἐγκώμια,
662 1411 737 1475 ὡς
766 1404 854 1464 οἷα
888 1409 993 1463 ὑπὸ
1024 1409 1285 1480 τηλικῷδε
1323 1410 1478 1482 ἀνδρὶ
1507 1413 1941 1484 συνησκημένος·

357 1503 435 1567 ὼς
465 1503 510 1556 δ’
532 1503 676 1571 ἔγνω
703 1504 802 1573 τὴν
833 1502 975 1556 κατά
1002 1501 1095 1556 τοῦ
1118 1502 1378 1556 δεσπότου
1400 1503 1600 1575 ψῆφον,
1632 1505 1739 1559 ἀπὸ
1774 1506 1945 1578 μέσης

358 1596 460 1668 τῆς
491 1596 731 1667 πληθύος
762 1596 1055 1667 ἀνέκραγε,
1101 1598 1170 1667 γῇ
1212 1595 1279 1649 τὰ
1315 1595 1543 1666 σώματα
1577 1598 1943 1669 παραδοθῆναι

357 1688 545 1754 ἀξιῶν.
591 1689 650 1740 ’0
691 1688 748 1741 δὲ
791 1689 891 1741 οὑκ
928 1687 1235 1759 ἄνθρωπος,
1279 1687 1415 1742 ἀλλά
1452 1687 1576 1761 θήρ,
1610 1690 1706 1743 καὶ
1752 1689 1941 1762 θηρίου

356 1780 558 1843 παντὸς
591 1778 946 1851 ἀγριώτερος,
976 1780 1111 1850 μήτε
1137 1778 1238 1849 τῆς
1266 1780 1534 1851 αἰτήσεως
1565 1780 1784 1852 εὔλογον
1806 1784 1942 1836 ἀπο-

354 1849 679 1940 δεξάμενος,
697 1849 841 1941 μήτε
862 1867 939 1939 τῷ
970 1849 1071 1939 τῆς
1104 1868 1317 1941 ήλικίας
1351 1849 1652 1941 ἀπονείμας
1680 1849 1784 1943 νέῳ
1809 1887 1941 1939 συγ·
1970 1849 2013 1904 Β

357 1959 605 2030 γνώμην,
660 1960 793 2013 αὑτὸ
851 1960 1011 2030 μόνον
1069 1958 1146 2023 ὡς
1199 1959 1564 2029 ὁμολογοῦντα
1612 1962 1940 2034 Χριστιανὸν

357 2051 551 2123 ἔμαθε,
586 2052 762 2105 παντὶο
803 2050 981 2104 σθένει
1025 2054 1139 2114 τοῖς
1193 2051 1542 2121 βασανισταῖς
1595 2055 1717 2108 κατ’
1773 2054 1938 2108 αὑτοῦ

356 2141 591 2215 χρῆσθαι
632 2143 979 2216 προστάττει.
1048 2143 1137 2206 Ὠς
1183 2143 1240 2197 δὲ
1295 2145 1744 2218 ὲπικελευομένου
1791 2145 1940 2202 θύειν

357 2236 608 2290 ἀνένευεν
631 2236 659 2288 ὁ
686 2236 1008 2307 θαυμάσιος,
1035 2236 1135 2289 οὑκ
1164 2234 1241 2287 ἔθ’
1268 2233 1357 2290 οἷα
1383 2238 1590 2308 σάρκας
1615 2238 1902 2310 ἀνθρώπου
1921 2277 1937 2303 ,

356 2329 471 2383 ἀλλ’
502 2324 587 2384 οἶα
607 2328 787 2393 λίθους
816 2330 849 2399 ἢ
878 2328 1029 2395 ξύλα,
1054 2328 1088 2399 ή
1110 2345 1164 2381 τι
1194 2328 1303 2383 τῶν
1333 2330 1554 2402 ἀψύχων
1573 2330 1757 2402 ἕτερον
1782 2330 1939 2402 ἄχρις

353 2421 556 2477 ὀστέων
585 2421 763 2476 αὑτῶν
796 2422 890 2476 καὶ⁸
935 2423 1076 2476 κατά
1106 2422 1305 2493 βάθους
1342 2422 1664 2494 σπλάγχνων
1706 2421 1940 2486 αἰκίζειν

354 2512 539 2569 αὑτὸν.
583 2511 680 2565 καὶ
718 2512 826 2565 πᾶν
858 2511 918 2564 τὸ
954 2512 1113 2583 σῶμα
1150 2513 1497 2577 καταξαίνειν
1531 2512 1934 2565 ὲπικελεύεταν

357 2606 438 2668 εἰς
496 2602 707 2676 μακρὸν
755 2602 812 2656 δὲ
861 2603 1051 2657 τούτου
1109 2605 1416 2675 γινομένου,
1455 2604 1630 2676 μάτην
1672 2606 1940 2677 ἐγχειρεῖν

356 2697 568 2764 διέγνω.
618 2694 881 2766 Ἀφὼνου,
929 2696 1127 2769 μικροῦ
1169 2696 1278 2751 δεῖν
1311 2697 1405 2751 καὶ
1450 2696 1659 2767 ἀψύχου
1702 2696 1796 2751 τοῦ
1829 2695 1939 2750 σώ-

361 2805 528 2859 ματος
557 2787 635 2859 τῷ
662 2789 895 2858 γενναίῳ
941 2788 1177 2860 μάρτυρι
1210 2789 1596 2854 καταστάντος,
1623 2788 1942 2861 παραμένον

353 2880 416 2934 τὸ
441 2879 668 2952 ἀνηλεὲς
707 2882 800 2933 καὶ
827 2880 1192 2953 ἀπάνθρωπον
1220 2880 1558 2952 κεκτημένος
1588 2884 1617 2936 ό
1646 2881 1936 2955 δικαστής,

354 2973 558 3045 τριχῶν
593 2964 990 3045 πεπλεγμένοις
1019 2974 1304 3045 ὑφάσμασι
1336 2973 1436 3038 τὰς
1465 2974 1788 3048 ἐκδαρείσας
1818 2980 1939 3041 ταῖς

358 3064 613 3135 βασάνοις
641 3064 879 3135 πλευρὰς
898 3064 1093 3135 ψήχειν
1119 3067 1212 3119 καὶ
1238 3066 1445 3137 τρίϐειν
1464 3067 1556 3119 ἐπὶ
1586 3066 1747 3121 πλέον
1773 3086 1940 3140 προσ-

2051 601 2215 657 atque
2243 590 2486 646 recessit.

2121 681 2235 738 Xll.
2279 681 2383 738 Sed
2436 683 2676 737 nondum
2726 690 2839 737 tota
2894 684 3153 749 tragtedia
3211 692 3431 753 peracta
3487 692 3623 739 erat.

2049 773 2335 841 Quomodo
2369 784 2550 830 autem
2591 783 2813 844 peracta
2854 775 2973 829 est?
3002 774 3296 829 Revocavit
3319 792 3444 830 eum
3470 776 3625 845 juve-

2050 867 2135 921 nis
2167 867 2388 936 quidam
2419 867 2487 921 de
2515 867 2694 921 medio
2734 867 2903 921 turba:
2941 866 3178 922 tribunal
3216 868 3625 923 circumstantis

2050 958 2357 1029 prosiliens,
2398 972 2463 1012 ex
2499 957 2768 1012 famulitio
2801 956 3108 1027 Pamphili;
3138 961 3412 1014 revocavit
3441 971 3620 1014 autem

2048 1066 2180 1104 voce
2202 1065 2418 1121 magna,
2437 1049 2739 1119 deposcens
2758 1065 2989 1121 corpora
3016 1051 3085 1106 ad
3107 1052 3463 1120 sepulturam.
3491 1052 3625 1105 Boa-

2049 1150 2137 1196 tus
2162 1140 2251 1195 hic
2270 1139 2609 1212 Porphyrius
2631 1149 2771 1205 erat,
2794 1141 3062 1212 genuinus
3083 1142 3353 1212 Pamphili
3377 1143 3621 1208 vernula,

2050 1232 2279 1287 necdum
2310 1230 2609 1287 octodecim
2637 1246 2811 1287 annos
2837 1241 3018 1299 natus,
3043 1232 3155 1304 (58)
3180 1233 3450 1287 scribendi
3480 1235 3625 1303 peri-

2050 1323 2317 1387 tissimus,
2348 1337 2565 1378 morum
2594 1337 2658 1377 ae
2693 1322 2971 1392 sapientia:
3001 1323 3161 1378 titulo
3182 1323 3437 1378 omnibus
3458 1338 3625 1378 enco-

2048 1413 2174 1469 miis
2203 1414 2400 1483 major,
2437 1421 2500 1468 ut
2531 1412 2625 1483 qui
2652 1427 2777 1467 cum
2818 1414 2910 1467 tali
2951 1412 3071 1468 viro
3101 1428 3221 1469 sese
3253 1422 3575 1469 exercuerat
3605 1433 3618 1468 :

2046 1504 2162 1574 qui,
2195 1514 2256 1558 ut
2281 1504 2533 1574 cognovit
2561 1503 2726 1557 latam
2766 1504 2822 1557 in
2864 1504 3150 1558 dominum
3194 1520 3353 1559 suum
3397 1518 3620 1559 senten—

2046 1595 2199 1658 tiam,
2231 1608 2299 1648 ex
2324 1593 2500 1648 media
2541 1593 2696 1647 turba
2735 1592 3060 1658 vociferans,
3095 1595 3272 1648 oravit
3297 1602 3357 1649 ut
3391 1610 3621 1664 corpora

2046 1686 2150 1740 sibi
2183 1684 2413 1755 sepelire
2446 1684 2651 1739 liceret.
2682 1682 2890 1739 Praeses
2921 1698 3070 1748 vero,
3098 1700 3206 1739 non
3234 1696 3490 1757 tanquam
3516 1688 3619 1741 ho-

2044 1790 2155 1841 mo,
2187 1776 2281 1831 sed
2321 1762 2380 1829 ut
2409 1773 2545 1842 fera,
2570 1774 2658 1830 vel
2688 1776 2735 1830 si
2763 1775 2892 1845 quid
2920 1774 3034 1830 fera
3065 1776 3363 1831 immanius
3395 1786 3498 1842 est,
3524 1793 3623 1831 ne-

2042 1883 2149 1936 que
2179 1867 2567 1938 postulationis
2601 1866 2911 1935 aequitatem
2943 1868 3271 1937 suscipiens,
3313 1884 3490 1937 neque
3525 1868 3619 1938 ju-

2041 1960 2281 2016 ventulis
2300 1961 2570 2015 rationem
2602 1959 2768 2014 ullam
2802 1959 3035 2027 habens,
3066 1962 3242 2015 solum
3277 1963 3405 2031 quia
3427 1961 3619 2016 didicit

2042 2051 2437 2108 adolescentem
2486 2067 2545 2108 se
2586 2050 2960 2107 Christianum
3016 2051 3210 2118 fateri,
3266 2053 3621 2109 carnilicibus

2040 2144 2297 2214 praecepit
2328 2158 2519 2200 omnes
2561 2143 2618 2197 in
2646 2158 2713 2197 eo
2746 2142 3053 2213 torquendo
3084 2143 3229 2199 vires
3268 2144 3615 2198 contendere.

2040 2236 2177 2291 Cum
2201 2252 2331 2309 ergo
2357 2236 2571 2308 jubenti
2608 2237 2921 2292 sacriﬁcare
2959 2236 3243 2292 abnuisset
3282 2237 3620 2293 admirabilis

2043 2332 2153 2394 ille,
2180 2346 2288 2385 non
2318 2331 2434 2400 jam
2464 2338 2523 2385 ut
2551 2345 2772 2386 carnem
2808 2331 3128 2394 humanam,
3169 2330 3263 2383 sed
3299 2338 3357 2383 ut
3387 2331 3616 2400 lapidem

2043 2433 2137 2477 aut
2169 2424 2374 2494 lignum
2413 2433 2509 2478 aut
2537 2423 2684 2478 aliud
2715 2421 3083 2493 quodcunque
3122 2421 3505 2486 inanimatum,
3534 2439 3621 2476 us-

2041 2531 2149 2586 que
2177 2516 2242 2570 ad
2277 2516 2389 2586 ipsa
2422 2531 2549 2571 ossa
2586 2523 2641 2570 et
2676 2514 2937 2569 interiora
2968 2513 3202 2579 viscera,
3238 2515 3496 2584 praecepit
3541 2526 3621 2586 ty-

2040 2622 2249 2661 rannus
2273 2607 2649 2662 excarniﬁcari
2671 2620 2871 2675 corpus
2902 2604 3022 2674 ejus
3046 2620 3060 2658 :
3081 2618 3190 2674 quo
3221 2603 3427 2658 diutius
3450 2602 3613 2662 facto.

2041 2700 2262 2771 agnovit
2297 2701 2513 2754 tandem
2543 2700 2596 2753 in
2628 2714 2828 2754 vanum
2871 2696 2923 2753 id
2958 2698 3066 2770 agi.
3102 2697 3250 2753 Licet
3277 2707 3457 2753 autem
3491 2699 3618 2753 abs—

2040 2806 2148 2863 que
2171 2806 2303 2847 voce
2333 2799 2387 2845 et
2418 2806 2567 2860 paene
2606 2791 2812 2859 absque
2839 2790 3021 2845 anima
3064 2789 3311 2861 generosi
3360 2791 3616 2862 martyris

2042 2898 2241 2953 corpus
2271 2883 2498 2953 jacerct,
2542 2882 2769 2937 immitis
2804 2892 2984 2937 tamen
3017 2890 3184 2952 atque
3214 2880 3415 2936 eﬂ'erus
3447 2881 3615 2951 judex

2038 2976 2205 3047 jussit
2230 2976 2495 3031 laceratas
2520 2974 2639 3045 ejus
2660 2989 2853 3029 carnes
2878 2988 2942 3029 ac
2965 2974 3133 3028 latera
3160 2973 3390 3029 setaceis
3420 2975 3618 3042 pannis

2041 3068 2334 3124 confricari
2359 3075 2523 3138 atque
2547 3067 2718 3121 deteri
2746 3066 2894 3137 ('59);
2932 3066 3259 3135 tandemque
3290 3065 3437 3121 velut
3461 3080 3619 3120 exsa-

355 3158 568 3212 τάττειο
593 3153 694 3211 εἷθ’
728 3157 917 3233 ὥσπερ
950 3159 1109 3229 κόρον
1141 3156 1320 3212 λαϐὼν
1353 3158 1445 3211 κα)⁸
1472 3158 1571 3229 τῆς
1606 3158 1803 3230 μανίας
1841 3162 1940 3231 έμ-

2043 3166 2328 3213 turaturus
2376 3156 2658 3222 furorem,
2708 3156 2856 3211 lento
2899 3170 2965 3211 ac
3008 3155 3225 3225 longius
3269 3154 3449 3225 posito
3492 3155 3615 3225 igne

357 3247 632 3319 φορηθείς,
678 3248 873 3320 μακρῷ
906 3249 999 3301 καὶ
1032 3246 1293 3318 μαλθακῷ
1335 3247 1469 3319 πυρὶ
1515 3247 1936 3319 παραϐληθῆναι

2043 3260 2332 3321 martyrem
2366 3248 2615 3304 consumi
2641 3247 2914 3317 praecepit.
2947 3244 3024 3300 Ita
3057 3246 3168 3309 ille,
3201 3255 3325 3301 ante
3351 3262 3615 3303 consum-

357 3338 516 3391 αὐτὸν
551 3339 931 3407 ἀποφαίνεται.
966 3333 1132 3401 Οὗτος
1163 3338 1261 3410 μὲν
1283 3333 1377 3391 οὖν
1404 3339 1510 3410 πρὸ
1530 3338 1631 3410 τῆς
1656 3338 1750 3392 τοῦ
1783 3340 1940 3410 Παμ-

353 3428 507 3499 φίλου
537 3430 867 3495 τελειώσεως
892 3428 1121 3493 ὕστατος
1152 3429 1245 3483 ἐπὶ
1274 3430 1367 3483 τὸν
1402 3429 1591 3498 ἀγῶνα
1625 3430 1934 3502 παρελθὼν,

350 3524 420 3595 τῇ
454 3522 562 3576 ἀπὸ
593 3522 687 3577 τοῦ
731 3522 983 3595 σώματος
1014 3521 1304 3593 ἀπαλλαγῇ
1349 3519 1441 3575 τὸν
1467 3522 1738 3595 δεσπότην
1772 3523 1935 3594 προέ-

352 3614 536 3672 λαϐεν.

423 3711 522 3764 ll".
562 3706 669 3763 Ἦν
700 3710 757 3764 δὲ
788 3709 898 3783 ἀρα
939 3711 1028 3764 τὸν
1058 3710 1366 3784 Πορφύριον
1399 3708 1625 3781 θεωρεῖν
1674 3707 1938 3778 ἱερονίκου

353 3801 592 3855 διαθέσει
654 3802 951 3873 πάμμαχον
1023 3802 1394 3874 νενικηκότος,
1431 3798 1815 3870 κεκονιαμένον
1879 3799 1940 3851 τὸ

361 3893 538 3963 σῶμα,
581 3894 804 3966 φαιδρὸν
834 3894 890 3948 δὲ
920 3894 1016 3965 τὴν
1043 3894 1184 3963 ὕψιν,
1222 3893 1506 3964 θαρσαλέῳ
1531 3910 1591 3946 τε
1632 3892 1939 3963 φρονήματι

357 3982 452 4036 καὶ
502 3983 713 4055 γαύρῳ,
759 3982 857 4055 τὴν
883 3983 976 4035 ἐπὶ
1017 3983 1109 4035 τὸν
1154 3982 1382 4034 θάνατον
1429 3979 1747 4050 βαδίζονταο
1792 3978 1937 4032 θείου

361 4076 673 4147 Πνεύματος
703 4075 780 4140 ὡς
824 4074 1040 4146 ἀληθῶς
1080 4073 1363 4144 ἔμπλεων*
1415 4073 1508 4124 καὶ
1666 4071 1938 4139 φιλοσόφῳ

359 4167 594 4237 σχήματι
628 4166 708 4237 τῷ
750 4165 878 4236 περὶ
908 4164 1071 4218 αὑτὸν
1101 4160 1407 4231 ἀναϐολαίῳ
1440 4159 1643 4231 τρόπον
1677 4158 1937 4229 ἐξωμίδος

303 4293 310 4301 ο
357 4257 749 4330 ἠμφιεσμένος,
784 4257 897 4312 ἀνω
930 4256 1140 4327 βλέπων
1169 4255 1263 4308 καὶ
1298 4253 1474 4306 πάντα
1503 4251 1594 4305 τὸν
1624 4250 1816 4322 θνητὸν
1844 4251 1938 4304 κα)⁸

228 4388 246 4406 ι
357 4349 695 4423 ἀνθρώπινον
722 4346 1076 4421 ὑπερφρονῶν
1104 4344 1236 4416 βίον,
1263 4345 1491 4415 ἀτρεμεῖ
1509 4344 1575 4414 τῇ
1600 4340 1744 4412 ψυχῇ
1772 4340 1939 4411 πρόσ-

357 4457 465 4495 εισι
498 4444 563 4513 τῇ
604 4442 771 4513 πυρᾷ.
806 4440 944 4511 Ἤδη
977 4436 1152 4507 ἑαυτῷ
1197 4437 1298 4507 τῆς
1329 4434 1524 4503 φλογὸς
1576 4430 1934 4502 πελαζούσης,

2039 3342 2333 3397 mationem
2363 3340 2658 3411 Pamphili,
2686 3339 2911 3394 ultimus
2934 3353 3252 3408 progressus
3273 3339 3339 3393 ad
3359 3354 3611 3409 agonem,

2038 3435 2321 3490 dominum
2354 3449 2515 3490 suum
2542 3434 2815 3505 praevertit
2839 3432 3184 3489 abdicatione
3207 3446 3490 3503 corporea.

2107 3696 2249 3753 Xlll.
2292 3695 2422 3751 Erat
2453 3702 2636 3751 autem
2662 3694 2845 3751 videre
2872 3693 3236 3767 Porphyrium
3270 3695 3444 3750 instar
3472 3696 3614 3751 sacri

2039 3790 2257 3845 athletae
2308 3786 2552 3844 universi
2608 3786 2925 3841 certaminis
2973 3786 3233 3841 victorem
3293 3777 3614 3855 gldriosum,

2039 3882 2333 3937 dissectum
2353 3894 2603 3949 corpore,
2622 3878 2718 3934 sed
2750 3877 2888 3933 facie
2913 3878 3275 3948 splendidum,
3307 3878 3534 3947 Imtaque
3561 3890 3615 3931 et

2040 3971 2307 4041 intrepida
2329 3979 2509 4024 mente
2529 3967 2597 4023 ad
2628 3975 2855 4023 mortem
2875 3967 3201 4037 procedere;
3224 3968 3412 4035 utique
3430 3969 3614 4022 divino

2039 4064 2257 4134 plenum
2290 4060 2526 4131 Spiritu;
2559 4068 2612 4116 et
2639 4059 2858 4129 quidem
2896 4067 3152 4127 tanquam
3183 4058 3236 4110 in
3276 4057 3460 4110 habitu
3492 4058 3612 4127 phi-

2039 4153 2347 4223 l050phico,
2368 4152 2542 4207 solum
2571 4150 2829 4220 injectum
2857 4148 2959 4203 sibi
2991 4148 3435 4211 instrumentum,
3455 4150 3613 4219 quasi

2038 4245 2262 4316 pallium
2313 4254 2552 4315 gestans,
2619 4242 3034 4311 despiciensque
3077 4241 3299 4306 omnia,
3355 4250 3410 4295 et
3469 4257 3615 4295 mor-

2038 4338 2203 4394 talem
2257 4347 2419 4406 atque
2475 4337 2771 4390 humanam
2825 4333 2967 4387 hanc
3019 4333 3186 4385 vitam
3231 4342 3608 4393 contemnens,

2039 4430 2243 4498 absque
2275 4428 2382 4482 ulla
2414 4426 2612 4483 mentis
2642 4425 2933 4482 formidine
2958 4426 3025 4479 ad
3053 4438 3243 4495 rogum
3267 4424 3589 4494 procedebat

356 4533 433 4598 ὡς
462 4533 529 4588 ἂν
559 4533 618 4588 δὲ
652 4532 876 4604 μηδενὸς
908 4529 1058 4601 αὑτῷ
1094 4528 1359 4600 παρόντος
1388 4522 1655 4597 λυπηροῦ,
1682 4522 1939 4593 ἀταράχῳ

2043 4524 2178 4579 Cum
2211 4537 2340 4577 vero
2367 4521 2434 4576 ad
2466 4521 2642 4591 ipsum
2670 4519 2783 4589 jam
2818 4519 3205 4588 propinquaret
3230 4516 3468 4582 ﬂamma,
3489 4523 3614 4571 tan-

357 4627 455 4681 καὶ
481 4628 702 4698 νήφοντι
746 4622 989 4695 λογισμῷ
1030 4622 1157 4693 περὶ
1188 4619 1296 4673 τῶν
1335 4618 1550 4672 οἰκείων
1592 4618 1705 4680 τοῖς
1736 4614 1937 4688 γνωρί-

362 4736 487 4793 μοις
518 4721 547 4773 ό
578 4722 728 4793 ήρως
786 4719 1119 4780 διετάττετο,
1154 4717 1235 4778 είς
1278 4713 1357 4767 ἔτι
1384 4712 1507 4765 τότε
1545 4710 1606 4764 τὸ
1646 4708 1936 4781 πρόσωπον

360 4811 586 4883 φαιδρὸν
613 4810 708 4864 καὶ
732 4808 1151 4879 ἀπαράλλακτον
1174 4802 1570 4873 διαφυλάττων.
1625 4800 1714 4862 Ὠς
1737 4798 1794 4851 δὲ
1822 4799 1936 4861 τοῖς

358 4903 655 4975 γνωρίμοις
692 4901 978 4974 αὐτάρκως
1008 4896 1352 4961 συνετάξατο,
1383 4893 1520 4965 πρὸς
1544 4892 1636 4944 τὸν
1669 4889 1801 4944 Θεὸν
1832 4888 1933 4960 ήδη

358 4995 546 5051 λοιπὸν
589 4994 850 5065 ἠπείγετο
868 5010 881 5023 ·
912 4991 1012 5063 τῆς
1046 4990 1111 5059 γέ
1141 5006 1223 5043 τοι
1253 4987 1433 5059 πυρᾶς
1462 4984 1522 5051 ἐξ
1554 4984 1937 5052 ἀποστήματος

359 5086 546 5158 κύκλῳ
574 5086 701 5158 περὶ
728 5084 888 5139 αὑτὸν
919 5082 1210 5154 ἀφθείσης,
1239 5078 1447 5134 ἐνθένδε
1471 5073 1727 5131 κάκεῖθεν
1759 5073 1936 5143 ὑφήρ-

362 5178 502 5244 παζε
533 5177 610 5250 τῷ
643 5176 871 5247 στόματι
901 5176 1000 5248 τὴν
1031 5175 1224 5245 φλόγα,
1253 5170 1602 5242 ἐπισπέρχων
1628 5166 1790 5229 αὐτὸς
1812 5166 1938 5217 ἑαυ-

363 5272 454 5326 τὸν
486 5271 578 5325 ἐπὶ
600 5270 699 5341 τὴν
728 5268 1096 5342 προκειμένην
1127 5263 1350 5335 πορείαν
1375 5278 1390 5293 ’
1426 5261 1520 5314 καὶ
1545 5257 1704 5312 τοῦτο
1735 5256 1939 5327 έπρατ-

367 5381 479 5426 τεν,
508 5364 660 5418 οὐδὲν
691 5362 876 5434 ἕτερον
904 5362 938 5431 ἢ
978 5357 1183 5429 Ἰησοῦν
1206 5352 1658 5425 ἀνακαλούμενος.

439 5459 535 5511 ΙΔ’.
589 5455 839 5518 Τοιοῦτος
860 5453 956 5507 καὶ
996 5448 1306 5522 Πορφυρίου
1354 5442 1549 5508 ἆθλοςο
1595 5442 1695 5512 τῆς
1723 5440 1779 5494 δὲ
1825 5440 1945 5493 κατ’

368 5548 530 5603 αὑτὸν
566 5545 895 5608 τελειώσεως
944 5542 1172 5610 ἄγγελος
1211 5538 1290 5609 τῷ
1342 5533 1612 5607 Παμφίλῳ
1653 5532 1944 5601 γενόμενος

366 5638 660 5703 Σέλευκος,
711 5635 802 5692 τοῦ
852 5635 949 5688 σὺν
1000 5633 1182 5695 αὑτοῖς
1234 5626 1582 5694 καταξιοῦται
1633 5621 1945 5695 παραυτίκα

446 5757 558 5827 ('58)
600 5756 841 5825 Utraque
859 5755 976 5809 haec
995 5738 1937 5827 commendatiodeest'inHistoria.

594 5804 1298 5897 l‘l'oc—rjuoquevtortnentum
1321 5816 1509 5872 eadem
1542 5810 1785 5867 Historia
1808 5804 2193 5881 praetermittit.

684 5925 955 5986 Panos.
991 5920 1108 5979 Gn.
1131 5916 1215 5976 Χ-

2041 4630 2204 4687 quam
2236 4614 2281 4670 si
2316 4614 2453 4669 nihil
2491 4610 2756 4668 molestia;
2796 4619 3073 4682 pateretur
3100 4609 3184 4664 vir
3211 4609 3299 4663 ille
3328 4616 3609 4670 strenuus,

2043 4709 2372 4763 inconcusso
2413 4714 2576 4775 atque
2616 4703 2889 4759 constanti
2935 4718 3122 4767 sensu,
3166 4716 3288 4772 quae
3322 4715 3421 4755 sua
3458 4709 3614 4755 erant

2040 4800 2255 4871 legaliat
2285 4796 2667 4859 familiaribus,
2696 4810 2870 4865 usque
2900 4796 2953 4849 in
2990 4795 3120 4848 illud
3153 4805 3365 4862 tempus
3389 4806 3613 4846 servans

2041 4894 2155 4949 oris
2181 4892 2526 4948 serenitatem
2557 4888 2924 4943 immutatam.
2953 4883 3025 4942 Ut
3053 4899 3179 4939 vero
3208 4883 3353 4937 notis
3378 4880 3492 4935 suis
3513 4895 3614 4951 pro

2043 4981 2195 5038 libitu
2242 4977 2512 5043 valefecit,
2557 4987 2704 5033 totus
2745 4977 2812 5031 ad
2860 4975 3030 5030 Deum
3072 4987 3368 5029 conversus
3407 4980 3520 5037 est;
3559 4979 3615 5025 et

2044 5073 2170 5144 quia
2202 5085 2370 5141 rogus
2401 5069 2467 5124 ad
2495 5068 2841 5124 intervallum
2872 5065 3293 5134 circumpositus
3315 5071 3453 5127 erat,
3486 5062 3616 5117 hinc

2044 5160 2171 5217 inde
2204 5159 2454 5230 captabat
2483 5173 2580 5214 ore
2611 5157 2881 5220 ﬂammas,
2910 5155 3064 5226 quasi
3092 5169 3150 5209 se
3171 5155 3349 5223 ipsum
3381 5153 3614 5207 incitans

2046 5247 2112 5301 ad
2142 5245 2476 5315 propositam
2501 5245 2607 5300 sibi
2635 5246 2778 5299 viam
2803 5261 2817 5307 ;
2846 5245 2949 5298 hoc
2976 5252 3154 5298 autem
3184 5240 3439 5305 faciebat,
3465 5239 3612 5294 aliud

2045 5338 2181 5393 nihil
2209 5352 2373 5407 quam
2404 5334 2589 5392 Jesum
2623 5337 2948 5392 inclamans.

2119 5428 2258 5483 XIV.
2300 5427 2432 5484 Tale
2481 5427 2586 5483 fuit
2634 5438 2905 5483 certamen
2965 5423 3249 5495 Porphyrii
3291 5441 3306 5478 :
3348 5423 3441 5494 qui
3485 5437 3615 5477 vero

2047 5525 2218 5594 ipsius
2256 5533 2486 5578 mortem
2529 5520 2814 5592 Pamphilo
2851 5519 3121 5573 nuntiavit
3159 5517 3441 5581 Seleucus,
3469 5518 3618 5583 ejus-

2047 5617 2169 5671 dem
2210 5633 2333 5673 cum
2383 5618 2500 5687 ipso
2548 5606 2724 5672 factus
2779 5613 2925 5668 illico
2977 5621 3063 5667 est
3115 5612 3280 5668 sortis
3322 5611 3611 5682 particeps.

3157 5885 3234 5945 £9
