4090 6384
456 420 459 429 .
489 374 625 436 {547

1706 376 1762 430 S.
1804 376 2124 432 PAMPllILl
2168 375 2523 434 MARTYRIS

3587 383 3723 439 1548

488 504 699 560 Etenim
721 503 897 574 ipsum
919 499 1201 570 Porphyrii
1227 498 1385 552 linem
1410 496 1692 567 Pamphilo
1712 498 2049 553 nuntiantem

2156 499 2374 570 κλήρου.
2420 499 2623 553 Αὐτίκα
2655 500 2705 566 γ’
2736 493 2827 552 οὖν
2862 498 3240 568 διαγγείλαντα
3275 498 3433 552 αύτδν
3471 497 3548 569 τῷ
3580 500 3733 570 Παμο

484 596 650 654 simul
682 607 737 652 et
774 604 1071 667 martyrum
1108 602 1381 649 catervam
1417 594 1774 660 osculantem,
1810 609 2057 663 compre-

487 691 793 746 henderunt
830 687 1048 749 milites,
1095 695 1258 756 atque
1289 686 1354 740 ad
1399 685 1778 754 proconsulem
1818 686 2057 740 adduxe-

487 793 616 841 runt
632 783 774 853 :qui,
789 782 945 851 quasi
964 772 1128 834 mora:
1156 779 1443 848 impatiens
1460 777 1634 832 donec
1650 778 1737 832 ille
1753 778 1913 832 simul
1930 793 2053 832 cum

487 878 820 948 praecedente
848 873 1151 944 Porphyrio
1199 872 1327 927 hinc
1370 871 1647 949 migraret,
1683 870 1845 940 jussit
1879 871 2054 940 ipsum

486 971 703 1041 capitali
723 967 989 1024 sententia
1021 965 1198 1035 plecti.
1225 963 1455 1020 Venerat
1475 962 1565 1017 hic
1594 978 1658 1017 ex
1687 960 2051 1032 Cappadocia,

486 1064 941 1131 vehementerque
953 1059 1286 1113 inclaruerot
1302 1055 1629 1110 militaribus
1640 1053 1934 1114 exercitiis(
1940 1052 2054 1123 40),

484 1166 538 1207 ct
564 1168 671 1207 non
701 1151 1045 1206 mediocriter
1070 1148 1211 1219 apud
1229 1147 1506 1201 Romanos
1526 1154 1808 1216 promotus
1839 1142 2050 1209 fuerat;

483 1245 781 1316 quinetiam
822 1251 975 1298 aetate
1008 1252 1063 1297 et
1098 1241 1343 1311 corporis
1380 1239 1573 1294 robore
1598 1237 1904 1306 viriumque
1936 1251 2053 1289 ma-

481 1338 764 1410 gnitudine
803 1346 856 1391 et
896 1336 1095 1391 virtute
1123 1334 1415 1405 plerosque
1448 1331 1732 1387 hominum
1766 1329 2052 1384 antecede-

481 1431 603 1496 bat;
639 1446 764 1484 nam
789 1429 940 1483 vultu
973 1429 1089 1497 ipso
1122 1426 1415 1481 admodum
1442 1422 1751 1492 spectabilis
1781 1436 1891 1491 pm
1918 1436 2054 1475 cuu-

483 1524 610 1588 ctis,
644 1522 876 1593 speciem
910 1520 1233 1591 praeferebat
1260 1519 1624 1587 undequaque
1653 1513 2052 1584 dignissimam,

481 1615 675 1670 forma:
701 1613 913 1669 eximite
936 1612 1129 1682 gratia.
1166 1610 1365 1665 Fuerat
1395 1619 1575 1664 autem
1609 1607 1769 1661 initio
1796 1619 2054 1676 persecu-

485 1709 650 1763 tionis
673 1714 890 1778 propter
923 1705 1047 1760 ﬁdei
1082 1704 1475 1760 confessionem
1510 1699 1844 1756 certantibus
1876 1713 2052 1752 annu-

2160 592 2298 663 φίλῳ
2321 593 2381 645 τὸ
2408 591 2500 645 τοῦ
2530 592 2836 662 Πορφυρίου
2870 591 3038 656 τέλος,
3069 591 3164 644 καὶ
3189 591 3295 645 τῶν
3324 590 3613 662 μαρτύρων
3638 588 3731 648 τδν

2157 683 2328 754 δῆμον
2380 684 2439 735 ὲν
2491 681 2755 752 φιλήματι
2813 682 3219 752 ἀσπασάμενον,
3280 680 3629 745 συλλαϐόντες
3679 685 3733 736 οἱ

2161 775 2488 847 στρατιῶται
2555 774 2778 842 ἄγουσιν
2842 775 2934 827 ἐπὶ
2997 774 3087 827 τὸν
3141 772 3460 843 ἡγούμενον.
3524 774 3583 827 '0
3636 774 3724 839 δὲ,

2157 865 2345 941 ὥσπερ
2378 866 2715 920 ἐπισπεύδων
2759 864 2842 936 τῷ
2882 864 3131 937 προτέρῳ
3163 863 3324 917 αὐτὸν
3358 865 3729 935 συναπόδημον

2156 958 2427 1026 γενέσθαι,
2460 957 2666 1028 κεφαλῇ
2698 955 3024 1027 κολασθῆναι
3052 957 3394 1028 προστάττει.
3432 957 3542 1028 Τῆς
3572 959 3732 1011 Καπ-

2116 1062 2121 1067 ’
2158 1049 2406 1103 παδοκῶν
2438 1042 2594 1113 οὗτος
2620 1049 2846 1119 ὡρμᾶτο
2880 1048 3012 1119 γῆς·
3043 1047 3399 1120 λαμπρότατα
3435 1049 3493 1103 δὲ
3530 1049 3639 1103 τῶν
3668 1051 3727 1103 ὲν

2159 1142 2466 1212 στρατείαις
2498 1141 2881 1211 εὐδοκιμήσας,
2910 1140 3019 1193 τῶν
3052 1141 3112 1192 ὲν
3160 1142 3489 1211 Ῥωμαϊκαῖς
3528 1157 3731 1212 προκο-

2156 1235 2286 1296 παῖς
2323 1234 2384 1285 οὐ
2415 1234 2614 1305 μικρᾶς
2642 1232 2967 1305 ἐπείληπται
2994 1231 3182 1297 ἀξίας·
3224 1233 3286 1285 οὑ
3323 1232 3427 1303 μὴν
3473 1233 3609 1287 ἀλλά
3635 1234 3731 1287 καὶ

2154 1325 2290 1395 αὐτῇ
2347 1325 2531 1397 ἡλικίᾳ.
2582 1326 2676 1379 καὶ
2725 1324 2883 1399 ῥώμῃ
2931 1326 3200 1396 σώματος,
3256 1324 3473 1396 μεγέθει
3526 1342 3586 1379 τε
3632 1328 3730 1380 καὶ

2158 1417 2366 1488 ἰσχύος,
2383 1420 2548 1490 ἀρετῇ
2577 1418 2825 1471 πλεῖστον
2866 1419 2989 1471 ὅσον
3015 1420 3139 1481 τοὺς
3167 1418 3385 1481 λοιποὺς
3413 1417 3730 1490 ἀνθρώπους

2156 1510 2524 1575 ἐπλεονέκτει,
2557 1511 2652 1565 καὶ
2679 1509 2777 1582 τὴν
2809 1509 3072 1581 πρόσοψιν
3091 1510 3147 1563 δὲ
3184 1510 3350 1580 αὐτὴν
3371 1510 3730 1581 περίϐλεπτος

2150 1594 2218 1670 ἦν
2242 1604 2354 1665 τοῖς
2380 1604 2533 1667 πᾶσι,
2575 1603 2630 1655 τό
2658 1620 2716 1655 τε
2765 1603 2873 1655 πᾶν
2900 1597 3037 1665 εἶδος
3076 1601 3423 1670 ἀξιάγαστος,
3464 1603 3728 1672 μεγέθους

2153 1690 2315 1745 ἓνεκα
2343 1695 2433 1746 καὶ
2464 1693 2782 1765 εὐμορφίας*
2819 1692 3098 1765 καταρχὰς
3123 1693 3220 1764 μὲν
3252 1689 3345 1747 οὖν
3371 1692 3609 1764 διωγμοῦ
3641 1694 3730 1748 διά

481 1813 727 1857 meratus
770 1815 864 1872 per
900 1800 1240 1855 tolerantiam
1284 1798 1604 1862 verberum;
1663 1793 1758 1850 sed
1804 1791 2052 1847 abdicata

2161 1783 2438 1852 μαστίγων
2465 1785 2759 1855 ὑπομονῆς,
2788 1786 2899 1848 τοῖς
2925 1784 3064 1838 κατὰ
3087 1782 3185 1855 τὴν
3213 1783 3500 1855 ὁμολογίαν
3523 1785 3731 1856 διέπρεο

482 1895 674 1951 militia
701 1869 985 1950 amulator
1007 1891 1184 1946 factus
1207 1905 1393 1944 eorum
1419 1889 1513 1958 qui
1536 1887 1601 1942 ad
1625 1885 1876 1956 pietatem
1907 1897 2054 1937 exer—

2155 1874 2252 1943 ψεν
2285 1875 2490 1944 ἀγῶσι·
2530 1875 2667 1947 μετά
2703 1877 2760 1929 δὲ
2786 1876 2882 1948 τὴν
2922 1875 3022 1945 τῆς
3053 1876 3340 1947 στρατείας
3372 1876 3726 1947 ἀπαλλαγὴν,

481 1997 696 2050 centur,
742 1985 947 2040 Christi
992 1997 1309 2054 germanum
1351 1981 1577 2035 militem
1618 1993 1739 2033 sese
1775 1976 2048 2046 probavit;

482 2078 744 2151 orphauis
771 2076 1034 2133 desolatis
1062 2091 1127 2129 ac
1168 2074 1346 2128 viduis
1385 2081 1688 2142 protectore
1718 2069 2050 2134 carentibus,

481 2170 845 2239 omnibusque
864 2182 987 2222 cum
1009 2164 1236 2235 penuria
1264 2174 1317 2219 et
1341 2161 1712 2217 imbecillitate
1738 2159 2054 2215 conflictan-

456 2264 649 2327 \tibus,
687 2259 940 2332 provisor
977 2256 1175 2322 factus,
1214 2257 1386 2327 patris
1431 2262 1526 2310 aut
1564 2254 1832 2309 curatoris
1863 2253 1931 2307 ad
1964 2254 2052 2307 in-

462 2368 619 2420 ~star,
654 2364 1088 2423 cunctorumque
1127 2351 1533 2420 desperatorum
1574 2347 1852 2402 laboribus
1892 2354 2052 2416 atque

481 2448 743 2504 :erumnis
782 2444 1046 2501 medelam
1083 2442 1308 2498 ferens:
1342 2449 1672 2512 quapropter
1710 2455 1741 2493 a
1785 2438 1917 2502 Deo,
1957 2436 2050 2507 qui

478 2541 683 2596 talibus
704 2538 878 2609 magis
907 2551 1071 2607 quam
1096 2534 1443 2590 victimarum
1472 2532 1663 2587 nidore
1693 2547 1757 2587 ac
1786 2529 2052 2600 sanguine

480 2634 816 2694 delectatur,
872 2626 1172 2699 martyriali
1221 2626 1370 2681 exitu
1428 2624 1625 2694 dignus
1675 2630 1759 2679 est
1807 2621 2047 2676 habitus.

477 2720 652 2776 Porro
690 2718 935 2774 decimus
967 2716 1056 2771 hic
1081 2715 1302 2780 athleta,
1328 2728 1435 2789 una
1459 2713 1758 2782 eademque
1787 2725 2051 2766 consum-

480 2812 652 2868 mavit
675 2824 903 2882 agonem
937 2824 1095 2864 suum
1120 2807 1244 2872 dte;
1281 2813 1537 2876 atque,ut
1563 2819 1662 2875 par
1693 2812 1776 2858 est
1808 2802 2050 2868 credere,

480 2906 747 2978 martyrio
782 2919 883 2961 suo
911 2902 1305 2973 amplissimam
1333 2900 1457 2956 coeli
1492 2906 1705 2970 portam
1737 2913 1861 2953 cum
1895 2911 2063 2951 rese-

479 3008 679 3065 rasset,
714 2997 880 3053 simul
908 3004 963 3051 et
998 2992 1285 3065 Pamphilo
1311 2993 1414 3062 ipsi
1443 2990 1716 3062 spatiosus
1744 2990 1808 3043 ad
1841 2987 1936 3043 Dei
1963 3002 2050 3042 re-

483 3061 658 3158 gnuni
679 3088 986 3161 patefactus
1008 3096 1090 3144 est
1116 3087 1415 3159 ingressus.

551 3329 670 3384 XV.
714 3327 925 3385 Seleuci
952 3341 1082 3383 vero
1106 3325 1332 3398 vestigia
1360 3334 1581 3381 secutus
1606 3334 1689 3381 est
1712 3324 2049 3394 Theodulus‘,

482 3425 607 3494 pius
640 3437 704 3479 ac
734 3421 1061 3477 venerabilis
1103 3435 1289 3482 senex,
1332 3420 1388 3472 in
1429 3418 1807 3489 proconsulari
1846 3417 2052 3473 familia

478 3516 660 3585 primo
686 3514 895 3569 honore
918 3512 1192 3579 dignatus,
1226 3519 1338 3564 tum
1364 3524 1577 3564 morum
1607 3510 1888 3578 aetatisque
1915 3523 2053 3577 pra:-

483 3607 766 3678 rogativa,
824 3614 940 3659 tum
1001 3603 1232 3658 filiorum
1296 3602 1458 3655 trium
1517 3601 2051 3672 (“)generatione,

484 3699 724 3753 maxime
774 3710 905 3751 vero
959 3695 1051 3764 pio
1097 3691 1289 3747 affectu
1346 3706 1473 3762 erga
1523 3692 1833 3761 principes,
1878 3691 2053 3761 incly-

484 3800 612 3842 tus:
643 3786 737 3857 qui
768 3784 955 3841 eadcm
980 3799 1047 3840 ac
1074 3780 1334 3837 Seleucus
1364 3781 1637 3847 factitatis,
1670 3790 1724 3837 et
1753 3790 2050 3852 martyrum

486 3881 699 3951 aliquos
740 3878 929 3934 osculo
980 3878 1335 3941 devenerans,
1386 3874 1606 3929 domino
1646 3888 1748 3929 suo
1792 3873 2054 3929 adductus

485 3972 609 4038 fuit,
661 3985 896 4040 eumque
940 3969 1008 4023 ad
1056 3967 1315 4036 majorem
1362 3980 1527 4036 quam
1573 3965 1663 4019 alii
1716 3965 2051 4020 iracundiam

485 4064 788 4129 concitans,
833 4063 1005 4132 ipsam
1055 4059 1309 4114 salutaris
1348 4056 1710 4113 confessionis
1745 4056 2054 4127 passionem

489 4157 701 4227 excepit
733 4154 882 4211 cruci
916 4151 1173 4207 traditus.

561 4335 699 4392 XVI.
743 4335 859 4390 Sub
897 4335 1033 4399 haec,
1080 4348 1204 4389 cum
1253 4332 1552 4388 etiamnum
1595 4331 1851 4387 deficeret
1888 4346 2052 4395 unus,

492 4424 795 4494 adfuitvqui
833 4424 1226 4479 duodenarium
1265 4438 1555 4477 numerum
1584 4422 1847 4492 ,impleret
1886 4419 2057 4476 Julia-

2155 1968 2396 2039 ζηλωτὴν
2419 1968 2579 2031 αὐτὸς
2606 1969 2794 2023 ἑαυτὸν
2820 1969 3167 2040 καταστήσας
3192 1968 3298 2022 τῶν
3322 1969 3421 2040 τῆς
3450 1968 3730 2033 εὐσεεείσς

2152 2059 2424 2130 ἀσκητῶν,
2452 2060 2688 2131 Χριστοῦ
2716 2062 2934 2131 γνήσιος
2965 2059 3299 2132 στρατιώτης
3321 2060 3726 2114 ἀποδέδεικται·

2153 2151 2425 2222 ὀρφανῶν,
2469 2152 2692 2223 ἐρήμων
2725 2153 2818 2205 καὶ
2857 2151 3040 2224 χηρῶν
3086 2151 3484 2224 ἀπορωτάτων,
3520 2153 3631 2208 τῶν
3668 2170 3730 2207 τε

2153 2241 2209 2293 ὲν
2239 2240 2397 2312 πενίᾳ.
2444 2240 2539 2293 καὶ
2586 2239 2842 2312 ἀσθενείᾳ
2881 2239 3395 2310 καταπονουμένων,
3433 2241 3732 2304 ἑπίσκοπός

2152 2350 2234 2396 τις
2284 2326 2371 2385 οἷα
2423 2330 2516 2384 καὶ
2560 2330 2886 2401 φροντιστὴς
2924 2329 3389 2401 ἐπιμελούμενοςο
3433 2330 3639 2404 πατρός
3668 2347 3731 2386 τε

2153 2425 2248 2479 καὶ
2301 2424 2594 2495 κηδεμόνος
2648 2423 2802 2493 δίκην
2847 2422 2954 2475 τῶν
3006 2424 3434 2495 ἀπερριμμένων
3478 2425 3732 2479 ἁπάντων

2151 2517 2274 2581 τοὺς
2328 2516 2541 2580 πόνους,
2592 2515 2686 2568 καὶ
2737 2514 2835 2578 τὰς
2890 2515 3261 2578 κακοπαθείας
3311 2516 3727 2587 ἀνακτώμενοςο

2152 2608 2271 2662 ὅθεν
2303 2608 2546 2673 είκότως,
2570 2608 2705 2679 πρὸς
2728 2610 2840 2671 τοῖς
2866 2607 3123 2670 τοιούτοις
3145 2607 3209 2678 δὴ
3235 2608 3411 2679 χαίρει
3433 2608 3564 2672 Θεὸς
3594 2609 3733 2681 μᾶλα

2151 2698 2240 2752 λον
2267 2697 2302 2769 ἢ
2331 2700 2450 2761 ταῖς
2477 2697 2564 2751 διὰ
2590 2698 2796 2751 καπνοῦ
2823 2699 2917 2766 καὶ
2944 2698 3175 2770 αἵματος
3200 2699 3434 2764 θυσίαις,
3457 2701 3557 2773 τῆς
3588 2702 3731 2756 κατά

2150 2787 2211 2842 τὸ
2265 2789 2562 2862 μαρτύριον
2619 2788 2825 2860 ἠξιώθη
2880 2788 3227 2855 τελειώσεως.
3279 2792 3513 2857 Δέκατος
3575 2786 3730 2856 οὗτος

2151 2879 2388 2953 ἀθλητὴς
2425 2883 2520 2935 σὺν
2548 2884 2659 2946 τοῖς
2686 2883 3015 2954 εἰρημένοις,
3051 2885 3148 2956 μιᾷ
3177 2884 3273 2938 καὶ
3308 2888 3372 2956 τῇ
3413 2886 3544 2959 αὐτῇ
3578 2903 3730 2940 τετε-

2152 2972 2344 3025 λείωτο
2372 2973 2574 3046 ἡμέρᾳ,
2608 2973 2726 3027 καθ’
2767 2974 2833 3045 ἢν
2869 2974 2944 3038 ὡς
2979 2974 3120 3028 ἔοικε
3167 2976 3433 3048 μεγίστης
3467 2976 3544 3048 τῷ
3573 2978 3731 3049 Παμ-

2153 3062 2308 3133 φίλου
2344 3064 2627 3135 μαρτυρίῳ
2655 3064 2829 3136 πύλης
2855 3065 3097 3137 οὐρανῶν
3116 3065 3529 3138 διανοιχθείσης,
3564 3069 3731 3138 εὐμα-
3816 3112 3827 3127 ,

2155 3156 2246 3229 ρὲς
2287 3155 2382 3227 ἀμ’
2410 3155 2556 3227 αὐτῷ
2588 3158 2681 3210 καὶ
2706 3157 2935 3228 ἄφθονος
2967 3159 3137 3231 {pa-ﬁ;
3163 3158 3257 3212 τοῦ
3288 3159 3425 3212 Θεοῦ
3456 3158 3731 3230 βασιλείας

2079 3226 2125 3290 C
2155 3226 2399 3315 ἐγίγνετο
2428 3226 2678 3319 πάροδος.

2225 3337 2323 3390 IE'.
2356 3338 2492 3389 Κατ’
2522 3336 2666 3407 ἴχνος
2721 3337 2854 3408 δῆτα
2906 3336 2984 3408 τῷ
3018 3336 3263 3408 Σελεύκῳ
3297 3339 3602 3408 Θεόδουλος,
3641 3322 3730 3395 as?

2159 3428 2288 3499 μνός
2315 3445 2400 3491 τις
2430 3429 2525 3481 καὶ
2538 3428 2795 3499 θεοσεϐὴς
2825 3427 3026 3499 παρῄει
3054 3418 3382 3502 πρεσϐύτης,
3412 3432 3512 3502 τῆς
3531 3433 3733 3502 ἡγεμοε

2157 3521 2315 3590 νικῆς
2341 3520 2581 3583 οἱκετίας
2611 3521 2833 3624 πρόητης
2858 3522 3035 3593 ’τιμῆς
3062 3521 3360 3592 ἠξιωμένος
3390 3524 3603 3595 τρόπων
3637 3524 3733 3577 καὶ

2155 3609 2367 3682 ἡλικίας
2406 3611 2600 3663 ἕνεκα·
2648 3609 2742 3663 καῖ
2779 3611 2865 3693 διὰ
2901 3612 2959 3664 τὸ
2994 3613 3293 3683 τριγονείας
3323 3614 3482 3667 αὐτὸν
3520 3614 3731 3685 πατέρα

2156 3702 2503 3766 καθεστάναι,
2548 3703 2643 3755 καὶ
2674 3703 2751 3754 ἔτι
2796 3702 2995 3773 μᾶλλον
3019 3703 3085 3755 δι’
3130 3704 3197 3774 ἦν
3231 3704 3400 3757 ἔσωσε
3444 3706 3570 3776 περὶ
3602 3706 3730 3766 τοὺς

2156 3793 2452 3863 κηδεμόνας
2487 3791 2696 3845 εὔνοιαν
2715 3809 2730 3822 ·
2758 3792 2821 3845 τὸ
2852 3793 3231 3864 παραπλήσιον
3260 3793 3327 3864 δὴ
3373 3793 3451 3865 τῷ
3482 3793 3730 3862 Σελεύκῳ

2155 3885 2247 3938 καὶ
2287 3876 2439 3946 οὗτος
2470 3884 2940 3954 διαπραξάμενος,
2986 3884 3079 3936 καί
3123 3901 3271 3947 τινας
3296 3884 3404 3937 τῶν
3439 3885 3730 3956 μαρτύρων

2155 3975 2541 4045 ἀσπασάμενος
2603 3974 2887 4043 φιλήματι,
2942 3974 3273 4043 προσάγεται
3327 3973 3405 4045 τῷ
3458 3974 3727 4048 δεσπότῃ,

2161 4065 2358 4137 μᾶλλον
2400 4065 2587 4118 ἑαυτὸν
2621 4065 2745 4136 (ἵσ.
2768 4064 2825 4118 δὲ
2851 4064 3052 4135 αὐτόν)
3088 4064 3197 4119 τῶν
3237 4064 3410 4120 ἄλλων
3440 4066 3526 4118 ἐπ’
3562 4065 3732 4137 ὀργὴν

2158 4153 2380 4218 ὁξύνας,
2455 4152 2649 4207 ταυτὸν
2710 4152 2807 4206 τοῦ
2873 4154 3138 4224 σωτηρίου
3203 4154 3500 4226 μαρτυρίου
3560 4154 3731 4221 πάθος

2164 4243 2383 4317 σταυρῷ
2415 4243 2744 4315 παραδοθεὶς
2772 4243 3080 4308 ἀνεδέξατο.
3790 4290 3798 4295 .

2226 4336 2344 4401 lq".
2392 4334 2513 4387 Ἐπὶ
2542 4333 2750 4397 τούτοις
2780 4334 2897 4397 ἑνὸς
2925 4333 3004 4387 ἔτι
3035 4332 3307 4398 λείποντος
3324 4351 3337 4364 ’
3363 4335 3422 4398 ὃς
3446 4334 3538 4388 τὸν
3562 4336 3725 4390 δωδέ-

2158 4441 2322 4478 κατον
2358 4423 2776 4494 ἀποπληρώσειε
2823 4426 2934 4486 τοῖς
2978 4424 3284 4495 εἰρημένοις
3325 4424 3556 4496 ἀριθμὸν
3600 4426 3729 4481 ’1ου-

490 4533 596 4573 nus
622 4537 635 4572 :
664 4516 758 4587 qui
781 4531 843 4571 ea
868 4517 982 4585 ipsa
1006 4516 1140 4570 hora
1165 4530 1386 4586 peregre
1412 4516 1728 4579 adveniens,
1756 4523 1811 4570 et
1834 4515 2054 4571 vixdum

2158 4517 2337 4579 λιανὸς
2367 4515 2548 4586 παρῆν
2589 4515 2777 4568 τοῦτον
2823 4513 3253 4586 ἀποπληρώσων.
3310 4515 3398 4583 Ἐξ
3437 4516 3730 4590 ἀριδημίας

492 4613 775 4679 ingressus
827 4608 1124 4673 civitatem,
1177 4622 1301 4663 cum
1348 4607 1704 4662 intellexisset
1741 4621 1862 4677 qua)
1901 4617 2058 4662 erant

489 4712 633 4769 acta,
666 4708 721 4756 et
753 4701 821 4756 ad
850 4709 1150 4771 martyrum
1184 4708 1532 4768 conspectum
1559 4697 1871 4755 festinasset
1899 4715 2056 4755 acce-

488 4797 651 4860 dere;
691 4793 786 4849 ubi
826 4807 1016 4847 eorum
1051 4806 1279 4861 corpora
1307 4792 1459 4845 humi
1494 4792 1733 4861 iacentia
1767 4792 1918 4857 vidit,
1950 4794 2058 4847 cir-

489 4883 777 4940 cumfusus
813 4882 1281 4954 singulis,'omnes
1306 4888 1391 4935 est
1416 4881 1713 4936 osculatus.
1746 4878 1861 4935 Hoc
1891 4898 2057 4953 agen-

490 4985 598 5031 tem
641 4972 1174 5044 comprehenderunt
1220 4968 1451 5024 ministri
1492 4969 1742 5035 caadium,
1774 4979 1936 5038 atque
1961 4970 2057 5044 ad:

491 5037 997 5134 duxerunt-praesidi
1014 5081 1026 5116 :
1044 5062 1136 5131 qui
1154 5074 1391 5130 congrua
1415 5059 1694 5129 proposito
1711 5075 1811 5114 suo
1832 5037 2062 5125 faciens,

490 5158 653 5211 etiam
689 5157 837 5211 hunc
864 5155 1010 5210 lento
1047 5153 1157 5224 igni
1196 5153 1433 5208 tradidit.
1474 5152 1553 5208 Ita
1593 5154 1757 5209 etiam
1783 5152 2055 5218 Julianus,

493 5249 724 5319 gestiens
765 5256 929 5317 atque
966 5244 1149 5299 laetitia
1188 5245 1490 5312 exsultans,
1542 5253 1597 5300 et
1638 5243 1749 5299 Deo
1794 5246 1959 5300 tantis
2000 5259 2060 5299 se

491 5339 651 5395 bonis
685 5340 906 5411 dignato
934 5353 1129 5408 magna
1158 5352 1292 5392 voce
1324 5338 1526 5409 gratias
1551 5352 1738 5408 agens,
1776 5345 2060 5407 susceptus

492 5441 576 5486 est
602 5431 739 5486 inter
765 5425 961 5486 ch'oros
986 5438 1307 5500 martyrum.
1327 5428 1454 5483 Erat
1477 5438 1658 5485 autem
1686 5428 1814 5484 huic
1842 5443 2060 5499 quoque

568 5606 678 5677 (40)
719 5604 915 5661 Ibidem
952 5605 1187 5677 legitur;
1219 5602 1331 5677 Τῆς
1363 5608 1427 5659 ἐκ
1454 5606 1740 5677 στρατείας
1774 5604 2058 5658 ἐπιλέκτου

472 5676 765 5746 νεαλείας,
797 5677 853 5728 in
879 5676 1080 5729 delecta
1119 5674 1187 5727 ad
1219 5676 1466 5729 militiam
1483 5674 1774 5746 juventute.

569 5746 678 5813 (il)
720 5744 907 5816 Trium
951 5746 1187 5816 tiliorum
1226 5744 1724 5816 patribus-praunia
1765 5746 1906 5815 apud
1952 5745 2061 5799 Ro-

500 5832 691 5872 manos
722 5814 890 5872 fuisse
919 5814 1233 5885 proposita,
1251 5814 1542 5875 notiuses't
1571 5832 1735 5888 quam
1757 5814 1818 5873 ut
1841 5818 1927 5873 hic
1948 5830 2060 5871 mo-

2157 4603 2312 4673 οὗτος
2352 4609 2519 4677 αὐτῆς
2561 4608 2710 4679 ὧρας
2752 4607 3098 4678 ἀφικόμενος,
3138 4609 3273 4679 μηδὲ
3305 4607 3571 4663 είσὸαλών
3611 4628 3729 4673 πως

2157 4704 2222 4772 τῇ
2256 4700 2429 4765 πόλει,
2471 4699 2632 4763 εὐθὺς
2662 4699 2737 4763 ὡς
2766 4696 2908 4771 εἶχεν
2938 4699 3045 4752 άπὸ
3067 4700 3166 4770 τῆς
3192 4699 3334 4766 ὀδοῦ,
3363 4698 3547 4770 μαθὼν
3581 4698 3731 4773 παρᾶ
3790 4682 3793 4685 Ι

2156 4789 2250 4844 τοῦ
2273 4788 2627 4862 [γενομένου]
2657 4790 2749 4842 καὶ
2775 4791 3023 4862 ὁρμήσας
3060 4791 3153 4843 ἐπὶ
3179 4789 3277 4860 τὴν
3305 4789 3412 4843 τῶν
3439 4792 3733 4862 μαρτύρων

2159 4882 2307 4946 θέαν,
2337 4882 2413 4945 ὡς
2440 4881 2538 4933 ἐπὶ
2571 4882 2668 4951 τῆς
2695 4882 2797 4952 γῆς
2825 4881 2998 4952 χαμαὶ
3026 4881 3256 4951 κείμενα
3278 4878 3351 4932 τὰ
3385 4881 3492 4934 τῶν
3525 4883 3732 4954 μαρτύ-

2159 4990 2269 5044 ρων
2318 4971 2580 5026 ὲθεάσατο
2628 4971 2875 5043 σώματα,
2934 4973 3110 5043 χαρᾶς
3165 4970 3415 5041 ἔμπλεως
3469 4972 3728 5042 γεγονὼς.

2159 5066 2376 5136 ἑκάστῳ
2411 5064 2820 5136 περιπλέκεται,
2855 5066 3115 5137 φιλήματι
3154 5066 3279 5128 τοὺς
3309 5065 3514 5129 πάντας
3554 5068 3733 5120 ἀσπα-

2161 5158 2405 5229 ζόμενος.
2458 5159 2579 5211 Ἔτι
2631 5158 2689 5211 δὲ
2732 5158 2888 5213 τοῦτο
2929 5157 3235 5229 πράττοντα
3284 5157 3633 5223 συλλαϐόντες
3681 5161 3731 5213 οἱ

2159 5244 2270 5297 τῶν
2313 5244 2490 5314 φόνων
2525 5246 2760 5300 διάκονοι
2810 5246 3142 5318 προσάγουσι
3169 5245 3246 5315 τῷ
3281 5248 3517 5318 ἄρχοντι.
3573 5248 3631 5303 Ὀ
3673 5249 3733 5302 δὲ
3784 5229 3795 5239 ’

2162 5337 2432 5391 ἀκόλουθα
2469 5341 2534 5409 τῇ
2572 5340 2885 5412 προαιρέσει
2930 5339 3130 5403 τελῶν,
3164 5341 3359 5411 μακρῷ
3399 5341 3494 5395 καὶ
3544 5342 3731 5396 τοῦτον

2163 5429 2299 5501 πυρὶ
2326 5429 2707 5499 παραδίδωσιν.
2754 5428 2910 5484 Οὕτω
2954 5430 3091 5500 δῆτα
3120 5432 3213 5485 καὶ
3268 5432 3547 5497 Ἰουλιανὸς
3578 5449 3734 5503 σκιρ-

2162 5605 2279 5683 neri
2301 5606 2495 5683 debeat
2518 5626 2538 5683 _:
2574 5616 2735 5676 atque
2767 5608 2819 5663 id
2859 5608 2948 5683 hic
2980 5610 3086 5663 dici
3111 5611 3273 5683 credo
3300 5612 3599 5683 τριγονείας
3628 5630 3731 5683 πα-

2161 5676 2326 5750 τέρας
2352 5675 2601 5732 Valesius
2624 5675 2815 5750 tamen
2850 5680 3005 5733 aliter
3038 5682 3213 5741 vertit,
3251 5675 3590 5749 quod't'ertiw
3610 5682 3728 5750 jam

2160 5747 2582 5888 ἒὲζρέεεηὲροιεε
2610 5749 2817 5803 haberet
2848 5768 2865 5803 :
2897 5751 2989 5807 sed
3031 5750 3135 5807 hoc
3170 5747 3431 5807 Straboni
3473 5747 3731 5808 scribitur

2319 5834 2347 5869 ν
2380 5835 2397 5870 ι
2442 5858 2453 5873 .

2319 5834 2453 5873 νεια.
