  <div class='ocr_page' id='page_1' title='image "/cluster/home/n/w/nwhite01/storage/ocr_20150623/10/coo.31924054872894/787.png"; bbox 0 0 4090 6412; ppageno 0'>
   <div class='ocr_carea' id='block_1_1' title="bbox 390 430 1949 492">
    <p class='ocr_par' dir='ltr' id='par_1_1' title="bbox 390 431 1949 492">
     <span class='ocr_line' id='line_1_1' title="bbox 390 431 1949 492; baseline -0.003 -4"><span class='ocrx_word' id='word_1_1' title='bbox 390 432 516 490; x_wconf 68' lang='grc'>1551</span> <span class='ocrx_word' id='word_1_2' title='bbox 1582 431 1641 485; x_wconf 89' lang='lat' dir='ltr'>S.</span> <span class='ocrx_word' id='word_1_3' title='bbox 1683 431 1949 492; x_wconf 75' lang='lat' dir='ltr'>PAMPHH</span> 
     </span>
    </p>
   </div>
   <div class='ocr_carea' id='block_1_2' title="bbox 2048 430 3615 492">
    <p class='ocr_par' dir='ltr' id='par_1_2' title="bbox 2048 430 3615 489">
     <span class='ocr_line' id='line_1_2' title="bbox 2048 430 3615 489; baseline 0.003 -4"><span class='ocrx_word' id='word_1_4' title='bbox 2048 430 2395 489; x_wconf 75' lang='lat' dir='ltr'><strong>MARTYRIS</strong></span> <span class='ocrx_word' id='word_1_5' title='bbox 3477 433 3615 489; x_wconf 68' lang='lat'>£552</span> 
     </span>
    </p>
   </div>
   <div class='ocr_carea' id='block_1_3' title="bbox 460 551 1949 625">
    <p class='ocr_par' dir='ltr' id='par_1_3' title="bbox 460 551 1949 622">
     <span class='ocr_line' id='line_1_3' title="bbox 460 551 1949 622; baseline -0.001 -16"><span class='ocrx_word' id='word_1_6' title='bbox 460 555 499 607; x_wconf 90' lang='grc' dir='ltr'>Ι.</span> <span class='ocrx_word' id='word_1_7' title='bbox 547 552 625 610; x_wconf 90' lang='lat' dir='ltr'>De</span> <span class='ocrx_word' id='word_1_8' title='bbox 672 552 922 613; x_wconf 63' lang='lat' dir='ltr'><strong>doctrina</strong></span> <span class='ocrx_word' id='word_1_9' title='bbox 957 552 1157 607; x_wconf 89' lang='lat' dir='ltr'><strong>Christi</strong></span> <span class='ocrx_word' id='word_1_10' title='bbox 1197 567 1264 609; x_wconf 76' lang='lat' dir='ltr'><strong>ex</strong></span> <span class='ocrx_word' id='word_1_11' title='bbox 1301 551 1700 606; x_wconf 76' lang='lat' dir='ltr'>resurrectione</span> <span class='ocrx_word' id='word_1_12' title='bbox 1749 551 1835 622; x_wconf 87' lang='lat' dir='ltr'><strong>(id</strong></span> <span class='ocrx_word' id='word_1_13' title='bbox 1869 560 1949 605; x_wconf 86' lang='lat' dir='ltr'>est</span> 
     </span>
    </p>
   </div>
   <div class='ocr_carea' id='block_1_4' title="bbox 2048 551 3613 625">
    <p class='ocr_par' dir='ltr' id='par_1_4' title="bbox 2117 551 3613 625">
     <span class='ocr_line' id='line_1_4' title="bbox 2117 551 3613 625; baseline 0 -20"><span class='ocrx_word' id='word_1_14' title='bbox 2117 555 2195 605; x_wconf 84' lang='lat' dir='ltr'>A&#39;.</span> <span class='ocrx_word' id='word_1_15' title='bbox 2238 554 2373 625; x_wconf 79' lang='grc' dir='ltr'>Περὶ</span> <span class='ocrx_word' id='word_1_16' title='bbox 2399 553 2497 625; x_wconf 81' lang='grc' dir='ltr'>τῆς</span> <span class='ocrx_word' id='word_1_17' title='bbox 2524 553 2583 619; x_wconf 74' lang='grc' dir='ltr'>ἐξ</span> <span class='ocrx_word' id='word_1_18' title='bbox 2616 554 2963 619; x_wconf 80' lang='grc' dir='ltr'>ἀναστάσεως</span> <span class='ocrx_word' id='word_1_19' title='bbox 2996 552 3339 617; x_wconf 79' lang='grc' dir='ltr'>διδασκαλίας</span> <span class='ocrx_word' id='word_1_20' title='bbox 3377 551 3613 624; x_wconf 77' lang='grc' dir='ltr'>Χριστοῦ</span> 
     </span>
    </p>
   </div>
   <div class='ocr_carea' id='block_1_5' title="bbox 387 643 1949 719">
    <p class='ocr_par' dir='ltr' id='par_1_5' title="bbox 387 643 1949 714">
     <span class='ocr_line' id='line_1_5' title="bbox 387 643 1949 714; baseline -0.002 -15"><span class='ocrx_word' id='word_1_21' title='bbox 387 652 511 714; x_wconf 88' lang='lat' dir='ltr'><strong>post</strong></span> <span class='ocrx_word' id='word_1_22' title='bbox 540 645 1029 714; x_wconf 73' lang='lat' dir='ltr'>resurrectionem)</span> <span class='ocrx_word' id='word_1_23' title='bbox 1057 644 1204 700; x_wconf 87' lang='lat' dir='ltr'><strong>etde</strong></span> <span class='ocrx_word' id='word_1_24' title='bbox 1249 643 1583 713; x_wconf 74' lang='lat' dir='ltr'>apparitione</span> <span class='ocrx_word' id='word_1_25' title='bbox 1627 643 1693 696; x_wconf 90' lang='lat' dir='ltr'>ad</span> <span class='ocrx_word' id='word_1_26' title='bbox 1734 654 1949 712; x_wconf 87' lang='lat' dir='ltr'><strong>aposto-</strong></span> 
     </span>
    </p>
   </div>
   <div class='ocr_carea' id='block_1_6' title="bbox 2048 643 3633 719">
    <p class='ocr_par' dir='ltr' id='par_1_6' title="bbox 2053 644 3633 719">
     <span class='ocr_line' id='line_1_6' title="bbox 2053 644 3633 719; baseline 0 -23"><span class='ocrx_word' id='word_1_27' title='bbox 2053 644 2146 697; x_wconf 74' lang='grc' dir='ltr'>καὶ</span> <span class='ocrx_word' id='word_1_28' title='bbox 2177 644 2438 708; x_wconf 82' lang='grc' dir='ltr'>ὀπτασίας</span> <span class='ocrx_word' id='word_1_29' title='bbox 2470 646 2604 717; x_wconf 80' lang='grc' dir='ltr'>πρὸς</span> <span class='ocrx_word' id='word_1_30' title='bbox 2638 647 2764 710; x_wconf 78' lang='grc' dir='ltr'>τοὺς</span> <span class='ocrx_word' id='word_1_31' title='bbox 2795 646 3056 719; x_wconf 82' lang='grc' dir='ltr'>μαθητὰς,</span> <span class='ocrx_word' id='word_1_32' title='bbox 3094 647 3188 700; x_wconf 77' lang='grc' dir='ltr'>καὶ</span> <span class='ocrx_word' id='word_1_33' title='bbox 3216 645 3344 717; x_wconf 52' lang='grc' dir='ltr'>περὶ⁸</span> <span class='ocrx_word' id='word_1_34' title='bbox 3371 646 3633 719; x_wconf 52' lang='grc' dir='ltr'>ὲπαγγεέ</span> 
     </span>
    </p>
   </div>
   <div class='ocr_carea' id='block_1_7' title="bbox 386 734 1949 810">
    <p class='ocr_par' dir='ltr' id='par_1_7' title="bbox 386 735 1949 810">
     <span class='ocr_line' id='line_1_7' title="bbox 386 735 1949 810; baseline 0 -19"><span class='ocrx_word' id='word_1_35' title='bbox 386 738 489 803; x_wconf 90' lang='lat' dir='ltr'><strong>los,</strong></span> <span class='ocrx_word' id='word_1_36' title='bbox 548 739 724 810; x_wconf 87' lang='lat' dir='ltr'><strong>deque</strong></span> <span class='ocrx_word' id='word_1_37' title='bbox 774 738 1135 809; x_wconf 92' lang='lat' dir='ltr'><strong>promissione</strong></span> <span class='ocrx_word' id='word_1_38' title='bbox 1184 736 1312 791; x_wconf 90' lang='lat' dir='ltr'><strong>doni</strong></span> <span class='ocrx_word' id='word_1_39' title='bbox 1359 735 1591 806; x_wconf 76' lang='lat' dir='ltr'>Spiritus</span> <span class='ocrx_word' id='word_1_40' title='bbox 1633 736 1840 803; x_wconf 87' lang='lat' dir='ltr'><strong>sancti;</strong></span> <span class='ocrx_word' id='word_1_41' title='bbox 1884 736 1949 791; x_wconf 90' lang='lat' dir='ltr'>de</span> 
     </span>
    </p>
   </div>
   <div class='ocr_carea' id='block_1_8' title="bbox 2048 734 3615 810">
    <p class='ocr_par' dir='ltr' id='par_1_8' title="bbox 2050 734 3615 808">
     <span class='ocr_line' id='line_1_8' title="bbox 2050 734 3615 808; baseline -0.001 -20"><span class='ocrx_word' id='word_1_42' title='bbox 2050 735 2169 799; x_wconf 91' lang='grc' dir='ltr'>λίας</span> <span class='ocrx_word' id='word_1_43' title='bbox 2193 736 2290 808; x_wconf 83' lang='grc' dir='ltr'>τῆς</span> <span class='ocrx_word' id='word_1_44' title='bbox 2317 735 2411 789; x_wconf 89' lang='grc' dir='ltr'>τοῦ</span> <span class='ocrx_word' id='word_1_45' title='bbox 2452 737 2607 804; x_wconf 85' lang='grc' dir='ltr'>ἁγίου</span> <span class='ocrx_word' id='word_1_46' title='bbox 2661 737 2975 808; x_wconf 87' lang='grc' dir='ltr'>Πνεύματος</span> <span class='ocrx_word' id='word_1_47' title='bbox 3004 737 3212 807; x_wconf 84' lang='grc' dir='ltr'>δωρεᾶς</span> <span class='ocrx_word' id='word_1_48' title='bbox 3230 754 3244 768; x_wconf 88' lang='grc'><strong>·</strong></span> <span class='ocrx_word' id='word_1_49' title='bbox 3273 734 3402 799; x_wconf 85' lang='grc' dir='ltr'>θέας</span> <span class='ocrx_word' id='word_1_50' title='bbox 3426 750 3488 788; x_wconf 87' lang='grc' dir='ltr'>τε</span> <span class='ocrx_word' id='word_1_51' title='bbox 3520 734 3615 788; x_wconf 81' lang='grc' dir='ltr'>καὶ</span> 
     </span>
    </p>
   </div>
   <div class='ocr_carea' id='block_1_9' title="bbox 387 827 1949 900">
    <p class='ocr_par' dir='ltr' id='par_1_9' title="bbox 387 827 1512 899">
     <span class='ocr_line' id='line_1_9' title="bbox 387 827 1512 899; baseline -0.002 -15"><span class='ocrx_word' id='word_1_52' title='bbox 387 829 572 899; x_wconf 86' lang='lat' dir='ltr'><strong>specie</strong></span> <span class='ocrx_word' id='word_1_53' title='bbox 603 838 656 885; x_wconf 91' lang='lat' dir='ltr'>et</span> <span class='ocrx_word' id='word_1_54' title='bbox 681 830 843 885; x_wconf 93' lang='lat' dir='ltr'><strong>modo</strong></span> <span class='ocrx_word' id='word_1_55' title='bbox 869 829 1259 899; x_wconf 87' lang='lat' dir='ltr'><strong>assumptionis</strong></span> <span class='ocrx_word' id='word_1_56' title='bbox 1290 827 1512 882; x_wconf 81' lang='lat' dir='ltr'><strong>Christi.</strong></span> 
     </span>
    </p>
   </div>
   <div class='ocr_carea' id='block_1_10' title="bbox 2048 827 3275 900">
    <p class='ocr_par' dir='ltr' id='par_1_10' title="bbox 2048 827 3275 900">
     <span class='ocr_line' id='line_1_10' title="bbox 2048 827 3275 900; baseline 0.001 -21"><span class='ocrx_word' id='word_1_57' title='bbox 2048 827 2249 898; x_wconf 85' lang='grc' dir='ltr'>τρόπου</span> <span class='ocrx_word' id='word_1_58' title='bbox 2279 829 2378 899; x_wconf 90' lang='grc' dir='ltr'>τῆς</span> <span class='ocrx_word' id='word_1_59' title='bbox 2414 828 2726 899; x_wconf 78' lang='grc' dir='ltr'>ἀναλήψεως</span> <span class='ocrx_word' id='word_1_60' title='bbox 2758 828 2849 883; x_wconf 87' lang='grc' dir='ltr'>τοῦ</span> <span class='ocrx_word' id='word_1_61' title='bbox 2883 829 3115 900; x_wconf 77' lang='grc' dir='ltr'>Χριστοῦ</span> <span class='ocrx_word' id='word_1_62' title='bbox 3143 828 3275 900; x_wconf 62' lang='grc'>(47).</span> 
     </span>
    </p>
   </div>
   <div class='ocr_carea' id='block_1_11' title="bbox 358 604 368 643">
    <p class='ocr_par' dir='ltr' id='par_1_11' title="bbox 358 604 368 643">
     <span class='ocr_line' id='line_1_11' title="bbox 358 604 368 643; baseline 0 0"><span class='ocrx_word' id='word_1_63' title='bbox 358 604 368 643; x_wconf 81' lang='grc' dir='ltr'>ι</span> 
     </span>
    </p>
   </div>
   <div class='ocr_carea' id='block_1_12' title="bbox 465 919 1950 991">
    <p class='ocr_par' dir='ltr' id='par_1_12' title="bbox 465 919 1950 991">
     <span class='ocr_line' id='line_1_12' title="bbox 465 919 1950 991; baseline 0 -18"><span class='ocrx_word' id='word_1_64' title='bbox 465 919 529 975; x_wconf 93' lang='lat' dir='ltr'>ll.</span> <span class='ocrx_word' id='word_1_65' title='bbox 568 919 713 975; x_wconf 90' lang='lat' dir='ltr'><strong>Petri</strong></span> <span class='ocrx_word' id='word_1_66' title='bbox 756 921 1007 991; x_wconf 79' lang='lat' dir='ltr'><strong>dialogus</strong></span> <span class='ocrx_word' id='word_1_67' title='bbox 1044 920 1112 974; x_wconf 91' lang='lat' dir='ltr'>ad</span> <span class='ocrx_word' id='word_1_68' title='bbox 1150 919 1443 988; x_wconf 79' lang='lat' dir='ltr'><strong>discipulos</strong></span> <span class='ocrx_word' id='word_1_69' title='bbox 1478 919 1544 974; x_wconf 91' lang='lat' dir='ltr'>de</span> <span class='ocrx_word' id='word_1_70' title='bbox 1580 927 1751 975; x_wconf 86' lang='lat' dir='ltr'><strong>morte</strong></span> <span class='ocrx_word' id='word_1_71' title='bbox 1783 928 1837 974; x_wconf 92' lang='lat' dir='ltr'><strong>et</strong></span> <span class='ocrx_word' id='word_1_72' title='bbox 1866 934 1950 973; x_wconf 89' lang='lat' dir='ltr'><strong>re-</strong></span> 
     </span>
    </p>
   </div>
   <div class='ocr_carea' id='block_1_13' title="bbox 391 1008 1947 1080">
    <p class='ocr_par' dir='ltr' id='par_1_13' title="bbox 391 1008 1947 1080">
     <span class='ocr_line' id='line_1_13' title="bbox 391 1008 1947 1080; baseline 0.003 -17"><span class='ocrx_word' id='word_1_73' title='bbox 391 1010 712 1080; x_wconf 83' lang='lat' dir='ltr'><strong>probatione</strong></span> <span class='ocrx_word' id='word_1_74' title='bbox 738 1008 923 1078; x_wconf 69' lang='lat' dir='ltr'><strong>Judaa;</strong></span> <span class='ocrx_word' id='word_1_75' title='bbox 958 1009 1050 1065; x_wconf 91' lang='lat' dir='ltr'><strong>ubi</strong></span> <span class='ocrx_word' id='word_1_76' title='bbox 1082 1019 1133 1065; x_wconf 91' lang='lat' dir='ltr'>et</span> <span class='ocrx_word' id='word_1_77' title='bbox 1163 1010 1230 1065; x_wconf 91' lang='lat' dir='ltr'>de</span> <span class='ocrx_word' id='word_1_78' title='bbox 1262 1010 1605 1080; x_wconf 90' lang='lat' dir='ltr'><strong>cooptatione</strong></span> <span class='ocrx_word' id='word_1_79' title='bbox 1624 1010 1861 1067; x_wconf 82' lang='lat' dir='ltr'><strong>Matthiae</strong></span> <span class='ocrx_word' id='word_1_80' title='bbox 1891 1012 1947 1067; x_wconf 93' lang='lat' dir='ltr'>in</span> 
     </span>
    </p>
   </div>
   <div class='ocr_carea' id='block_1_14' title="bbox 392 1101 1948 1178">
    <p class='ocr_par' dir='ltr' id='par_1_14' title="bbox 392 1101 1948 1178">
     <span class='ocr_line' id='line_1_14' title="bbox 392 1101 1948 1178; baseline 0.004 -22"><span class='ocrx_word' id='word_1_81' title='bbox 392 1102 511 1171; x_wconf 88' lang='lat' dir='ltr'><strong>ejus</strong></span> <span class='ocrx_word' id='word_1_82' title='bbox 536 1102 735 1167; x_wconf 91' lang='lat' dir='ltr'><strong>locum,</strong></span> <span class='ocrx_word' id='word_1_83' title='bbox 769 1101 861 1173; x_wconf 86' lang='lat' dir='ltr'><strong>qui</strong></span> <span class='ocrx_word' id='word_1_84' title='bbox 890 1111 1035 1159; x_wconf 85' lang='lat' dir='ltr'><strong>sorte</strong></span> <span class='ocrx_word' id='word_1_85' title='bbox 1060 1104 1265 1160; x_wconf 90' lang='lat' dir='ltr'><strong>electus</strong></span> <span class='ocrx_word' id='word_1_86' title='bbox 1284 1115 1367 1161; x_wconf 88' lang='lat' dir='ltr'>est</span> <span class='ocrx_word' id='word_1_87' title='bbox 1390 1107 1561 1178; x_wconf 81' lang='lat' dir='ltr'><strong>gratia</strong></span> <span class='ocrx_word' id='word_1_88' title='bbox 1585 1104 1679 1161; x_wconf 88' lang='lat' dir='ltr'><strong>Dei</strong></span> <span class='ocrx_word' id='word_1_89' title='bbox 1703 1121 1801 1177; x_wconf 89' lang='lat' dir='ltr'>per</span> <span class='ocrx_word' id='word_1_90' title='bbox 1829 1121 1948 1162; x_wconf 85' lang='lat' dir='ltr'><strong>ora-</strong></span> 
     </span>
    </p>
   </div>
   <div class='ocr_carea' id='block_1_15' title="bbox 274 1194 615 1249">
    <p class='ocr_par' dir='ltr' id='par_1_15' title="bbox 274 1194 615 1249">
     <span class='ocr_line' id='line_1_15' title="bbox 274 1194 615 1249; baseline -0.003 -2"><span class='ocrx_word' id='word_1_91' title='bbox 274 1208 276 1212; x_wconf 68' lang='lat'><strong><em>‘</em></strong></span> <span class='ocrx_word' id='word_1_92' title='bbox 391 1194 615 1249; x_wconf 87' lang='lat' dir='ltr'><strong>tionem.</strong></span> 
     </span>
    </p>
   </div>
   <div class='ocr_carea' id='block_1_16' title="bbox 462 1284 1948 1360">
    <p class='ocr_par' dir='ltr' id='par_1_16' title="bbox 462 1284 1948 1360">
     <span class='ocr_line' id='line_1_16' title="bbox 462 1284 1948 1360; baseline 0.003 -21"><span class='ocrx_word' id='word_1_93' title='bbox 462 1284 549 1339; x_wconf 91' lang='lat' dir='ltr'><strong>lll.</strong></span> <span class='ocrx_word' id='word_1_94' title='bbox 591 1284 667 1341; x_wconf 93' lang='lat' dir='ltr'>De</span> <span class='ocrx_word' id='word_1_95' title='bbox 697 1284 882 1342; x_wconf 88' lang='lat' dir='ltr'><strong>divino</strong></span> <span class='ocrx_word' id='word_1_96' title='bbox 906 1287 1080 1342; x_wconf 87' lang='lat' dir='ltr'><strong>sancti</strong></span> <span class='ocrx_word' id='word_1_97' title='bbox 1115 1285 1351 1358; x_wconf 87' lang='lat' dir='ltr'><strong>Spiritus</strong></span> <span class='ocrx_word' id='word_1_98' title='bbox 1379 1290 1611 1345; x_wconf 89' lang='lat' dir='ltr'><strong>adventu</strong></span> <span class='ocrx_word' id='word_1_99' title='bbox 1642 1291 1707 1346; x_wconf 88' lang='lat' dir='ltr'>ad</span> <span class='ocrx_word' id='word_1_100' title='bbox 1732 1304 1827 1346; x_wconf 92' lang='lat' dir='ltr'>eos</span> <span class='ocrx_word' id='word_1_101' title='bbox 1854 1290 1948 1360; x_wconf 85' lang='lat' dir='ltr'><strong>qui</strong></span> 
     </span>
    </p>
   </div>
   <div class='ocr_carea' id='block_1_17' title="bbox 391 1377 1950 1449">
    <p class='ocr_par' dir='ltr' id='par_1_17' title="bbox 391 1377 1950 1449">
     <span class='ocr_line' id='line_1_17' title="bbox 391 1377 1950 1449; baseline 0.003 -16"><span class='ocrx_word' id='word_1_102' title='bbox 391 1377 754 1445; x_wconf 86' lang='lat' dir='ltr'><strong>crediderant,</strong></span> <span class='ocrx_word' id='word_1_103' title='bbox 801 1378 857 1433; x_wconf 92' lang='lat' dir='ltr'>in</span> <span class='ocrx_word' id='word_1_104' title='bbox 899 1378 988 1434; x_wconf 92' lang='lat' dir='ltr'>die</span> <span class='ocrx_word' id='word_1_105' title='bbox 1029 1377 1407 1449; x_wconf 89' lang='lat' dir='ltr'><strong>Peutecostes;</strong></span> <span class='ocrx_word' id='word_1_106' title='bbox 1442 1382 1532 1437; x_wconf 86' lang='lat' dir='ltr'>ubi</span> <span class='ocrx_word' id='word_1_107' title='bbox 1566 1393 1620 1438; x_wconf 92' lang='lat' dir='ltr'>et</span> <span class='ocrx_word' id='word_1_108' title='bbox 1638 1381 1782 1438; x_wconf 87' lang='lat' dir='ltr'><strong>Petri</strong></span> <span class='ocrx_word' id='word_1_109' title='bbox 1810 1390 1950 1438; x_wconf 82' lang='lat' dir='ltr'><strong>cate-</strong></span> 
     </span>
    </p>
   </div>
   <div class='ocr_carea' id='block_1_18' title="bbox 391 1471 1949 1551">
    <p class='ocr_par' dir='ltr' id='par_1_18' title="bbox 391 1471 1949 1551">
     <span class='ocr_line' id='line_1_18' title="bbox 391 1471 1949 1551; baseline 0.003 -25"><span class='ocrx_word' id='word_1_110' title='bbox 391 1471 592 1539; x_wconf 89' lang='lat' dir='ltr'><strong>chesis,</strong></span> <span class='ocrx_word' id='word_1_111' title='bbox 627 1481 681 1527; x_wconf 91' lang='lat' dir='ltr'><strong>et</strong></span> <span class='ocrx_word' id='word_1_112' title='bbox 716 1472 835 1528; x_wconf 89' lang='lat' dir='ltr'><strong>loca</strong></span> <span class='ocrx_word' id='word_1_113' title='bbox 874 1488 938 1527; x_wconf 82' lang='lat' dir='ltr'>ex</span> <span class='ocrx_word' id='word_1_114' title='bbox 973 1473 1255 1551; x_wconf 88' lang='lat' dir='ltr'><strong>prophetis</strong></span> <span class='ocrx_word' id='word_1_115' title='bbox 1287 1474 1353 1530; x_wconf 91' lang='lat' dir='ltr'>de</span> <span class='ocrx_word' id='word_1_116' title='bbox 1385 1477 1657 1545; x_wconf 86' lang='lat' dir='ltr'><strong>passione,</strong></span> <span class='ocrx_word' id='word_1_117' title='bbox 1700 1491 1949 1531; x_wconf 82' lang='lat' dir='ltr'><strong>resurre-</strong></span> 
     </span>
    </p>
   </div>
   <div class='ocr_carea' id='block_1_19' title="bbox 390 1562 1948 1637">
    <p class='ocr_par' dir='ltr' id='par_1_19' title="bbox 390 1562 1948 1637">
     <span class='ocr_line' id='line_1_19' title="bbox 390 1562 1948 1637; baseline 0.004 -21"><span class='ocrx_word' id='word_1_118' title='bbox 390 1563 571 1618; x_wconf 89' lang='lat' dir='ltr'><strong>ctione</strong></span> <span class='ocrx_word' id='word_1_119' title='bbox 603 1571 658 1620; x_wconf 91' lang='lat' dir='ltr'>et</span> <span class='ocrx_word' id='word_1_120' title='bbox 687 1562 1056 1634; x_wconf 90' lang='lat' dir='ltr'><strong>assumptione</strong></span> <span class='ocrx_word' id='word_1_121' title='bbox 1090 1562 1331 1632; x_wconf 86' lang='lat' dir='ltr'><strong>Christi;</strong></span> <span class='ocrx_word' id='word_1_122' title='bbox 1371 1566 1437 1621; x_wconf 91' lang='lat' dir='ltr'>de</span> <span class='ocrx_word' id='word_1_123' title='bbox 1474 1566 1616 1622; x_wconf 89' lang='lat' dir='ltr'><strong>dono</strong></span> <span class='ocrx_word' id='word_1_124' title='bbox 1653 1567 1781 1621; x_wconf 87' lang='lat' dir='ltr'><strong>item</strong></span> <span class='ocrx_word' id='word_1_125' title='bbox 1825 1566 1948 1637; x_wconf 83' lang='lat' dir='ltr'><strong>Spi-</strong></span> 
     </span>
    </p>
   </div>
   <div class='ocr_carea' id='block_1_20' title="bbox 390 1656 1949 1730">
    <p class='ocr_par' dir='ltr' id='par_1_20' title="bbox 390 1656 1949 1730">
     <span class='ocr_line' id='line_1_20' title="bbox 390 1656 1949 1730; baseline 0.003 -19"><span class='ocrx_word' id='word_1_126' title='bbox 390 1657 530 1712; x_wconf 88' lang='lat' dir='ltr'><strong>ritus</strong></span> <span class='ocrx_word' id='word_1_127' title='bbox 559 1657 752 1712; x_wconf 88' lang='lat' dir='ltr'><strong>sancti.</strong></span> <span class='ocrx_word' id='word_1_128' title='bbox 783 1656 859 1711; x_wconf 89' lang='lat' dir='ltr'>De</span> <span class='ocrx_word' id='word_1_129' title='bbox 898 1656 1002 1711; x_wconf 90' lang='lat' dir='ltr'>ﬁde</span> <span class='ocrx_word' id='word_1_130' title='bbox 1032 1659 1376 1727; x_wconf 73' lang='lat' dir='ltr'><strong>praesentium</strong></span> <span class='ocrx_word' id='word_1_131' title='bbox 1417 1666 1470 1713; x_wconf 80' lang='lat' dir='ltr'><strong>et</strong></span> <span class='ocrx_word' id='word_1_132' title='bbox 1498 1659 1565 1714; x_wconf 93' lang='lat' dir='ltr'>de</span> <span class='ocrx_word' id='word_1_133' title='bbox 1599 1661 1773 1715; x_wconf 89' lang='lat' dir='ltr'><strong>salute</strong></span> <span class='ocrx_word' id='word_1_134' title='bbox 1803 1662 1949 1730; x_wconf 81' lang='lat' dir='ltr'><strong>ipso-</strong></span> 
     </span>
    </p>
   </div>
   <div class='ocr_carea' id='block_1_21' title="bbox 391 1746 1949 1818">
    <p class='ocr_par' dir='ltr' id='par_1_21' title="bbox 391 1746 1949 1818">
     <span class='ocr_line' id='line_1_21' title="bbox 391 1746 1949 1818; baseline 0.003 -16"><span class='ocrx_word' id='word_1_135' title='bbox 391 1764 509 1803; x_wconf 85' lang='lat' dir='ltr'>rum</span> <span class='ocrx_word' id='word_1_136' title='bbox 572 1762 669 1818; x_wconf 91' lang='lat' dir='ltr'>per</span> <span class='ocrx_word' id='word_1_137' title='bbox 726 1746 1074 1817; x_wconf 87' lang='lat' dir='ltr'><strong>baptismum.</strong></span> <span class='ocrx_word' id='word_1_138' title='bbox 1136 1751 1213 1806; x_wconf 89' lang='lat' dir='ltr'>De</span> <span class='ocrx_word' id='word_1_139' title='bbox 1270 1750 1559 1805; x_wconf 87' lang='lat' dir='ltr'><strong>concordia</strong></span> <span class='ocrx_word' id='word_1_140' title='bbox 1613 1750 1732 1805; x_wconf 89' lang='lat' dir='ltr'><strong>utili</strong></span> <span class='ocrx_word' id='word_1_141' title='bbox 1782 1760 1835 1806; x_wconf 92' lang='lat' dir='ltr'>et</span> <span class='ocrx_word' id='word_1_142' title='bbox 1881 1750 1949 1806; x_wconf 87' lang='lat' dir='ltr'><strong>de</strong></span> 
     </span>
    </p>
   </div>
   <div class='ocr_carea' id='block_1_22' title="bbox 390 1837 1014 1899">
    <p class='ocr_par' dir='ltr' id='par_1_22' title="bbox 390 1837 1014 1899">
     <span class='ocr_line' id='line_1_22' title="bbox 390 1837 1014 1899; baseline -0.003 -5"><span class='ocrx_word' id='word_1_143' title='bbox 390 1841 723 1896; x_wconf 88' lang='lat' dir='ltr'><strong>incremento</strong></span> <span class='ocrx_word' id='word_1_144' title='bbox 753 1837 1014 1899; x_wconf 86' lang='lat' dir='ltr'><strong>ﬁdelium.</strong></span> 
     </span>
    </p>
   </div>
   <div class='ocr_carea' id='block_1_23' title="bbox 2126 919 3614 993">
    <p class='ocr_par' dir='ltr' id='par_1_23' title="bbox 2126 919 3614 993">
     <span class='ocr_line' id='line_1_23' title="bbox 2126 919 3614 993; baseline 0.002 -22"><span class='ocrx_word' id='word_1_145' title='bbox 2126 919 2199 971; x_wconf 90' lang='lat' dir='ltr'>B&#39;.</span> <span class='ocrx_word' id='word_1_146' title='bbox 2224 919 2429 990; x_wconf 82' lang='grc' dir='ltr'>Πέτρου</span> <span class='ocrx_word' id='word_1_147' title='bbox 2458 919 2702 988; x_wconf 78' lang='grc' dir='ltr'>διάλογος</span> <span class='ocrx_word' id='word_1_148' title='bbox 2724 921 2858 992; x_wconf 81' lang='grc' dir='ltr'>πρὸς</span> <span class='ocrx_word' id='word_1_149' title='bbox 2881 922 3006 984; x_wconf 83' lang='grc' dir='ltr'>τοὺς</span> <span class='ocrx_word' id='word_1_150' title='bbox 3033 920 3465 992; x_wconf 81' lang='grc' dir='ltr'>μαθητευθέντας</span> <span class='ocrx_word' id='word_1_151' title='bbox 3486 921 3614 993; x_wconf 74' lang='grc' dir='ltr'>περὶ</span> 
     </span>
    </p>
   </div>
   <div class='ocr_carea' id='block_1_24' title="bbox 2047 1004 3613 1083">
    <p class='ocr_par' dir='ltr' id='par_1_24' title="bbox 2047 1004 3613 1083">
     <span class='ocr_line' id='line_1_24' title="bbox 2047 1004 3613 1083; baseline 0 -19"><span class='ocrx_word' id='word_1_152' title='bbox 2047 1010 2276 1064; x_wconf 84' lang='grc' dir='ltr'>Θανάτου</span> <span class='ocrx_word' id='word_1_153' title='bbox 2303 1011 2394 1062; x_wconf 77' lang='grc' dir='ltr'>καὶ</span> <span class='ocrx_word' id='word_1_154' title='bbox 2420 1011 2687 1082; x_wconf 82' lang='grc' dir='ltr'>ἀποϐολῆς</span> <span class='ocrx_word' id='word_1_155' title='bbox 2707 1010 2817 1083; x_wconf 70' lang='grc'>(48)</span> <span class='ocrx_word' id='word_1_156' title='bbox 2854 1010 3024 1064; x_wconf 87' lang='grc' dir='ltr'>Ἰούδα</span> <span class='ocrx_word' id='word_1_157' title='bbox 3041 1027 3052 1040; x_wconf 95' lang='grc'><strong>·</strong></span> <span class='ocrx_word' id='word_1_158' title='bbox 3074 1014 3093 1032; x_wconf 81' lang='grc'>⁶</span> <span class='ocrx_word' id='word_1_159' title='bbox 3108 1013 3165 1064; x_wconf 81' lang='grc' dir='ltr'>ὲν</span> <span class='ocrx_word' id='word_1_160' title='bbox 3182 1004 3226 1079; x_wconf 82' lang='grc' dir='ltr'>ᾧ</span> <span class='ocrx_word' id='word_1_161' title='bbox 3252 1011 3376 1083; x_wconf 72' lang='grc' dir='ltr'>περὶ</span> <span class='ocrx_word' id='word_1_162' title='bbox 3400 1012 3613 1065; x_wconf 82' lang='grc' dir='ltr'>ἀντεισ-</span> 
     </span>
    </p>
   </div>
   <div class='ocr_carea' id='block_1_25' title="bbox 2046 1100 3613 1175">
    <p class='ocr_par' dir='ltr' id='par_1_25' title="bbox 2046 1100 3613 1175">
     <span class='ocr_line' id='line_1_25' title="bbox 2046 1100 3613 1175; baseline -0.001 -20"><span class='ocrx_word' id='word_1_163' title='bbox 2046 1100 2530 1173; x_wconf 79' lang='grc' dir='ltr'>αγωγῆςΜατθίου</span> <span class='ocrx_word' id='word_1_164' title='bbox 2554 1100 2922 1174; x_wconf 86' lang='grc' dir='ltr'>κληρωθέντος</span> <span class='ocrx_word' id='word_1_165' title='bbox 2951 1100 3133 1172; x_wconf 84' lang='grc' dir='ltr'>χάριτι</span> <span class='ocrx_word' id='word_1_166' title='bbox 3162 1101 3295 1155; x_wconf 85' lang='grc' dir='ltr'>Θεοῦ</span> <span class='ocrx_word' id='word_1_167' title='bbox 3324 1100 3412 1156; x_wconf 90' lang='grc' dir='ltr'>διά</span> <span class='ocrx_word' id='word_1_168' title='bbox 3441 1118 3613 1175; x_wconf 88' lang='grc' dir='ltr'>προσ-</span> 
     </span>
    </p>
   </div>
   <div class='ocr_carea' id='block_1_26' title="bbox 2047 1209 2517 1264">
    <p class='ocr_par' dir='ltr' id='par_1_26' title="bbox 2047 1209 2517 1264">
     <span class='ocr_line' id='line_1_26' title="bbox 2047 1209 2517 1264; baseline -0.002 -18"><span class='ocrx_word' id='word_1_169' title='bbox 2047 1210 2229 1264; x_wconf 89' lang='grc' dir='ltr'>ευχης.</span> <span class='ocrx_word' id='word_1_170' title='bbox 2514 1209 2517 1212; x_wconf 71' lang='lat'><strong><em>&#39;</em></strong></span> 
     </span>
    </p>
   </div>
   <div class='ocr_carea' id='block_1_27' title="bbox 2118 1284 3612 1359">
    <p class='ocr_par' dir='ltr' id='par_1_27' title="bbox 2118 1284 3612 1359">
     <span class='ocr_line' id='line_1_27' title="bbox 2118 1284 3612 1359; baseline 0.001 -21"><span class='ocrx_word' id='word_1_171' title='bbox 2118 1285 2193 1338; x_wconf 69' lang='lat'>1&quot;.</span> <span class='ocrx_word' id='word_1_172' title='bbox 2228 1286 2363 1359; x_wconf 77' lang='grc' dir='ltr'>Περὶ</span> <span class='ocrx_word' id='word_1_173' title='bbox 2397 1285 2545 1350; x_wconf 83' lang='grc' dir='ltr'>θείας</span> <span class='ocrx_word' id='word_1_174' title='bbox 2568 1284 2661 1339; x_wconf 88' lang='grc' dir='ltr'>τοῦ</span> <span class='ocrx_word' id='word_1_175' title='bbox 2693 1286 2848 1354; x_wconf 88' lang='grc' dir='ltr'>ἀγίου</span> <span class='ocrx_word' id='word_1_176' title='bbox 2877 1285 3193 1357; x_wconf 88' lang='grc' dir='ltr'>Πνεύματος</span> <span class='ocrx_word' id='word_1_177' title='bbox 3220 1286 3612 1357; x_wconf 81' lang='grc' dir='ltr'>ὲπιφοιτήσεως</span> 
     </span>
    </p>
   </div>
   <div class='ocr_carea' id='block_1_28' title="bbox 2046 1375 3609 1449">
    <p class='ocr_par' dir='ltr' id='par_1_28' title="bbox 2046 1375 3609 1449">
     <span class='ocr_line' id='line_1_28' title="bbox 2046 1375 3609 1449; baseline -0.001 -20"><span class='ocrx_word' id='word_1_178' title='bbox 2046 1375 2104 1430; x_wconf 82' lang='grc' dir='ltr'>ὲν</span> <span class='ocrx_word' id='word_1_179' title='bbox 2137 1375 2319 1448; x_wconf 77' lang='grc' dir='ltr'>ἡμέρα</span> <span class='ocrx_word' id='word_1_180' title='bbox 2347 1376 2747 1449; x_wconf 84' lang='grc' dir='ltr'>Πεντηκοστῆς,</span> <span class='ocrx_word' id='word_1_181' title='bbox 2781 1377 3078 1449; x_wconf 83' lang='grc' dir='ltr'>γενομένης</span> <span class='ocrx_word' id='word_1_182' title='bbox 3122 1377 3200 1440; x_wconf 86' lang='grc' dir='ltr'>είς</span> <span class='ocrx_word' id='word_1_183' title='bbox 3234 1378 3360 1440; x_wconf 86' lang='grc' dir='ltr'>τοὺς</span> <span class='ocrx_word' id='word_1_184' title='bbox 3386 1376 3609 1430; x_wconf 85' lang='grc' dir='ltr'>πιστεύ-</span> 
     </span>
    </p>
   </div>
   <div class='ocr_carea' id='block_1_29' title="bbox 2049 1458 3633 1539">
    <p class='ocr_par' dir='ltr' id='par_1_29' title="bbox 2049 1458 3633 1539">
     <span class='ocr_line' id='line_1_29' title="bbox 2049 1458 3633 1539; baseline -0.001 -17"><span class='ocrx_word' id='word_1_185' title='bbox 2049 1485 2264 1536; x_wconf 89' lang='grc' dir='ltr'>σαντας,</span> <span class='ocrx_word' id='word_1_186' title='bbox 2297 1473 2315 1491; x_wconf 73' lang='grc'><strong><em>⁸</em></strong></span> <span class='ocrx_word' id='word_1_187' title='bbox 2346 1471 2402 1525; x_wconf 82' lang='grc' dir='ltr'>ὲν</span> <span class='ocrx_word' id='word_1_188' title='bbox 2433 1462 2477 1537; x_wconf 84' lang='grc' dir='ltr'><strong>ᾧ</strong></span> <span class='ocrx_word' id='word_1_189' title='bbox 2502 1469 2710 1539; x_wconf 78' lang='grc' dir='ltr'>Πέτρου</span> <span class='ocrx_word' id='word_1_190' title='bbox 2745 1468 3067 1539; x_wconf 85' lang='grc' dir='ltr'>κατήχησις,</span> <span class='ocrx_word' id='word_1_191' title='bbox 3097 1471 3116 1489; x_wconf 75' lang='grc'><strong><em>⁸</em></strong></span> <span class='ocrx_word' id='word_1_192' title='bbox 3141 1467 3385 1539; x_wconf 76' lang='grc' dir='ltr'>καὶπερὶ</span> <span class='ocrx_word' id='word_1_193' title='bbox 3418 1458 3633 1522; x_wconf 70' lang='grc' dir='ltr'>τούτου</span> 
     </span>
    </p>
   </div>
   <div class='ocr_carea' id='block_1_30' title="bbox 2047 1558 3612 1633">
    <p class='ocr_par' dir='ltr' id='par_1_30' title="bbox 2047 1558 3612 1633">
     <span class='ocr_line' id='line_1_30' title="bbox 2047 1558 3612 1633; baseline -0.001 -20"><span class='ocrx_word' id='word_1_194' title='bbox 2047 1561 2112 1613; x_wconf 81' lang='grc' dir='ltr'>ὲκ</span> <span class='ocrx_word' id='word_1_195' title='bbox 2140 1559 2246 1614; x_wconf 84' lang='grc' dir='ltr'>τῶν</span> <span class='ocrx_word' id='word_1_196' title='bbox 2268 1559 2579 1633; x_wconf 76' lang='grc' dir='ltr'>προφητῶν,</span> <span class='ocrx_word' id='word_1_197' title='bbox 2609 1564 2628 1582; x_wconf 84' lang='lat'><strong>&#39;</strong></span> <span class='ocrx_word' id='word_1_198' title='bbox 2653 1558 2784 1631; x_wconf 51' lang='lat' dir='ltr'><strong>mp}</strong></span> <span class='ocrx_word' id='word_1_199' title='bbox 2801 1560 3002 1623; x_wconf 80' lang='grc' dir='ltr'>πάθους</span> <span class='ocrx_word' id='word_1_200' title='bbox 3024 1558 3116 1613; x_wconf 77' lang='grc' dir='ltr'>καὶ</span> <span class='ocrx_word' id='word_1_201' title='bbox 3144 1560 3490 1623; x_wconf 83' lang='grc' dir='ltr'>ἀναστάσεως</span> <span class='ocrx_word' id='word_1_202' title='bbox 3518 1560 3612 1613; x_wconf 72' lang='grc' dir='ltr'>καὶ</span> 
     </span>
    </p>
   </div>
   <div class='ocr_carea' id='block_1_31' title="bbox 2047 1651 3695 1725">
    <p class='ocr_par' dir='ltr' id='par_1_31' title="bbox 2047 1651 3695 1725">
     <span class='ocr_line' id='line_1_31' title="bbox 2047 1651 3695 1725; baseline -0.001 -18"><span class='ocrx_word' id='word_1_203' title='bbox 2047 1652 2363 1725; x_wconf 79' lang='grc' dir='ltr'>ἀναλήψεως</span> <span class='ocrx_word' id='word_1_204' title='bbox 2409 1652 2665 1725; x_wconf 76' lang='grc' dir='ltr'>Χριστοῦ,</span> <span class='ocrx_word' id='word_1_205' title='bbox 2703 1654 2909 1725; x_wconf 78' lang='grc' dir='ltr'>δωρεᾶς</span> <span class='ocrx_word' id='word_1_206' title='bbox 2937 1671 2997 1707; x_wconf 90' lang='grc' dir='ltr'>τε</span> <span class='ocrx_word' id='word_1_207' title='bbox 3030 1653 3125 1707; x_wconf 88' lang='grc' dir='ltr'>τοῦ</span> <span class='ocrx_word' id='word_1_208' title='bbox 3169 1652 3324 1725; x_wconf 78' lang='grc' dir='ltr'>ἁγίου</span> <span class='ocrx_word' id='word_1_209' title='bbox 3357 1651 3611 1723; x_wconf 74' lang='grc' dir='ltr'>Πνεῦμα,-</span> <span class='ocrx_word' id='word_1_210' title='bbox 3684 1688 3695 1705; x_wconf 83' lang='grc'>.</span> 
     </span>
    </p>
   </div>
   <div class='ocr_carea' id='block_1_32' title="bbox 2049 1741 3611 1815">
    <p class='ocr_par' dir='ltr' id='par_1_32' title="bbox 2049 1741 3611 1815">
     <span class='ocr_line' id='line_1_32' title="bbox 2049 1741 3611 1815; baseline -0.002 -18"><span class='ocrx_word' id='word_1_211' title='bbox 2049 1761 2160 1808; x_wconf 89' lang='grc' dir='ltr'>τος.</span> <span class='ocrx_word' id='word_1_212' title='bbox 2190 1746 2209 1765; x_wconf 81' lang='lat'><strong><em>‘</em></strong></span> <span class='ocrx_word' id='word_1_213' title='bbox 2238 1744 2375 1815; x_wconf 80' lang='grc' dir='ltr'>Περὶ</span> <span class='ocrx_word' id='word_1_214' title='bbox 2417 1744 2650 1807; x_wconf 86' lang='grc' dir='ltr'>πίστεως</span> <span class='ocrx_word' id='word_1_215' title='bbox 2694 1742 2802 1797; x_wconf 83' lang='grc' dir='ltr'>τῶν</span> <span class='ocrx_word' id='word_1_216' title='bbox 2834 1744 3114 1815; x_wconf 80' lang='grc' dir='ltr'>παρόντων</span> <span class='ocrx_word' id='word_1_217' title='bbox 3148 1743 3243 1797; x_wconf 75' lang='grc' dir='ltr'>καὶ</span> <span class='ocrx_word' id='word_1_218' title='bbox 3277 1743 3375 1814; x_wconf 87' lang='grc' dir='ltr'>τῆς</span> <span class='ocrx_word' id='word_1_219' title='bbox 3399 1742 3487 1797; x_wconf 88' lang='grc' dir='ltr'>διά</span> <span class='ocrx_word' id='word_1_220' title='bbox 3518 1741 3611 1795; x_wconf 87' lang='grc' dir='ltr'>τοῦ</span> 
     </span>
    </p>
   </div>
   <div class='ocr_carea' id='block_1_33' title="bbox 2052 1831 3716 1905">
    <p class='ocr_par' dir='ltr' id='par_1_33' title="bbox 2052 1831 3716 1905">
     <span class='ocr_line' id='line_1_33' title="bbox 2052 1831 3716 1905; baseline -0.002 -18"><span class='ocrx_word' id='word_1_221' title='bbox 2052 1832 2424 1904; x_wconf 85' lang='grc' dir='ltr'>βαπτίσματος</span> <span class='ocrx_word' id='word_1_222' title='bbox 2451 1831 2629 1887; x_wconf 81' lang='grc' dir='ltr'>αὐτῶν</span> <span class='ocrx_word' id='word_1_223' title='bbox 2663 1833 2951 1905; x_wconf 82' lang='grc' dir='ltr'>σωτηρίας.</span> <span class='ocrx_word' id='word_1_224' title='bbox 2983 1836 2997 1854; x_wconf 83' lang='grc'>⁶</span> <span class='ocrx_word' id='word_1_225' title='bbox 3025 1833 3440 1904; x_wconf 73' lang='grc' dir='ltr'>Περὶ¹όμονοίας</span> <span class='ocrx_word' id='word_1_226' title='bbox 3466 1849 3613 1886; x_wconf 93' lang='grc' dir='ltr'>κοιν-</span> <span class='ocrx_word' id='word_1_227' title='bbox 3714 1890 3716 1894; x_wconf 23' lang='grc' dir='ltr'>λ</span> 
     </span>
    </p>
   </div>
   <div class='ocr_carea' id='block_1_34' title="bbox 1980 1903 3307 1995">
    <p class='ocr_par' dir='ltr' id='par_1_34' title="bbox 1980 1903 3307 1995">
     <span class='ocr_line' id='line_1_34' title="bbox 1980 1903 3307 1995; baseline 0 -18"><span class='ocrx_word' id='word_1_228' title='bbox 1980 1903 2024 1958; x_wconf 76' lang='grc' dir='ltr'><strong>Β</strong></span> <span class='ocrx_word' id='word_1_229' title='bbox 2050 1903 2289 1994; x_wconf 76' lang='grc' dir='ltr'>ωφελοῦς</span> <span class='ocrx_word' id='word_1_230' title='bbox 2325 1923 2419 1977; x_wconf 74' lang='grc' dir='ltr'>καὶ</span> <span class='ocrx_word' id='word_1_231' title='bbox 2447 1903 2890 1995; x_wconf 84' lang='grc' dir='ltr'>προσθήκης</span> <span class='ocrx_word' id='word_1_232' title='bbox 2923 1903 3307 1977; x_wconf 76' lang='grc' dir='ltr'>πιστευόντων.</span> 
     </span>
    </p>
   </div>
   <div class='ocr_carea' id='block_1_35' title="bbox 460 2014 1949 2087">
    <p class='ocr_par' dir='ltr' id='par_1_35' title="bbox 460 2014 1949 2087">
     <span class='ocr_line' id='line_1_35' title="bbox 460 2014 1949 2087; baseline 0.002 -18"><span class='ocrx_word' id='word_1_233' title='bbox 460 2014 551 2069; x_wconf 75' lang='grc' dir='ltr'>ιν.</span> <span class='ocrx_word' id='word_1_234' title='bbox 591 2015 668 2072; x_wconf 92' lang='lat' dir='ltr'>De</span> <span class='ocrx_word' id='word_1_235' title='bbox 717 2016 999 2072; x_wconf 87' lang='lat' dir='ltr'><strong>curatione</strong></span> <span class='ocrx_word' id='word_1_236' title='bbox 1049 2017 1105 2070; x_wconf 91' lang='lat' dir='ltr'>in</span> <span class='ocrx_word' id='word_1_237' title='bbox 1156 2017 1375 2073; x_wconf 87' lang='lat' dir='ltr'><strong>Christo</strong></span> <span class='ocrx_word' id='word_1_238' title='bbox 1424 2016 1545 2087; x_wconf 85' lang='lat' dir='ltr'><strong>ejus</strong></span> <span class='ocrx_word' id='word_1_239' title='bbox 1596 2016 1690 2087; x_wconf 87' lang='lat' dir='ltr'><strong>qui</strong></span> <span class='ocrx_word' id='word_1_240' title='bbox 1728 2017 1795 2072; x_wconf 89' lang='lat' dir='ltr'>ab</span> <span class='ocrx_word' id='word_1_241' title='bbox 1827 2026 1949 2072; x_wconf 91' lang='lat' dir='ltr'><strong>ortu</strong></span> 
     </span>
    </p>
   </div>
   <div class='ocr_carea' id='block_1_36' title="bbox 392 2107 1947 2180">
    <p class='ocr_par' dir='ltr' id='par_1_36' title="bbox 392 2107 1947 2180">
     <span class='ocr_line' id='line_1_36' title="bbox 392 2107 1947 2180; baseline 0 -16"><span class='ocrx_word' id='word_1_242' title='bbox 392 2107 619 2165; x_wconf 88' lang='lat' dir='ltr'><strong>claudus</strong></span> <span class='ocrx_word' id='word_1_243' title='bbox 665 2116 800 2163; x_wconf 87' lang='lat' dir='ltr'><strong>erat.</strong></span> <span class='ocrx_word' id='word_1_244' title='bbox 846 2107 922 2164; x_wconf 90' lang='lat' dir='ltr'>De</span> <span class='ocrx_word' id='word_1_245' title='bbox 971 2107 1119 2164; x_wconf 90' lang='lat' dir='ltr'><strong>Petri</strong></span> <span class='ocrx_word' id='word_1_246' title='bbox 1172 2108 1462 2174; x_wconf 90' lang='lat' dir='ltr'><strong>catechesi,</strong></span> <span class='ocrx_word' id='word_1_247' title='bbox 1517 2108 1610 2163; x_wconf 91' lang='lat' dir='ltr'><strong>ubi</strong></span> <span class='ocrx_word' id='word_1_248' title='bbox 1655 2108 1947 2180; x_wconf 84' lang='lat' dir='ltr'><strong>redarguit,</strong></span> 
     </span>
    </p>
   </div>
   <div class='ocr_carea' id='block_1_37' title="bbox 393 2184 1952 2269">
    <p class='ocr_par' dir='ltr' id='par_1_37' title="bbox 393 2184 1952 2269">
     <span class='ocr_line' id='line_1_37' title="bbox 393 2184 1952 2269; baseline 0.001 -14"><span class='ocrx_word' id='word_1_249' title='bbox 393 2184 721 2269; x_wconf 81' lang='lat' dir='ltr'><strong>compatitur</strong></span> <span class='ocrx_word' id='word_1_250' title='bbox 758 2207 812 2255; x_wconf 90' lang='lat' dir='ltr'>et</span> <span class='ocrx_word' id='word_1_251' title='bbox 842 2199 911 2254; x_wconf 88' lang='lat' dir='ltr'>ad</span> <span class='ocrx_word' id='word_1_252' title='bbox 940 2200 1172 2255; x_wconf 84' lang='lat' dir='ltr'><strong>salutem</strong></span> <span class='ocrx_word' id='word_1_253' title='bbox 1205 2199 1299 2255; x_wconf 91' lang='lat' dir='ltr'>dat</span> <span class='ocrx_word' id='word_1_254' title='bbox 1318 2199 1564 2255; x_wconf 89' lang='lat' dir='ltr'><strong>consilia.</strong></span> <span class='ocrx_word' id='word_1_255' title='bbox 1591 2198 1730 2255; x_wconf 86' lang='lat' dir='ltr'><strong>Hinc</strong></span> <span class='ocrx_word' id='word_1_256' title='bbox 1755 2202 1952 2256; x_wconf 79' lang='lat' dir='ltr'><strong>adven-</strong></span> 
     </span>
    </p>
   </div>
   <div class='ocr_carea' id='block_1_38' title="bbox 391 2289 1952 2362">
    <p class='ocr_par' dir='ltr' id='par_1_38' title="bbox 391 2289 1952 2362">
     <span class='ocr_line' id='line_1_38' title="bbox 391 2289 1952 2362; baseline 0.001 -17"><span class='ocrx_word' id='word_1_257' title='bbox 391 2301 481 2346; x_wconf 87' lang='lat' dir='ltr'><strong>tus</strong></span> <span class='ocrx_word' id='word_1_258' title='bbox 510 2289 854 2345; x_wconf 88' lang='lat' dir='ltr'><strong>sacerdotum</strong></span> <span class='ocrx_word' id='word_1_259' title='bbox 886 2305 951 2344; x_wconf 83' lang='lat' dir='ltr'><strong>ex</strong></span> <span class='ocrx_word' id='word_1_260' title='bbox 983 2290 1062 2345; x_wconf 92' lang='lat' dir='ltr'><strong>rei</strong></span> <span class='ocrx_word' id='word_1_261' title='bbox 1093 2303 1256 2362; x_wconf 71' lang='lat' dir='ltr'><strong>gestae</strong></span> <span class='ocrx_word' id='word_1_262' title='bbox 1287 2290 1478 2357; x_wconf 81' lang='lat' dir='ltr'><strong>livore,</strong></span> <span class='ocrx_word' id='word_1_263' title='bbox 1512 2299 1565 2344; x_wconf 91' lang='lat' dir='ltr'>et</span> <span class='ocrx_word' id='word_1_264' title='bbox 1593 2290 1855 2360; x_wconf 90' lang='lat' dir='ltr'><strong>judicium</strong></span> <span class='ocrx_word' id='word_1_265' title='bbox 1885 2291 1952 2346; x_wconf 91' lang='lat' dir='ltr'>de</span> 
     </span>
    </p>
   </div>
   <div class='ocr_carea' id='block_1_39' title="bbox 392 2380 1950 2453">
    <p class='ocr_par' dir='ltr' id='par_1_39' title="bbox 392 2380 1950 2453">
     <span class='ocr_line' id='line_1_39' title="bbox 392 2380 1950 2453; baseline 0.003 -17"><span class='ocrx_word' id='word_1_266' title='bbox 392 2382 677 2446; x_wconf 88' lang='lat' dir='ltr'><strong>miraculo,</strong></span> <span class='ocrx_word' id='word_1_267' title='bbox 705 2380 958 2453; x_wconf 88' lang='lat' dir='ltr'><strong>Petrique</strong></span> <span class='ocrx_word' id='word_1_268' title='bbox 984 2381 1257 2438; x_wconf 78' lang='lat' dir='ltr'><strong>confessio</strong></span> <span class='ocrx_word' id='word_1_269' title='bbox 1290 2383 1439 2438; x_wconf 90' lang='lat' dir='ltr'><strong>circa</strong></span> <span class='ocrx_word' id='word_1_270' title='bbox 1466 2380 1672 2437; x_wconf 86' lang='lat' dir='ltr'><strong>Christi</strong></span> <span class='ocrx_word' id='word_1_271' title='bbox 1697 2384 1950 2440; x_wconf 86' lang='lat' dir='ltr'><strong>virtutem</strong></span> 
     </span>
    </p>
   </div>
   <div class='ocr_carea' id='block_1_40' title="bbox 390 2472 1949 2546">
    <p class='ocr_par' dir='ltr' id='par_1_40' title="bbox 390 2472 1949 2546">
     <span class='ocr_line' id='line_1_40' title="bbox 390 2472 1949 2546; baseline 0.001 -17"><span class='ocrx_word' id='word_1_272' title='bbox 390 2483 446 2529; x_wconf 91' lang='lat' dir='ltr'>et</span> <span class='ocrx_word' id='word_1_273' title='bbox 476 2475 724 2544; x_wconf 79' lang='lat' dir='ltr'><strong>gratiam.</strong></span> <span class='ocrx_word' id='word_1_274' title='bbox 775 2472 851 2528; x_wconf 92' lang='lat' dir='ltr'>De</span> <span class='ocrx_word' id='word_1_275' title='bbox 897 2473 1189 2528; x_wconf 87' lang='lat' dir='ltr'><strong>incredulis</strong></span> <span class='ocrx_word' id='word_1_276' title='bbox 1221 2475 1561 2530; x_wconf 88' lang='lat' dir='ltr'><strong>sacerdotum</strong></span> <span class='ocrx_word' id='word_1_277' title='bbox 1593 2476 1949 2546; x_wconf 91' lang='lat' dir='ltr'><strong>principibus,</strong></span> 
     </span>
    </p>
   </div>
   <div class='ocr_carea' id='block_1_41' title="bbox 391 2566 1952 2637">
    <p class='ocr_par' dir='ltr' id='par_1_41' title="bbox 391 2566 1952 2637">
     <span class='ocr_line' id='line_1_41' title="bbox 391 2566 1952 2637; baseline 0.001 -16"><span class='ocrx_word' id='word_1_278' title='bbox 391 2566 828 2637; x_wconf 71' lang='lat' dir='ltr'><strong>praecipientibus</strong></span> <span class='ocrx_word' id='word_1_279' title='bbox 856 2580 967 2620; x_wconf 89' lang='lat' dir='ltr'>non</span> <span class='ocrx_word' id='word_1_280' title='bbox 997 2574 1245 2636; x_wconf 88' lang='lat' dir='ltr'><strong>oportere</strong></span> <span class='ocrx_word' id='word_1_281' title='bbox 1267 2566 1321 2621; x_wconf 91' lang='lat' dir='ltr'>in</span> <span class='ocrx_word' id='word_1_282' title='bbox 1346 2568 1567 2623; x_wconf 89' lang='lat' dir='ltr'><strong>nomine</strong></span> <span class='ocrx_word' id='word_1_283' title='bbox 1588 2567 1790 2623; x_wconf 91' lang='lat' dir='ltr'><strong>Christi</strong></span> <span class='ocrx_word' id='word_1_284' title='bbox 1819 2583 1952 2625; x_wconf 89' lang='lat' dir='ltr'><strong>con-</strong></span> 
     </span>
    </p>
   </div>
   <div class='ocr_carea' id='block_1_42' title="bbox 392 2656 1951 2729">
    <p class='ocr_par' dir='ltr' id='par_1_42' title="bbox 392 2656 1951 2729">
     <span class='ocr_line' id='line_1_42' title="bbox 392 2656 1951 2729; baseline 0.003 -17"><span class='ocrx_word' id='word_1_285' title='bbox 392 2656 618 2713; x_wconf 87' lang='lat' dir='ltr'><strong>ﬁdenter</strong></span> <span class='ocrx_word' id='word_1_286' title='bbox 641 2671 820 2729; x_wconf 84' lang='lat' dir='ltr'><strong>agere,</strong></span> <span class='ocrx_word' id='word_1_287' title='bbox 853 2666 908 2712; x_wconf 90' lang='lat' dir='ltr'>et</span> <span class='ocrx_word' id='word_1_288' title='bbox 934 2657 1002 2713; x_wconf 90' lang='lat' dir='ltr'>de</span> <span class='ocrx_word' id='word_1_289' title='bbox 1022 2658 1373 2714; x_wconf 86' lang='lat' dir='ltr'><strong>renovatione</strong></span> <span class='ocrx_word' id='word_1_290' title='bbox 1400 2659 1787 2729; x_wconf 88' lang='lat' dir='ltr'><strong>apostolorum.</strong></span> <span class='ocrx_word' id='word_1_291' title='bbox 1816 2661 1951 2717; x_wconf 87' lang='lat' dir='ltr'><strong>Gra-</strong></span> 
     </span>
    </p>
   </div>
   <div class='ocr_carea' id='block_1_43' title="bbox 392 2747 1949 2822">
    <p class='ocr_par' dir='ltr' id='par_1_43' title="bbox 392 2747 1949 2822">
     <span class='ocr_line' id='line_1_43' title="bbox 392 2747 1949 2822; baseline 0.003 -18"><span class='ocrx_word' id='word_1_292' title='bbox 392 2750 592 2804; x_wconf 86' lang='lat' dir='ltr'><strong>tiarum</strong></span> <span class='ocrx_word' id='word_1_293' title='bbox 618 2750 761 2805; x_wconf 88' lang='lat' dir='ltr'><strong>actio</strong></span> <span class='ocrx_word' id='word_1_294' title='bbox 786 2747 1041 2806; x_wconf 79' lang='lat' dir='ltr'><strong>Ecclesiae</strong></span> <span class='ocrx_word' id='word_1_295' title='bbox 1072 2765 1171 2821; x_wconf 90' lang='lat' dir='ltr'>pro</span> <span class='ocrx_word' id='word_1_296' title='bbox 1201 2750 1344 2805; x_wconf 89' lang='lat' dir='ltr'><strong>ﬁdeli</strong></span> <span class='ocrx_word' id='word_1_297' title='bbox 1367 2751 1735 2821; x_wconf 86' lang='lat' dir='ltr'><strong>apostolorum</strong></span> <span class='ocrx_word' id='word_1_298' title='bbox 1763 2766 1949 2822; x_wconf 86' lang='lat' dir='ltr'><strong>perse-</strong></span> 
     </span>
    </p>
   </div>
   <div class='ocr_carea' id='block_1_44' title="bbox 389 2822 1305 2898">
    <p class='ocr_par' dir='ltr' id='par_1_44' title="bbox 389 2822 1305 2898">
     <span class='ocr_line' id='line_1_44' title="bbox 389 2822 1305 2898; baseline -0.001 0"><span class='ocrx_word' id='word_1_299' title='bbox 389 2842 656 2898; x_wconf 81' lang='lat' dir='ltr'><strong>verantia.</strong></span> <span class='ocrx_word' id='word_1_300' title='bbox 1294 2822 1305 2841; x_wconf 59' lang='grc'><em>¹</em></span> 
     </span>
    </p>
   </div>
   <div class='ocr_carea' id='block_1_45' title="bbox 462 2933 1984 3005">
    <p class='ocr_par' dir='ltr' id='par_1_45' title="bbox 462 2933 1984 3005">
     <span class='ocr_line' id='line_1_45' title="bbox 462 2933 1984 3005; baseline -0.002 -17"><span class='ocrx_word' id='word_1_301' title='bbox 462 2933 526 2989; x_wconf 80' lang='grc' dir='ltr'>ν.</span> <span class='ocrx_word' id='word_1_302' title='bbox 568 2933 645 2989; x_wconf 93' lang='lat' dir='ltr'>De</span> <span class='ocrx_word' id='word_1_303' title='bbox 675 2934 921 2989; x_wconf 89' lang='lat' dir='ltr'><strong>unanimi</strong></span> <span class='ocrx_word' id='word_1_304' title='bbox 983 2943 1037 2990; x_wconf 92' lang='lat' dir='ltr'>et</span> <span class='ocrx_word' id='word_1_305' title='bbox 1069 2934 1346 2990; x_wconf 90' lang='lat' dir='ltr'><strong>communi</strong></span> <span class='ocrx_word' id='word_1_306' title='bbox 1376 2949 1646 2990; x_wconf 90' lang='lat' dir='ltr'><strong>consensu</strong></span> <span class='ocrx_word' id='word_1_307' title='bbox 1673 2933 1947 3005; x_wconf 88' lang='lat' dir='ltr'><strong>ﬁdelium;</strong></span> <span class='ocrx_word' id='word_1_308' title='bbox 1979 2980 1984 2985; x_wconf 92' lang='lat'>.</span> 
     </span>
    </p>
   </div>
   <div class='ocr_carea' id='block_1_46' title="bbox 392 3021 1948 3094">
    <p class='ocr_par' dir='ltr' id='par_1_46' title="bbox 392 3021 1948 3094">
     <span class='ocr_line' id='line_1_46' title="bbox 392 3021 1948 3094; baseline 0.001 -15"><span class='ocrx_word' id='word_1_309' title='bbox 392 3024 486 3079; x_wconf 90' lang='lat' dir='ltr'><strong>ubi</strong></span> <span class='ocrx_word' id='word_1_310' title='bbox 527 3024 595 3080; x_wconf 87' lang='lat' dir='ltr'>de</span> <span class='ocrx_word' id='word_1_311' title='bbox 639 3023 847 3079; x_wconf 82' lang='lat' dir='ltr'><strong>Anania</strong></span> <span class='ocrx_word' id='word_1_312' title='bbox 898 3037 952 3081; x_wconf 91' lang='lat' dir='ltr'>et</span> <span class='ocrx_word' id='word_1_313' title='bbox 989 3021 1273 3094; x_wconf 88' lang='lat' dir='ltr'><strong>Sapphira,</strong></span> <span class='ocrx_word' id='word_1_314' title='bbox 1313 3039 1377 3081; x_wconf 90' lang='lat' dir='ltr'>ac</span> <span class='ocrx_word' id='word_1_315' title='bbox 1416 3024 1484 3081; x_wconf 87' lang='lat' dir='ltr'>de</span> <span class='ocrx_word' id='word_1_316' title='bbox 1526 3024 1721 3080; x_wconf 88' lang='lat' dir='ltr'><strong>acerba</strong></span> <span class='ocrx_word' id='word_1_317' title='bbox 1757 3041 1948 3082; x_wconf 89' lang='lat' dir='ltr'><strong>eorum</strong></span> 
     </span>
    </p>
   </div>
   <div class='ocr_carea' id='block_1_47' title="bbox 390 3123 584 3171">
    <p class='ocr_par' dir='ltr' id='par_1_47' title="bbox 390 3123 584 3171">
     <span class='ocr_line' id='line_1_47' title="bbox 390 3123 584 3171; baseline 0 0"><span class='ocrx_word' id='word_1_318' title='bbox 390 3123 584 3171; x_wconf 87' lang='lat' dir='ltr'><strong>morte.</strong></span> 
     </span>
    </p>
   </div>
   <div class='ocr_carea' id='block_1_48' title="bbox 463 3205 1947 3281">
    <p class='ocr_par' dir='ltr' id='par_1_48' title="bbox 463 3205 1947 3281">
     <span class='ocr_line' id='line_1_48' title="bbox 463 3205 1947 3281; baseline 0.004 -20"><span class='ocrx_word' id='word_1_319' title='bbox 463 3206 549 3262; x_wconf 81' lang='lat' dir='ltr'>Vl.</span> <span class='ocrx_word' id='word_1_320' title='bbox 592 3205 749 3273; x_wconf 88' lang='lat' dir='ltr'><strong>Quod</strong></span> <span class='ocrx_word' id='word_1_321' title='bbox 779 3207 1055 3276; x_wconf 88' lang='lat' dir='ltr'><strong>apostolos</strong></span> <span class='ocrx_word' id='word_1_322' title='bbox 1084 3206 1137 3261; x_wconf 88' lang='lat' dir='ltr'><strong>in</strong></span> <span class='ocrx_word' id='word_1_323' title='bbox 1173 3222 1447 3264; x_wconf 90' lang='lat' dir='ltr'><strong>carcerem</strong></span> <span class='ocrx_word' id='word_1_324' title='bbox 1479 3208 1754 3280; x_wconf 90' lang='lat' dir='ltr'><strong>conjectos</strong></span> <span class='ocrx_word' id='word_1_325' title='bbox 1784 3226 1947 3281; x_wconf 87' lang='lat' dir='ltr'><strong>ange-</strong></span> 
     </span>
    </p>
   </div>
   <div class='ocr_carea' id='block_1_49' title="bbox 389 3297 1949 3369">
    <p class='ocr_par' dir='ltr' id='par_1_49' title="bbox 389 3297 1949 3369">
     <span class='ocr_line' id='line_1_49' title="bbox 389 3297 1949 3369; baseline 0.003 -16"><span class='ocrx_word' id='word_1_326' title='bbox 389 3298 476 3354; x_wconf 89' lang='lat' dir='ltr'><strong>lus</strong></span> <span class='ocrx_word' id='word_1_327' title='bbox 501 3297 714 3354; x_wconf 91' lang='lat' dir='ltr'><strong>Domini</strong></span> <span class='ocrx_word' id='word_1_328' title='bbox 747 3307 912 3353; x_wconf 92' lang='lat' dir='ltr'><strong>noctu</strong></span> <span class='ocrx_word' id='word_1_329' title='bbox 953 3297 1218 3362; x_wconf 81' lang='lat' dir='ltr'><strong>eduxerit,</strong></span> <span class='ocrx_word' id='word_1_330' title='bbox 1249 3298 1568 3369; x_wconf 82' lang='lat' dir='ltr'><strong>praecipiens</strong></span> <span class='ocrx_word' id='word_1_331' title='bbox 1602 3308 1662 3356; x_wconf 90' lang='lat' dir='ltr'><strong>ut</strong></span> <span class='ocrx_word' id='word_1_332' title='bbox 1699 3301 1816 3357; x_wconf 90' lang='lat' dir='ltr'><strong>sine</strong></span> <span class='ocrx_word' id='word_1_333' title='bbox 1846 3301 1949 3357; x_wconf 82' lang='lat' dir='ltr'><strong>im-</strong></span> 
     </span>
    </p>
   </div>
   <div class='ocr_carea' id='block_1_50' title="bbox 390 3387 1949 3464">
    <p class='ocr_par' dir='ltr' id='par_1_50' title="bbox 390 3387 1949 3464">
     <span class='ocr_line' id='line_1_50' title="bbox 390 3387 1949 3464; baseline 0.003 -19"><span class='ocrx_word' id='word_1_334' title='bbox 390 3390 697 3460; x_wconf 80' lang='lat' dir='ltr'><strong>pedimento</strong></span> <span class='ocrx_word' id='word_1_335' title='bbox 718 3387 904 3445; x_wconf 82' lang='lat' dir='ltr'><strong>Jesum</strong></span> <span class='ocrx_word' id='word_1_336' title='bbox 925 3391 1297 3460; x_wconf 72' lang='lat' dir='ltr'><strong>praedicarent.</strong></span> <span class='ocrx_word' id='word_1_337' title='bbox 1324 3388 1463 3447; x_wconf 82' lang='lat' dir='ltr'><strong>Hinc</strong></span> <span class='ocrx_word' id='word_1_338' title='bbox 1480 3392 1627 3462; x_wconf 91' lang='lat' dir='ltr'><strong>quod</strong></span> <span class='ocrx_word' id='word_1_339' title='bbox 1648 3392 1949 3464; x_wconf 87' lang='lat' dir='ltr'><strong>insequenti</strong></span> 
     </span>
    </p>
   </div>
   <div class='ocr_carea' id='block_1_51' title="bbox 390 3483 1951 3556">
    <p class='ocr_par' dir='ltr' id='par_1_51' title="bbox 390 3483 1951 3556">
     <span class='ocr_line' id='line_1_51' title="bbox 390 3483 1951 3556; baseline 0.003 -19"><span class='ocrx_word' id='word_1_340' title='bbox 390 3485 475 3537; x_wconf 88' lang='lat' dir='ltr'>die</span> <span class='ocrx_word' id='word_1_341' title='bbox 497 3483 836 3538; x_wconf 84' lang='lat' dir='ltr'><strong>sacerdotum</strong></span> <span class='ocrx_word' id='word_1_342' title='bbox 867 3484 1140 3553; x_wconf 91' lang='lat' dir='ltr'><strong>principes</strong></span> <span class='ocrx_word' id='word_1_343' title='bbox 1166 3484 1313 3552; x_wconf 90' lang='lat' dir='ltr'><strong>ipsos</strong></span> <span class='ocrx_word' id='word_1_344' title='bbox 1346 3500 1567 3539; x_wconf 90' lang='lat' dir='ltr'><strong>rursum</strong></span> <span class='ocrx_word' id='word_1_345' title='bbox 1599 3490 1951 3556; x_wconf 82' lang='lat' dir='ltr'><strong>comprehen-</strong></span> 
     </span>
    </p>
   </div>
   <div class='ocr_carea' id='block_1_52' title="bbox 389 3551 1949 3659">
    <p class='ocr_par' dir='ltr' id='par_1_52' title="bbox 389 3573 1945 3646">
     <span class='ocr_line' id='line_1_52' title="bbox 389 3573 1945 3646; baseline 0.003 -17"><span class='ocrx_word' id='word_1_346' title='bbox 389 3589 501 3641; x_wconf 86' lang='lat' dir='ltr'><strong>sos,</strong></span> <span class='ocrx_word' id='word_1_347' title='bbox 525 3586 715 3628; x_wconf 85' lang='lat' dir='ltr'><strong>utnon</strong></span> <span class='ocrx_word' id='word_1_348' title='bbox 739 3575 878 3628; x_wconf 91' lang='lat' dir='ltr'><strong>ultra</strong></span> <span class='ocrx_word' id='word_1_349' title='bbox 899 3573 1173 3639; x_wconf 90' lang='lat' dir='ltr'><strong>docerent,</strong></span> <span class='ocrx_word' id='word_1_350' title='bbox 1188 3573 1411 3646; x_wconf 84' lang='lat' dir='ltr'><strong>ﬂagellis</strong></span> <span class='ocrx_word' id='word_1_351' title='bbox 1433 3590 1603 3631; x_wconf 69' lang='lat' dir='ltr'><strong>caesos</strong></span> <span class='ocrx_word' id='word_1_352' title='bbox 1623 3576 1945 3633; x_wconf 90' lang='lat' dir='ltr'><strong>dimiserint.</strong></span> 
     </span>
    </p>
   </div>
   <div class='ocr_carea' id='block_1_53' title="bbox 2048 3551 3749 3659">
    <p class='ocr_par' dir='ltr' id='par_1_53' title="bbox 2048 3551 3749 3659">
     <span class='ocr_line' id='line_1_53' title="bbox 2048 3551 3749 3659; baseline -0.008 -40"><span class='ocrx_word' id='word_1_353' title='bbox 2048 3565 2249 3641; x_wconf 82' lang='grc' dir='ltr'>μηκέτι</span> <span class='ocrx_word' id='word_1_354' title='bbox 2288 3564 2577 3626; x_wconf 85' lang='grc' dir='ltr'>διδάσκειν,</span> <span class='ocrx_word' id='word_1_355' title='bbox 2629 3562 2979 3634; x_wconf 79' lang='grc' dir='ltr'>μαστίξαντες</span> <span class='ocrx_word' id='word_1_356' title='bbox 3026 3561 3323 3616; x_wconf 79' lang='grc' dir='ltr'>ἀπέλυσαν.</span> <span class='ocrx_word' id='word_1_357' title='bbox 3354 3564 3369 3582; x_wconf 86' lang='grc'>⁶</span> <span class='ocrx_word' id='word_1_358' title='bbox 3404 3551 3612 3632; x_wconf 67' lang='grc' dir='ltr'>Ταμα-</span> <span class='ocrx_word' id='word_1_359' title='bbox 3656 3627 3663 3633; x_wconf 28' lang='grc'><strong><em>⁸</em></strong></span> 
     </span>
    </p>
   </div>
   <div class='ocr_carea' id='block_1_54' title="bbox 2020 3649 3693 3735">
    <p class='ocr_par' dir='ltr' id='par_1_54' title="bbox 2020 3649 3693 3735">
     <span class='ocr_line' id='line_1_54' title="bbox 2020 3649 3693 3735; baseline -0.001 -30"><span class='ocrx_word' id='word_1_360' title='bbox 2020 3653 2232 3724; x_wconf 63' lang='grc' dir='ltr'>³λιήλου</span> <span class='ocrx_word' id='word_1_361' title='bbox 2266 3652 2459 3723; x_wconf 84' lang='grc' dir='ltr'>γνώμη</span> <span class='ocrx_word' id='word_1_362' title='bbox 2500 3652 2663 3722; x_wconf 80' lang='grc' dir='ltr'>πιστὴ</span> <span class='ocrx_word' id='word_1_363' title='bbox 2695 3650 2823 3722; x_wconf 81' lang='grc' dir='ltr'>περὶ</span> <span class='ocrx_word' id='word_1_364' title='bbox 2863 3650 3199 3735; x_wconf 64' lang='grc' dir='ltr'>ἀποστόλων,</span> <span class='ocrx_word' id='word_1_365' title='bbox 3245 3649 3383 3721; x_wconf 85' lang='grc' dir='ltr'>μετὰ</span> <span class='ocrx_word' id='word_1_366' title='bbox 3429 3649 3615 3722; x_wconf 24' lang='grc' dir='ltr'>παραὲν</span> <span class='ocrx_word' id='word_1_367' title='bbox 3690 3654 3693 3657; x_wconf 74' lang='grc'>’</span> 
     </span>
    </p>
   </div>
   <div class='ocr_carea' id='block_1_55' title="bbox 389 3665 1949 3736">
    <p class='ocr_par' dir='ltr' id='par_1_55' title="bbox 389 3665 1949 3736">
     <span class='ocr_line' id='line_1_55' title="bbox 389 3665 1949 3736; baseline 0.003 -16"><span class='ocrx_word' id='word_1_368' title='bbox 389 3665 703 3720; x_wconf 86' lang='lat' dir='ltr'><strong>Camalielis</strong></span> <span class='ocrx_word' id='word_1_369' title='bbox 756 3679 927 3735; x_wconf 79' lang='lat' dir='ltr'><strong>sagax</strong></span> <span class='ocrx_word' id='word_1_370' title='bbox 979 3665 1247 3720; x_wconf 89' lang='lat' dir='ltr'><strong>sententia</strong></span> <span class='ocrx_word' id='word_1_371' title='bbox 1272 3665 1445 3729; x_wconf 53' lang='lat' dir='ltr'><strong>‘circa</strong></span> <span class='ocrx_word' id='word_1_372' title='bbox 1498 3669 1776 3736; x_wconf 87' lang='lat' dir='ltr'><strong>apostolos</strong></span> <span class='ocrx_word' id='word_1_373' title='bbox 1825 3686 1949 3725; x_wconf 91' lang='lat' dir='ltr'>cum</span> 
     </span>
    </p>
   </div>
   <div class='ocr_carea' id='block_1_56' title="bbox 387 3753 1680 3824">
    <p class='ocr_par' dir='ltr' id='par_1_56' title="bbox 387 3753 1680 3824">
     <span class='ocr_line' id='line_1_56' title="bbox 387 3753 1680 3824; baseline 0 -13"><span class='ocrx_word' id='word_1_374' title='bbox 387 3756 650 3824; x_wconf 75' lang='lat' dir='ltr'><strong>exemplis</strong></span> <span class='ocrx_word' id='word_1_375' title='bbox 680 3753 1003 3824; x_wconf 89' lang='lat' dir='ltr'><strong>quibusdam</strong></span> <span class='ocrx_word' id='word_1_376' title='bbox 1028 3761 1084 3808; x_wconf 92' lang='lat' dir='ltr'>et</span> <span class='ocrx_word' id='word_1_377' title='bbox 1108 3753 1680 3811; x_wconf 85' lang='lat' dir='ltr'><strong>demonstrationibus.</strong></span> 
     </span>
    </p>
   </div>
   <div class='ocr_carea' id='block_1_57' title="bbox 459 3845 1684 3916">
    <p class='ocr_par' dir='ltr' id='par_1_57' title="bbox 459 3845 1684 3916">
     <span class='ocr_line' id='line_1_57' title="bbox 459 3845 1684 3916; baseline 0.002 -16"><span class='ocrx_word' id='word_1_378' title='bbox 459 3846 572 3901; x_wconf 68' lang='grc' dir='ltr'>νη.</span> <span class='ocrx_word' id='word_1_379' title='bbox 610 3845 688 3902; x_wconf 92' lang='lat' dir='ltr'>De</span> <span class='ocrx_word' id='word_1_380' title='bbox 714 3845 1053 3901; x_wconf 90' lang='lat' dir='ltr'><strong>ordinatione</strong></span> <span class='ocrx_word' id='word_1_381' title='bbox 1082 3854 1287 3916; x_wconf 85' lang='lat' dir='ltr'><strong>septem</strong></span> <span class='ocrx_word' id='word_1_382' title='bbox 1313 3846 1684 3903; x_wconf 89' lang='lat' dir='ltr'><strong>diaconorum.</strong></span> 
     </span>
    </p>
   </div>
   <div class='ocr_carea' id='block_1_58' title="bbox 460 3934 1947 4009">
    <p class='ocr_par' dir='ltr' id='par_1_58' title="bbox 460 3934 1947 4009">
     <span class='ocr_line' id='line_1_58' title="bbox 460 3934 1947 4009; baseline 0.005 -19"><span class='ocrx_word' id='word_1_383' title='bbox 460 3936 596 3992; x_wconf 76' lang='lat' dir='ltr'><strong>Vlll.</strong></span> <span class='ocrx_word' id='word_1_384' title='bbox 635 3934 945 3993; x_wconf 61' lang='lat' dir='ltr'><strong>Iudaeorum</strong></span> <span class='ocrx_word' id='word_1_385' title='bbox 975 3936 1267 3992; x_wconf 89' lang='lat' dir='ltr'><strong>commotio</strong></span> <span class='ocrx_word' id='word_1_386' title='bbox 1299 3945 1354 3992; x_wconf 90' lang='lat' dir='ltr'>et</span> <span class='ocrx_word' id='word_1_387' title='bbox 1381 3940 1730 4009; x_wconf 81' lang='lat' dir='ltr'><strong>sycophantia</strong></span> <span class='ocrx_word' id='word_1_388' title='bbox 1761 3951 1947 3997; x_wconf 88' lang='lat' dir='ltr'><strong>contra</strong></span> 
     </span>
    </p>
   </div>
   <div class='ocr_carea' id='block_1_59' title="bbox 389 4027 1947 4101">
    <p class='ocr_par' dir='ltr' id='par_1_59' title="bbox 389 4027 1947 4101">
     <span class='ocr_line' id='line_1_59' title="bbox 389 4027 1947 4101; baseline 0.001 -15"><span class='ocrx_word' id='word_1_389' title='bbox 389 4029 747 4101; x_wconf 82' lang='lat' dir='ltr'><strong>Stephanum.</strong></span> <span class='ocrx_word' id='word_1_390' title='bbox 777 4027 982 4084; x_wconf 88' lang='lat' dir='ltr'><strong>Concio</strong></span> <span class='ocrx_word' id='word_1_391' title='bbox 1004 4028 1245 4099; x_wconf 86' lang='lat' dir='ltr'><strong>ejusdem</strong></span> <span class='ocrx_word' id='word_1_392' title='bbox 1268 4030 1335 4085; x_wconf 90' lang='lat' dir='ltr'>de</span> <span class='ocrx_word' id='word_1_393' title='bbox 1358 4038 1681 4085; x_wconf 88' lang='lat' dir='ltr'><strong>testamento</strong></span> <span class='ocrx_word' id='word_1_394' title='bbox 1703 4031 1797 4086; x_wconf 92' lang='lat' dir='ltr'><strong>Dei</strong></span> <span class='ocrx_word' id='word_1_395' title='bbox 1823 4048 1947 4088; x_wconf 92' lang='lat' dir='ltr'>cum</span> 
     </span>
    </p>
   </div>
   <div class='ocr_carea' id='block_1_60' title="bbox 387 4118 1946 4187">
    <p class='ocr_par' dir='ltr' id='par_1_60' title="bbox 387 4118 1946 4187">
     <span class='ocr_line' id='line_1_60' title="bbox 387 4118 1946 4187; baseline 0.001 -13"><span class='ocrx_word' id='word_1_396' title='bbox 387 4120 699 4175; x_wconf 86' lang='lat' dir='ltr'><strong>Abrahamo</strong></span> <span class='ocrx_word' id='word_1_397' title='bbox 738 4126 793 4175; x_wconf 88' lang='lat' dir='ltr'>et</span> <span class='ocrx_word' id='word_1_398' title='bbox 829 4118 1112 4173; x_wconf 90' lang='lat' dir='ltr'><strong>duodecim</strong></span> <span class='ocrx_word' id='word_1_399' title='bbox 1144 4118 1501 4187; x_wconf 89' lang='lat' dir='ltr'><strong>patriarchis;</strong></span> <span class='ocrx_word' id='word_1_400' title='bbox 1543 4118 1633 4174; x_wconf 86' lang='lat' dir='ltr'><strong>ubi</strong></span> <span class='ocrx_word' id='word_1_401' title='bbox 1677 4120 1745 4175; x_wconf 90' lang='lat' dir='ltr'>de</span> <span class='ocrx_word' id='word_1_402' title='bbox 1782 4119 1946 4187; x_wconf 74' lang='lat' dir='ltr'><strong>fame,</strong></span> 
     </span>
    </p>
   </div>
   <div class='ocr_carea' id='block_1_61' title="bbox 391 4205 1950 4291">
    <p class='ocr_par' dir='ltr' id='par_1_61' title="bbox 391 4205 1950 4291">
     <span class='ocr_line' id='line_1_61' title="bbox 391 4205 1950 4291; baseline 0.003 -28"><span class='ocrx_word' id='word_1_403' title='bbox 391 4212 647 4266; x_wconf 81' lang='lat' dir='ltr'><strong>frumenti</strong></span> <span class='ocrx_word' id='word_1_404' title='bbox 692 4211 988 4281; x_wconf 85' lang='lat' dir='ltr'><strong>emptione,</strong></span> <span class='ocrx_word' id='word_1_405' title='bbox 1039 4219 1094 4265; x_wconf 88' lang='lat' dir='ltr'>et</span> <span class='ocrx_word' id='word_1_406' title='bbox 1137 4210 1206 4264; x_wconf 90' lang='lat' dir='ltr'>de</span> <span class='ocrx_word' id='word_1_407' title='bbox 1258 4209 1386 4265; x_wconf 91' lang='lat' dir='ltr'><strong>ﬁliis</strong></span> <span class='ocrx_word' id='word_1_408' title='bbox 1436 4205 1604 4291; x_wconf 71' lang='lat' dir='ltr'><strong>Iacob</strong></span> <span class='ocrx_word' id='word_1_409' title='bbox 1646 4227 1707 4267; x_wconf 86' lang='lat' dir='ltr'>se</span> <span class='ocrx_word' id='word_1_410' title='bbox 1759 4222 1950 4269; x_wconf 90' lang='lat' dir='ltr'><strong>mutuo</strong></span> 
     </span>
    </p>
   </div>
   <div class='ocr_carea' id='block_1_62' title="bbox 390 4299 1950 4374">
    <p class='ocr_par' dir='ltr' id='par_1_62' title="bbox 390 4299 1950 4374">
     <span class='ocr_line' id='line_1_62' title="bbox 390 4299 1950 4374; baseline 0.003 -18"><span class='ocrx_word' id='word_1_411' title='bbox 390 4301 839 4368; x_wconf 73' lang='lat' dir='ltr'><strong>agnoscentibus;</strong></span> <span class='ocrx_word' id='word_1_412' title='bbox 876 4300 944 4355; x_wconf 93' lang='lat' dir='ltr'>de</span> <span class='ocrx_word' id='word_1_413' title='bbox 989 4309 1113 4356; x_wconf 89' lang='lat' dir='ltr'><strong>ortu</strong></span> <span class='ocrx_word' id='word_1_414' title='bbox 1158 4299 1381 4373; x_wconf 79' lang='lat' dir='ltr'><strong>Moysis,</strong></span> <span class='ocrx_word' id='word_1_415' title='bbox 1414 4311 1469 4356; x_wconf 89' lang='lat' dir='ltr'><strong>et</strong></span> <span class='ocrx_word' id='word_1_416' title='bbox 1507 4303 1575 4358; x_wconf 90' lang='lat' dir='ltr'>de</span> <span class='ocrx_word' id='word_1_417' title='bbox 1612 4305 1950 4374; x_wconf 89' lang='lat' dir='ltr'><strong>apparitione</strong></span> 
     </span>
    </p>
   </div>
   <div class='ocr_carea' id='block_1_63' title="bbox 390 4389 1951 4461">
    <p class='ocr_par' dir='ltr' id='par_1_63' title="bbox 390 4389 1951 4461">
     <span class='ocr_line' id='line_1_63' title="bbox 390 4389 1951 4461; baseline 0.004 -17"><span class='ocrx_word' id='word_1_418' title='bbox 390 4391 482 4445; x_wconf 88' lang='lat' dir='ltr'>Dei</span> <span class='ocrx_word' id='word_1_419' title='bbox 515 4390 586 4445; x_wconf 86' lang='lat' dir='ltr'>ad</span> <span class='ocrx_word' id='word_1_420' title='bbox 626 4390 864 4461; x_wconf 85' lang='lat' dir='ltr'><strong>Moysem</strong></span> <span class='ocrx_word' id='word_1_421' title='bbox 898 4389 1041 4445; x_wconf 77' lang='lat' dir='ltr'><strong>facta</strong></span> <span class='ocrx_word' id='word_1_422' title='bbox 1081 4389 1135 4444; x_wconf 92' lang='lat' dir='ltr'>in</span> <span class='ocrx_word' id='word_1_423' title='bbox 1185 4402 1367 4447; x_wconf 90' lang='lat' dir='ltr'><strong>monte</strong></span> <span class='ocrx_word' id='word_1_424' title='bbox 1410 4390 1573 4458; x_wconf 89' lang='lat' dir='ltr'><strong>Sina;</strong></span> <span class='ocrx_word' id='word_1_425' title='bbox 1605 4393 1672 4448; x_wconf 91' lang='lat' dir='ltr'>de</span> <span class='ocrx_word' id='word_1_426' title='bbox 1711 4394 1857 4449; x_wconf 82' lang='lat' dir='ltr'><strong>exitu</strong></span> <span class='ocrx_word' id='word_1_427' title='bbox 1896 4404 1951 4450; x_wconf 92' lang='lat' dir='ltr'>et</span> 
     </span>
    </p>
   </div>
   <div class='ocr_carea' id='block_1_64' title="bbox 389 4482 1948 4555">
    <p class='ocr_par' dir='ltr' id='par_1_64' title="bbox 389 4482 1948 4555">
     <span class='ocr_line' id='line_1_64' title="bbox 389 4482 1948 4555; baseline 0.005 -20"><span class='ocrx_word' id='word_1_428' title='bbox 389 4484 541 4537; x_wconf 79' lang='lat' dir='ltr'><strong>vituli</strong></span> <span class='ocrx_word' id='word_1_429' title='bbox 569 4482 776 4538; x_wconf 79' lang='lat' dir='ltr'><strong>fabrica</strong></span> <span class='ocrx_word' id='word_1_430' title='bbox 805 4498 837 4538; x_wconf 86' lang='lat' dir='ltr'>a</span> <span class='ocrx_word' id='word_1_431' title='bbox 863 4482 989 4539; x_wconf 88' lang='lat' dir='ltr'><strong>ﬁliis</strong></span> <span class='ocrx_word' id='word_1_432' title='bbox 1026 4482 1189 4538; x_wconf 84' lang='lat' dir='ltr'><strong>Israel</strong></span> <span class='ocrx_word' id='word_1_433' title='bbox 1220 4499 1391 4555; x_wconf 91' lang='lat' dir='ltr'><strong>usque</strong></span> <span class='ocrx_word' id='word_1_434' title='bbox 1414 4485 1482 4539; x_wconf 89' lang='lat' dir='ltr'>ad</span> <span class='ocrx_word' id='word_1_435' title='bbox 1516 4493 1757 4555; x_wconf 87' lang='lat' dir='ltr'><strong>tempora</strong></span> <span class='ocrx_word' id='word_1_436' title='bbox 1790 4485 1948 4543; x_wconf 88' lang='lat' dir='ltr'><strong>Salo-</strong></span> 
     </span>
    </p>
   </div>
   <div class='ocr_carea' id='block_1_65' title="bbox 2120 2014 3615 2088">
    <p class='ocr_par' dir='ltr' id='par_1_65' title="bbox 2120 2014 3615 2088">
     <span class='ocr_line' id='line_1_65' title="bbox 2120 2014 3615 2088; baseline 0 -21"><span class='ocrx_word' id='word_1_437' title='bbox 2120 2018 2192 2067; x_wconf 86' lang='lat' dir='ltr'>A&#39;.</span> <span class='ocrx_word' id='word_1_438' title='bbox 2228 2016 2362 2088; x_wconf 68' lang='grc' dir='ltr'>Περὶ</span> <span class='ocrx_word' id='word_1_439' title='bbox 2394 2015 2492 2085; x_wconf 81' lang='grc' dir='ltr'>τῆς</span> <span class='ocrx_word' id='word_1_440' title='bbox 2519 2016 2576 2069; x_wconf 84' lang='grc' dir='ltr'>ὲν</span> <span class='ocrx_word' id='word_1_441' title='bbox 2606 2015 2826 2086; x_wconf 88' lang='grc' dir='ltr'>Χριστῷ</span> <span class='ocrx_word' id='word_1_442' title='bbox 2850 2014 3144 2087; x_wconf 82' lang='grc' dir='ltr'>θεραπείας</span> <span class='ocrx_word' id='word_1_443' title='bbox 3172 2014 3265 2068; x_wconf 88' lang='grc' dir='ltr'>τοῦ</span> <span class='ocrx_word' id='word_1_444' title='bbox 3295 2016 3359 2067; x_wconf 85' lang='grc' dir='ltr'>ὲκ</span> <span class='ocrx_word' id='word_1_445' title='bbox 3385 2014 3615 2085; x_wconf 84' lang='grc' dir='ltr'>γενετῆς</span> 
     </span>
    </p>
   </div>
   <div class='ocr_carea' id='block_1_66' title="bbox 2050 2105 3612 2179">
    <p class='ocr_par' dir='ltr' id='par_1_66' title="bbox 2050 2105 3612 2179">
     <span class='ocr_line' id='line_1_66' title="bbox 2050 2105 3612 2179; baseline -0.001 -20"><span class='ocrx_word' id='word_1_446' title='bbox 2050 2106 2241 2178; x_wconf 59' lang='grc' dir='ltr'>χωλοῦ</span> <span class='ocrx_word' id='word_1_447' title='bbox 2268 2106 2472 2178; x_wconf 85' lang='grc' dir='ltr'>Πέτρου</span> <span class='ocrx_word' id='word_1_448' title='bbox 2501 2124 2560 2159; x_wconf 90' lang='grc' dir='ltr'>τε</span> <span class='ocrx_word' id='word_1_449' title='bbox 2587 2108 2940 2179; x_wconf 84' lang='grc' dir='ltr'>κατηχήσεως</span> <span class='ocrx_word' id='word_1_450' title='bbox 2958 2105 3295 2176; x_wconf 74' lang='grc' dir='ltr'>ἐλεγκτικῆς,</span> <span class='ocrx_word' id='word_1_451' title='bbox 3323 2105 3612 2177; x_wconf 80' lang='grc' dir='ltr'>συμπάθη-</span> 
     </span>
    </p>
   </div>
   <div class='ocr_carea' id='block_1_67' title="bbox 2049 2188 3609 2273">
    <p class='ocr_par' dir='ltr' id='par_1_67' title="bbox 2049 2188 3609 2273">
     <span class='ocr_line' id='line_1_67' title="bbox 2049 2188 3609 2273; baseline -0.006 -22"><span class='ocrx_word' id='word_1_452' title='bbox 2049 2197 2227 2273; x_wconf 70' lang='grc' dir='ltr'>τικῆς,</span> <span class='ocrx_word' id='word_1_453' title='bbox 2257 2188 2718 2267; x_wconf 72' lang='grc' dir='ltr'>συμϐουλευτικῆς</span> <span class='ocrx_word' id='word_1_454' title='bbox 2749 2196 2882 2267; x_wconf 85' lang='grc' dir='ltr'>πρὸς</span> <span class='ocrx_word' id='word_1_455' title='bbox 2908 2195 3180 2267; x_wconf 86' lang='grc' dir='ltr'>σωτηρίας</span> <span class='ocrx_word' id='word_1_456' title='bbox 3212 2193 3377 2248; x_wconf 87' lang='grc' dir='ltr'>αὑτοῦ</span> <span class='ocrx_word' id='word_1_457' title='bbox 3410 2193 3541 2264; x_wconf 67' lang='grc'>(49)·</span> <span class='ocrx_word' id='word_1_458' title='bbox 3590 2192 3609 2213; x_wconf 78' lang='grc'>⁶</span> 
     </span>
    </p>
   </div>
   <div class='ocr_carea' id='block_1_68' title="bbox 2051 2274 3703 2360">
    <p class='ocr_par' dir='ltr' id='par_1_68' title="bbox 2051 2274 3703 2360">
     <span class='ocr_line' id='line_1_68' title="bbox 2051 2274 3703 2360; baseline -0.002 -19"><span class='ocrx_word' id='word_1_459' title='bbox 2051 2291 2107 2344; x_wconf 81' lang='grc' dir='ltr'>ὲν</span> <span class='ocrx_word' id='word_1_460' title='bbox 2140 2283 2189 2355; x_wconf 77' lang='grc' dir='ltr'>ᾧ</span> <span class='ocrx_word' id='word_1_461' title='bbox 2220 2289 2505 2342; x_wconf 80' lang='grc' dir='ltr'>ἐπιστασία</span> <span class='ocrx_word' id='word_1_462' title='bbox 2533 2288 2832 2360; x_wconf 85' lang='grc' dir='ltr'>ἀρχιερέων</span> <span class='ocrx_word' id='word_1_463' title='bbox 2864 2286 3008 2360; x_wconf 76' lang='grc' dir='ltr'>ζήλῳ</span> <span class='ocrx_word' id='word_1_464' title='bbox 3040 2287 3131 2340; x_wconf 89' lang='grc' dir='ltr'>τοῦ</span> <span class='ocrx_word' id='word_1_465' title='bbox 3168 2274 3470 2356; x_wconf 79' lang='grc' dir='ltr'>γεγονότος,</span> <span class='ocrx_word' id='word_1_466' title='bbox 3517 2285 3613 2339; x_wconf 75' lang='grc' dir='ltr'>καὶ</span> <span class='ocrx_word' id='word_1_467' title='bbox 3696 2341 3703 2346; x_wconf 92' lang='lat'><strong>_</strong></span> 
     </span>
    </p>
   </div>
   <div class='ocr_carea' id='block_1_69' title="bbox 2051 2365 3613 2451">
    <p class='ocr_par' dir='ltr' id='par_1_69' title="bbox 2051 2365 3613 2451">
     <span class='ocr_line' id='line_1_69' title="bbox 2051 2365 3613 2451; baseline -0.003 -18"><span class='ocrx_word' id='word_1_468' title='bbox 2051 2371 2362 2451; x_wconf 59' lang='lat' dir='ltr'><strong>xpldtg‘aoﬁ</strong></span> <span class='ocrx_word' id='word_1_469' title='bbox 2390 2379 2684 2450; x_wconf 79' lang='grc' dir='ltr'>θαύματος,</span> <span class='ocrx_word' id='word_1_470' title='bbox 2726 2379 2934 2450; x_wconf 81' lang='grc' dir='ltr'>Πέτρου</span> <span class='ocrx_word' id='word_1_471' title='bbox 2964 2396 3022 2432; x_wconf 87' lang='grc' dir='ltr'>τε</span> <span class='ocrx_word' id='word_1_472' title='bbox 3043 2365 3316 2449; x_wconf 58' lang='grc' dir='ltr'>’ὁμολογία</span> <span class='ocrx_word' id='word_1_473' title='bbox 3352 2377 3453 2447; x_wconf 85' lang='grc' dir='ltr'>τῆς</span> <span class='ocrx_word' id='word_1_474' title='bbox 3478 2376 3613 2447; x_wconf 76' lang='grc' dir='ltr'>Χρι-</span> 
     </span>
    </p>
   </div>
   <div class='ocr_carea' id='block_1_70' title="bbox 2053 2466 3754 2550">
    <p class='ocr_par' dir='ltr' id='par_1_70' title="bbox 2053 2466 3754 2550">
     <span class='ocr_line' id='line_1_70' title="bbox 2053 2466 3754 2550; baseline -0.006 -25"><span class='ocrx_word' id='word_1_475' title='bbox 2053 2470 2178 2525; x_wconf 89' lang='grc' dir='ltr'>στοῦ</span> <span class='ocrx_word' id='word_1_476' title='bbox 2202 2470 2481 2542; x_wconf 85' lang='grc' dir='ltr'>δυνάμεώς</span> <span class='ocrx_word' id='word_1_477' title='bbox 2505 2487 2565 2523; x_wconf 88' lang='grc' dir='ltr'>τε</span> <span class='ocrx_word' id='word_1_478' title='bbox 2604 2471 2696 2523; x_wconf 58' lang='grc' dir='ltr'>καλ⁵</span> <span class='ocrx_word' id='word_1_479' title='bbox 2734 2470 2973 2541; x_wconf 86' lang='grc' dir='ltr'>χάριτος.</span> <span class='ocrx_word' id='word_1_480' title='bbox 3003 2472 3020 2491; x_wconf 83' lang='grc'><em>⁴</em></span> <span class='ocrx_word' id='word_1_481' title='bbox 3053 2469 3188 2539; x_wconf 76' lang='grc' dir='ltr'>Περὶ</span> <span class='ocrx_word' id='word_1_482' title='bbox 3226 2467 3466 2550; x_wconf 83' lang='grc' dir='ltr'>ἀπίστων</span> <span class='ocrx_word' id='word_1_483' title='bbox 3498 2466 3610 2539; x_wconf 81' lang='grc'>(50)</span> <span class='ocrx_word' id='word_1_484' title='bbox 3706 2498 3707 2501; x_wconf 62' lang='grc' dir='ltr'>η</span> <span class='ocrx_word' id='word_1_485' title='bbox 3744 2484 3754 2543; x_wconf 29' lang='grc' dir='ltr'><strong>λ</strong></span> 
     </span>
    </p>
   </div>
   <div class='ocr_carea' id='block_1_71' title="bbox 2050 2558 3613 2641">
    <p class='ocr_par' dir='ltr' id='par_1_71' title="bbox 2050 2558 3613 2636">
     <span class='ocr_line' id='line_1_71' title="bbox 2050 2558 3613 2636; baseline -0.005 -18"><span class='ocrx_word' id='word_1_486' title='bbox 2050 2562 2348 2636; x_wconf 84' lang='grc' dir='ltr'>ἀρχιερέων</span> <span class='ocrx_word' id='word_1_487' title='bbox 2373 2562 2834 2634; x_wconf 78' lang='grc' dir='ltr'>προσταττόντων,</span> <span class='ocrx_word' id='word_1_488' title='bbox 2859 2561 2934 2625; x_wconf 85' lang='grc' dir='ltr'>ὡς</span> <span class='ocrx_word' id='word_1_489' title='bbox 2959 2561 3019 2615; x_wconf 86' lang='grc' dir='ltr'>ού</span> <span class='ocrx_word' id='word_1_490' title='bbox 3041 2559 3121 2613; x_wconf 87' lang='grc' dir='ltr'>δεῖ</span> <span class='ocrx_word' id='word_1_491' title='bbox 3141 2558 3613 2631; x_wconf 76' lang='grc' dir='ltr'>παρρησιάζεσθαι</span> 
     </span>
    </p>
   </div>
   <div class='ocr_carea' id='block_1_72' title="bbox 2050 2649 3610 2729">
    <p class='ocr_par' dir='ltr' id='par_1_72' title="bbox 2050 2649 3610 2729">
     <span class='ocr_line' id='line_1_72' title="bbox 2050 2649 3610 2729; baseline -0.003 -22"><span class='ocrx_word' id='word_1_492' title='bbox 2050 2655 2143 2708; x_wconf 75' lang='grc' dir='ltr'>ἐπὶ</span> <span class='ocrx_word' id='word_1_493' title='bbox 2190 2654 2267 2724; x_wconf 79' lang='grc' dir='ltr'>τῷ</span> <span class='ocrx_word' id='word_1_494' title='bbox 2293 2654 2513 2725; x_wconf 83' lang='grc' dir='ltr'>ὀνόματι</span> <span class='ocrx_word' id='word_1_495' title='bbox 2546 2651 2783 2725; x_wconf 79' lang='grc' dir='ltr'>Χριστοῦ</span> <span class='ocrx_word' id='word_1_496' title='bbox 2814 2651 2948 2726; x_wconf 76' lang='grc'>(51),</span> <span class='ocrx_word' id='word_1_497' title='bbox 2986 2650 3080 2706; x_wconf 73' lang='grc' dir='ltr'>καὶ</span> <span class='ocrx_word' id='word_1_498' title='bbox 3120 2650 3467 2729; x_wconf 85' lang='grc' dir='ltr'>ἀνανεώσεως</span> <span class='ocrx_word' id='word_1_499' title='bbox 3499 2649 3610 2719; x_wconf 73' lang='grc'>(52)</span> 
     </span>
    </p>
   </div>
   <div class='ocr_carea' id='block_1_73' title="bbox 2012 2732 3613 2817">
    <p class='ocr_par' dir='ltr' id='par_1_73' title="bbox 2012 2732 3613 2817">
     <span class='ocr_line' id='line_1_73' title="bbox 2012 2732 3613 2817; baseline -0.004 -15"><span class='ocrx_word' id='word_1_500' title='bbox 2012 2740 2018 2748; x_wconf 78' lang='grc'><em>’</em></span> <span class='ocrx_word' id='word_1_501' title='bbox 2050 2747 2156 2802; x_wconf 82' lang='grc' dir='ltr'>τῶν</span> <span class='ocrx_word' id='word_1_502' title='bbox 2185 2748 2516 2801; x_wconf 88' lang='grc' dir='ltr'>ἀποστόλων.</span> <span class='ocrx_word' id='word_1_503' title='bbox 2565 2747 2584 2767; x_wconf 79' lang='lat'><strong><em>‘</em></strong></span> <span class='ocrx_word' id='word_1_504' title='bbox 2612 2745 2943 2817; x_wconf 77' lang='grc' dir='ltr'>Εὑχαριστία</span> <span class='ocrx_word' id='word_1_505' title='bbox 2987 2732 3095 2798; x_wconf 83' lang='grc' dir='ltr'>ἀπὸ</span> <span class='ocrx_word' id='word_1_506' title='bbox 3134 2743 3235 2815; x_wconf 88' lang='grc' dir='ltr'>τῆς</span> <span class='ocrx_word' id='word_1_507' title='bbox 3290 2742 3613 2814; x_wconf 85' lang='grc' dir='ltr'>Ἐκκλησίας</span> 
     </span>
    </p>
   </div>
   <div class='ocr_carea' id='block_1_74' title="bbox 2051 2836 3336 2911">
    <p class='ocr_par' dir='ltr' id='par_1_74' title="bbox 2051 2836 3336 2911">
     <span class='ocr_line' id='line_1_74' title="bbox 2051 2836 3336 2911; baseline -0.004 -17"><span class='ocrx_word' id='word_1_508' title='bbox 2051 2839 2190 2911; x_wconf 80' lang='grc' dir='ltr'>ὑπὲρ</span> <span class='ocrx_word' id='word_1_509' title='bbox 2212 2838 2310 2909; x_wconf 89' lang='grc' dir='ltr'>τῆς</span> <span class='ocrx_word' id='word_1_510' title='bbox 2328 2838 2435 2893; x_wconf 84' lang='grc' dir='ltr'>τῶν</span> <span class='ocrx_word' id='word_1_511' title='bbox 2458 2836 2767 2897; x_wconf 84' lang='grc' dir='ltr'>ἀποστόλων</span> <span class='ocrx_word' id='word_1_512' title='bbox 2794 2837 2992 2908; x_wconf 80' lang='grc' dir='ltr'>πιστῆς</span> <span class='ocrx_word' id='word_1_513' title='bbox 3023 2836 3336 2909; x_wconf 87' lang='grc' dir='ltr'>καρτερίας.</span> 
     </span>
    </p>
   </div>
   <div class='ocr_carea' id='block_1_75' title="bbox 2118 2920 3611 3005">
    <p class='ocr_par' dir='ltr' id='par_1_75' title="bbox 2118 2920 3611 3005">
     <span class='ocr_line' id='line_1_75' title="bbox 2118 2920 3611 3005; baseline -0.005 -24"><span class='ocrx_word' id='word_1_514' title='bbox 2118 2930 2193 2982; x_wconf 87' lang='lat' dir='ltr'>E&#39;.</span> <span class='ocrx_word' id='word_1_515' title='bbox 2236 2927 2371 2999; x_wconf 76' lang='grc' dir='ltr'>Περὶ</span> <span class='ocrx_word' id='word_1_516' title='bbox 2418 2925 2687 2998; x_wconf 71' lang='grc' dir='ltr'>ὁμοψύχου</span> <span class='ocrx_word' id='word_1_517' title='bbox 2721 2926 2815 2979; x_wconf 70' lang='grc' dir='ltr'>καὶ</span> <span class='ocrx_word' id='word_1_518' title='bbox 2847 2924 3138 2996; x_wconf 87' lang='grc' dir='ltr'>καθολικῆς</span> <span class='ocrx_word' id='word_1_519' title='bbox 3175 2921 3460 3005; x_wconf 81' lang='grc' dir='ltr'>κοινωνίας</span> <span class='ocrx_word' id='word_1_520' title='bbox 3501 2920 3611 2976; x_wconf 84' lang='grc' dir='ltr'>τῶν</span> 
     </span>
    </p>
   </div>
   <div class='ocr_carea' id='block_1_76' title="bbox 2050 3008 3807 3088">
    <p class='ocr_par' dir='ltr' id='par_1_76' title="bbox 2050 3008 3807 3088">
     <span class='ocr_line' id='line_1_76' title="bbox 2050 3008 3807 3088; baseline -0.012 -4"><span class='ocrx_word' id='word_1_521' title='bbox 2050 3018 2484 3078; x_wconf 73' lang='grc' dir='ltr'>πιστευέῖάντων·</span> <span class='ocrx_word' id='word_1_522' title='bbox 2518 3022 2541 3067; x_wconf 89' lang='grc'>.“</span> <span class='ocrx_word' id='word_1_523' title='bbox 2569 3020 2625 3080; x_wconf 76' lang='grc' dir='ltr'>ὲν</span> <span class='ocrx_word' id='word_1_524' title='bbox 2653 3010 2698 3086; x_wconf 85' lang='grc' dir='ltr'><strong>ᾧ</strong></span> <span class='ocrx_word' id='word_1_525' title='bbox 2730 3018 2859 3088; x_wconf 74' lang='grc' dir='ltr'>περὶ</span> <span class='ocrx_word' id='word_1_526' title='bbox 2911 3016 3151 3071; x_wconf 81' lang='grc' dir='ltr'>Ἀνανίου</span> <span class='ocrx_word' id='word_1_527' title='bbox 3182 3015 3274 3070; x_wconf 80' lang='grc' dir='ltr'>καὶ</span> <span class='ocrx_word' id='word_1_528' title='bbox 3300 3008 3613 3085; x_wconf 81' lang='grc' dir='ltr'>Σαπφείραέ</span> <span class='ocrx_word' id='word_1_529' title='bbox 3690 3042 3699 3051; x_wconf 90' lang='lat'><strong>-</strong></span> <span class='ocrx_word' id='word_1_530' title='bbox 3797 3019 3807 3085; x_wconf 63' lang='grc' dir='ltr'>ᾖ</span> 
     </span>
    </p>
   </div>
   <div class='ocr_carea' id='block_1_77' title="bbox 2050 3106 3486 3182">
    <p class='ocr_par' dir='ltr' id='par_1_77' title="bbox 2050 3106 3486 3182">
     <span class='ocr_line' id='line_1_77' title="bbox 2050 3106 3486 3182; baseline -0.006 -16"><span class='ocrx_word' id='word_1_531' title='bbox 2050 3111 2142 3166; x_wconf 68' lang='grc' dir='ltr'>καὶ</span> <span class='ocrx_word' id='word_1_532' title='bbox 2169 3111 2270 3181; x_wconf 90' lang='grc' dir='ltr'>τῆς</span> <span class='ocrx_word' id='word_1_533' title='bbox 2301 3110 2505 3182; x_wconf 82' lang='grc' dir='ltr'>πικρᾶς</span> <span class='ocrx_word' id='word_1_534' title='bbox 2535 3108 2714 3163; x_wconf 84' lang='grc' dir='ltr'>αὐτῶν</span> <span class='ocrx_word' id='word_1_535' title='bbox 2742 3106 3014 3176; x_wconf 85' lang='grc' dir='ltr'>τελευτῆς.</span> <span class='ocrx_word' id='word_1_536' title='bbox 3285 3137 3287 3140; x_wconf 58' lang='grc' dir='ltr'>ι</span> <span class='ocrx_word' id='word_1_537' title='bbox 3478 3152 3486 3157; x_wconf 80' lang='grc'><strong><em>,</em></strong></span> 
     </span>
    </p>
   </div>
   <div class='ocr_carea' id='block_1_78' title="bbox 2080 3183 3649 3270">
    <p class='ocr_par' dir='ltr' id='par_1_78' title="bbox 2080 3183 3649 3270">
     <span class='ocr_line' id='line_1_78' title="bbox 2080 3183 3649 3270; baseline -0.005 -14"><span class='ocrx_word' id='word_1_538' title='bbox 2080 3183 2084 3187; x_wconf 23' lang='grc' dir='ltr'>ί</span> <span class='ocrx_word' id='word_1_539' title='bbox 2128 3205 2200 3270; x_wconf 69' lang='grc' dir='ltr'>ς’</span> <span class='ocrx_word' id='word_1_540' title='bbox 2231 3203 2350 3255; x_wconf 87' lang='grc' dir='ltr'>Ὅτι</span> <span class='ocrx_word' id='word_1_541' title='bbox 2385 3200 2511 3263; x_wconf 79' lang='grc' dir='ltr'>τοὺς</span> <span class='ocrx_word' id='word_1_542' title='bbox 2543 3199 2869 3261; x_wconf 80' lang='grc' dir='ltr'>ἀποστόλους</span> <span class='ocrx_word' id='word_1_543' title='bbox 2902 3196 3267 3268; x_wconf 81' lang='grc' dir='ltr'>ὲμϐληθέντας</span> <span class='ocrx_word' id='word_1_544' title='bbox 3301 3198 3358 3249; x_wconf 82' lang='grc' dir='ltr'>ὲν</span> <span class='ocrx_word' id='word_1_545' title='bbox 3395 3194 3474 3267; x_wconf 81' lang='grc' dir='ltr'>τῷ</span> <span class='ocrx_word' id='word_1_546' title='bbox 3522 3195 3611 3249; x_wconf 87' lang='grc' dir='ltr'>δε-</span> <span class='ocrx_word' id='word_1_547' title='bbox 3641 3256 3649 3264; x_wconf 32' lang='lat'><em>.</em></span> 
     </span>
    </p>
   </div>
   <div class='ocr_carea' id='block_1_79' title="bbox 2054 3288 3610 3365">
    <p class='ocr_par' dir='ltr' id='par_1_79' title="bbox 2054 3288 3610 3365">
     <span class='ocr_line' id='line_1_79' title="bbox 2054 3288 3610 3365; baseline -0.001 -19"><span class='ocrx_word' id='word_1_548' title='bbox 2054 3292 2348 3365; x_wconf 68' lang='grc' dir='ltr'>σμωτηρίιρ</span> <span class='ocrx_word' id='word_1_549' title='bbox 2371 3295 2398 3345; x_wconf 87' lang='grc' dir='ltr'>ὁ</span> <span class='ocrx_word' id='word_1_550' title='bbox 2420 3290 2655 3361; x_wconf 66' lang='grc' dir='ltr'>ἄγγελος</span> <span class='ocrx_word' id='word_1_551' title='bbox 2673 3290 2877 3362; x_wconf 85' lang='grc' dir='ltr'>Κυρίου</span> <span class='ocrx_word' id='word_1_552' title='bbox 2903 3289 3115 3360; x_wconf 81' lang='grc' dir='ltr'>νύκτωρ</span> <span class='ocrx_word' id='word_1_553' title='bbox 3146 3289 3370 3356; x_wconf 78' lang='grc' dir='ltr'>ἐξέωσεν</span> <span class='ocrx_word' id='word_1_554' title='bbox 3391 3288 3610 3362; x_wconf 76' lang='grc' dir='ltr'>ἐπιτρέ-</span> 
     </span>
    </p>
   </div>
   <div class='ocr_carea' id='block_1_80' title="bbox 2050 3373 3610 3456">
    <p class='ocr_par' dir='ltr' id='par_1_80' title="bbox 2050 3373 3610 3456">
     <span class='ocr_line' id='line_1_80' title="bbox 2050 3373 3610 3456; baseline -0.004 -17"><span class='ocrx_word' id='word_1_555' title='bbox 2050 3385 2157 3456; x_wconf 72' lang='grc' dir='ltr'>ψας</span> <span class='ocrx_word' id='word_1_556' title='bbox 2185 3384 2476 3449; x_wconf 87' lang='grc' dir='ltr'>ἀκωλύτως</span> <span class='ocrx_word' id='word_1_557' title='bbox 2504 3378 2802 3455; x_wconf 78' lang='grc' dir='ltr'>κηρύσσειν</span> <span class='ocrx_word' id='word_1_558' title='bbox 2827 3382 2920 3437; x_wconf 80' lang='grc' dir='ltr'>τὸν</span> <span class='ocrx_word' id='word_1_559' title='bbox 2961 3380 3190 3453; x_wconf 70' lang='grc' dir='ltr'>Ἰησοῦψ</span> <span class='ocrx_word' id='word_1_560' title='bbox 3228 3383 3246 3403; x_wconf 81' lang='grc'>⁶</span> <span class='ocrx_word' id='word_1_561' title='bbox 3275 3382 3333 3436; x_wconf 82' lang='grc' dir='ltr'>ὲν</span> <span class='ocrx_word' id='word_1_562' title='bbox 3433 3382 3514 3434; x_wconf 84' lang='grc' dir='ltr'>ὅτι</span> <span class='ocrx_word' id='word_1_563' title='bbox 3543 3382 3610 3452; x_wconf 77' lang='grc' dir='ltr'>τῇ</span> 
     </span>
    </p>
   </div>
   <div class='ocr_carea' id='block_1_81' title="bbox 2052 3465 3613 3547">
    <p class='ocr_par' dir='ltr' id='par_1_81' title="bbox 2052 3465 3613 3547">
     <span class='ocr_line' id='line_1_81' title="bbox 2052 3465 3613 3547; baseline -0.002 -19"><span class='ocrx_word' id='word_1_564' title='bbox 2052 3475 2179 3546; x_wconf 79' lang='grc' dir='ltr'>ἑξῆς</span> <span class='ocrx_word' id='word_1_565' title='bbox 2202 3476 2251 3529; x_wconf 80' lang='grc' dir='ltr'>οἱ</span> <span class='ocrx_word' id='word_1_566' title='bbox 2279 3476 2555 3547; x_wconf 87' lang='grc' dir='ltr'>ἀρχιερεῖς</span> <span class='ocrx_word' id='word_1_567' title='bbox 2587 3474 2785 3537; x_wconf 83' lang='grc' dir='ltr'>αὐτοὺς</span> <span class='ocrx_word' id='word_1_568' title='bbox 2822 3473 2982 3529; x_wconf 89' lang='grc' dir='ltr'>πάλιν</span> <span class='ocrx_word' id='word_1_569' title='bbox 3014 3472 3416 3545; x_wconf 83' lang='grc' dir='ltr'>συλλαϐόμενοι,</span> <span class='ocrx_word' id='word_1_570' title='bbox 3450 3474 3534 3542; x_wconf 70' lang='grc' dir='ltr'>ἐφ’</span> <span class='ocrx_word' id='word_1_571' title='bbox 3566 3465 3613 3541; x_wconf 82' lang='grc' dir='ltr'><strong>ᾧ</strong></span> 
     </span>
    </p>
   </div>
   <div class='ocr_carea' id='block_1_82' title="bbox 2049 3740 3029 3815">
    <p class='ocr_par' dir='ltr' id='par_1_82' title="bbox 2049 3740 3029 3815">
     <span class='ocr_line' id='line_1_82' title="bbox 2049 3740 3029 3815; baseline -0.001 -19"><span class='ocrx_word' id='word_1_572' title='bbox 2049 3743 2351 3815; x_wconf 89' lang='grc' dir='ltr'>δειγμάτων</span> <span class='ocrx_word' id='word_1_573' title='bbox 2374 3740 2534 3797; x_wconf 83' lang='grc' dir='ltr'>τινῶν</span> <span class='ocrx_word' id='word_1_574' title='bbox 2568 3742 2660 3795; x_wconf 76' lang='grc' dir='ltr'>καὶ</span> <span class='ocrx_word' id='word_1_575' title='bbox 2683 3740 3029 3807; x_wconf 66' lang='grc' dir='ltr'>ἀποδείξεων,</span> 
     </span>
    </p>
   </div>
   <div class='ocr_carea' id='block_1_83' title="bbox 2119 3829 3330 3904">
    <p class='ocr_par' dir='ltr' id='par_1_83' title="bbox 2119 3829 3330 3904">
     <span class='ocr_line' id='line_1_83' title="bbox 2119 3829 3330 3904; baseline -0.001 -17"><span class='ocrx_word' id='word_1_576' title='bbox 2119 3834 2195 3887; x_wconf 91' lang='lat' dir='ltr'><strong>Z&#39;.</strong></span> <span class='ocrx_word' id='word_1_577' title='bbox 2230 3832 2366 3904; x_wconf 71' lang='grc' dir='ltr'>Περὶ</span> <span class='ocrx_word' id='word_1_578' title='bbox 2390 3830 2718 3904; x_wconf 84' lang='grc' dir='ltr'>χειροτονίας</span> <span class='ocrx_word' id='word_1_579' title='bbox 2739 3829 2847 3883; x_wconf 85' lang='grc' dir='ltr'>τῶν</span> <span class='ocrx_word' id='word_1_580' title='bbox 2881 3830 3020 3884; x_wconf 85' lang='grc' dir='ltr'>ὲπτά</span> <span class='ocrx_word' id='word_1_581' title='bbox 3052 3830 3330 3886; x_wconf 68' lang='grc' dir='ltr'>διακόνωύ.</span> 
     </span>
    </p>
   </div>
   <div class='ocr_carea' id='block_1_84' title="bbox 2119 3942 3614 4035">
    <p class='ocr_par' dir='ltr' id='par_1_84' title="bbox 2119 3942 3614 4035">
     <span class='ocr_line' id='line_1_84' title="bbox 2119 3942 3614 4035; baseline 0 -35"><span class='ocrx_word' id='word_1_582' title='bbox 2119 3946 2202 4000; x_wconf 84' lang='lat' dir='ltr'>H&#39;.</span> <span class='ocrx_word' id='word_1_583' title='bbox 2259 3945 2523 4035; x_wconf 73' lang='grc' dir='ltr'>Ἰουδαίων</span> <span class='ocrx_word' id='word_1_584' title='bbox 2551 3943 2933 4035; x_wconf 70' lang='grc' dir='ltr'>,ἐπανάστασις</span> <span class='ocrx_word' id='word_1_585' title='bbox 2972 3942 3066 4035; x_wconf 59' lang='grc' dir='ltr'>καὶ</span> <span class='ocrx_word' id='word_1_586' title='bbox 3100 3943 3614 4035; x_wconf 15' lang='grc' dir='ltr'>συκοφαντίαῗκατά</span> 
     </span>
    </p>
   </div>
   <div class='ocr_carea' id='block_1_85' title="bbox 2050 4032 3616 4114">
    <p class='ocr_par' dir='ltr' id='par_1_85' title="bbox 2050 4032 3616 4114">
     <span class='ocr_line' id='line_1_85' title="bbox 2050 4032 3616 4114; baseline 0 -26"><span class='ocrx_word' id='word_1_587' title='bbox 2050 4035 2339 4114; x_wconf 80' lang='grc' dir='ltr'>Στεφάνου,</span> <span class='ocrx_word' id='word_1_588' title='bbox 2355 4033 2593 4100; x_wconf 73' lang='grc' dir='ltr'>αὐτοῦτε</span> <span class='ocrx_word' id='word_1_589' title='bbox 2606 4033 2914 4105; x_wconf 89' lang='grc' dir='ltr'>δημηγορία</span> <span class='ocrx_word' id='word_1_590' title='bbox 2929 4032 3058 4104; x_wconf 80' lang='grc' dir='ltr'>περὶ</span> <span class='ocrx_word' id='word_1_591' title='bbox 3080 4032 3181 4103; x_wconf 90' lang='grc' dir='ltr'>τῆς</span> <span class='ocrx_word' id='word_1_592' title='bbox 3199 4034 3334 4105; x_wconf 86' lang='grc' dir='ltr'>πρὸς</span> <span class='ocrx_word' id='word_1_593' title='bbox 3366 4034 3616 4107; x_wconf 77' lang='grc' dir='ltr'>Ἀϐραὰμ</span> 
     </span>
    </p>
   </div>
   <div class='ocr_carea' id='block_1_86' title="bbox 2049 4121 3659 4196">
    <p class='ocr_par' dir='ltr' id='par_1_86' title="bbox 2049 4121 3659 4196">
     <span class='ocr_line' id='line_1_86' title="bbox 2049 4121 3659 4196; baseline -0.002 -18"><span class='ocrx_word' id='word_1_594' title='bbox 2049 4124 2313 4196; x_wconf 82' lang='grc' dir='ltr'>διαθήκης</span> <span class='ocrx_word' id='word_1_595' title='bbox 2353 4122 2447 4177; x_wconf 86' lang='grc' dir='ltr'>τοῦ</span> <span class='ocrx_word' id='word_1_596' title='bbox 2479 4121 2611 4175; x_wconf 87' lang='grc' dir='ltr'>Θεοῦ</span> <span class='ocrx_word' id='word_1_597' title='bbox 2657 4122 2913 4195; x_wconf 68' lang='grc' dir='ltr'>καὶοπερὶ</span> <span class='ocrx_word' id='word_1_598' title='bbox 2937 4123 3035 4193; x_wconf 83' lang='grc' dir='ltr'>τῆς</span> <span class='ocrx_word' id='word_1_599' title='bbox 3071 4122 3180 4175; x_wconf 85' lang='grc' dir='ltr'>τῶν</span> <span class='ocrx_word' id='word_1_600' title='bbox 3229 4124 3294 4196; x_wconf 77' lang='grc' dir='ltr'>ιβ’</span> <span class='ocrx_word' id='word_1_601' title='bbox 3340 4140 3611 4196; x_wconf 85' lang='grc' dir='ltr'>πατριαρ-</span> <span class='ocrx_word' id='word_1_602' title='bbox 3655 4163 3659 4165; x_wconf 72' lang='grc'><strong>-</strong></span> 
     </span>
    </p>
   </div>
   <div class='ocr_carea' id='block_1_87' title="bbox 2049 4208 3617 4289">
    <p class='ocr_par' dir='ltr' id='par_1_87' title="bbox 2049 4208 3617 4289">
     <span class='ocr_line' id='line_1_87' title="bbox 2049 4208 3617 4289; baseline -0.002 -17"><span class='ocrx_word' id='word_1_603' title='bbox 2049 4217 2182 4289; x_wconf 73' lang='grc' dir='ltr'>χῶν⁸</span> <span class='ocrx_word' id='word_1_604' title='bbox 2217 4218 2237 4238; x_wconf 84' lang='lat'><strong>&quot;</strong></span> <span class='ocrx_word' id='word_1_605' title='bbox 2266 4216 2323 4270; x_wconf 80' lang='grc' dir='ltr'>ἐν</span> <span class='ocrx_word' id='word_1_606' title='bbox 2361 4208 2405 4283; x_wconf 81' lang='grc' dir='ltr'>ᾧ</span> <span class='ocrx_word' id='word_1_607' title='bbox 2445 4214 2513 4268; x_wconf 87' lang='grc' dir='ltr'>τά</span> <span class='ocrx_word' id='word_1_608' title='bbox 2556 4215 2685 4287; x_wconf 73' lang='grc' dir='ltr'>περὶ</span> <span class='ocrx_word' id='word_1_609' title='bbox 2717 4214 2811 4268; x_wconf 84' lang='grc' dir='ltr'>τοῦ</span> <span class='ocrx_word' id='word_1_610' title='bbox 2845 4213 3002 4285; x_wconf 87' lang='grc' dir='ltr'>λιμοῦ</span> <span class='ocrx_word' id='word_1_611' title='bbox 3036 4213 3129 4269; x_wconf 80' lang='grc' dir='ltr'>καὶ</span> <span class='ocrx_word' id='word_1_612' title='bbox 3178 4215 3474 4285; x_wconf 88' lang='grc' dir='ltr'>πυρωνίας,</span> <span class='ocrx_word' id='word_1_613' title='bbox 3519 4216 3617 4269; x_wconf 78' lang='grc' dir='ltr'>καὶ</span> 
     </span>
    </p>
   </div>
   <div class='ocr_carea' id='block_1_88' title="bbox 2050 4306 3614 4380">
    <p class='ocr_par' dir='ltr' id='par_1_88' title="bbox 2050 4306 3614 4380">
     <span class='ocr_line' id='line_1_88' title="bbox 2050 4306 3614 4380; baseline -0.002 -17"><span class='ocrx_word' id='word_1_614' title='bbox 2050 4306 2465 4380; x_wconf 87' lang='grc' dir='ltr'>ἀναγνωρισμοῦ</span> <span class='ocrx_word' id='word_1_615' title='bbox 2492 4306 2600 4361; x_wconf 85' lang='grc' dir='ltr'>τῶν</span> <span class='ocrx_word' id='word_1_616' title='bbox 2643 4306 2775 4360; x_wconf 84' lang='grc' dir='ltr'>υίῶν</span> <span class='ocrx_word' id='word_1_617' title='bbox 2813 4306 3027 4371; x_wconf 87' lang='grc' dir='ltr'>Ἰακὼϐ,</span> <span class='ocrx_word' id='word_1_618' title='bbox 3062 4306 3157 4360; x_wconf 73' lang='grc' dir='ltr'>καὶ</span> <span class='ocrx_word' id='word_1_619' title='bbox 3189 4308 3318 4379; x_wconf 73' lang='grc' dir='ltr'>περὶ</span> <span class='ocrx_word' id='word_1_620' title='bbox 3348 4308 3614 4376; x_wconf 82' lang='grc' dir='ltr'>γενέσεως</span> 
     </span>
    </p>
   </div>
   <div class='ocr_carea' id='block_1_89' title="bbox 2049 4397 3612 4471">
    <p class='ocr_par' dir='ltr' id='par_1_89' title="bbox 2049 4397 3612 4471">
     <span class='ocr_line' id='line_1_89' title="bbox 2049 4397 3612 4471; baseline -0.001 -17"><span class='ocrx_word' id='word_1_621' title='bbox 2049 4400 2323 4464; x_wconf 82' lang='grc' dir='ltr'>Μωῦσέως</span> <span class='ocrx_word' id='word_1_622' title='bbox 2356 4399 2450 4454; x_wconf 76' lang='grc' dir='ltr'>καὶ</span> <span class='ocrx_word' id='word_1_623' title='bbox 2475 4399 2573 4471; x_wconf 85' lang='grc' dir='ltr'>τῆς</span> <span class='ocrx_word' id='word_1_624' title='bbox 2597 4398 2732 4471; x_wconf 83' lang='grc' dir='ltr'>πρὸς</span> <span class='ocrx_word' id='word_1_625' title='bbox 2763 4399 2922 4452; x_wconf 81' lang='grc' dir='ltr'>αὑτὸν</span> <span class='ocrx_word' id='word_1_626' title='bbox 2948 4397 3186 4453; x_wconf 83' lang='grc' dir='ltr'>Μωῡσέα</span> <span class='ocrx_word' id='word_1_627' title='bbox 3210 4398 3528 4468; x_wconf 67' lang='grc' dir='ltr'>θεοφανείας</span> <span class='ocrx_word' id='word_1_628' title='bbox 3553 4400 3612 4453; x_wconf 83' lang='grc' dir='ltr'>ὲν</span> 
     </span>
    </p>
   </div>
   <div class='ocr_carea' id='block_1_90' title="bbox 2049 4487 3693 4562">
    <p class='ocr_par' dir='ltr' id='par_1_90' title="bbox 2049 4487 3693 4562">
     <span class='ocr_line' id='line_1_90' title="bbox 2049 4487 3693 4562; baseline 0.001 -20"><span class='ocrx_word' id='word_1_629' title='bbox 2049 4489 2163 4561; x_wconf 79' lang='grc' dir='ltr'>ὄρει</span> <span class='ocrx_word' id='word_1_630' title='bbox 2204 4488 2333 4543; x_wconf 89' lang='grc' dir='ltr'>Σινά</span> <span class='ocrx_word' id='word_1_631' title='bbox 2371 4489 2686 4562; x_wconf 60' lang='grc' dir='ltr'>γενομένης</span> <span class='ocrx_word' id='word_1_632' title='bbox 2711 4488 2729 4509; x_wconf 63' lang='grc'><strong><em>⁸</em></strong></span> <span class='ocrx_word' id='word_1_633' title='bbox 2765 4488 2893 4560; x_wconf 77' lang='grc' dir='ltr'>περὶ</span> <span class='ocrx_word' id='word_1_634' title='bbox 2924 4488 3024 4559; x_wconf 87' lang='grc' dir='ltr'>τῆς</span> <span class='ocrx_word' id='word_1_635' title='bbox 3054 4487 3232 4554; x_wconf 76' lang='grc' dir='ltr'>ἐξόδου</span> <span class='ocrx_word' id='word_1_636' title='bbox 3285 4490 3378 4543; x_wconf 78' lang='grc' dir='ltr'>καὶ</span> <span class='ocrx_word' id='word_1_637' title='bbox 3418 4508 3613 4562; x_wconf 83' lang='grc' dir='ltr'>μοσχο-</span> <span class='ocrx_word' id='word_1_638' title='bbox 3692 4558 3693 4561; x_wconf 18' lang='grc' dir='ltr'>η</span> 
     </span>
    </p>
   </div>
   <div class='ocr_carea' id='block_1_91' title="bbox 389 4564 1949 4654">
    <p class='ocr_par' dir='ltr' id='par_1_91' title="bbox 389 4572 1946 4654">
     <span class='ocr_line' id='line_1_91' title="bbox 389 4572 1946 4654; baseline 0.003 -27"><span class='ocrx_word' id='word_1_639' title='bbox 389 4574 569 4629; x_wconf 88' lang='lat' dir='ltr'><strong>monis</strong></span> <span class='ocrx_word' id='word_1_640' title='bbox 621 4582 675 4629; x_wconf 90' lang='lat' dir='ltr'>et</span> <span class='ocrx_word' id='word_1_641' title='bbox 729 4573 912 4642; x_wconf 88' lang='lat' dir='ltr'><strong>templi</strong></span> <span class='ocrx_word' id='word_1_642' title='bbox 954 4574 1446 4641; x_wconf 87' lang='lat' dir='ltr'><strong>constructionem;</strong></span> <span class='ocrx_word' id='word_1_643' title='bbox 1502 4573 1570 4629; x_wconf 92' lang='lat' dir='ltr'>de</span> <span class='ocrx_word' id='word_1_644' title='bbox 1606 4572 1946 4654; x_wconf 82' lang='lat' dir='ltr'><strong>confessione</strong></span> 
     </span>
    </p>
   </div>
   <div class='ocr_carea' id='block_1_92' title="bbox 2048 4564 3615 4654">
    <p class='ocr_par' dir='ltr' id='par_1_92' title="bbox 2052 4564 3615 4654">
     <span class='ocr_line' id='line_1_92' title="bbox 2052 4564 3615 4654; baseline 0.002 -19"><span class='ocrx_word' id='word_1_645' title='bbox 2052 4564 2227 4646; x_wconf 59' lang='grc' dir='ltr'>ποιίας</span> <span class='ocrx_word' id='word_1_646' title='bbox 2253 4580 2346 4636; x_wconf 89' lang='grc' dir='ltr'>τοῦ</span> <span class='ocrx_word' id='word_1_647' title='bbox 2389 4581 2602 4654; x_wconf 82' lang='grc' dir='ltr'>Ἰσραὴλ</span> <span class='ocrx_word' id='word_1_648' title='bbox 2633 4582 2758 4653; x_wconf 82' lang='grc' dir='ltr'>ἄχρι</span> <span class='ocrx_word' id='word_1_649' title='bbox 2788 4581 2894 4635; x_wconf 85' lang='grc' dir='ltr'>τῶν</span> <span class='ocrx_word' id='word_1_650' title='bbox 2920 4581 3124 4652; x_wconf 87' lang='grc' dir='ltr'>χρόνων</span> <span class='ocrx_word' id='word_1_651' title='bbox 3169 4581 3262 4635; x_wconf 83' lang='grc' dir='ltr'>τοῦ</span> <span class='ocrx_word' id='word_1_652' title='bbox 3304 4569 3615 4654; x_wconf 76' lang='grc' dir='ltr'>Σολομῶνος</span> 
     </span>
    </p>
   </div>
   <div class='ocr_carea' id='block_1_93' title="bbox 387 4650 1947 4739">
    <p class='ocr_par' dir='ltr' id='par_1_93' title="bbox 387 4650 1947 4739">
     <span class='ocr_line' id='line_1_93' title="bbox 387 4650 1947 4739; baseline 0.003 -20"><span class='ocrx_word' id='word_1_653' title='bbox 387 4664 625 4720; x_wconf 75' lang='lat' dir='ltr'><strong>caelestis</strong></span> <span class='ocrx_word' id='word_1_654' title='bbox 658 4664 845 4735; x_wconf 67' lang='lat' dir='ltr'><strong>gloriae</strong></span> <span class='ocrx_word' id='word_1_655' title='bbox 876 4662 1004 4719; x_wconf 86' lang='lat' dir='ltr'><strong>Jesu</strong></span> <span class='ocrx_word' id='word_1_656' title='bbox 1028 4664 1261 4733; x_wconf 80' lang='lat' dir='ltr'><strong>Christi,</strong></span> <span class='ocrx_word' id='word_1_657' title='bbox 1292 4681 1414 4736; x_wconf 74' lang='lat' dir='ltr'><strong>quae</strong></span> <span class='ocrx_word' id='word_1_658' title='bbox 1452 4650 1685 4721; x_wconf 34' lang='lat' dir='ltr'><strong>revela-ta</strong></span> <span class='ocrx_word' id='word_1_659' title='bbox 1727 4677 1813 4722; x_wconf 91' lang='lat' dir='ltr'>est</span> <span class='ocrx_word' id='word_1_660' title='bbox 1846 4668 1947 4739; x_wconf 89' lang='lat' dir='ltr'><strong>ipsi</strong></span> 
     </span>
    </p>
   </div>
   <div class='ocr_carea' id='block_1_94' title="bbox 390 4754 1948 4829">
    <p class='ocr_par' dir='ltr' id='par_1_94' title="bbox 390 4754 1948 4829">
     <span class='ocr_line' id='line_1_94' title="bbox 390 4754 1948 4829; baseline 0.002 -18"><span class='ocrx_word' id='word_1_661' title='bbox 390 4755 687 4827; x_wconf 89' lang='lat' dir='ltr'><strong>Stephano,</strong></span> <span class='ocrx_word' id='word_1_662' title='bbox 720 4769 885 4826; x_wconf 87' lang='lat' dir='ltr'><strong>super</strong></span> <span class='ocrx_word' id='word_1_663' title='bbox 915 4770 1022 4826; x_wconf 89' lang='lat' dir='ltr'><strong>qua</strong></span> <span class='ocrx_word' id='word_1_664' title='bbox 1055 4756 1326 4826; x_wconf 88' lang='lat' dir='ltr'><strong>lapidatus</strong></span> <span class='ocrx_word' id='word_1_665' title='bbox 1369 4757 1484 4827; x_wconf 89' lang='lat' dir='ltr'><strong>ipse</strong></span> <span class='ocrx_word' id='word_1_666' title='bbox 1525 4754 1832 4828; x_wconf 88' lang='lat' dir='ltr'><strong>Stephanus</strong></span> <span class='ocrx_word' id='word_1_667' title='bbox 1861 4758 1948 4829; x_wconf 88' lang='lat' dir='ltr'>pie</span> 
     </span>
    </p>
   </div>
   <div class='ocr_carea' id='block_1_95' title="bbox 387 4847 731 4903">
    <p class='ocr_par' dir='ltr' id='par_1_95' title="bbox 387 4847 731 4903">
     <span class='ocr_line' id='line_1_95' title="bbox 387 4847 731 4903; baseline -0.006 0"><span class='ocrx_word' id='word_1_668' title='bbox 387 4847 731 4903; x_wconf 79' lang='lat' dir='ltr'><strong>obdormivit.</strong></span> 
     </span>
    </p>
   </div>
   <div class='ocr_carea' id='block_1_96' title="bbox 456 5029 1949 5101">
    <p class='ocr_par' dir='ltr' id='par_1_96' title="bbox 456 5029 1949 5101">
     <span class='ocr_line' id='line_1_96' title="bbox 456 5029 1949 5101; baseline 0.003 -16"><span class='ocrx_word' id='word_1_669' title='bbox 456 5029 549 5086; x_wconf 78' lang='lat' dir='ltr'><strong>IX.</strong></span> <span class='ocrx_word' id='word_1_670' title='bbox 589 5029 665 5086; x_wconf 90' lang='lat' dir='ltr'>De</span> <span class='ocrx_word' id='word_1_671' title='bbox 691 5031 1068 5101; x_wconf 89' lang='lat' dir='ltr'><strong>persecutione</strong></span> <span class='ocrx_word' id='word_1_672' title='bbox 1098 5030 1373 5096; x_wconf 66' lang='lat' dir='ltr'><strong>Ecclesiae,</strong></span> <span class='ocrx_word' id='word_1_673' title='bbox 1416 5041 1470 5086; x_wconf 91' lang='lat' dir='ltr'><strong>et</strong></span> <span class='ocrx_word' id='word_1_674' title='bbox 1504 5032 1782 5101; x_wconf 89' lang='lat' dir='ltr'><strong>sepultura</strong></span> <span class='ocrx_word' id='word_1_675' title='bbox 1825 5032 1949 5091; x_wconf 86' lang='lat' dir='ltr'><strong>Ste-</strong></span> 
     </span>
    </p>
   </div>
   <div class='ocr_carea' id='block_1_97' title="bbox 387 5122 1947 5214">
    <p class='ocr_par' dir='ltr' id='par_1_97' title="bbox 387 5122 1947 5214">
     <span class='ocr_line' id='line_1_97' title="bbox 387 5122 1947 5214; baseline 0.001 -37"><span class='ocrx_word' id='word_1_676' title='bbox 387 5123 584 5214; x_wconf 49' lang='lat' dir='ltr'><strong>phpni;</strong></span> <span class='ocrx_word' id='word_1_677' title='bbox 617 5125 707 5179; x_wconf 85' lang='lat' dir='ltr'><strong>ubi</strong></span> <span class='ocrx_word' id='word_1_678' title='bbox 735 5124 802 5180; x_wconf 90' lang='lat' dir='ltr'>de</span> <span class='ocrx_word' id='word_1_679' title='bbox 821 5123 1072 5194; x_wconf 83' lang='lat' dir='ltr'><strong>Philippo</strong></span> <span class='ocrx_word' id='word_1_680' title='bbox 1106 5122 1372 5193; x_wconf 89' lang='lat' dir='ltr'><strong>apostolo,</strong></span> <span class='ocrx_word' id='word_1_681' title='bbox 1397 5123 1490 5194; x_wconf 93' lang='lat' dir='ltr'>qui</span> <span class='ocrx_word' id='word_1_682' title='bbox 1520 5124 1721 5181; x_wconf 89' lang='lat' dir='ltr'><strong>multos</strong></span> <span class='ocrx_word' id='word_1_683' title='bbox 1749 5140 1780 5179; x_wconf 89' lang='lat' dir='ltr'>a</span> <span class='ocrx_word' id='word_1_684' title='bbox 1805 5141 1947 5181; x_wconf 86' lang='lat' dir='ltr'><strong>mor-</strong></span> 
     </span>
    </p>
   </div>
   <div class='ocr_carea' id='block_1_98' title="bbox 387 5214 1075 5293">
    <p class='ocr_par' dir='ltr' id='par_1_98' title="bbox 387 5214 1075 5293">
     <span class='ocr_line' id='line_1_98' title="bbox 387 5214 1075 5293; baseline -0.001 -24"><span class='ocrx_word' id='word_1_685' title='bbox 387 5215 703 5293; x_wconf 31' lang='lat' dir='ltr'><strong>bisAcuravit</strong></span> <span class='ocrx_word' id='word_1_686' title='bbox 723 5216 779 5270; x_wconf 88' lang='lat' dir='ltr'>in</span> <span class='ocrx_word' id='word_1_687' title='bbox 807 5214 1075 5270; x_wconf 87' lang='lat' dir='ltr'><strong>Samaria.</strong></span> 
     </span>
    </p>
   </div>
   <div class='ocr_carea' id='block_1_99' title="bbox 457 5286 1949 5376">
    <p class='ocr_par' dir='ltr' id='par_1_99' title="bbox 457 5286 1949 5376">
     <span class='ocr_line' id='line_1_99' title="bbox 457 5286 1949 5376; baseline 0.003 -17"><span class='ocrx_word' id='word_1_688' title='bbox 457 5286 525 5360; x_wconf 57' lang='grc' dir='ltr'>ί.</span> <span class='ocrx_word' id='word_1_689' title='bbox 566 5303 640 5362; x_wconf 90' lang='lat' dir='ltr'>De</span> <span class='ocrx_word' id='word_1_690' title='bbox 678 5307 899 5362; x_wconf 87' lang='lat' dir='ltr'><strong>Simone</strong></span> <span class='ocrx_word' id='word_1_691' title='bbox 924 5302 1114 5376; x_wconf 78' lang='lat' dir='ltr'><strong>Mago,</strong></span> <span class='ocrx_word' id='word_1_692' title='bbox 1155 5307 1247 5376; x_wconf 90' lang='lat' dir='ltr'><strong>qui</strong></span> <span class='ocrx_word' id='word_1_693' title='bbox 1292 5305 1519 5361; x_wconf 87' lang='lat' dir='ltr'><strong>credidit</strong></span> <span class='ocrx_word' id='word_1_694' title='bbox 1560 5315 1614 5360; x_wconf 88' lang='lat' dir='ltr'>et</span> <span class='ocrx_word' id='word_1_695' title='bbox 1645 5286 1949 5376; x_wconf 60' lang='lat' dir='ltr'><strong>baptizatus</strong></span> 
     </span>
    </p>
   </div>
   <div class='ocr_carea' id='block_1_100' title="bbox 388 5395 1950 5473">
    <p class='ocr_par' dir='ltr' id='par_1_100' title="bbox 388 5395 1950 5473">
     <span class='ocr_line' id='line_1_100' title="bbox 388 5395 1950 5473; baseline 0.002 -23"><span class='ocrx_word' id='word_1_696' title='bbox 388 5396 490 5450; x_wconf 77' lang='lat' dir='ltr'><strong>fuit</strong></span> <span class='ocrx_word' id='word_1_697' title='bbox 531 5412 655 5451; x_wconf 89' lang='lat' dir='ltr'>cum</span> <span class='ocrx_word' id='word_1_698' title='bbox 705 5398 829 5453; x_wconf 82' lang='lat' dir='ltr'><strong>aliis</strong></span> <span class='ocrx_word' id='word_1_699' title='bbox 879 5397 1096 5463; x_wconf 89' lang='lat' dir='ltr'><strong>multis;</strong></span> <span class='ocrx_word' id='word_1_700' title='bbox 1143 5396 1235 5451; x_wconf 88' lang='lat' dir='ltr'><strong>ubi</strong></span> <span class='ocrx_word' id='word_1_701' title='bbox 1277 5395 1659 5473; x_wconf 80' lang='lat' dir='ltr'><strong>demissione</strong></span> <span class='ocrx_word' id='word_1_702' title='bbox 1705 5396 1851 5452; x_wconf 82' lang='lat' dir='ltr'><strong>Petri</strong></span> <span class='ocrx_word' id='word_1_703' title='bbox 1896 5409 1950 5453; x_wconf 89' lang='lat' dir='ltr'>et</span> 
     </span>
    </p>
   </div>
   <div class='ocr_carea' id='block_1_101' title="bbox 459 5612 1944 5687">
    <p class='ocr_par' dir='ltr' id='par_1_101' title="bbox 459 5612 1944 5687">
     <span class='ocr_line' id='line_1_101' title="bbox 459 5612 1944 5687; baseline 0.003 -20"><span class='ocrx_word' id='word_1_704' title='bbox 459 5614 570 5687; x_wconf 65' lang='lat'>(47)</span> <span class='ocrx_word' id='word_1_705' title='bbox 606 5613 823 5687; x_wconf 69' lang='lat' dir='ltr'><strong>Euthal.</strong></span> <span class='ocrx_word' id='word_1_706' title='bbox 858 5615 1037 5687; x_wconf 85' lang='lat' dir='ltr'><strong>addit,</strong></span> <span class='ocrx_word' id='word_1_707' title='bbox 1069 5615 1164 5670; x_wconf 68' lang='grc' dir='ltr'>καὶ</span> <span class='ocrx_word' id='word_1_708' title='bbox 1186 5616 1314 5687; x_wconf 73' lang='grc' dir='ltr'>περὶ</span> <span class='ocrx_word' id='word_1_709' title='bbox 1346 5614 1445 5687; x_wconf 80' lang='grc' dir='ltr'>τῆς</span> <span class='ocrx_word' id='word_1_710' title='bbox 1466 5612 1680 5682; x_wconf 69' lang='grc' dir='ltr'>,ἐνδόξου</span> <span class='ocrx_word' id='word_1_711' title='bbox 1708 5616 1802 5671; x_wconf 82' lang='grc' dir='ltr'>καὶ</span> <span class='ocrx_word' id='word_1_712' title='bbox 1824 5614 1944 5672; x_wconf 76' lang='grc' dir='ltr'>δευ-</span> 
     </span>
    </p>
   </div>
   <div class='ocr_carea' id='block_1_102' title="bbox 387 5683 1627 5777">
    <p class='ocr_par' dir='ltr' id='par_1_102' title="bbox 387 5683 1627 5777">
     <span class='ocr_line' id='line_1_102' title="bbox 387 5683 1627 5777; baseline 0 0"><span class='ocrx_word' id='word_1_713' title='bbox 387 5683 1154 5777; x_wconf 57' lang='grc' dir='ltr'>τέίὲξξςοξιῐτοδιπαροιιῖίαςπ</span> <span class='ocrx_word' id='word_1_714' title='bbox 1260 5683 1272 5687; x_wconf 75' lang='lat'>&#39;</span> <span class='ocrx_word' id='word_1_715' title='bbox 1403 5683 1413 5687; x_wconf 76' lang='lat'>&#39;</span> <span class='ocrx_word' id='word_1_716' title='bbox 1528 5758 1535 5767; x_wconf 94' lang='lat'>.</span> <span class='ocrx_word' id='word_1_717' title='bbox 1626 5724 1627 5727; x_wconf 75' lang='lat'><strong><em>~</em></strong></span> 
     </span>
    </p>
   </div>
   <div class='ocr_carea' id='block_1_103' title="bbox 461 5752 1050 5891">
    <p class='ocr_par' dir='ltr' id='par_1_103' title="bbox 461 5752 1050 5891">
     <span class='ocr_line' id='line_1_103' title="bbox 461 5752 1050 5891; baseline -0.002 -83"><span class='ocrx_word' id='word_1_718' title='bbox 461 5753 573 5891; x_wconf 44' lang='lat'>248;</span> <span class='ocrx_word' id='word_1_719' title='bbox 602 5752 702 5818; x_wconf 88' lang='lat' dir='ltr'><strong>ld.,</strong></span> <span class='ocrx_word' id='word_1_720' title='bbox 733 5752 1050 5839; x_wconf 57' lang='grc' dir='ltr'>ἀποστολῆς.</span> 
     </span>
     <span class='ocr_line' id='line_1_104' title="bbox 484 5822 931 5880; baseline -0.002 -3"><span class='ocrx_word' id='word_1_721' title='bbox 484 5823 552 5879; x_wconf 72' lang='grc'>49</span> <span class='ocrx_word' id='word_1_722' title='bbox 605 5822 706 5880; x_wconf 77' lang='grc' dir='ltr'>ιιι..</span> <span class='ocrx_word' id='word_1_723' title='bbox 733 5838 931 5876; x_wconf 88' lang='grc' dir='ltr'>αυτων.</span> 
     </span>
    </p>
   </div>
   <div class='ocr_carea' id='block_1_104' title="bbox 2052 4664 3616 4749">
    <p class='ocr_par' dir='ltr' id='par_1_104' title="bbox 2052 4664 3616 4749">
     <span class='ocr_line' id='line_1_105' title="bbox 2052 4664 3616 4749; baseline 0.002 -23"><span class='ocrx_word' id='word_1_724' title='bbox 2052 4672 2145 4726; x_wconf 76' lang='grc' dir='ltr'>καὶ</span> <span class='ocrx_word' id='word_1_725' title='bbox 2173 4673 2270 4742; x_wconf 89' lang='grc' dir='ltr'>τῆς</span> <span class='ocrx_word' id='word_1_726' title='bbox 2301 4672 2393 4726; x_wconf 92' lang='grc' dir='ltr'>τοῦ</span> <span class='ocrx_word' id='word_1_727' title='bbox 2432 4672 2561 4727; x_wconf 85' lang='grc' dir='ltr'>ναοῦ</span> <span class='ocrx_word' id='word_1_728' title='bbox 2595 4673 2953 4743; x_wconf 82' lang='grc' dir='ltr'>κατασκευῆς·</span> <span class='ocrx_word' id='word_1_729' title='bbox 2985 4673 3014 4727; x_wconf 76' lang='lat'><strong>‘.</strong></span> <span class='ocrx_word' id='word_1_730' title='bbox 3036 4672 3291 4744; x_wconf 84' lang='grc' dir='ltr'>ὁμολογία</span> <span class='ocrx_word' id='word_1_731' title='bbox 3312 4672 3412 4744; x_wconf 89' lang='grc' dir='ltr'>τῆς</span> <span class='ocrx_word' id='word_1_732' title='bbox 3447 4664 3616 4749; x_wconf 75' lang='grc' dir='ltr'>ὺπέρ-</span> 
     </span>
    </p>
   </div>
   <div class='ocr_carea' id='block_1_105' title="bbox 2049 4759 3614 4833">
    <p class='ocr_par' dir='ltr' id='par_1_105' title="bbox 2049 4759 3614 4833">
     <span class='ocr_line' id='line_1_106' title="bbox 2049 4759 3614 4833; baseline 0 -19"><span class='ocrx_word' id='word_1_733' title='bbox 2049 4760 2295 4833; x_wconf 92' lang='grc' dir='ltr'>ουρανίου</span> <span class='ocrx_word' id='word_1_734' title='bbox 2363 4760 2520 4833; x_wconf 79' lang='grc' dir='ltr'>δόξης</span> <span class='ocrx_word' id='word_1_735' title='bbox 2597 4759 2773 4831; x_wconf 83' lang='grc' dir='ltr'>Ἰησοῦ</span> <span class='ocrx_word' id='word_1_736' title='bbox 2837 4759 3071 4831; x_wconf 86' lang='grc' dir='ltr'>Χριστοῦ</span> <span class='ocrx_word' id='word_1_737' title='bbox 3140 4759 3614 4830; x_wconf 80' lang='grc' dir='ltr'>ἀποκαλυφθείσης</span> 
     </span>
    </p>
   </div>
   <div class='ocr_carea' id='block_1_106' title="bbox 2049 4844 3614 4926">
    <p class='ocr_par' dir='ltr' id='par_1_106' title="bbox 2049 4844 3614 4926">
     <span class='ocr_line' id='line_1_107' title="bbox 2049 4844 3614 4926; baseline -0.001 -19"><span class='ocrx_word' id='word_1_738' title='bbox 2049 4850 2196 4923; x_wconf 81' lang='grc' dir='ltr'>αὐτῷ</span> <span class='ocrx_word' id='word_1_739' title='bbox 2224 4852 2497 4923; x_wconf 81' lang='grc' dir='ltr'>Στεφάνῳ,</span> <span class='ocrx_word' id='word_1_740' title='bbox 2534 4851 2622 4921; x_wconf 75' lang='grc' dir='ltr'>ἐφ’</span> <span class='ocrx_word' id='word_1_741' title='bbox 2745 4849 3079 4914; x_wconf 83' lang='grc' dir='ltr'>λιθόλευστος</span> <span class='ocrx_word' id='word_1_742' title='bbox 3128 4848 3416 4921; x_wconf 84' lang='grc' dir='ltr'>γενόμενος</span> <span class='ocrx_word' id='word_1_743' title='bbox 3451 4850 3614 4917; x_wconf 77' lang='grc' dir='ltr'>αὐτὸς</span> 
     </span>
    </p>
   </div>
   <div class='ocr_carea' id='block_1_107' title="bbox 2050 4942 2908 5015">
    <p class='ocr_par' dir='ltr' id='par_1_107' title="bbox 2050 4942 2908 5015">
     <span class='ocr_line' id='line_1_108' title="bbox 2050 4942 2908 5015; baseline -0.003 -16"><span class='ocrx_word' id='word_1_744' title='bbox 2050 4944 2334 5015; x_wconf 83' lang='grc' dir='ltr'>Στέφανος,</span> <span class='ocrx_word' id='word_1_745' title='bbox 2362 4942 2597 5008; x_wconf 80' lang='grc' dir='ltr'>εὐσεϐῶς</span> <span class='ocrx_word' id='word_1_746' title='bbox 2626 4942 2908 5015; x_wconf 77' lang='grc' dir='ltr'>ἐκοιμήθη.</span> 
     </span>
    </p>
   </div>
   <div class='ocr_carea' id='block_1_108' title="bbox 2043 5029 3615 5107">
    <p class='ocr_par' dir='ltr' id='par_1_108' title="bbox 2043 5029 3615 5107">
     <span class='ocr_line' id='line_1_109' title="bbox 2043 5029 3615 5107; baseline -0.001 -18"><span class='ocrx_word' id='word_1_747' title='bbox 2043 5029 2049 5035; x_wconf 69' lang='grc'><em>’</em></span> <span class='ocrx_word' id='word_1_748' title='bbox 2119 5035 2196 5092; x_wconf 87' lang='grc' dir='ltr'>Θ’.</span> <span class='ocrx_word' id='word_1_749' title='bbox 2232 5036 2367 5107; x_wconf 74' lang='grc' dir='ltr'>Περὶ</span> <span class='ocrx_word' id='word_1_750' title='bbox 2396 5034 2635 5105; x_wconf 87' lang='grc' dir='ltr'>διωγμοῦ</span> <span class='ocrx_word' id='word_1_751' title='bbox 2660 5035 2761 5105; x_wconf 85' lang='grc' dir='ltr'>τῆς</span> <span class='ocrx_word' id='word_1_752' title='bbox 2796 5031 3140 5102; x_wconf 82' lang='grc' dir='ltr'>Ἐκκλησίας,</span> <span class='ocrx_word' id='word_1_753' title='bbox 3175 5033 3269 5086; x_wconf 72' lang='grc' dir='ltr'>καὶ</span> <span class='ocrx_word' id='word_1_754' title='bbox 3293 5032 3468 5105; x_wconf 85' lang='grc' dir='ltr'>ταφῆς</span> <span class='ocrx_word' id='word_1_755' title='bbox 3490 5034 3615 5088; x_wconf 62' lang='grc' dir='ltr'>Στει</span> 
     </span>
    </p>
   </div>
   <div class='ocr_carea' id='block_1_109' title="bbox 2047 5118 3611 5196">
    <p class='ocr_par' dir='ltr' id='par_1_109' title="bbox 2047 5118 3611 5196">
     <span class='ocr_line' id='line_1_110' title="bbox 2047 5118 3611 5196; baseline -0.001 -16"><span class='ocrx_word' id='word_1_756' title='bbox 2047 5125 2242 5196; x_wconf 79' lang='grc' dir='ltr'>φάνου’</span> <span class='ocrx_word' id='word_1_757' title='bbox 2278 5129 2296 5147; x_wconf 84' lang='grc'><strong>⁹</strong></span> <span class='ocrx_word' id='word_1_758' title='bbox 2328 5126 2388 5180; x_wconf 78' lang='grc' dir='ltr'>ὲν</span> <span class='ocrx_word' id='word_1_759' title='bbox 2418 5118 2463 5194; x_wconf 80' lang='grc' dir='ltr'><strong>ᾧ</strong></span> <span class='ocrx_word' id='word_1_760' title='bbox 2493 5125 2620 5196; x_wconf 73' lang='grc' dir='ltr'>περὶ</span> <span class='ocrx_word' id='word_1_761' title='bbox 2651 5125 2915 5178; x_wconf 80' lang='grc' dir='ltr'>Φιλίππου</span> <span class='ocrx_word' id='word_1_762' title='bbox 2941 5122 3235 5177; x_wconf 88' lang='grc' dir='ltr'>ἀποστόλου</span> <span class='ocrx_word' id='word_1_763' title='bbox 3268 5124 3493 5187; x_wconf 80' lang='grc' dir='ltr'>πολλοὺς</span> <span class='ocrx_word' id='word_1_764' title='bbox 3529 5127 3611 5178; x_wconf 80' lang='grc' dir='ltr'>ία-</span> 
     </span>
    </p>
   </div>
   <div class='ocr_carea' id='block_1_110' title="bbox 2049 5218 2875 5290">
    <p class='ocr_par' dir='ltr' id='par_1_110' title="bbox 2049 5218 2875 5290">
     <span class='ocr_line' id='line_1_111' title="bbox 2049 5218 2875 5290; baseline 0.001 -20"><span class='ocrx_word' id='word_1_765' title='bbox 2049 5218 2282 5288; x_wconf 82' lang='grc' dir='ltr'>σαμένου</span> <span class='ocrx_word' id='word_1_766' title='bbox 2305 5219 2397 5271; x_wconf 78' lang='grc' dir='ltr'>ἐπὶ</span> <span class='ocrx_word' id='word_1_767' title='bbox 2422 5219 2517 5289; x_wconf 88' lang='grc' dir='ltr'>τῆς</span> <span class='ocrx_word' id='word_1_768' title='bbox 2543 5219 2875 5290; x_wconf 87' lang='grc' dir='ltr'>Σαμαρείας.</span> 
     </span>
    </p>
   </div>
   <div class='ocr_carea' id='block_1_111' title="bbox 2116 5306 3609 5381">
    <p class='ocr_par' dir='ltr' id='par_1_111' title="bbox 2116 5306 3609 5381">
     <span class='ocr_line' id='line_1_112' title="bbox 2116 5306 3609 5381; baseline -0.001 -19"><span class='ocrx_word' id='word_1_769' title='bbox 2116 5310 2174 5362; x_wconf 89' lang='lat' dir='ltr'><strong>l&#39;.</strong></span> <span class='ocrx_word' id='word_1_770' title='bbox 2214 5309 2350 5381; x_wconf 77' lang='grc' dir='ltr'>Περὶ</span> <span class='ocrx_word' id='word_1_771' title='bbox 2392 5309 2634 5380; x_wconf 84' lang='grc' dir='ltr'>Σίμωνος</span> <span class='ocrx_word' id='word_1_772' title='bbox 2680 5307 2774 5362; x_wconf 88' lang='grc' dir='ltr'>τοῦ</span> <span class='ocrx_word' id='word_1_773' title='bbox 2828 5308 3021 5376; x_wconf 85' lang='grc' dir='ltr'>Μάγου</span> <span class='ocrx_word' id='word_1_774' title='bbox 3073 5306 3462 5370; x_wconf 85' lang='grc' dir='ltr'>πιστεύσαντος</span> <span class='ocrx_word' id='word_1_775' title='bbox 3515 5308 3609 5362; x_wconf 67' lang='grc' dir='ltr'>καὶ</span> 
     </span>
    </p>
   </div>
   <div class='ocr_carea' id='block_1_112' title="bbox 2052 5392 3614 5474">
    <p class='ocr_par' dir='ltr' id='par_1_112' title="bbox 2052 5392 3614 5474">
     <span class='ocr_line' id='line_1_113' title="bbox 2052 5392 3614 5474; baseline 0 -23"><span class='ocrx_word' id='word_1_776' title='bbox 2052 5397 2436 5468; x_wconf 77' lang='grc' dir='ltr'>βαπτισθέντος</span> <span class='ocrx_word' id='word_1_777' title='bbox 2462 5399 2557 5453; x_wconf 82' lang='grc' dir='ltr'>σὺν</span> <span class='ocrx_word' id='word_1_778' title='bbox 2597 5400 2803 5472; x_wconf 79' lang='grc' dir='ltr'>ἑτέροις</span> <span class='ocrx_word' id='word_1_779' title='bbox 2832 5398 3089 5452; x_wconf 72' lang='grc' dir='ltr'>πλείοσινο</span> <span class='ocrx_word' id='word_1_780' title='bbox 3125 5402 3146 5421; x_wconf 84' lang='lat'><strong><em>&quot;</em></strong></span> <span class='ocrx_word' id='word_1_781' title='bbox 3185 5399 3244 5455; x_wconf 79' lang='grc' dir='ltr'>ὲν</span> <span class='ocrx_word' id='word_1_782' title='bbox 3270 5392 3316 5469; x_wconf 85' lang='grc' dir='ltr'>ᾧ</span> <span class='ocrx_word' id='word_1_783' title='bbox 3350 5398 3479 5474; x_wconf 76' lang='grc' dir='ltr'>περὶ</span> <span class='ocrx_word' id='word_1_784' title='bbox 3516 5398 3614 5471; x_wconf 81' lang='grc' dir='ltr'>τῆς</span> 
     </span>
    </p>
   </div>
   <div class='ocr_carea' id='block_1_113' title="bbox 2147 5614 3064 5693">
    <p class='ocr_par' dir='ltr' id='par_1_113' title="bbox 2147 5614 3064 5693">
     <span class='ocr_line' id='line_1_114' title="bbox 2147 5614 3064 5693; baseline 0.001 0"><span class='ocrx_word' id='word_1_785' title='bbox 2147 5614 2236 5693; x_wconf 60' lang='grc' dir='ltr'>ἕρ)</span> <span class='ocrx_word' id='word_1_786' title='bbox 2275 5615 2376 5693; x_wconf 60' lang='grc' dir='ltr'>ΕΦ»</span> <span class='ocrx_word' id='word_1_787' title='bbox 2406 5617 2533 5693; x_wconf 62' lang='grc' dir='ltr'>περὶ</span> <span class='ocrx_word' id='word_1_788' title='bbox 2557 5618 2783 5693; x_wconf 46' lang='lat' dir='ltr'><strong>esset:</strong></span> <span class='ocrx_word' id='word_1_789' title='bbox 2808 5620 2916 5693; x_wconf 55' lang='grc' dir='ltr'>τῶι)</span> <span class='ocrx_word' id='word_1_790' title='bbox 2940 5622 3064 5693; x_wconf 76' lang='grc' dir='ltr'>ἀρχο</span> 
     </span>
    </p>
   </div>
   <div class='ocr_carea' id='block_1_114' title="bbox 2148 5686 3191 5765">
    <p class='ocr_par' dir='ltr' id='par_1_114' title="bbox 2148 5686 3191 5765">
     <span class='ocr_line' id='line_1_115' title="bbox 2148 5686 3191 5765; baseline 0.009 -27"><span class='ocrx_word' id='word_1_791' title='bbox 2406 5686 2583 5765; x_wconf 37' lang='grc' dir='ltr'>ἐπὶ-τὺ</span> <span class='ocrx_word' id='word_1_792' title='bbox 2613 5686 2781 5765; x_wconf 72' lang='grc' dir='ltr'>ὄνομα</span> <span class='ocrx_word' id='word_1_793' title='bbox 2812 5690 2905 5744; x_wconf 85' lang='grc' dir='ltr'>τοῦ</span> <span class='ocrx_word' id='word_1_794' title='bbox 2932 5686 3191 5765; x_wconf 63' lang='grc' dir='ltr'>Χριστοῦ.</span> 
     </span>
    </p>
   </div>
   <div class='ocr_carea' id='block_1_115' title="bbox 2123 5755 3234 5830">
    <p class='ocr_par' dir='ltr' id='par_1_115' title="bbox 2123 5755 3234 5830">
     <span class='ocr_line' id='line_1_116' title="bbox 2123 5755 3234 5830; baseline 0.005 -18"><span class='ocrx_word' id='word_1_795' title='bbox 2123 5755 2235 5827; x_wconf 71' lang='grc'>(52)</span> <span class='ocrx_word' id='word_1_796' title='bbox 2275 5757 2352 5813; x_wconf 83' lang='lat' dir='ltr'><strong>Id.</strong></span> <span class='ocrx_word' id='word_1_797' title='bbox 2379 5758 2602 5826; x_wconf 83' lang='lat' dir='ltr'><strong>rectius,</strong></span> <span class='ocrx_word' id='word_1_798' title='bbox 2630 5755 2883 5830; x_wconf 75' lang='grc' dir='ltr'>ἀνέσεως,</span> <span class='ocrx_word' id='word_1_799' title='bbox 2909 5755 3234 5818; x_wconf 57' lang='lat' dir='ltr'><strong>diutissime.</strong></span> 
     </span>
    </p>
   </div>
  </div>
