4090 6416
514 435 650 491 1535

1619 435 1983 491 ΕΧΡΟΞΙΤΙΟ
2021 432 2278 498 1Ν,Α(]Τ.
2324 431 2565 488 APOST.

3631 165 3710 222 ξ

3580 440 3721 495 I556

514 555 604 608 τοῦ
633 554 837 625 Πέτρου
865 556 955 609 καὶ
990 553 1230 608 Ἰωάννου
1254 555 1386 625 πρὸς
1411 556 1605 620 αὐτοὺς
1630 559 1947 628 ἀποστολῆς,
1974 559 2052 610 καἼ

2166 553 2388 609 Joannis
2413 555 2480 610 ad
2511 555 2652 623 illos,
2681 565 2734 611 et
2766 557 3036 613 invocatio
3070 559 3244 615 sancti
3282 557 3518 630 Spiritus
3547 561 3600 614 in
3632 565 3723 617 ba-

513 645 800 716 ὲπίκλησις
851 646 943 698 τοῦ
1004 645 1158 713 ἁγίου
1221 646 1532 718 Πνεύματος
1575 649 1665 700 ἐπὶ
1711 649 1834 712 τοὺς
1879 648 2067 718 βαπτι-

511 735 754 798 σθέντας.

455 829 467 840 ’⁴
578 828 679 883 IA'.
717 830 837 882 Ὀτι
863 831 961 881 οὐκ
992 829 1254 900 ἀργυρίου
1281 830 1414 900 (55),
1445 831 1564 884 οὐδὲ
1586 832 1923 901 ὑποκριταῖς,
1949 831 2061 884 ἀλλ’

509 920 684 988 ἁγίοις
715 919 800 972 διὰ
839 921 1072 978 πίστεως
1111 923 1142 990 ἠ
1194 923 1393 990 μετοχὴ
1436 923 1526 975 τοῦ
1570 924 1723 991 ἁγίου
1755 923 2065 992 Πνεύματος

510 1011 704 1063 ἐδίδοτο
741 1010 870 1081 (54)·
903 1013 918 1031 ¹
941 1013 998 1064 ὲν
1027 1005 1070 1079 ᾧ
1101 1011 1168 1064 τά
1197 1012 1324 1081 περ).
1351 1013 1686 1085 ὑποκρίσεως
1711 1014 1805 1067 καὶ
1835 1012 2066 1083 ἐπιπλή-

509 1101 644 1167 ξεως
672 1101 929 1172 Σίμωνος.

577 1191 672 1243 IB’.
721 1192 838 1243 Ὅτι
883 1195 993 1254 τοῖς
1024 1191 1245 1259 ἀγαθοῖς
1284 1193 1377 1244 καὶ
1410 1174 1618 1256 πιστοῖς
1665 1194 1834 1248 εὐοδοῖ
1865 1197 1893 1248 6
1935 1197 2064 1261 Θεὸς

504 1281 601 1351 τὴν
641 1283 930 1353 σωτηρίαν,
963 1283 1126 1353 δήλην
1157 1285 1272 1354 (ἵσ.
1327 1285 1516 1358 δῆλον)
1550 1288 1613 1337 ὲκ
1655 1285 1754 1354 τῆς
1786 1286 1924 1341 κατά
1974 1288 2063 1342 τὸν

503 1375 752 1445 εὐνοῦχον
785 1376 1106 1440 ὑποθέσεως.

575 1467 671 1520 II".
707 1467 840 1536 Περὶ
877 1469 974 1538 τῆς
999 1468 1284 1539 οὐρανόθεν
1316 1469 1464 1532 θείας
1494 1470 1738 1541 κλήσεως
1776 1471 1868 1524 τοῦ
1916 1471 2063 1525 Παύ-

502 1559 594 1613 λου
620 1561 698 1622 είς
731 1561 1029 1632 ἀποστολὴν
1057 1561 1322 1632 Χριστοῦο
1357 1564 1466 1620 ’,ἐν
1573 1565 1705 1638 περὶ
1747 1565 1939 1627 ίάσεως
1969 1565 2062 1618 καὶ

505 1651 873 1722 βαπτίσματος
912 1652 1119 1705 Παύλου
1159 1653 1244 1706 διὰ
1293 1654 1529 1708 Ἀνανίου
1573 1657 1690 1708 κατ’
1724 1657 2060 1727 ἀποκάλυψιν

501 1743 655 1806 Θεοῦ,
705 1743 1012 1815 παρρησίας
1058 1761 1114 1796 τε
1161 1744 1321 1797 αὐτοῦ
1369 1745 1462 1797 καὶ
1513 1746 1796 1816 συντυχίας
1837 1747 1935 1818 τῆς
1973 1747 2059 1802 διά

502 1833 747 1905 Βαρνάϐα
779 1834 888 1902 (55)
914 1834 1045 1903 πρὸς
1065 1836 1188 1897 τοὺς
1219 1835 1560 1898 ἀποστόλους.

2168 647 2418 716 ptizatos.

2236 827 2324 880 XI.
2359 827 2511 893 Quod
2544 843 2649 882 non
2696 830 2898 898 argenti
2929 831 3100 898 pretio
3128 872 3142 896 ,
3179 845 3352 900 neque
3381 832 3678 902 hypocritis
3699 871 3721 900 ,

2166 917 2258 969 sed
2292 917 2493 972 sanctis
2528 933 2620 986 per
2672 918 2829 971 fidem
2879 920 3219 988 participatio
3269 921 3438 974 sancti
3483 920 3716 988 Spiritus

2164 1007 2353 1075 detur;
2375 1009 2465 1063 ubi
2487 1011 2552 1064 de
2582 1010 2874 1080 hypocrisi,
2889 1020 2954 1065 et
2972 1013 3039 1065 de
3062 1012 3425 1080 increpatione
3451 1012 3712 1068 Simonis.

2236 1181 2348 1236 XII.
2378 1182 2533 1249 Quod
2561 1185 2762 1253 probos
2794 1195 2845 1240 et
2869 1186 3050 1241 fideles
3079 1186 3222 1243 Deus
3263 1189 3329 1242 ad
3371 1190 3600 1244 salutem
3628 1189 3719 1246 de-

2163 1273 2343 1338 ducat,
2377 1287 2434 1329 ut
2461 1278 2708 1347 exemplo
2734 1279 2968 1333 eunuchi
2990 1279 3168 1349 palam
3196 1290 3297 1334 est.

2233 1446 2368 1502 XIII.
2411 1447 2484 1504 De
2514 1450 2693 1505 divina
2723 1467 2789 1506 ex
2819 1454 2958 1508 ctelo
2984 1455 3124 1509 facta
3157 1458 3441 1513 vocatione
3468 1457 3620 1512 Pauli
3647 1459 3717 1514 ad

2162 1539 2522 1607 apostolatum
2551 1541 2786 1607 Christi;
2812 1544 2901 1597 ubi
2929 1544 2995 1598 de
3020 1547 3298 1600 curatione
3318 1557 3371 1602 et
3394 1549 3714 1618 baptismate

2161 1627 2312 1682 Pauli
2343 1645 2433 1696 per
2459 1630 2720 1685 Ananiam
2750 1635 3045 1688 secundum
3084 1638 3461 1691 revelationem
3499 1638 3622 1706 Dei;
3645 1641 3713 1696 de

2160 1717 2276 1786 ejus
2305 1717 2427 1770 item
2451 1717 2645 1772 fiducia
2674 1720 2725 1772 in
2750 1721 3040 1789 loquendo,
3065 1723 3130 1778 de
3149 1728 3423 1782 consortio
3445 1727 3562 1797 ejus
3587 1744 3713 1784 cum

2159 1809 2418 1878 apostolis
2450 1824 2544 1877 per
2570 1809 2890 1864 Barnaham.

593 1897 663 1977 Δν.
703 1897 834 1996 Περὶ
870 1897 1055 1977 Αἰνέου
1099 1926 1463 1996 παραλυτικοῦ
1515 1897 1750 1991 ίαθέντος
1787 1929 1843 1980 ὲν
1881 1928 2052 2002 Λύδδῃ

2227 1898 2365 1951 XIV.
2411 1897 2483 1954 De
2508 1899 2678 1954 IEnea
2708 1903 3022 1973 paralytico,
3046 1906 3137 1974 qui
3163 1906 3357 1977 Lyddae
3379 1924 3472 1978 per
3491 1909 3711 1965 Petrum

498 2014 584 2068 διὰ
611 2014 814 2085 Πέτρου
838 2028 855 2047 ·
889 2015 907 2035 ¹
940 2016 996 2067 ὲν
1024 2006 1068 2082 ᾧ
1107 2014 1176 2067 τὰ
1223 2017 1350 2086 περὶ
1384 2015 1590 2068 Ταϐιθά
1614 2017 1711 2086 τῆς
1744 2015 2052 2089 φιλοχήρου,

498 2106 562 2174 ἢν
587 2105 806 2175 ἡγειρεν
843 2104 908 2157 ὲκ
949 2103 1158 2176 νεκρῶν
1203 2105 1232 2160 ὁ
1274 2103 1476 2176 Πέτρος
1519 2105 1607 2159 διὰ
1654 2107 1958 2178 προσευχῆς
1997 2109 2054 2159 ὲν

509 2193 718 2263 Ἰόππῃ.

564 2284 664 2337 IE'.
700 2284 833 2356 Περ)⁸
861 2283 1158 2354 Κορνηλίου
1192 2285 1290 2350 ᾶσᾱ
1314 2301 1374 2338 τε
1409 2286 1546 2355 πρὸς
1585 2285 1743 2338 αὐτὸν
1774 2286 1802 2337 6
1830 2285 2054 2354 ἄγγελος

496 2370 644 2428 εἶπεν
663 2392 676 2405 ·
708 2377 764 2428 ὲν
787 2368 832 2444 ᾧ
856 2377 948 2429 καὶ
971 2377 1070 2429 ὅσα
1096 2377 1288 2449 Πέτρῳ
1316 2376 1423 2446 (56)
1453 2376 1741 2448 οὐρανόθεν
1767 2377 1894 2447 περὶ
1921 2377 2051 2447 κλή-

445 2466 448 2468 ’
496 2485 631 2530 σεως
668 2467 834 2522 ἐθνῶν
859 2467 1082 2539 ἐρρήθη.
1104 2471 1120 2488 ⁹
1149 2471 1268 2524 Ὅτι
1299 2469 1651 2540 μετασταλεὶς
1677 2470 1705 2520 6
1730 2469 1932 2540 Πέτρος
1959 2465 2053 2540 ἧλ-

495 2560 585 2612 θεν
611 2560 746 2630 πρὸς
771 2561 1086 2630 Κορνήλιον.
1113 2566 1128 2581 '
1165 2561 1530 2632 Ἐπανάληψις
1552 2560 1700 2633 παρά
1729 2561 2049 2632 Κορνηλίου,

493 2645 569 2704 ὧν
605 2649 754 2705 εἶπεν
781 2653 810 2704 6
838 2652 1062 2720 ἄγγελος
1087 2652 1194 2724 (57)
1237 2653 1383 2725 αὐτῷ
1430 2653 1507 2724 τῷ
1551 2642 1852 2722 Κορνηλίῳ.
1886 2655 1904 2675 “
1946 2652 2051 2705 Πέ-

493 2760 619 2814 τρου
649 2745 946 2814 κατήχησις
981 2747 1059 2809 εις
1083 2745 1335 2824 Χριστὸν,
1360 2743 1453 2796 τοῦ
1477 2760 1536 2796 τε
1560 2744 1714 2812 ἁγίου
1739 2741 2051 2812 Πνεύματος

493 2830 583 2882 ἐπὶ
606 2832 729 2894 τοὺς
776 2831 1068 2895 ἀκούοντας
1098 2829 1300 2904 δωρεὰ,
1337 2835 1430 2886 κα)⁴
1456 2834 1604 2897 ὅπως
1647 2833 2049 2903 ἐϐαπτίσθησαν

491 2921 610 2973 τότε
642 2925 690 2975 oi
729 2921 788 2986 ἐξ
817 2921 983 2975 ὲθνῶν
1022 2924 1435 2988 πιστεύσαντες.-

562 3014 675 3080 ῐ<ῖ⁴.
729 3015 814 3078 Ὠς
848 3015 1051 3086 Πέτρος
1075 3017 1141 3070 τά
1171 3017 1292 3070 καθ’
1325 3017 1449 3085 ἑξῆς
1481 3017 1576 3072 καὶ
1611 3014 1679 3068 τά
1708 3016 1912 3068 ἕκαστα
1938 3012 2048 3067 τῶν

492 3103 786 3170 γεγονότων
809 3103 1068 3175 διηγεῖται
1098 3109 1210 3169 τοῖς
1231 3107 1546 3170 ἀποστόλοις
1567 3105 1884 3178 διακριθεῖσι
1913 3105 2048 3176 πρὸς

491 3194 680 3248 αὐτόν’
720 3199 736 3217 ⁶
768 3194 846 3264 τῷ
889 3197 1259 3286 τηνικάδειτδν
1305 3198 1589 3288 Βαρνάϐαν
1623 3196 1908 3281 ἐκπέμψας
1936 3195 2045 3268 (38)
2071 3226 2116 3288 c

491 3283 625 3355 πρὸς
653 3284 777 3348 τοὺς
811 3285 868 3337 ὲν
919 3283 1185 3357 Ἀντίοχίᾳ
1218 3287 1494 3357 ἀδελφούς.

505 3415 508 3420 -
561 3377 657 3430 IZ'.
719 3377 1026 3448 Προφητεία
1086 3379 1314 3447 Ἀγάϐου
1362 3382 1493 3452 περὶ
1524 3381 1682 3452 λιμοῦ
1734 3383 2042 3452 οἰκουμενι-

491 3467 590 3537 κῆς
616 3466 723 3537 (59)
755 3467 847 3519 καὶ
876 3469 1249 3542 καρποφορίας
1277 3472 1415 3542 πρὸς
1443 3473 1567 3536 τοὺς
1598 3475 1656 3526 ὲν
1697 3471 2046 3544 Ἰερουσαλὴμ

489 3557 761 3626 ἀδελφούς.
1371 3557 1377 3561 ’
1508 3551 1514 3559 ’

559 3647 665 3699 III'.
717 3647 970 3702 Ἰακώϐου
995 3648 1088 3702 τοῦ
1122 3650 1419 3703 ἀποστόλου
1446 3653 1772 3723 κατασφαγή
1808 3668 1822 3682 ·
1860 3653 1878 3671 ‘
1909 3653 1967 3703 ὲν
1999 3643 2045 3718 ᾧ

488 3737 583 3790 καὶ
615 3738 821 3811 Πέτρου
866 3741 1122 3812 σύλληψις
1157 3740 1292 3812 πρὸς
1335 3740 1594 3811 Ἡρώδου,
1621 3743 1768 3806 ὅπως
1801 3760 1859 3795 τε
1886 3742 2048 3796 αὐτὸν

487 3828 711 3895 ἄγγελος
744 3811 871 3892 Θείῷ
920 3811 1249 3902 κελεύσματι
1290 3831 1529 3898 ἐξείλατο
1561 3834 1667 3888 τῶν
1696 3833 1928 3906 δεσμῶν,
1955 3834 2048 3886 καὶ

486 3922 514 3970 ό
549 3919 749 3990 Πέτρος
791 3921 1038 3992 ἐμφανὴς
1077 3924 1365 3993 γενόμενος
1410 3924 1623 3996 νύκτωρ
1652 3929 1764 3989 τοῖς
1799 3926 2048 3994 ἀδελφοῖς

420 4029 444 4068 ,ί
489 4009 907 4082 ὑπανεχώρησεν
926 4029 939 4042 ·
972 4015 987 4034 ⁸
1020 4013 1077 4064 ὲν
1105 4006 1150 4080 ᾧ
1185 4015 1432 4084 περὶτῆς
1466 4016 1574 4069 τῶν
1602 4017 1856 4086 φυλάκων
1887 4018 2044 4070 κολά-

397 4089 401 4094 ’
488 4119 643 4164 σεως,
679 4103 771 4156 καὶ
801 4104 1089 4173 μετέπειτα
1131 4104 1256 4175 περὶ
1293 4105 1392 4174 τῆς
1422 4107 1514 4160 τοῦ
1544 4106 1774 4174 ἀσεϐοῦς
1806 4112 2043 4183 Ἡρώδου

485 4196 687 4264 πικρᾶς
710 4211 769 4246 τε
799 4194 891 4246 καὶ
909 4193 1149 4264 ὀλεθρίου
1180 4198 1536 4268 κατασφαγῆς
1562 4198 1703 4268 (60).
1754 4191 1756 4193 “

557 4284 656 4338 ΙΘ¹.
711 4285 1001 4357 Ἀποστολὴ
1050 4286 1303 4357 Βαρνάϐα
1346 4288 1443 4340 καὶ
1496 4289 1709 4343 Παύλου
1757 4291 1894 4362 πρὸς
1949 4291 2043 4345 τοῦ

488 4373 632 4427 θείου
662 4376 974 4446 Πνεύματος
1000 4380 1078 4439 εἰς
1107 4376 1482 4443 Κύπρον,⁶ὄσα
1519 4396 1579 4432 τε
1613 4380 1907 4450 εἰργάσατο
1935 4381 2042 4450 (61)

385 4507 390 4511 .
485 4466 543 4518 ὲν
565 4465 784 4536 ὀνόματι
809 4467 1042 4538 Χριστοῦ
1069 4472 1145 4534 είς
1181 4471 1415 4542 Ἐλύμαν
1444 4471 1533 4524 τὸν
1564 4470 1752 4541 μάγον.

2157 2000 2378 2045 sanatus
2413 1999 2528 2056 est;
2569 1992 2659 2045 ubi
2701 2001 2754 2046 et
2791 1992 2854 2047 de
2890 1992 3118 2049 Tabitlia
3157 1999 3438 2053 viduarum
3477 2011 3712 2070 amante,

2155 2097 2317 2150 quam
2355 2079 2546 2137 Petrus
2573 2080 2740 2153 Joppe
2763 2099 2857 2154 per
2885 2086 3183 2142 orationem
3211 2104 3241 2142 a
3274 2091 3504 2146 mortuis
3541 2093 3714 2147 susci-

2157 2175 2310 2227 tavit.

2226 2261 2343 2316 XV.
2386 2263 2459 2318 De
2485 2263 2760 2335 Cornelio,
2781 2276 2834 2320 et
2854 2283 2973 2337 quae
2994 2269 3094 2338 ipsi
3120 2273 3342 2341 angelus
3368 2274 3590 2342 dixerit;
3619 2277 3711 2332 ubi

2152 2354 2312 2408 etiam
2345 2369 2406 2409 ea
2445 2371 2566 2423 quae
2593 2355 2752 2411 Petro
2784 2358 2850 2412 de
2881 2360 3018 2414 coelo
3053 2362 3196 2416 circa
3229 2366 3563 2420 vocationem
3589 2384 3712 2436 gen-

2154 2447 2286 2501 tium
2331 2447 2473 2502 dicta
2523 2458 2670 2504 sunt.
2697 2449 2850 2515 Quod
2895 2463 3150 2507 evocatus
3189 2453 3381 2512 Petrus
3418 2461 3617 2513 venerit
3643 2460 3711 2516 ad

2151 2538 2482 2594 Cornelium.
2530 2539 2739 2610 Repetit
2781 2542 3062 2598 Cornelius
3102 2561 3165 2600 ea
3195 2563 3316 2615 quae
3348 2549 3448 2603 sibi
3488 2551 3712 2621 angelus

2152 2630 2379 2684 dixerat.
2404 2630 2544 2685 Petri
2571 2634 2868 2689 catechesis
2895 2636 2947 2687 in
2975 2635 3274 2702 Christum,
3309 2649 3358 2694 et
3383 2642 3554 2696 sancti
3583 2641 3708 2713 Spi-

2151 2719 2288 2774 ritus
2311 2721 2511 2775 donum
2539 2725 2879 2779 audientibus
2898 2727 3148 2781 collatum
3172 2747 3185 2796 ;
3209 2740 3258 2783 et
3287 2733 3561 2800 quomodo
3583 2743 3712 2789 tunc

2150 2811 2404 2881 baptizati
2439 2814 2548 2870 sint
2578 2815 2614 2870 ii
2648 2831 2713 2870 ex
2737 2818 2984 2887 gentibus
3005 2821 3097 2890 qui
3127 2821 3484 2877 crediderant.

2219 2987 2358 3044 XVI.
2400 2989 2682 3057 Quomodo
2721 2991 2916 3049 Petrus
2947 2995 3136 3050 ordine
3171 2997 3380 3066 singula
3412 3014 3531 3067 quae
3566 2998 3708 3054 facta

2148 3078 2365 3135 fuerant
2430 3081 2692 3150 apostolis
2756 3098 2938 3138 secum
2990 3084 3415 3156 disceptantibus
3469 3101 3703 3145 enarrat.

2149 3167 2304 3226 Tune
2337 3169 2642 3227 Barnabam
2677 3174 2943 3228 miserunt
2969 3173 3034 3226 ad
3066 3171 3260 3230 fratres
3289 3178 3382 3246 qui
3410 3163 3710 3233 Antiochiae

2148 3271 2318 3318 erant.
2621 3292 2627 3299 -

2219 3350 2377 3406 XVII.
2421 3350 2709 3423 Prophetia
2752 3355 2922 3426 Agabi
2952 3355 3018 3411 de
3058 3354 3200 3411 fame
3237 3357 3288 3410 iu
3328 3355 3457 3410 orbe
3487 3355 3703 3425 futura;

2099 3468 2102 3470 ‘
2145 3457 2200 3504 et
2242 3451 2307 3514 de
2350 3449 2630 3520 largitione
2662 3449 2802 3504 facta
2844 3449 3104 3506 fratribus
3139 3453 3417 3521 quierant
3451 3453 3503 3506 in
3543 3451 3704 3507 Jeru-

2148 3541 2338 3595 salem.

2217 3631 2403 3688 XVIII.
2443 3633 2630 3689 Jacobi
2661 3634 2887 3705 apostoli
2927 3635 3120 3698 caedes,
3147 3645 3199 3690 et
3227 3636 3371 3691 Petri
3396 3640 3464 3692 ab
3500 3637 3705 3694 Herode

2148 3725 2469 3794 apprehensi
2496 3725 2759 3793 historia;
2794 3733 2848 3780 et
2873 3725 3146 3795 quomodo
3180 3728 3354 3796 ipsum
3384 3729 3603 3799 angelus
3623 3730 3705 3784 di-

2146 3816 2275 3870 vino
2303 3816 2454 3886 jussu
2501 3819 2702 3873 eruerit
2741 3834 2807 3874 ex
2832 3819 3099 3880 vinculis;
3147 3833 3209 3872 ac
3253 3816 3463 3884 Petrus,
3495 3836 3617 3874 cum
3649 3822 3701 3874 in

2149 3919 2494 3978 conspectum
2525 3911 2752 3965 fratrum
2793 3921 2954 3965 noctu
2983 3911 3237 3976 venisset,
3266 3913 3581 3977 recesserit;
3612 3912 3701 3966 ubi

2147 3997 2307 4050 etiam
2339 3998 2404 4052 de
2434 4014 2594 4068 pwna
2631 4002 2931 4066 custodum,
2964 4001 3156 4055 deinde
3189 4002 3254 4054 de
3288 4001 3436 4069 impii
3477 4000 3702 4058 Herodis

2147 4089 2341 4142 acerba
2369 4099 2423 4143 et
2449 4089 2740 4144 miserabili
2763 4092 2906 4146 caede
2930 4091 3044 4161 (per
3064 4095 3358 4163 angelum).

2215 4267 2357 4323 XIX.
2397 4267 2583 4324 Missio
2614 4270 2875 4326 Barnabae
2896 4280 2948 4325 ct
2974 4271 3125 4326 Pauli
3147 4288 3242 4343 per
3262 4274 3502 4330 divinum
3526 4275 3698 4346 Spiri-

2145 4365 2261 4411 tum
2292 4358 2347 4412 iu
2380 4359 2638 4430 Cyprum,
2672 4369 2724 4414 et
2744 4376 2865 4430 quae
2893 4361 3078 4418 fecerit
3111 4362 3352 4436 (Paulus)
3389 4366 3442 4420 in
3479 4370 3698 4425 nomine

2150 4446 2351 4502 Christi
2375 4463 2499 4518 erga
2528 4446 2770 4516 Elymam
2799 4464 3034 4517 magum.

557 4559 637 4610 K’.
679 4537 888 4612 Παύλου
915 4561 1143 4633 εὐθαλὴς
1172 4537 1485 4617 διδασκαλία
1515 4537 1593 4627 εἰς
1614 4537 1864 4635 Χριστὸν,
1889 4563 1952 4618 ἐκ
1979 4583 2039 4618 τε

2173 4540 2180 4551 ’
2216 4537 2335 4593 XX.
2375 4537 2525 4592 Pauli
2558 4541 2826 4596 excellens
2863 4542 3107 4596 doctrina
3147 4543 3289 4598 circa
3322 4541 3596 4599 Christum
3629 4561 3693 4600 ex

485 4647 578 4700 τοῦ
619 4648 780 4718 νόμου
824 4652 917 4703 κα)⁴
966 4652 1085 4704 καθ’
1133 4653 1258 4722 ἑξῆς
1301 4654 1409 4707 τῶν
1450 4655 1760 4725 προφητῶν,
1796 4657 2038 4729 ἱστορικὴ

486 4737 578 4790 καὶ
607 4739 951 4810 εὐαγγελική·
981 4744 998 4760 ’
1032 4743 1088 4793 ὲν
1119 4735 1162 4808 ᾧ
1198 4742 1485 4814 ἐλεγκτικῇ
1520 4743 1614 4796 καὶ
1662 4743 2036 4816 συλλογιστικῇ

485 4828 800 4901 διδασκαλίᾳ
832 4832 1026 4902 χρῆται
1048 4836 1064 4852 ”
1108 4834 1236 4904 περὶ
1263 4834 1598 4905 μεταθέσεως
1627 4835 1721 4887 τοῦ
1756 4854 1822 4907 κη
1835 4837 2042 4908 ρύγμα-

486 4936 574 4982 τος
601 4923 682 4985 είς
706 4923 773 4976 τὰ
804 4922 960 4994 ἔθνη,
988 4924 1225 4996 διωγμοῦ
1255 4943 1316 4979 τε
1348 4927 1524 4980 αὐτῶν
1565 4929 1659 4980 καὶ
1689 4928 1924 4997 ἀφίξεως
1960 4931 2040 4993 είς

499 5009 733 5064 Ἰκόνιον.

561 5104 688 5155 KA’.
737 5103 920 5168 Ὅπως
965 5107 1022 5158 ὲν
1076 5107 1277 5177 Ἰκονίῳ
1306 5107 1635 5179 κηρύξαντες
1667 5109 1756 5164 τὸν
1784 5109 2037 5182 Χριστὸν,

485 5191 692 5245 πολλῶν
725 5197 1145 5261 πιστευσάντων,
1177 5198 1507 5269 ἐδιώχθησαν
1536 5204 1583 5255 οἱ
1615 5201 1918 5255 ἀπόστολοι.

707 5437 868 5509 Οὑδΰ
893 5437 1174 5509 ἀργυρίου,
1192 5438 1406 5494 Euthal.

473 5533 475 5535 ι
561 5505 614 5570 (5
627 5507 671 5574 ι)
710 5505 941 5571 Δίδοται,
965 5509 1035 5561 id.

553 5575 672 5648 (εξ)
711 5577 808 5648 Διά
837 5577 1137 5648 Βαρνάϐαν,
1174 5579 1244 5632 id.
1277 5580 1453 5632 minus
1475 5580 1627 5634 bene.

708 5647 820 5718 Ea).
848 5643 947 5700 ὅσα
974 5647 1130 5718 πάλιν
1162 5649 1370 5718 Πέτρῳ,
1411 5650 1478 5718 id.

560 5645 650 5708 (56
711 5647 820 5698 Καὶ
848 5645 947 5700 ὅσα
974 5647 1130 5700 πάλιν
1162 5649 1370 5718 Πέτρῳ,
1411 5650 1478 5701 id.

491 5645 804 5847 cagfgiJﬂv
850 5718 878 5769 6
921 5716 1143 5784 ἄγγελος
1205 5717 1613 5788 ἐπεμαρτύρησε
1679 5719 1768 5777 καὶ
1831 5721 2040 5793 ὑφηγη-

2143 4631 2258 4701 lege
2303 4647 2365 4686 ac
2409 4632 2601 4686 deinde
2644 4647 2710 4688 ex
2756 4633 3051 4702 prophetis,
3098 4634 3296 4704 illaque
3340 4636 3603 4692 historica
3643 4649 3696 4694 et

2141 4723 2447 4792 evangelica
2471 4741 2485 4789 ;
2516 4724 2605 4777 ubi
2638 4723 2997 4779 confutatoria
3024 4734 3077 4779 et
3105 4726 3429 4796 syllogistica
3449 4729 3694 4782 doctrina

2142 4813 2314 4867 utitur
2343 4815 2487 4881 circa
2516 4815 2925 4869 translationem
2954 4816 3356 4885 praedicationis
3385 4818 3450 4872 ad
3484 4829 3690 4888 gentes.

2093 4945 2098 4952 .
2142 4901 2218 4957 De
2248 4905 2622 4972 persecutione
2651 4905 2909 4962 adversus
2936 4905 3056 4962 illos
3089 4909 3340 4972 excitata,
3385 4907 3532 4962 etde
3567 4909 3693 4979 fuga

2143 4994 2403 5049 Iconium.

2212 5085 2348 5140 XXI.
2390 5085 2670 5151 Quomodo
2702 5087 2929 5156 apostoli
2972 5087 3246 5143 Christum
3293 5087 3455 5142 lconii
3493 5091 3692 5160 praedi-

2140 5186 2343 5242 cantes,
2400 5177 2584 5233 multis
2637 5178 3001 5250 credentibus,
3057 5179 3487 5248 persecutionem
3545 5181 3691 5249 passi

2141 5271 2268 5322 sint.

2210 5444 2460 5522 (58)_Id.,
2488 5445 2549 5522 τὸ
2572 5447 2822 5522 τηνικάδε
2851 5447 2939 5499 τὸν
2971 5448 3252 5518 Βαρνάϐαν
3285 5449 3690 5522 ἐκπέμψασα-

2139 5511 2312 5587 Fortlg;
2330 5514 2601 5587 ἔπεμψαν.
2617 5511 2845 5570 Non”.

2215 5583 2324 5661 (59)
2364 5583 2851 5661 Μζ,ὀίκουμὲνης,
2895 5591 3165 5658 quomodo
3202 5591 3364 5644 etiam
3404 5594 3688 5661 legendum

2138 5654 2552 5711 Montfauconus
2579 5654 2897 5725 conjecerat.

2212 5725 2321 5797 (60)
2363 5727 2459 5789 Μ.,
2493 5727 2883 5797 καταστροφῆς.

2213 5795 2319 5862 (6|)
2351 5798 2426 5860 Id.
2461 5795 2800 5881 ειργάααντο,

2443 6090 2472 6106 Ι

3735 131 3824 160 κ
