4090 6400
420 437 559 493 15ΰό

1604 428 1661 480 S.
1700 417 2021 479 PAMPHILI
2061 413 2418 471 MARTYRIS

3487 404 3624 476 issu

488 553 651 610 XXII.
690 553 974 610 Declaudo
996 554 1063 609 ab
1092 560 1217 608 ortu
1244 551 1337 621 qui
1369 547 1575 620 Lystris
1601 552 1738 609 erat,
1769 542 1967 612 quique

2139 535 2264 587 KB’.
2307 531 2440 602 Περὶ
2459 528 2551 582 τοῦ
2573 528 2631 582 ἐν
2656 526 2917 598 Λύστροις
2948 528 3012 579 ἐκ
3039 523 3297 621 γεννητῆς
3319 521 3428 592 (62)
3453 518 3621 591 χωλοῦ
3694 548 3695 551 η

415 647 486 703 ab
511 648 767 717 apostolis
794 655 1013 702 sanatus
1047 654 1128 700 est
1153 662 1165 697 :
1189 648 1515 713 quapropter
1542 639 1610 693 ab
1632 636 1825 690 incolis
1844 633 1972 687 deos

415 754 537 793 esse
591 748 645 793 et
688 740 969 793 advenisse
1013 744 1260 806 putatum
1305 742 1404 789 est.
1447 732 1544 788 Ubi
1582 730 1745 786 etiam
1787 738 1970 797 pOStea

415 829 619 887 Paulus
640 831 915 901 lapidatur
934 845 964 884 a
992 828 1371 899 popularibus.

489 1004 671 1059 XXIII.
711 1004 863 1072 Quod
895 1020 963 1059 ex
988 1004 1237 1075 dogmate
1266 1013 1321 1060 et
1356 1004 1564 1072 judicio
1601 1002 1969 1072 apostolorum

418 1114 526 1152 non
571 1106 817 1166 oporteat
864 1096 1048 1152 ﬁdeles
1088 1112 1155 1151 ex
1194 1096 1440 1166 gentibus
1483 1092 1829 1160 circumcidi;
1878 1093 1970 1146 ubi

417 1188 640 1257 epistola
674 1187 1039 1256 apostolorum
1076 1189 1142 1240 ad
1166 1185 1349 1240 ﬁdeles
1371 1200 1436 1240 ex
1465 1184 1713 1255 gentibus
1740 1184 1882 1237 circa
1907 1196 1971 1235 ea

416 1295 449 1335 a
475 1280 673 1349 quibus
704 1294 828 1334 sese
861 1278 1138 1334 custodire
1170 1278 1454 1332 debebant.
1495 1276 1788 1331 Dissidium
1818 1273 1969 1329 Pauli

416 1389 537 1427 cum
570 1372 811 1426 Barnaba
833 1379 1051 1440 propter
1075 1369 1336 1425 Marcum.

485 1460 673 1515 XXIV.
715 1461 789 1516 De
808 1462 1076 1517 catechesi
1099 1460 1386 1525 Timothei,
1403 1470 1456 1516 et
1474 1461 1540 1516 de
1557 1457 1799 1530 profectu
1815 1454 1968 1511 Pauli

416 1553 470 1605 in
503 1551 869 1606 Macedoniam
901 1567 995 1621 per
1017 1552 1427 1617 revelationem;
1455 1552 1543 1606 ubi
1567 1552 1633 1605 de
1660 1549 1763 1604 tide
1791 1558 1845 1603 et
1874 1563 1968 1603 sa-

414 1642 524 1696 lute
547 1642 790 1696 mulieris
811 1641 1093 1711 cujusdam
1112 1641 1310 1712 Lydiae,
1331 1650 1385 1695 et
1405 1642 1470 1695 de
1487 1640 1765 1698 curatione
1779 1639 1968 1708 puella:

415 1747 533 1802 quae
562 1733 811 1801 spiritum
851 1732 1113 1803 Pythonis
1141 1732 1392 1797 habebat,
1434 1737 1651 1802 propter
1675 1745 1836 1800 quam
1873 1731 1967 1784 do-

414 1825 548 1879 mini
572 1825 762 1894 puellaa
782 1824 1007 1879 Paulum
1038 1826 1091 1878 in
1123 1839 1390 1878 carcerem
1420 1822 1791 1892 coniecerunt;
1818 1837 1881 1876 ac
1901 1822 1966 1876 de

410 1924 571 1983 terra;
603 1924 751 1971 motu
789 1916 883 1986 qui
919 1915 1117 1970 ibidem
1148 1915 1388 1984 contigit,
1422 1929 1521 1969 nec
1554 1929 1662 1968 non
1697 1913 1764 1967 de
1799 1912 1965 1966 mira-

412 2007 539 2060 cqu
568 2024 580 2059 :
612 2014 667 2060 et
699 2008 970 2074 quomodo
999 2004 1231 2059 carceris
1271 2014 1454 2058 custos
1476 2019 1599 2058 cum
1627 2003 1960 2066 credidisset,

414 2112 475 2149 ea
506 2097 620 2165 ipsa
662 2104 818 2151 nocte
852 2096 1033 2151 statim
1070 2095 1372 2163 baptizatus
1403 2102 1485 2148 est
1514 2110 1635 2150 cum
1660 2104 1769 2149 tota
1802 2095 1963 2149 domo

417 2204 537 2242 sua.
575 2188 726 2253 Quod
767 2189 937 2258 rogati
979 2186 1203 2257 apostoli
1235 2194 1361 2240 tunc
1380 2186 1584 2255 egressi
1615 2186 1723 2241 sint
1750 2201 1816 2241 ex
1843 2202 1964 2241 car-

414 2293 554 2332 cere.

489 2367 653 2422 XXV.
696 2368 771 2423 De
819 2368 1079 2423 seditione
1130 2367 1526 2424 Thessalonicae
1563 2366 1701 2422 facta
1745 2377 1962 2437 propter

414 2460 872 2530 prsedicationem,
911 2469 964 2515 et
1006 2460 1072 2514 de
1101 2458 1225 2530 fuga
1258 2458 1409 2514 Pauli
1454 2457 1696 2513 Berteam
1745 2471 1799 2514 et
1839 2459 1962 2514 inde

414 2552 673 2605 Athenas.

483 2641 673 2697 XXVI.
714 2642 789 2697 De
824 2643 1176 2713 inscriptione
1215 2641 1642 2715 Athenissuper
1676 2643 1866 2709 altari;
1896 2645 1962 2698 de

414 2733 783 2804 phiIOSOphica
820 2733 1194 2803 praedicatione
1220 2743 1273 2789 et
1296 2736 1492 2805 pietate
1512 2734 1687 2790 Pauli.

485 2826 690 2882 XXVII.
731 2826 807 2882 De
829 2827 1019 2897 Aquila
1050 2838 1102 2883 et
1133 2826 1396 2893 Priscilla,
1424 2827 1563 2883 etde
1589 2826 1963 2882 incredulitate

412 2916 848 2985 Corinthiorum,
889 2921 1101 2975 etiamsi
1140 2918 1307 2974 Paulo
1340 2919 1636 2975 secundum
1675 2919 1963 2989 praeseien-

416 3011 544 3061 tiam
589 3007 977 3077 beneplacitum
1016 3007 1109 3063 Dei
1145 3023 1269 3078 erga
1304 3007 1426 3061 illos
1461 3006 1753 3062 revelatum
1783 3013 1959 3074 esset;

415 3100 507 3153 ubi
537 3100 602 3153 de
625 3096 1064 3170 Prisco-(Crispo)
1090 3100 1528 3171 archisynagogo,
1568 3097 1662 3167 qui
1689 3112 1810 3151 cum
1843 3097 1962 3151 aliis

414 3190 736 3256 quibusdam
756 3188 982 3244 credidit
1002 3197 1051 3243 et
1074 3188 1375 3258 baptizatus
1395 3194 1495 3243 est.
1524 3185 1678 3253 Quod
1699 3185 1962 3241 seditione
1994 3226 2036 3283 Ο

413 3281 658 3335 Corinthi
691 3290 868 3346 mota,
904 3280 1105 3338 Paulus
1151 3275 1480 3347 recesserit;'
1519 3289 1574 3334 et
1630 3279 1797 3350 quod,
1838 3292 1961 3334 cum

414 3370 682 3440 Ephesum
706 3374 960 3439 venisset,
988 3373 1199 3429 exierit.
1232 3371 1309 3428 De
1332 3372 1522 3443 Apollo
1544 3371 1661 3427 viro
1681 3372 1964 3442 eloquente

415 3479 479 3518 ac
506 3463 665 3518 ﬁdeli.

451 3572 454 3575 ·
486 3552 719 3608 XXVIII.
760 3553 835 3608 De
859 3555 1180 3624 baptismate
1206 3564 1258 3609 et
1282 3555 1347 3609 de
1374 3552 1605 3624 Spiritus
1630 3551 1802 3609 sancti
1823 3551 1965 3605 dono

416 3660 678 3701 concesso
711 3644 1052 3699 credentibus
1086 3644 1283 3713 Ephesi
1324 3657 1418 3713 per
1460 3643 1756 3697 orationem
1788 3640 1961 3705 Pauli,

415 3748 469 3792 et
509 3740 785 3793 curatione
830 3739 1031 3808 populi.
1080 3736 1155 3793 De
1198 3737 1321 3792 ﬁliis
1351 3736 1552 3804 Scevaa,
1596 3744 1650 3791 et
1684 3736 1829 3805 quod
1854 3750 1963 3789 non

415 3838 658 3898 oporteat
684 3830 938 3884 accedere
960 3829 1024 3883 ad
1052 3827 1293 3883 inﬁdeles
1316 3835 1370 3884 et
1391 3829 1494 3883 [ide
1519 3827 1787 3899 indignos,
1815 3841 1877 3880 ac
1900 3827 1966 3880 de

415 3921 754 3976 confessione
792 3921 1140 3977 credentium.
1185 3918 1260 3974 De
1297 3921 1556 3975 seditione
1594 3918 1791 3988 Ephesi
1821 3926 1965 3972 mota

416 4029 513 4080 per
538 4011 865 4068 Demetrium
896 4012 1256 4084 argentarium
1278 4020 1467 4069 contra
1493 4012 1786 4080 apostolos.

490 4274 682 4329 XXIX.
722 4274 985 4330 Periodus
1012 4273 1187 4341 Pauli,
1221 4273 1312 4328 ubi
1342 4273 1409 4328 de
1440 4281 1613 4327 morte
1645 4280 1699 4325 et
1724 4285 1965 4326 resurre-

419 4368 599 4421 ctione
649 4366 875 4437 Eutychi
924 4367 979 4421 in
1029 4364 1237 4420 Troade
1287 4380 1381 4434 per
1435 4364 1730 4418 orationem
1772 4360 1962 4416 Pauli:

419 4456 823 4511 adhortationes
862 4457 1157 4525 pastorales
1191 4455 1432 4524 ejusdem
1465 4452 1617 4507 Pauli
1643 4452 1709 4507 ad
1738 4453 1963 4522 presby-

2074 623 2313 685 ίαθέντος
2352 619 2439 673 διὰ
2470 618 2575 671 τῶν
2632 615 2966 687 ἀποστόλων·
3007 614 3196 681 διόπερ
3232 607 3369 664 εἶναί
3415 628 3473 663 τε
3513 610 3625 663 θεοὶ

2071 716 2164 770 καὶ
2186 713 2450 784 ,παρεῖναι
2492 708 2677 775 ἔδοξαν
2720 711 2832 771 τοῖς
2874 707 3177 778 ἐγχωρίοις.
3218 703 3385 757 Ἔνθα
3430 701 3494 772 δὴ
3530 702 3623 755 καὶ

2074 808 2365 880 μετέπειτα
2395 800 2668 865 λιθάζεται
2710 801 2739 851 ὁ
2782 799 2991 863 Παῦλος
3029 794 3180 870 παρά
3221 794 3328 849 τῶν
3375 794 3624 862 ἀστυγει-

2069 902 2255 954 τόνων.

2137 992 2262 1046 ΚΓ’.
2296 992 2417 1045 Ὅτι
2458 989 2516 1042 οὐ
2548 988 2629 1041 δεῖ
2651 980 3068 1056 περιτέμνεσθαι
3094 979 3219 1042 τοὺς
3246 977 3305 1043 ἐξ
3331 977 3496 1031 ἐθνῶν
3529 991 3623 1028 πι-

2072 1082 2374 1148 στεύοντας,
2421 1081 2648 1150 δόγματι
2677 1078 2771 1131 καὶ
2808 1075 2985 1146 κρίσει
3017 1071 3121 1125 τῶν
3152 1070 3478 1124 ἀποστόλων·
3505 1069 3525 1089 ‘
3561 1070 3623 1121 ἐν

2067 1165 2112 1239 ᾧ
2158 1170 2408 1241 ἐπιστολὴ
2452 1168 2631 1223 αὐτῶν
2671 1163 2977 1219 ἀποστόλων
3015 1160 3149 1231 πρὸς
3179 1161 3305 1222 τοὺς
3350 1158 3409 1222 ἐξ
3453 1156 3624 1212 ἐθνῶν

2068 1263 2195 1332 περ).
2225 1261 2331 1315 τῶν
2363 1261 2674 1331 φυλακτέων
2693 1257 2800 1327 (65)
2833 1259 2848 1277 ⁶
2890 1253 3226 1324 Ἀντίρρησις
3249 1250 3460 1304 Παύλου
3485 1249 3623 1321 πρὸς

2061 1354 2350 1427 ,Βαρνάϐαν
2380 1351 2469 1405 διὰ
2498 1352 2741 1422 Μάρκον.

2060 1464 2071 1475 ·
2137 1448 2260 1505 KA'.
2296 1444 2431 1515 Περὶ
2462 1443 2833 1511 “κατηχήσεως
2880 1433 3165 1506 Τιμοθέου,
3213 1432 3306 1486 κα).
3348 1432 3447 1501 τῆς
3500 1427 3620 1515 κατέ

2068 1513 2404 1605 ἀποκάλυψιν
2430 1533 2667 1603 ἀφίξεως
2696 1529 2910 1583 Παύλου
2941 1528 3020 1588 είς
3048 1523 3405 1578 Μακεδονίαν·
3441 1525 3459 1544 ⁴
3490 1523 3546 1574 ἐν
3576 1513 3621 1588 ᾧ

2068 1628 2195 1699 περ)⁵
2223 1628 2454 1689 πίστεως
2476 1625 2569 1678 καὶ
2605 1620 2875 1692 σωτηρίας
2908 1616 3160 1686 γυναικός
3192 1632 3333 1677 τινος
3359 1612 3575 1675 Λυδίας,
3600 1612 3621 1633 ¹

2067 1720 2158 1772 καὶ
2187 1718 2315 1788 περὶ
2350 1714 2540 1776 ἰάσεως
2572 1711 2669 1782 τῆς
2705 1707 2919 1779 πνεῦμα
2953 1705 3213 1797 Πύθωνος⁹
3233 1703 3461 1797 ἐχούσης
3494 1720 3621 1754 παι-

2065 1809 2273 1878 δίσκης,
2305 1806 2371 1859 δι’
2404 1808 2469 1876 ἣν
2495 1804 2588 1856 τὸν
2610 1801 2819 1855 Παῦλον
2848 1796 3137 1869 καθεῖρξαν
3164 1792 3211 1847 οἱ
3243 1792 3495 1847 δεσπόται
3524 1792 3621 1845 αὐ-

2000 1874 2038 1926 B
2065 1899 2162 1968 τῆς
2189 1874 2285 1969 τῆς
2310 1874 2616 1969 παιδίσκης·
2650 1896 2667 1912 ·
2703 1891 2797 1945 καὶ
2828 1889 2955 1959 περὶ
2981 1886 3074 1940 τοῦ
3104 1882 3406 1954 συμϐάντος
3445 1883 3621 1934 ἐκεῖσε

2068 1988 2289 2059 σεισμοῦ
2323 1989 2415 2042 καὶ
2447 1985 2752 2057 θαύματος·
2804 1983 2898 2035 καὶ
2937 1981 3082 2042 ὅπως
3116 1974 3406 2036 πιστεύσας
3430 1974 3459 2025 ό
3511 1973 3625 2045 εἱρ-

2067 2080 2353 2151 κτοφύλαξ,
2388 2081 2445 2132 ἐν
2470 2080 2605 2149 αὐτῇ
2638 2079 2704 2148 τῇ
2737 2076 2891 2130 νυκτ)⁸
2920 2068 3221 2139 ἐϐαπτίσθη
3261 2062 3620 2137 παραχρῆμα,

2067 2170 2350 2232 πανεύτιος
2380 2168 2510 2239 (64).
2545 2170 2567 2191 ‘
2607 2168 2727 2220 Ὅτι
2777 2160 3217 2237 παρακληθέντες
3250 2155 3469 2228 ἐξῆλθον
3499 2154 3621 2207 τότε
3727 2159 3735 2169 ’

2066 2265 2130 2316 ἐκ
2157 2262 2251 2317 τοῦ
2277 2260 2644 2332 δεσμωτηρίου
2675 2261 2723 2312 οἱ
2755 2255 3059 2311 ἀπόστολοι.

2135 2354 2260 2408 ΚΕ’.
2302 2352 2438 2425 Περὶ
2470 2351 2708 2413 στάσεως
2737 2346 3034 2417 γενομένης
3051 2345 3107 2396 ἐν
3131 2338 3494 2409 Θεσσαλονίκῃ
3525 2333 3619 2389 τοῦ

2066 2440 2417 2516 κηρύγματος
2450 2442 2652 2504 ἕνεκεν,
2687 2440 2863 2510 φυγῆς
2908 2455 2968 2490 τε
3012 2435 3222 2489 Παύλου
3256 2433 3335 2495 είς
3378 2431 3621 2501 Βέροιαν,

2070 2534 2322 2589 κάκεῖθεν
2348 2536 2428 2597 είς
2473 2532 2714 2604 Ἀθήνας.

2138 2627 2281 2691 KQ".
2319 2623 2457 2695 Περὶ
2502 2622 2600 2693 τῆς
2643 2624 2700 2675 ἐν
2759 2619 3003 2693 Ἀθήναις
3055 2616 3355 2687 ὲπιϐωμίου
3386 2610 3622 2684 γραφῆς,

2068 2715 2351 2787 φιλοσόφου
2379 2732 2438 2767 τε
2465 2712 2815 2784 κηρύγματος
2834 2710 2929 2765 καὶ
2953 2708 3230 2771 εὐσεϐείας
3260 2703 3353 2758 τοῦ
3385 2701 3621 2756 Παύλου.

2134 2807 2432 2880 ΚΖἎΠερὶ
2473 2806 2671 2861 Ἀκύλα
2696 2804 2792 2859 καὶ
2828 2800 3154 2875 Πρισκίλλης
3183 2799 3275 2853 καὶ
3302 2797 3400 2868 τῆς
3431 2797 3624 2865 Κοριν-
3724 2796 3729 2801 ’

2030 2894 2041 2905 ’
2067 2901 2195 2954 θίων
2225 2898 2525 2963 ἀπειθείας,
2562 2898 2656 2952 καὶ
2677 2896 2776 2967 τῆς
2803 2893 2943 2948 κατά
2969 2893 3272 2964 πρόγνωσιν
3302 2889 3484 2949 αὐτοῖς
3513 2884 3621 2955 (65)

2067 2992 2310 3056 εὐδοκίας
2340 2991 2435 3045 τοῦ
2459 2988 2597 3066 θεοῦ
2621 2986 3090 3057 ἀποκαλυφθείσης
3119 2982 3196 3054 τῷ
3212 2982 3424 3050 Παύλῳ·
3450 2982 3469 3002 ⁶
3490 2980 3545 3033 ἐν
3576 2970 3622 3046 ᾧ

2066 3087 2194 3157 περ).
2223 3084 2462 3156 Πρίσκου
2494 3081 2603 3154 (66)
2633 3076 3078 3152 ἀρχισυναγώγου
3113 3073 3495 3134 πιστεύσαντος
3526 3070 3624 3123 σὺν

2066 3177 2271 3250 ἑτέροις
2300 3176 2440 3229 τισὶν
2459 3174 2553 3228 καὶ
2585 3171 2985 3244 βαπτισθέντος.
3017 3170 3034 3189 ‘
3064 3168 3184 3221 Ὅτι
3217 3164 3454 3227 στάσεως
3477 3179 3624 3232 xm;-

2067 3269 2253 3338 θείσης
2285 3269 2342 3319 ἐν
2381 3265 2650 3338 Κορίνθῳ,
2690 3265 2718 3317 ὁ
2750 3261 2957 3326 Παῦλος
2990 3256 3428 3329 ὑπανεχώρησεν·
3455 3251 3621 3307 ἐλθών

2062 3377 2121 3413 τε
2146 3362 2225 3422 εἰς
2261 3359 2490 3428 Ἔφεσον
2539 3357 2632 3411 καὶ
2662 3354 2982 3425 διαλεχθεὶς,
3019 3350 3298 3430 tantes»);
3339 3347 3450 3401 Kal.
3495 3345 3642 3418 napi.
3712 3362 3731 3393 λ.

2076 3449 2314 3503 Ἀπολλὼ
2343 3449 2532 3521 ἀνδρὸς
2561 3447 2741 3516 λογίου
2768 3447 2862 3500 κα).
2892 3442 3107 3498 πιστοῦ.
3346 3468 3349 3473 ι

2134 3543 2268 3596 KH’.
2303 3504 2453 3612 Περὶ.
2483 3504 2854 3609 βαπτίσματος
2881 3535 2976 3589 καὶ
3005 3534 3104 3602 τῆς
3133 3531 3227 3586 τοῦ
3265 3530 3418 3598 ἁγίου
3455 3504 3623 3581 Πνεύ-
3692 3548 3697 3551 ·
3736 3563 3743 3567 ρ
3818 3550 3825 3558 -

2068 3648 2232 3701 ματος
2273 3632 2478 3703 δωρεᾶς
2522 3629 2768 3697 δοθείσης
2801 3626 2887 3680 διὰ
2927 3625 3230 3696 προσευχῆς
3269 3620 3480 3674 Παύλου
3510 3620 3622 3678 τοῖς

2065 3727 2122 3777 ἐν
2182 3722 2388 3795 Ἐφέσῳ
2443 3721 2754 3774 πιστεύουσι
2782 3716 2913 3787 (67),
2969 3715 3062 3768 καὶ
3106 3713 3233 3785 περ).
3281 3712 3474 3773 ἰάσεως
3524 3706 3618 3761 τοῦ
3718 3714 3721 3719 “

2062 3818 2209 3873 λαοῦ.
2242 3820 2262 3842 ί
2294 3814 2428 3886 Περὶ
2446 3813 2554 3865 τῶν
2586 3809 2715 3862 υἱῶν
2738 3809 2934 3874 Σκευᾶ,
2962 3806 3057 3859 καὶ
3080 3805 3163 3858 ὅτι
3185 3804 3244 3857 οὐ
3272 3802 3350 3855 δεῖ
3373 3816 3621 3872 προσχωρ

2065 3913 2177 3983 ρεῖν
2205 3905 2314 3980 (68)
2345 3892 2591 3965 ἀπίστοις
2620 3901 2712 3953 καὶ
2744 3897 2982 3964 ἀναξίοις
3013 3897 3111 3967 τῆς
3139 3897 3373 3957 πίστεως
3398 3890 3618 3961 γινομέ-

2063 4018 2201 4065 νοις,
2265 3996 2361 4049 καὶ
2405 3994 2533 4064 περὶ
2587 3989 3019 4060 ἐξομολογήσεως
3067 3985 3173 4038 τῶν
3223 3983 3623 4037 πιστευόντων·
3671 4044 3688 4061 ’

2064 4095 2084 4115 "
2106 4090 2233 4160 περὶ
2257 4088 2355 4155 τῆς
2373 4086 2429 4138 έν
2460 4082 2670 4151 Ἐφέσῳ
2699 4078 3010 4149 κινηθείσης
3041 4076 3279 4140 στάσεως
3312 4074 3416 4127 ὑπὸ
3439 4075 3623 4145 Δημη-
3670 4066 3679 4073 ’

2062 4168 2213 4254 τρίου
2245 4177 2339 4231 τοῦ
2367 4172 2744 4246 ἀργυροκόπου
2775 4168 2915 4223 κατὰ
2938 4167 3047 4254 τῶν
3076 4165 3406 4220 ἀποστόλων.

2134 4270 2265 4327 KG'.
2308 4265 2559 4338 Περίοδος
2591 4262 2825 4337 Παύλου,
2855 4262 2912 4312 ἐν
2944 4253 2978 4334 ᾖ
3008 4259 3074 4312 τὰ
3118 4258 3246 4329 περ).
3271 4255 3363 4309 τοῦ
3394 4253 3620 4308 θανάτου

2064 4366 2158 4420 καὶ
2189 4361 2531 4432 ἀνακλήσεως
2564 4356 2803 4426 Εὐτύχου
2837 4352 2926 4432 διὰ
2946 4351 3251 4423 προσευχῆς
3289 4350 3346 4401 ἐν
3375 4345 3585 4418 Τρωάδι
3602 4359 3629 4389 ·.

2066 4430 2411 4529 παραινέσεις
2440 4469 2499 4504 τε
2526 4448 2689 4505 αὐτοῦ
2723 4430 2934 4500 Παύλου
2961 4438 3452 4529 ποιμαντικαιωθ)
3485 4437 3621 4529 πρὸς

420 4558 564 4602 teros
606 4545 820 4615 Ephesi.
872 4544 1153 4617 Navigatio
1202 4546 1352 4601 Pauli
1403 4544 1616 4614 Epheso
1663 4542 1960 4598 Caesaream

2067 4525 2190 4609 τοὺς
2230 4549 2288 4599 ἐν
2347 4543 2554 4625 Ἐφέσῳ
2597 4538 3023 4611 πρεσϐυτέρους·
3058 4535 3073 4554 ⁸
3118 4536 3175 4587 ὲν
3222 4525 3267 4600 ᾧ
3305 4528 3621 4601 παράπλους

417 4637 733 4692 Ριιιαξειίηαι.

489 4811 656 4867 XXX.
698 4812 866 4883 Agabi
909 4811 1186 4881 prophetia
1215 4811 1280 4865 de
1313 4811 1380 4866 iis
1415 4826 1536 4880 quae
1561 4809 1728 4864 Paulo
1755 4813 1968 4864 contin—

418 4923 541 4978 gere
571 4906 807 4959 futurum
833 4912 949 4958 erat
973 4904 1028 4957 in
1049 4902 1366 4957 Jerusalem.
1464 4960 1467 4963 ,

489 4995 678 5050 XXXI.
727 4996 1045 5049 Adhortatio
1064 4992 1247 5049 Jacobi
1269 4993 1335 5047 ad
1357 4992 1603 5059 Paulum,
1626 4992 1967 5067 nepHebmos

417 5088 699 5148 cohiberet
725 5102 754 5140 a
782 5087 1212 5142 circumcisione.

487 5182 703 5238 XXXII.
745 5185 817 5238 De
870 5183 1100 5239 tumultu
1146 5193 1265 5237 orto
1311 5182 1366 5235 in
1419 5179 1715 5236 Jerusalem
1779 5186 1966 5234 contra

420 5271 669 5341 Paulum,
702 5282 755 5329 et
784 5276 1055 5344 quomodo
1090 5292 1213 5332 eum
1262 5277 1505 5349 centurio
1550 5289 1581 5327 a
1623 5271 1968 5327 multitudine

420 5367 715 5433 eripuerit;
746 5368 839 5422 ubi
874 5367 1027 5422 Pauli
1053 5369 1242 5424 concio
1271 5369 1335 5423 de
1366 5383 1423 5423 se
1464 5368 1602 5436 ipso,
1636 5375 1690 5421 et
1716 5366 1779 5419 de
1809 5350 1971 5418 voca?

497 5565 609 5635 (62)
639 5534 852 5621 Euthal.
886 5569 951 5619 ἐκ
981 5568 1221 5635 γενετῆς.

501 5634 609 5719 (δῇ)
650 5634 740 5690 Sic
786 5647 932 5690 recte
975 5634 1190 5691 Euthal.
1241 5652 1340 5708 pro
1390 5636 1669 5706 φυλακέων
1715 5636 1834 5691 cod.
1876 5649 1977 5690 ms.

431 5706 590 5761 Coisl.

507 5776 614 5841 (64)
655 5773 876 5829 Rectius
910 5775 1105 5829 iterum
1147 5776 1379 5831 Euthalii
1426 5778 1636 5833 codices
1675 5778 1979 5839 πανέστιος.

436 5873 501 5887 -ι-
525 5844 709 5899 Montf.
741 5843 945 5915 legebat
974 5844 1204 5898 πανοικί.

2068 4639 2278 4693 Παύλου
2321 4624 2427 4690 ἀπὸ
2469 4633 2691 4702 Ἐφέσου
2732 4630 2858 4701 ἄχρι
2898 4624 3231 4697 Καισαρείας
3273 4621 3372 4693 τῆς
3416 4619 3618 4675 Παλαι-

2067 4729 2268 4798 στίνης.
3610 4754 3613 4755 ν

2135 4818 2213 4870 A'.
2277 4813 2507 4882 Ἀγάϐου
2539 4808 2847 4883 προφητεία
2884 4807 3011 4879 περ).
3050 4804 3157 4859 τῶν
3198 4801 3619 4874 συμϐησομένων

2065 4907 2142 4973 τῷ
2170 4906 2364 4975 Παύλῳ
2394 4906 2452 4958 ἐν
2492 4900 2859 4972 Ἰερουσαλήμ.

2138 4999 2260 5051 AA'.
2297 4995 2620 5066 Παραίνεσις
2657 4988 2910 5044 Ἰακώϐου
2957 4987 3092 5058 πρὸς
3119 4982 3327 5038 Παῦλον
3351 4982 3477 5052 περ).
3502 4979 3617 5044 τοῦ,

2071 5091 2144 5161 μὴ
2175 5089 2348 5142 δοκεῖν
2376 5084 2601 5139 κωλύειν
2639 5081 2919 5152 Ἐϐραίους
2947 5073 3375 5148 περιτέμνεσθαι.

2137 5182 2257 5237 ΛΒ’.
2299 5179 2435 5248 Περὶ
2460 5177 2559 5248 τῆς
2609 5178 2666 5228 ἐν
2711 5170 3062 5244 Ἰερουσαλὴμ
3102 5166 3243 5221 κατά
3282 5164 3374 5218 τοῦ
3409 5161 3619 5217 Παύλου

2068 5270 2378 5341 κινηθείσης
2408 5265 2650 5330 ἀταξίας,
2685 5266 2833 5328 ὅπως
2861 5280 2921 5315 τε
2966 5260 3126 5314 αὐτὸν
3154 5260 3183 5311 ὁ
3214 5256 3487 5327 χιλίαρχος
3525 5251 3619 5305 τοῦ

2071 5362 2304 5433 πλήθους
2338 5358 2660 5429 ἐξαιρεῖται·
2691 5357 2710 5377 ⁴¹
2738 5358 2797 5410 ἐν
2827 5349 2871 5422 ᾧ
2900 5351 3110 5406 Παύλου
3139 5348 3465 5410 κατάστασις
3491 5343 3620 5413 περὶ

2158 5567 2267 5637 (65)
2306 5566 2543 5630 Euthal.,
2584 5567 2671 5620 ἐπ’
2707 5567 2907 5637 αὐτοῖς.
2944 5563 3051 5629 AL,
3088 5564 3174 5617 ἐπ’
3213 5563 3426 5626 αὐτούς.

2155 5636 2268 5708 (66)
2308 5636 2574 5708 Κρίσπου,
2614 5636 2827 5708 Euthal.

2156 5705 2270 5775 (67)
2309 5705 2681 5765 Πιστεύσασιν,
2724 5706 2795 5759 id.

2160 5775 2269 5847 (68)
2304 5777 2430 5847 AL,
2452 5777 2757 5847 ἐγχειρεῖν.-
3245 5840 3257 5847 _
3294 5813 3302 5819 .

2164 5840 2272 5915 (69)
2311 5840 2549 5915 Euthal.,
2589 5840 2905 5915 παραίνεσις
2941 5840 3293 5914 ποιμαντική.
