4090 6390
470 428 3692 470 W

1579 588 1763 630 (κείω
1813 589 2035 631 ΔΝΝῸΜ
2063 588 2289 633 ῺΟΜΙΝῙ
2332 589 2579 633 (DCXCVI.

1429 674 1602 932 S.
1792 751 2721 933 PHILEAS

982 1062 1560 1156 THMUEOS
1647 1066 2299 1160 EPISCOPUS
2378 1069 2528 1157 ET
2623 1066 3154 1157 MARTYR.

1758 1339 2396 1472 NOTITIA.

1281 1579 1570 1642 (GALLAND.,
1598 1578 1707 1629 Vel.
1734 1579 1876 1627 Patr.
1915 1575 2166 1639 Biblioth.,
2190 1582 2308 1627 tom.
2334 1575 2418 1638 ιν,
2444 1576 2665 1639 Proleg.,
2689 1589 2736 1638 p.
2766 1575 2871 1632 vn.)

2035 1715 2107 1725 -ο

532 1781 571 1842 ι.
610 1785 827 1862 Phileas
865 1799 977 1843 tum
1010 1789 1161 1844 rebus
1187 1792 1440 1857 prteclare
1477 1792 1656 1861 gestis,
1709 1801 1819 1844 tum
1863 1792 2106 1847 doctrina
2155 1803 2204 1847 et
2231 1793 2429 1862 'pietate
2476 1793 2704 1846 maxime
2747 1799 3027 1861 prazstans.
3081 1787 3410 1841 Tltmuitante
3448 1783 3697 1840 Ecclesia

452 1872 744 1933 emskcoplts,
781 1860 846 1933 de
876 1872 1173 1929 martyrum
1205 1862 1361 1933 laude
1393 1863 1623 1933 scripsit.
1649 1864 1977 1930 postmodum
2003 1874 2053 1917 et
2084 1866 2191 1933 ipse
2216 1860 2465 1933 martyr.
2567 1929 2609 1933 __
2652 1932 2655 1933 ν
2722 1930 2732 1933 Α
2802 1928 2823 1933 _
3010 1930 3040 1933 __
3212 1927 3223 1933 _
3354 1889 3363 1933 ζ

530 1921 571 1982 ll
627 1921 933 2010 'ltjpistolam
962 1921 1164 1999 quoque
1192 1932 1391 1983 dudum
1428 1921 1658 1995 editam,
1676 1942 1901 2001 quatuor
1928 1921 2287 2004 episcoporum
2328 1921 2532 1985 nomine
2554 1929 2766 1985 Meletio
2792 1928 3168 1999 Lycopolitano
3204 1927 3535 1996 inscripsisse
3566 1923 3696 1982 .Plti-
3740 1978 3746 1985 .

454 1998 564 2052 leas
595 2000 953 2053 existimatur.

526 2068 617 2124 Ill.
660 2068 775 2133 Quo
803 2078 1029 2138 tempore
1053 2072 1249 2139 scripta
1275 2070 1436 2139 fuerit
1456 2069 1716 2139 ejusmodi
1739 2072 1978 2141 epistola,
2004 2071 2333 2142 expenditur.

526 2184 566 2238 1.
608 2182 824 2241 Phileas
873 2186 1044 2254 patria
1095 2185 1455 2242 Thmuitanus
1483 2186 1537 2241 in
1567 2185 1800 2258 Egypto
1826 2230 1841 2250 ,
1887 2198 2024 2244 teste
2052 2193 2098 2250 Λ
2126 2199 2270 2243 tasse
2298 2187 2556 2243 Hilariani
2581 2187 2701 2249 aevi,
2732 2202 2797 2242 ex
2831 2186 3063 2255 abrupto
3088 2183 3341 2254 loquendi
3369 2198 3562 2253 genere
3585 2182 3688 2237 rite

458 2276 790 2348 llieronymo
819 2275 893 2347 (l)
914 2318 930 2346 ,
969 2279 1054 2332 vir
1085 2277 1187 2333 fuit
1218 2279 1429 2334 cunctis
1470 2279 1524 2333 in
1572 2279 1708 2335 urbe
1730 2280 2029 2336 honoribus

455 2387 521 2425 ac
558 2369 875 2425 muneribus
919 2386 1132 2425 summa
1159 2387 1282 2425 cum
1330 2372 1489 2427 laude
1522 2371 1857 2441 perfunctus,
1887 2382 1941 2427 et
1972 2374 2026 2428 in

455 2460 845 2531 philosOphicis
893 2461 1193 2531 disciplinis
1230 2462 1543 2517 excolendis
1587 2464 1876 2519 admodum
1920 2465 2029 2520 cla-

454 2567 589 2617 rus,
643 2560 706 2606 ut
755 2552 944 2607 scribit
988 2552 1255 2609 Eusebius
1290 2553 1404 2625 (2);
1449 2555 1703 2625 quodque
1752 2558 1829 2611 rei
1867 2568 2029 2626 caput

455 2653 572 2709 est,
608 2646 806 2715 pietate
853 2645 908 2698 in
957 2643 1124 2699 Deum
1174 2661 1237 2700 ac
1281 2645 1599 2701 fortitudine
1642 2648 1877 2701 maxime
1906 2647 2029 2702 illu-

452 2735 583 2789 stris
626 2734 700 2805 (5)
747 2752 762 2788 :
800 2733 1014 2805 ἀληθῶς
1050 2734 1335 2805 φιλόσοφός
1373 2753 1433 2790 τε
1472 2735 1606 2808 ὁμοῦ
1659 2737 1750 2791 καὶ
1787 2736 2027 2807 φιλόθεος

460 2825 690 2897 μάρτυς.
725 2842 836 2881 vere
880 2827 1218 2897 philosophus
1260 2827 1521 2899 simulque
1555 2828 1762 2883 divinus
1802 2840 2023 2900 martyr.

457 2917 709 2973 Ecclesia:
739 2918 923 2987 patria:
949 2925 1188 2989 suscepto
1216 2921 1518 2989 episcopatu
1537 2960 1552 2987 ,
1582 2920 2024 2991 elegantissimum

455 3009 648 3061 librum
686 3007 751 3062 de
778 3014 1088 3078 martyrum
1129 3010 1285 3064 laude
1310 3012 1596 3081 composuit
1631 3013 1741 3083 (4),
1776 3012 1867 3082 qui
1902 3012 2026 3068 Ale~

456 3098 696 3155 xandriaa
735 3103 1030 3169 praesertim
1066 3111 1295 3156 mortem
1341 3117 1440 3172 pro
1481 3102 1683 3158 Christi
1728 3103 1832 3158 ﬁde
1881 3104 2026 3159 obie-

455 3199 607 3256 rant;
641 3190 926 3261 ipsutnque
955 3190 1222 3248 Thmuitis
1253 3193 1549 3262 inscripsit,
1580 3195 1856 3264 epistolari
1883 3195 2024 3267 stylo

455 3290 788 3337 contextum.
837 3279 1014 3351 Hujus
1061 3282 1275 3354 insigne
1313 3282 1672 3354 fragmentum
1715 3286 1872 3342 nobis
1910 3301 2025 3341 ser-

456 3374 600 3429 vavit
640 3372 906 3429 Eusebius
936 3373 1053 3446 (5),
1094 3377 1239 3431 unde
1278 3376 1410 3431 illud
1455 3377 1862 3448 exscripsimus.
1911 3376 2021 3432 Pro

454 3462 664 3519 Christo
701 3464 920 3520 demum
954 3469 1124 3535 capite
1155 3475 1426 3521 truncatus
1449 3476 1524 3522 est
1551 3469 1737 3523 beatus
1771 3469 2017 3528 antistes,

2131 2279 2309 2349 arguit
2336 2278 2738 2333 eruditissimus
2767 2277 2960 2331 editor.
2998 2276 3242 2341 Quatuor
3267 2290 3432 2344 porro
3456 2274 3695 2343 episcopi
3726 2325 3731 2329 .

2128 2372 2220 2442 qui
2248 2386 2365 2426 eam
2394 2370 2675 2440 epistolam
2700 2383 2955 2424 exarasse
2981 2367 3352 2437 perhibentur,
3379 2366 3481 2421 hoc
3505 2367 3697 2423 ordine

2127 2462 2404 2519 distributi
2434 2470 2748 2531 comparent
2773 2479 2786 2515 :
2809 2459 3121 2529 Hesychius,
3152 2458 3489 2525 Paclwmius,
3526 2458 3568 2513 Τ
3570 2458 3695 2513 Iteo-

2127 2553 2285 2607 dorus
2318 2563 2370 2607 et
2417 2551 2629 2607 Phileas
2662 2568 2681 2606 :
2716 2552 2877 2606 iidem
2930 2552 3186 2605 nimirum
3231 2567 3463 2621 quorum
3504 2551 3699 2605 memi-

2129 2648 2207 2700 nit
2226 2644 2490 2701 Eusebius
2516 2645 2601 2701 his
2629 2644 2807 2699 verbis
2830 2641 2940 2712 (10)
2968 2662 2980 2698 :
3014 2662 3033 2695 ι
3065 2642 3141 2697 Ex
3175 2643 3262 2697 his
3292 2659 3420 2698 vero
3445 2642 3540 2713 qui
3566 2641 3696 2697 Ale-

2128 2738 2367 2793 xandria:
2396 2746 2451 2793 et
2478 2752 2572 2807 per
2612 2745 2777 2791 totam
2807 2733 3100 2807 :Egyptum
3132 2749 3196 2790 ac
3224 2732 3554 2790 Thebaidem
3594 2749 3693 2788 no-

2126 2828 2219 2884 bili
2260 2827 2518 2899 martyrio
2573 2826 2838 2898 perfuncti
2878 2835 3036 2890 sunt,
3089 2835 3439 2881 recensentur
3481 2824 3695 2880 Phileas

2125 2930 2177 2974 et
2207 2918 2527 2990 Hesychius,
2562 2917 2886 2973 Pachomius
2910 2928 2964 2974 et
2987 2918 3323 2983 Theodorus,
3353 2918 3689 2972 diversarum
3755 2991 3760 2996 _

2127 3011 2179 3065 in
2214 3009 2445 3081 Egypto
2478 3009 2839 3065 Ecclesiarum
2874 3010 3132 3079 episcopi.
3184 3028 3204 3061 ι
3242 3009 3418 3080 Atque
3441 3010 3544 3064 hac
3576 3009 3693 3079 ipsa

2124 3101 2427 3159 Eusebiana
2452 3103 2591 3157 serie
2609 3102 2732 3158 illos
2759 3103 2883 3157 item
2908 3111 3255 3157 enumeratos
3282 3101 3537 3157 exhibent
3556 3102 3690 3155 Acta

2124 3194 2392 3265 passionis
2442 3194 2614 3249 sancti
2681 3192 2822 3249 Petri
2878 3193 3226 3248 Alexandrini
3289 3209 3319 3247 a
3368 3191 3693 3249 Combelisio

2124 3285 2390 3356 evulgata.
2433 3284 2537 3351 Qui
2584 3294 2762 3339 tamen
2809 3284 3019 3353 primus
3061 3284 3354 3354 utrobique
3382 3284 3695 3339 nominatur

2121 3375 2368 3444 Phileas,
2409 3387 2599 3433 contra
2641 3376 2732 3431 hic
2775 3387 3084 3447 postremus
3131 3376 3468 3431 inscribitur.
3520 3375 3695 3432 Eccur

2122 3467 2367 3522 demum?
2403 3466 2642 3536 inquies.
2692 3464 2961 3519 Nimirum
3027 3466 3309 3536 epistolam
3351 3464 3564 3520 Phileas
3607 3465 3692 3534 ip-

451 3556 630 3610 eodem
660 3556 717 3608 in
751 3554 985 3625 Egypto
1018 3531 1390 3625 persecutionis
1426 3567 1661 3620 auctore,
1696 3575 1797 3628 quo
1832 3557 2019 3611 Lucia-
2050 3531 2092 3586 Β
2121 3567 2291 3614 semet
2332 3531 2694 3629 perscribens,
2743 3558 2942 3628 quippe
2982 3531 3075 3626 qui
3116 3558 3329 3613 caeteris
3369 3531 3692 3626 eloquentia:

451 3664 553 3702 nus
599 3646 964 3714 Nicomedia,
1009 3659 1069 3703 ut
1107 3649 1183 3703 ait
1223 3647 1586 3720 Hieronymus
1610 3649 1688 3719 (6)
1737 3667 1751 3704 :
1787 3650 2019 3703 Alexan-

452 3740 586 3793 dria;
615 3738 877 3794 nimirum
923 3739 1026 3794 sub
1066 3737 1383 3804 Maximino,
1411 3740 1555 3795 circa
1586 3739 1785 3794 Christi
1817 3755 2016 3793 annnnt

452 3827 556 3881 507
582 3827 679 3899 (7).
710 3826 843 3898 Ejus
868 3828 1107 3900 martyrii
1135 3827 1265 3882 Acta
1299 3839 1422 3899 post
1448 3827 1831 3885 Bollandianos
1854 3829 2021 3884 edidit

453 3917 829 3974 Theodoricus
871 3916 1189 3975 Ruinartins
1217 3918 1290 3989 (8)
1329 3937 1344 3973 :
1378 3935 1499 3989 qua:
1541 3921 1684 3974 enim
1720 3918 1904 3976 Grtece
1946 3922 2021 3976 si-

455 4009 567 4065 mul
595 4019 650 4065 et
688 4008 878 4065 Latine
915 4010 970 4065 in
1002 4008 1301 4079 Triumpltis
1356 4010 1504 4065 lectis
1545 4020 1838 4080 martyrum
1866 4013 2019 4067 evul—

455 4098 1023 4170 gavitCombelisius,
1076 4104 1260 4159 minus
1307 4103 1521 4158 sincera
1569 4102 1798 4158 eruditis
1840 4103 2024 4160 existi-

458 4202 693 4249 mantut‘.

526 4284 591 4340 ll.
632 4285 774 4341 Huic
811 4294 991 4340 autem
1021 4284 1194 4341 sancti
1227 4282 1427 4340 Philete
1455 4284 1774 4356 fragmento,
1805 4300 1873 4341 ex
1900 4285 2019 4355 ejus

456 4377 593 4432 libro
637 4376 715 4431 De
769 4379 1088 4447 martyribus
1136 4377 1508 4432 Alexandrinis
1541 4390 1828 4450 excerpto,
1880 4379 2020 4435 inte-

453 4484 605 4537 gram
652 4469 947 4539 adiecimus
989 4471 1295 4540 epistolam,
1338 4485 1500 4541 quam
1537 4468 1751 4525 Meletio
1778 4468 2020 4541 Lycope-

453 4559 624 4613 litano
649 4560 922 4630 episcopo,
954 4568 1066 4616 tum
1103 4576 1204 4617 suo
1245 4570 1359 4615 tum
1388 4560 1549 4615 etiam
1580 4561 1743 4615 trium
1786 4563 2016 4619 aliorum

454 4652 831 4721 episcoporum
864 4653 1083 4708 nomine
1130 4652 1271 4706 idem
1308 4650 1522 4707 Phileas
1566 4652 1914 4723 inscripsisse
1940 4657 2021 4709 vi-

452 4746 633 4798 detur.
668 4741 802 4798 Eam
813 4747 954 4799 'vero
975 4759 1100 4799 cum
1133 4745 1254 4799 aliis
1275 4744 1656 4800 ecclesiastica:
1678 4747 2019 4816 antiquitatis

455 4834 842 4929 monumentis,
873 4833 941 4929 ad
971 4832 1206 4929 scitisma
1231 4832 1573 4929 bdeletianum
1601 4836 1868 4905 praecipue
1896 4853 2017 4907 per-
2043 4872 2085 4929 Ο

456 4923 773 4989 tinentibus,
819 4922 1028 4991 primus
1067 4921 1209 4977 haud
1239 4923 1314 4977 ita
1342 4924 1549 4993 pridem
1580 4925 1634 4978 in
1667 4925 1841 4980 lucem
1873 4927 2016 4981 eruit

452 5029 519 5066 ex
553 5022 768 5068 vetusto
817 5028 919 5068 ms.
968 5012 1154 5067 codice
1196 5012 1416 5082 capituli
1467 5011 1793 5072 Veronensis
1821 5018 1903 5070 vir
1941 5018 2012 5071 cl.

453 5102 636 5174 Scipio
667 5102 909 5159 Maifeius
940 5102 1015 5175 (9)
1040 5145 1054 5159 .
1106 5102 1236 5170 Quae
1268 5104 1486 5174 quidem
1516 5121 1639 5162 cum
1688 5109 1912 5180 reliquis
1938 5111 2009 5165 ei-

452 5195 573 5249 dem
622 5195 845 5264 adjectis
875 5211 942 5250 ex
972 5194 1159 5251 Greco
1187 5212 1306 5253 esse
1351 5199 1610 5254 translata
1650 5202 2014 5271 contperitur;

452 5286 984 5357 vetustissimamque
1013 5298 1267 5357 praeterea
1295 5306 1417 5346 esse
1448 5292 1771 5360 versionem,
1805 5310 1867 5350 ac
1905 5294 2015 5349 ior-

522 5419 599 5483 (1)
638 5415 833 5473 Derir.
879 5418 1114 5483 illustr.,
1157 5434 1273 5487 cap.
1307 5418 1393 5473 78.

523 5488 601 5559 (ἓ)
640 5487 785 5559 Hist.
811 5490 938 5543 eccl.
959 5530 974 5553 ,
1009 5490 1101 5543 lib.
1130 5504 1246 5555 vnt,
1275 5504 1392 5559 cap.
1434 5491 1486 5545 9.

524 5557 600 5629 (5)
639 5556 741 5629 id,
772 5559 902 5611 ibid.
924 5600 939 5623 ,
978 5573 1096 5629 cap.
1126 5560 1212 5613 10.
1252 5620 1261 5628 ,

523 5627 602 5693 (4)
638 5625 856 5682 Hieron.
878 5669 892 5691 ,
922 5629 1025 5684 loc.
1046 5625 1148 5683 'cit.

523 5698 600 5763 (5)
640 5695 768 5770 Luc.
800 5698 890 5770 cit.
912 5739 927 5765 ,
953 5716 1073 5770 cap.
1115 5698 1199 5754 10.

523 5770 599 5837 (6)
640 5763 771 5822 Loc.
805 5763 920 5821 cit.
1021 5763 1036 5770 ’
1146 5814 1156 5823 .

2118 3658 2172 3705 et
2213 3649 2471 3705 doctrina:
2502 3649 2662 3704 laude
2691 3658 2991 3720 praestaret,
3037 3656 3097 3704 ut
3142 3650 3305 3705 modo
3352 3665 3418 3705 ex
3453 3648 3691 3704 Eusebio

2118 3749 2281 3811 atque
2342 3738 2670 3811 Hieronymo
2737 3740 3085 3807 accepimus,
3141 3740 3336 3794 ultimo
3406 3746 3689 3809 propterea

2117 3830 2239 3886 loco
2265 3830 2543 3885 modestia:
2572 3843 2735 3884 causa
2768 3842 2827 3883 se
2854 3827 3032 3897 ipsum
3078 3829 3379 3884 nominavit
3410 3846 3424 3884 :
3456 3844 3576 3899 qua:
3604 3838 3689 3883 est

2117 3922 2477 3978 laudatissitni
2504 3922 2605 3977 viri
2630 3923 2963 3993 conjectura.

2187 4009 2278 4069 Ill.
2316 4008 2581 4068 Caeterum
2610 4014 2653 4069 si
2687 4026 2899 4084 tempus
2932 4013 3176 4082 requiras
3208 4026 3318 4080 quo
3340 4012 3539 4081 scripta
3572 4011 3687 4069 fue-

2116 4105 2189 4159 rit
2226 4106 2484 4175 epistola,
2518 4106 2676 4174 plane
2721 4112 2933 4161 constat
2963 4103 3130 4158 fuisse
3179 4102 3325 4157 illam
3372 4113 3646 4159 exaratam
3669 4148 3685 4172 ,

2116 4194 2245 4250 dum
2274 4196 2452 4251 adhuc
2484 4199 2539 4251 in
2571 4195 2709 4251 vivis
2740 4206 2922 4265 ageret
2968 4204 3190 4250 sanctus
3216 4193 3410 4251 Petrus
3453 4197 3689 4251 Alexan-

2116 4286 2287 4341 drina:
2316 4285 2569 4341 Ecclesia:
2596 4286 2841 4341 antistes.
2894 4283 2985 4339 Sic
3012 4284 3156 4338 enim
3189 4283 3266 4337 ibi
3305 4284 3575 4339 Meletium
3606 4286 3688 4338 al-

2116 4378 2416 4445 loquuntur
2459 4376 2697 4431 illustres
2728 4374 2930 4431 Christi
2982 4371 3371 4429 confessores:
3410 4392 3428 4426 (
3470 4371 3551 4428 'l‘u
3596 4390 3688 4427 att-

2116 4476 2223 4523 tem
2255 4484 2362 4521 non
2397 4467 2747 4523 considerans
2794 4466 2974 4537 magni
3020 4468 3259 4537 episcopi
3292 4481 3357 4522 ac
3385 4466 3552 4537 patris
3582 4482 3685 4520 no-

2116 4560 2215 4613 stri
2257 4557 2404 4631 Petri
2450 4559 2734 4624 honorem,
2765 4574 2831 4611 ex
2859 4572 2967 4627 quo
2997 4559 3177 4612 cuncti
3213 4573 3309 4627 per
3340 4572 3491 4627 Spem
3519 4571 3682 4626 quam

2120 4651 2378 4704 habemus
2427 4649 2479 4703 itt
2536 4649 2989 4707 Dominonostro
3034 4647 3161 4703 Jesu
3194 4649 3448 4713 Christo,
3494 4649 3685 4718 pende-

2118 4755 2234 4792 mus
2266 4758 2284 4789 t
2319 4746 2423 4793 etc.
2449 4736 2636 4808 Neque
2667 4738 2809 4793 ullus
2845 4737 3127 4793 dubitandi
3157 4739 3310 4793 locus
3338 4738 3681 4807 relinquitur,

2118 4831 2249 4900 quin
2278 4830 2311 4884 ii
2336 4831 2580 4884 eantdem
2622 4830 2905 4899 epistolam
2944 4830 3279 4899 scripserint,
3311 4830 3440 4883 dum
3475 4830 3529 4883 in
3563 4846 3683 4885 car-

2117 4936 2239 4976 cere
2286 4921 2655 4976 detinerentur
2688 4938 2703 4975 :
2736 4930 2796 4975 ut
2824 4920 3050 4990 proinde
3099 4920 3226 4974 hinc
3263 4919 3495 4976 fortasse
3521 4920 3676 4977 Mele-

2117 5012 2226 5067 tius
2250 5012 2694 5082 perniciosissimi
2730 5012 2783 5065 in
2817 5011 3048 5082 Egypto
3073 5010 3383 5067 schismatis
3413 5012 3680 5067 conflandi

2116 5114 2304 5157 ansam
2330 5103 2636 5172 arripuerit.
2670 5101 2826 5168 Quod
2850 5103 3066 5172 quidem
3090 5118 3212 5156 cum
3240 5113 3427 5158 nostro
3448 5103 3680 5159 Baronio

2116 5199 2347 5267 aliisque
2395 5196 2526 5251 viris
2577 5195 2753 5251 doctis
2784 5194 2929 5250 circa
2974 5211 3175 5249 annum
3228 5194 3332 5250 306
3389 5195 3680 5269 contigisse

2117 5288 2515 5344 existimamus.

2295 5422 2537 5505 :l‘illemq
2582 5422 2906 5495 Hdm.,tom.
2937 5419 3002 5486 γ,
3030 5438 3149 5493 pag.
3188 5421 3308 5487 780,
3353 5398 3465 5479 not.
3496 5425 3552 5492 5,
3581 5440 3683 5482 sur

2120 5491 2175 5547 S.
2199 5491 2445 5548 ‘Philéas.
2755 5491 2765 5495 ⁷
3034 5491 3043 5492 “
3106 5491 3121 5493 “
3198 5536 3203 5541 .

2188 5564 2265 5630 (8)
2305 5566 2422 5617 Act.
2459 5572 2618 5617 mart.
2656 5563 2822 5625 sincq
2858 5577 2979 5630 pag.
3019 5562 3142 5616 454.

2189 5635 2260 5707 (9)
2304 5634 2509 5688 Osserv.
2522 5632 2727 5707 _l_e_t_ter.,
2761 5640 2894 5686 tont.
2925 5631 3009 5699 Ill,
3040 5648 3157 5701 pag.
3186 5631 3367 5688 {1-17.
3390 5662 3457 5675 —
3481 5632 3677 5707 Opusc.

2116 5702 2295 5757 eccles.
2315 5745 2331 5767 ,
2361 5718 2482 5773 pag.
2515 5702 2623 5773 254
2656 5719 2809 5772 seqq.

2191 5773 2299 5844 (l0)
2343 5770 2484 5828 Hist.
2516 5772 2641 5828 eccl.
2673 5770 2784 5827 lib.“
2805 5786 2924 5839 vut,
2951 5785 3070 5841 cap.
3108 5770 3191 5826 15.
