4090 6388
468 382 641 463 “ιδοδ

1716 407 1774 463 s.
1815 364 2088 462 parum
2128 404 2507 463 THMUITANI

3371 358 3415 377 ”
3504 450 3509 455 .
3598 397 3741 453 1565

503 528 722 598 ungulis
759 527 1107 583 adhibebant.
1142 528 1373 595 Quidam
1411 545 1538 584 vero
1582 530 1749 584 altera
1797 546 1958 605 manu
1996 531 2062 585 ad

2176 529 2273 582 ὶπὺ
2302 530 2401 600 τῆς
2424 530 2587 593 στοᾶς
2635 529 2762 599 μιᾶς
2791 526 2969 598 χειρὸς
3013 523 3374 596 ἐξηρτημένοι
3419 522 3736 592 αἰωροῦντο,

502 622 770 691 porticum
809 622 1061 690 suSpensi
1095 621 1437 691 pendebant;
1473 622 1673 691 quibus
1714 604 2069 678 articulorum

503 719 983 786 membrorumque
1017 717 1258 771 omnium
1301 718 1567 773 distensio
1595 719 1790 788 quovis
1825 718 2068 772 cruciatu

501 816 623 862 erat
649 806 915 861 acerbior.
958 806 1064 860 Alii
1096 807 1337 861 vultibus
1376 808 1429 861 in
1468 823 1528 863 se
1568 815 1761 862 mutuo
1789 807 2069 863 conversis

505 900 574 953 ad
602 899 887 953 columnas
916 899 1302 968 alligabantur,
1336 898 1563 968 pedibus
1587 899 1763 953 solum
1804 915 1913 954 non
1941 916 2071 954 con-

506 988 871 1058 tingentibus;
913 989 1049 1043 adeo
1099 997 1160 1043 ut
1197 989 1415 1043 vincula
1462 990 1729 1059 gravitate
1777 1003 2069 1058 corporum

503 1080 716 1145 adacta,
748 1081 929 1136 acrius
975 1080 1407 1135 intenderentur.
1451 1081 1631 1150 Atque
1674 1081 1729 1135 id
1769 1081 2071 1136 tolerabant

506 1186 614 1225 non
649 1171 827 1225 solum
875 1172 1120 1241 quandiu
1166 1154 1381 1241 praeses‘
1413 1186 1508 1225 eos
1546 1172 1943 1243 alloquebatur,
1979 1180 2075 1226 aut

505 1263 795 1317 audiendis
822 1262 957 1332 ipsis
984 1262 1237 1324 vacabat,
1268 1262 1362 1317 sed
1398 1270 1516 1317 toto
1542 1263 1929 1333 propemodum
1962 1262 2091 1317 die.‘

482 1351 639 1415 ,Nam
678 1354 770 1408 ubi
802 1354 866 1407 ad
911 1354 1048 1408 alios
1075 1354 1373 1409 audiendos
1421 1355 1741 1418 transierat,
1791 1353 2072 1410 ministros

505 1443 668 1498 oilicii
704 1444 786 1497 sui
828 1444 1200 1514 relinquebat,
1245 1444 1339 1513 qui
1386 1444 1659 1513 prioribus
1696 1444 2070 1508 imminerent;

428 1529 433 1533 ⁴
506 1538 550 1588 si
582 1534 721 1588 forte
752 1535 879 1605 quis
923 1544 1319 1589 tormentorum
1361 1536 1654 1591 acerbitate
1678 1536 1855 1591 victus
1896 1551 1925 1590 a
1950 1550 2075 1605 pro-

504 1624 684 1693 posito
711 1624 1015 1679 desciscere
1036 1624 1331 1678 videretur.
1379 1622 1716 1694 Jubebatque
1749 1639 1843 1679 eos
1868 1623 2074 1693 absque

507 1715 613 1775 ulla
647 1715 996 1770 miseratione
1021 1716 1252 1771 vinculis
1279 1715 1493 1787 stringi,
1521 1725 1576 1770 et.
1596 1724 1783 1786 postea
1805 1731 1928 1770 cum
1958 1714 2070 1785 jam

507 1806 745 1860 animam
792 1808 1132 1873 exhalarent,
1188 1808 1340 1863 humi
1362 1808 1599 1876 abjectos
1659 1808 1817 1863 trahi.
1851 1880 1854 1883 _
1890 1805 2074 1877 Neque

2177 621 2357 692 πάσης
2405 620 2691 692 ἀλγηδόνος
2742 619 3044 687 δεινοτέραν
3096 617 3192 687 τὴν
3233 615 3341 677 ἀπὸ
3381 615 3488 669 τῶν
3522 613 3740 686 ἄρθρων

2176 713 2269 766 καὶ
2306 711 2480 783 μελῶν
2507 711 2662 765 τάσιν
2703 709 2918 780 ἔχοντες
2939 725 2953 738 ο
2985 706 3132 761 ἄλλοι
3159 706 3216 759 δὲ
3251 706 3388 777 πρὸς
3417 708 3530 768 τοῖς
3562 704 3765 775 κίοσιν,

2176 804 2578 876 ἀντιπρόσωποι
2608 802 2821 856 ἐδοῦντο
2852 802 2913 854 οὐ
2953 799 3209 872 βεϐηκόσι
3236 802 3353 865 τοῖς
3385 799 3533 861 ποσὶ,
3561 795 3641 866 τῷ
3680 794 3740 849 δέ

2169 896 2333 968 βάρει
2364 895 2456 950 τοῦ
2487 895 2734 966 σώματος
2765 892 3097 965 βιαζομένων
3127 890 3263 964 μετά
3288 890 3498 953 τάσεως
3519 886 3740 942 ἀνελκο-

2180 988 2354 1059 μένων
2380 987 2486 1040 τῶν
2511 986 2721 1057 δεσμῶν
2743 1003 2756 1016 ·
2791 986 2884 1039 καὶ
2902 983 3046 1039 τοῦθ’
3068 984 3356 1054 ὑπέμενον,
3383 982 3483 1035 οὐκ
3509 980 3594 1049 ἐφ’
3613 979 3739 1031 ὅσον
3764 990 3783 1003 ί

2178 1070 2604 1150 προσδιελέγετο,
2629 1077 2736 1131 οὐδ’
2761 1078 2944 1140 αὐτοῖς
2971 1075 3254 1146 ἐσχόλαζεν
3273 1077 3302 1128 ό
3328 1071 3574 1145 ἡγεμὼν,
3604 1068 3738 1123 ἀλλὰ
3814 1130 3819 1133 _

2181 1171 2460 1241 μονονουχὶ
2497 1168 2563 1223 δι’
2608 1167 2734 1238 ὅλης
2778 1167 2878 1238 τῆς
2909 1168 3142 1238 ἡμέρας-
3191 1164 3473 1235 ”υτε.γάρ
3511 1162 3607 1217 καὶ
3650 1160 3737 1229 ὲφ’
3840 1235 3849 1239 ,

2178 1261 2400 1334 ἐτέρους
2425 1260 2723 1332 μετέϐαινε,
2752 1260 2864 1323 τοῖς
2884 1258 3167 1337 προτέροις
3192 1255 3589 1325 κατελίμπανεν
3621 1252 3744 1320 ἐφε-

2178 1353 2389 1426 δρεύειν
2425 1354 2551 1417 τοὺς
2581 1354 2646 1423 τῇ
2676 1350 2891 1421 ἐξουσίᾳ
2914 1348 3078 1405 αὑτοῦ
3105 1346 3575 1421 ύπηρετουμένους
3603 1342 3735 1414 (15)·
3830 1375 3841 1400 -.
3942 1362 3949 1369 '

2180 1447 2235 1500 εί
2263 1446 2365 1501 πού
2407 1464 2492 1510 τις
2530 1445 2782 1518 ἡττηθεὶς
2822 1443 2929 1497 τῶν
2960 1442 3207 1513 βασάνων
3252 1439 3507 1493 ἐνδιδόναι
3535 1436 3736 1489 ἐδόκει·

2178 1538 2411 1607 ἀφειδῶς
2441 1538 2496 1590 δὲ
2537 1535 2771 1589 κελεύων
2798 1535 2890 1588 καὶ
2919 1536 3030 1598 τοῖς
3053 1534 3269 1603 δεσμοῖς
3299 1526 3578 1602 προσιέναι
3603 1524 3737 1595 (16),
3774 1589 3784 1601 ⁸

2179 1628 2273 1681 καὶ
2304 1624 2610 1697 μεταταῦτα
2647 1623 3122 1697 ψυχορραγοῦντας
3154 1621 3349 1683 αὐτοὺς
3380 1615 3739 1686 κατατιθεμέ-

2180 1734 2303 1781 νους
2346 1718 2429 1780 είς
2455 1717 2556 1789 τὴν
2585 1717 2687 1787 γῆν
2722 1713 2991 1768 ἐλκεσθαν
3027 1714 3086 1766 ού
3129 1699 3236 1783 γὰρ
3267 1706 3404 1763 εἶναι
3436 1706 3540 1761 κᾶν
3577 1704 3771 1776 μέρος,

2179 1810 2363 1872 αὐτοῖς
2406 1808 2681 1881 φροντίδος
2708 1808 2835 1879 περὶ
2864 1805 3045 1878 ἡμῶν·
3077 1803 3187 1858 ἀλλ’
3220 1801 3361 1856 οὕτω
3392 1800 3485 1854 καὶ
3509 1798 3734 1852 διανοεῖ-

505 1898 651 1951 enim
689 1897 867 1951 aiebat
895 1898 978 1953 vel
1026 1898 1308 1952 minimam
1358 1898 1527 1953 nostri
1556 1914 1741 1952 curam
1771 1896 2072 1952 habendam

2178 1900 2297 1954 σθαι
2323 1900 2444 1973 ’(17)
2491 1901 2585 1954 καὶ
2635 1897 2913 1973 πράττειν,
2959 1897 3035 1961 ὼς
3086 1895 3272 1968 μηκέτ’
3316 1893 3504 1947 ὄντων·
3538 1888 3740 1959 ταύτην

504 2005 629 2045 esse
653 2008 668 2043 :
694 1992 788 2044 sed
816 1998 1044 2046 cunctos
1072 1990 1151 2045 sic
1182 1991 1249 2045 de
1275 1991 1433 2046 nobis
1462 1991 1683 2055 sentire,
1713 1990 1792 2045 sic
1822 2005 1947 2061 erga
1973 2004 2073 2045 nos

505 2096 666 2151 agere
687 2082 905 2147 debere,
937 2083 1095 2152 quasi
1132 2097 1240 2136 non
1268 2083 1501 2153 amplius
1530 2082 1778 2136 homines
1805 2096 2070 2136 essemus.

508 2170 664 2226 Hunc
707 2173 919 2227 scilicet
971 2172 1270 2228 secundum
1323 2172 1623 2227 cruciatum
1679 2180 1802 2241 post
1847 2172 2076 2227 verbera

507 2263 713 2317 inimici
744 2264 914 2318 nostri
945 2263 1405 2333 excogitaverunt.

578 2354 665 2408 lll.
707 2353 937 2421 Quidam
968 2356 1127 2415 etiam
1156 2363 1281 2425 post
1317 2356 1661 2409 tormentain
1701 2369 1868 2410 nervo
1888 2354 2075 2424 jacue-

505 2457 674 2514 runt,
731 2448 961 2517 pedibus
997 2448 1064 2502 ad
1093 2459 1329 2518 quatuor
1365 2463 1540 2518 usque
1578 2448 1848 2503 foramina
1876 2447 2076 2503 divari-

503 2538 677 2605 catis;
716 2539 790 2593 ita
831 2548 890 2593 ut
927 2539 1106 2608 supini
1150 2554 1273 2593 esse
1316 2548 1659 2609 cogerentur,
1702 2555 1826 2594 cum
1873 2539 1944 2593 oh
1982 2554 2074 2593 re-

504 2644 688 2691 centes
722 2636 999 2705 plagarum
1032 2632 1316 2688 cicatrices
1344 2646 1481 2701 quas
1517 2640 1632 2685 toto
1669 2646 1897 2700 corpore
1921 2645 2075 2699 gere-

508 2727 658 2788 bant,
693 2736 838 2779 stare
862 2724 1088 2778 omnino
1113 2739 1220 2777 non
1244 2732 1486 2793 possent.
1529 2722 1633 2775 Alii
1669 2722 1821 2776 humi
1843 2719 2073 2791 proiecti

499 2818 757 2889 jaeebant
772 2832 880 2887 prae
895 2816 1060 2871 nimia
1083 2824 1478 2870 tormentorum
1502 2816 1819 2881 acerbitate;
1838 2821 1891 2867 et
1905 2813 2075 2867 multo

504 2910 725 2982 gravius
750 2925 912 2979 quam
933 2909 1061 2964 dum
1080 2908 1457 2963 cruciarentur
1472 2907 1836 2976 spectaculum
1862 2904 2074 2959 intuen-

508 3001 655 3055 tibus
690 3000 1031 3070 praebebant,
1066 2999 1216 3053 varia
1280 3013 1345 3053 ac
1404 2998 1725 3067 multiplicia
1773 3001 2075 3051 tormento-

509 3107 632 3146 rum
678 3093 981 3162 excogitata
1028 3105 1225 3160 genera
1274 3089 1596 3158 corporibus
1639 3088 1754 3143 suis
1783 3085 2074 3143 cireumfe-

511 3193 712 3239 rentes.
751 3182 882 3249 Qua:
919 3198 1043 3238 cum
1090 3183 1164 3236 ita
1192 3190 1527 3252 gererentur,
1571 3180 1663 3234 alii
1706 3181 1760 3234 in
1794 3178 1928 3249 ipsis
1956 3187 2070 3234 tor-

509 3276 707 3331 mentis
731 3264 1112 3345 exspirabant,
1152 3273 1458 3328 constantia
1493 3287 1590 3328 sua
1622 3271 1881 3342 pudorem
1922 3271 2075 3325 incu-

510 3372 707 3425 tientes
764 3367 1097 3424 adversario.
1168 3367 1274 3421 Alii
1335 3367 1634 3422 semineces
1689 3367 1745 3421 in
1800 3381 2074 3421 carcerem

507 3462 670 3528 trusi,
716 3461 907 3531 paucis
934 3469 1056 3529 post
1081 3460 1274 3515 diebus
1304 3459 1586 3513 doloribus
1626 3458 1875 3527 Oppressi
1903 3457 2073 3511 vitam

509 3554 788 3608 ﬁnierunt.
850 3550 1064 3620 Reliqui
1122 3550 1431 3604 curantium
1478 3549 1734 3603 remediis
1765 3548 2073 3615 refocillati,

508 3656 754 3712 tempore
786 3642 905 3711 ipso
934 3657 997 3697 ac
1024 3641 1281 3695 diuturna
1310 3641 1551 3694 careeris
1585 3654 1736 3692 mora
1762 3638 2075 3693 ﬁdentiores

508 3749 749 3789 evasere.
813 3732 996 3802 Itaque
1060 3747 1185 3786 cum
1225 3738 1412 3801 postea
1471 3730 1793 3800 juberentur
1852 3729 2074 3798 eligere,

509 3833 694 3878 utrum
756 3823 1017 3885 mallent,
1074 3837 1142 3875 an
1193 3819 1459 3875 contactis
1517 3817 1742 3873 nefariis
1794 3817 2075 3874 sacrificiis

510 3916 662 3972 omni
695 3916 939 3970 molestia
980 3912 1218 3977 liberari,
1260 3920 1314 3966 et
1348 3910 1724 3967 abominandae
1774 3910 2073 3965 absolutio-

508 4010 596 4063 nis
630 4007 952 4063 sententiam
981 4006 1049 4060 ab
1076 4004 1210 4074 ipsis
1251 4002 1544 4072 consequi;
1582 4018 1650 4055 an
1689 4016 1819 4056 vero
1867 4002 2076 4056 sacriﬁ-

507 4118 637 4158 care
663 4102 961 4159 abnuentes
1010 4098 1186 4167 capite
1232 4096 1481 4151 damnari
1512 4113 1525 4149 :
1555 4111 1748 4151 omnes
1774 4094 1908 4149 nihil
1935 4110 2075 4150 cun-

581 4256 693 4324 (15)
732 4256 878 4321 Τοὺς
908 4253 983 4322 τῇ
1008 4254 1260 4321 ἐξουσίᾳ
1300 4249 1844 4324 ὑπηρετουμένους.
1891 4251 2072 4324 Appa-

508 4320 727 4390 ritore's,
764 4320 863 4380 seu
893 4320 1145 4378 otliciales
1174 4320 1449 4393 intelligit,
1480 4323 1573 4390 qui
1595 4320 2074 4393 praelecto‘Augu-

509 4396 637 4450 stall
673 4388 1132 4464 obsequebantur.
1168 4393 1254 4464 De,
1278 4388 1380 4446 hoc
1410 4388 1554 4446 enim
1594 4390 1834 4464 loquitur
1861 4388 2074 4464 Phileas

510 4466 565 4518 in
598 4466 699 4518 hac
726 4458 975 4533 cpistola,
1006 4476 1055 4516 et
1082 4463 1326 4533 ἡγεμόνα
1352 4479 1475 4516 eum
1505 4458 1684 4533 vocat.
1726 4458 2074 4533 Porr_o_é§ou-

513 4534 604 4588 σία
636 4529 844 4587 [ει-εἰιθ
881 4529 1183 4601 majoribus
1216 4533 1497 4601 judiribus
1527 4530 1747 4593 dicitur,
1778 4529 2071 4601 qni‘habe-

510 4577 1185 4672 Béint'vj‘ﬁs‘gniiiﬁ‘?alia;
1216 4577 2069 4672 ’ίέἱὶιίἴῇοῖὲἓὶὶιὲίἐὖρἐιίξῖἶιῖμ
2104 4577 2148 4631 D

512 4682 572 4727 nt
602 4668 986 4740 ait'Ulpi'anus.
1026 4668 1155 4737 Quae
1180 4688 1280 4726 vox
1309 4688 1375 4725 eo
1399 4668 1561 4727 sensu
1596 4669 1791 4740 saepius
1833 4668 2074 4723 occurrit

509 4742 651 4811 apud
677 4738 1427 4811 JoaimemChrysostomum.
1453 4740 1626 4811 Porro
1654 4738 1939 4808 praefectus
1961 4741 2073 4792 Au-

507 4809 737 4882 gustalis
793 4827 858 4866 eo
888 4809 1382 4882 quideiit_tempore
1410 4819 1528 4866 erat
1555 4809 1856 4882 Hierocles,
1869 4824 2072 4882 quem-

507 4877 804 4937 admodum
856 4877 1043 4936 scribit
1094 4877 1433 4949 Epiphanius
1490 4882 1545 4934 in
1595 4880 1785 4934 haeresi
1838 4877 2072 4933 Meletia-

506 4968 723 5006 1101⁸11111.

578 5023 689 5092 (16)
723 5020 856 5087 Τοῖς
891 5019 1133 5092 δεσμοῖς
1173 5019 1502 5092 προσιέναι.
1550 5017 1697 5073 Nova
1751 5027 1805 5073 et
1834 5016 2071 5073 insolens

505 5093 642 5147 mihi
676 5093 886 5145 videtur
917 5091 1029 5145 haec
1064 5091 1286 5144 locutio.

579 5162 624 5233 (1
638 5161 688 5231 7)
726 5162 887 5233 Ορπξω
921 5162 1020 5214 καὶ
1053 5160 1435 5233 διανοεῖσθαι.
1457 5156 1639 5233 Nostri
1667 5156 2066 5233 codices‘blaz"

506 5227 648 5353 gled.
673 5227 728 5285 et
751 5231 883 5285 Fuk.
911 5246 1093 5286 vocem
1119 5230 1324 5284 addunt
1351 5231 1454 5284 hoc
1477 5230 1660 5291 modo,
1686 5227 1828 5281 οὕτω
1853 5227 2069 5281 ἐδόκουν

541 5318 737 5353 ιαν.....

541 5318 737 5356 ιαν.....

580 5372 693 5439 (l8)
747 5370 979 5439 Ταύτην
1022 5370 1307 5437 δευτέραν
1337 5367 1638 5433 βάσανον.
1688 5367 2065 5435 Raptationem

507 5438 776 5509 intelligit.
810 5438 1026 5495 Primus
1056 5442 1199 5494 enim
1238 5441 1516 5493 cruciatus
1548 5446 1664 5492 erat
1686 5439 1971 5509 verberum
2002 5452 2067 5492 ac

507 5506 788 5578 plagarum
825 5520 879 5565 et
907 5511 1253 5579 ungularum.
1283 5510 1585 5572 Secundus,
1618 5517 1678 5561 ut
1721 5507 1873 5561 humi
1896 5506 2063 5575 depo-

506 5581 600 5632 siti
633 5582 974 5635 traherentur
1007 5589 1061 5633 ct
1093 5588 1434 5648 raptarentur
1469 5579 1521 5631 in
1553 5592 1841 5648 carcerem.

584 5650 694 5719 (l9)
747 5651 869 5702 Ἐπὶ
894 5649 1001 5704 τοῦ
1028 5645 1220 5714 ξύλου
1255 5650 1530 5719 κείμενοι.
1580 5647 1818 5703 Pessime
1848 5645 2064 5719 Longus

511 5716 777 5774 catastam
826 5722 1008 5774 vertit.
1046 5720 1145 5773 Hic
1171 5720 1316 5773 enim
1344 5716 1410 5770 τὸ
1440 5716 1593 5782 ξύλον
1633 5719 1788 5772 aliter
1829 5718 2065 5771 sumitur

515 5805 579 5842 ac
605 5805 788 5859 supra.
818 5788 953 5843 Nam
986 5805 1150 5858 supra
1194 5789 1409 5859 quidem
1441 5788 1657 5857 ponitur
1682 5802 1777 5856 pro
1810 5788 2059 5859 equuleo,

520 5868 579 5915 ut
608 5857 901 5914 eiRuﬁno
934 5857 1261 5914 monuimus.
1300 5857 1395 5912 llic
1426 5876 1551 5916 vero
1585 5872 1683 5927 pro
1720 5872 1883 5912 ncn'o
1915 5857 2064 5927 poni-

2175 1989 2429 2060 δευτέραν
2458 1989 2687 2060 βάσανον
2713 1987 2821 2059 (18)
2850 1987 2944 2040 ἐπὶ
2969 1988 3089 2049 ταῖς
3114 1983 3346 2053 πληγαῖς
3374 1980 3483 2036 τῶν
3512 1979 3743 2032 ὑπεναν-

2174 2080 2304 2134 τίων
2340 2080 2693 2152 ἐφευρόντων.

2350 2302 2407 2372 \

2244 2358 2421 2422 Ἥσῶ
2453 2365 2508 2419 δὲ
2533 2365 2583 2419 οἱ
2623 2365 2718 2420 καὶ
2752 2365 2888 2437 μετὰ
2918 2365 3044 2429 τοὺς
3073 2364 3360 2435 αἰκισμοὺς
3404 2360 3498 2415 ἐπὶ
3524 2358 3617 2414 τοῦ
3647 2358 3740 2431 εὖτ

2174 2458 2265 2511 λου
2295 2458 2535 2529 κείμενοι
2569 2457 2679 2529 (19)
2712 2453 2800 2511 διὰ
2839 2457 2946 2510 τῶν
2977 2455 3258 2526 τεσσάρων
3300 2451 3449 2507 ὀπῶν
3484 2452 3735 2506 διατεται

2179 2547 2325 2619 μένοι
2356 2546 2523 2617 ἄμφω
2558 2546 2635 2598 τὼ
2666 2546 2817 2610 πόδε,
2847 2546 2921 2609 ὡς
2952 2546 3047 2600 καὶ
3090 2546 3209 2599 κατ’
3252 2532 3497 2614 ἀνάγκην
3545 2542 3742 2604 αὐτοὺς

2177 2638 2269 2691 ἐπὶ
2292 2637 2387 2691 τοῦ
2406 2636 2561 2704 ξύλου
2579 2636 2802 2702 ὑπτίους
2816 2633 2974 2701 εἶναι,
2997 2636 3071 2709 μὴ
3088 2636 3415 2707 δυναμένους
3433 2635 3567 2705 (19⁸)
3579 2633 3665 2688 διὰ
3683 2634 3742 2686 τὸ

2174 2729 2371 2784 ἔναυλα
2397 2728 2464 2782 τὰ
2490 2728 2779 2801 τραύματα
2811 2729 2916 2783 ἀπὸ
2945 2729 3053 2783 τῶν
3084 2727 3306 2800 πληγῶν
3336 2727 3460 2791 καθ’
3494 2726 3615 2786 ὅλου
3646 2724 3741 2779 τοῦ

2177 2820 2425 2893 σώματος
2440 2820 2604 2891 ἔχειν’
2623 2821 2799 2892 ἕτεροι
2814 2821 2871 2874 δέ
2890 2822 2969 2884 εἰς
2981 2818 3241 2889 τοῦδαφος
3259 2819 3524 2890 ῥιφέντες,
3538 2816 3744 2871 ἔκειντο

2175 2911 2279 2965 ὑπὸ
2309 2909 2410 2981 τῆς
2433 2910 2540 2965 τῶν
2567 2910 2813 2980 βασάνων
2843 2910 3045 2982 ἁθρόας
3071 2909 3373 2980 προσϐολῆς
3392 2926 3407 2940 ο
3438 2906 3742 2978 δεινοτέραν

2174 3004 2269 3076 τὴν
2293 3002 2413 3073 ὄψιν
2441 3003 2540 3073 τῆς
2569 3002 2849 3074 ἐνεργείας
2881 3004 2994 3067 τοῖς
3012 3003 3184 3074 ὁρῶσι
3216 3001 3565 3072 παρέχοντες,
3620 3016 3741 3052 ποι-

2175 3095 2447 3161 κίλας¹καὶ
2492 3095 2783 3167 διαφόρους
2831 3099 2888 3149 ἐν
2924 3097 3037 3159 τοῖς
3060 3094 3285 3165 σώμασι
3330 3093 3584 3164 φέροντες
3633 3090 3743 3143 τῶν

2178 3187 2421 3257 βασάνων
2465 3186 2566 3251 τὰς
2600 3188 2859 3253 ἐπινοίας.
2916 3187 3131 3239 Τούτων
3172 3183 3343 3248 οὕτως
3404 3183 3655 3253 ἐχόντων,
3688 3186 3737 3235 oi

2180 3281 2275 3352 μὲν
2308 3278 2703 3350 ἐναπέθνησκον
2734 3282 2852 3343 ταῖς
2879 3278 3151 3349 βασάνοις,
3175 3279 3241 3348 τῇ
3263 3275 3527 3348 καρτερίᾳ
3553 3290 3736 3328 καται-

2178 3372 2467 3443 σχύναντας
2494 3371 2586 3426 τὸν
2615 3371 2904 3426 ἀντίπαλον
2923 3389 2937 3402 ο
2971 3372 3020 3425 οἱ
3051 3370 3106 3424 δὲ
3145 3369 3439 3441 ἡμιθνῆτες
3469 3369 3527 3420 ἐν
3552 3366 3630 3438 τῷ
3653 3366 3741 3419 δε-

2178 3463 2473 3534 σμωτηρίῳ
2520 3463 2956 3533 συγκλειόμενοι,
3008 3463 3124 3533 μετ’
3172 3462 3234 3515 οὐ
3288 3459 3487 3523 πολλὰς
3530 3457 3744 3530 ἡμέρας

2173 3555 2295 3616 ταῖς
2326 3552 2580 3624 ἀλγηδόσι
2613 3554 2959 3624 συνεχόμενοι
2994 3551 3352 3605 ἐτελειοῦντοο
3389 3551 3439 3605 οἱ
3471 3550 3529 3603 δὲ
3567 3548 3743 3601 λοιποὶ

2175 3642 2273 3712 τῆς
2316 3643 2427 3695 ἀπὸ
2465 3644 2565 3713 τῆς
2612 3642 2905 3715 θεραπείας
2934 3629 3298 3713 άνακτήέεως
3346 3640 3617 3711 τυχόντες,
3664 3638 3741 3709 τῷ

2176 3733 2349 3803 χρόνῳ
2376 3735 2471 3787 καὶ
2493 3736 2559 3805 τῇ
2593 3735 2691 3804 τῆς
2721 3733 2968 3804 φυλακῆς
2995 3731 3270 3803 διατριϐῇ,
3307 3729 3740 3803 θαρσαλεώτεροι

2176 3827 2466 3895 ἐγίγνοντο.
2491 3827 2648 3880 Οὕτω
2679 3825 2810 3893 γοῦν
2842 3825 3004 3896 ἡνίκα
3027 3823 3446 3895 προσετέτακτο,
3477 3823 3742 3894 αἱρέσεως

2176 3918 2478 3989 κειμένηςῆ
2503 3917 2848 3989 ἐφαψάμενον
2874 3918 2971 3988 τῆς
2988 3914 3213 3984 ἐναγοῦς
3246 3914 3434 3977 θυσίας
3450 3912 3739 3984 άνενόχλη-

2174 4026 2265 4062 τον
2285 4006 2442 4075 εἶναι,
2481 4009 2577 4079 τῆς
2610 4009 2884 4080 ἐπαράτου
2911 4005 3220 4078 ἐλευθερίας
3251 4005 3361 4077 (20)
3408 4004 3537 4075 παρ’
3563 4002 3742 4057 αὐτῶν

2175 4102 2404 4172 τυχόντα
2421 4119 2435 4132 ο
2464 4102 2497 4173 ῆ
2532 4101 2606 4172 μὴ
2628 4100 2844 4165 θύοντα,
2878 4100 2973 4169 τὴν
3003 4099 3093 4152 ἐπὶ
3110 4098 3321 4168 θανάτῳ
3348 4096 3502 4168 δίκην
3524 4095 3741 4165 ἐκδέχεο

2174 4267 2283 4324 tur,
2317 4258 2368 4314 id
2396 4266 2477 4313 est
2509 4256 2863 4325 compedibus
2883 4252 3095 4323 ligneis.
3128 4251 3305 4325 Latini
3336 4250 3735 4325 etiam__lignum

2174 4344 2240 4384 eo
2269 4321 2433 4384 sensu
2460 4321 2734 4385 dixerunt.
2771 4325 2844 4379 De
2872 4321 2958 4379 his
2981 4323 3332 4391 compedibus
3356 4321 3739 4391 intelligendus
3850 4386 3853 4389 _

2173 4407 2257 4452 est
2286 4399 2437 4463 locus
2465 4397 2517 4450 in
2544 4398 2689 4450 Actis
2722 4404 3015 4463 martyrum
3044 4390 3273 4446 Tdrachi
3297 4431 3311 4453 ,
3363 4390 3545 4463 Probi
3550 4403 3604 4463 _e_t
3629 4392 3739 4463 An-

2175 4456 2378 4521 dronici
2405 4485 2423 4522 :
2451 4466 2583 4522 Cum
2608 4456 2906 4519 verberatus
2939 4472 3092 4528 esset,
3121 4478 3313 4528 prwses
3337 4462 3475 4519 dixit
3503 4480 3516 4515 :
3540 4460 3738 4515 Mittite

2175 4539 2258 4591 illi
2286 4540 2484 4607 ferrum
2507 4552 2598 4605 per
2621 4545 2850 4607 quatuor
2874 4534 2993 4588 lora
3027 4547 3320 4607 negaram,
3340 4541 3397 4607 et
3418 4532 3736 4607 dimittentcs

2178 4600 2409 4677 aliquam
2472 4600 2735 4677 gbraniei
2771 4620 3044 4677 opponere.
3105 4600 3171 4677 Et
3215 4602 3270 4654 in
3317 4600 3738 4677 Acti_s__l_.itcigni

2178 4671 2446 4755 nigjtyris.
2480 4674 2737 4755 Synesius
2769 4671 2824 4755 i_n
2839 4671 3092 4755 oratione
3119 4672 3184 4755 de
3213 4688 3366 4755 regno
3392 4689 3405 4726 :
3441 4671 3576 4753 Ἀλλ’
3609 4671 3736 4755 ob};

2182 4692 2446 4747 martyris.
2480 4692 2516 4729 δ
2555 4692 2737 4730 ηθειυε
2769 4692 2824 4728 in
2850 4692 3092 4728 oratione
3119 4692 3182 4725 ae
3213 4692 3366 4755 regno
3392 4692 3405 4726 :
3455 4692 3573 4724 AM
3609 4692 3736 4740 ουγε

2182 4747 2380 4818 μᾶλλον
2396 4692 2839 4818 ᾕκινίζσεται-τῶν
2883 4745 2946 4818 ἐν.
2976 4746 3042 4814 τῇ
3070 4742 3395 4818 -ποδοκαὶιη,
3438 4741 3517 4811 τῷ
3550 4742 3738 4818 φαυλο-

2177 4810 2322 4886 τάτῳ
2350 4816 2466 4886 τῶν
2487 4810 2676 4879 ξύλων.
2711 4814 2882 4886 Porro
2905 4810 3044 4886 sicut
3067 4814 3120 4866 in
3150 4810 3734 4886 hac_Phile:eepistola

2179 4881 2335 4952 ξύλον
2351 4885 2509 4939 modo
2525 4901 2621 4954 pro
2636 4884 2866 4953 equuleo
2878 4884 3131 4946 sumitur,
3153 4881 3315 4954 modo
3330 4896 3429 4951 pro
3440 4898 3609 4954 nervo
3626 4883 3733 4954 :_ita

2179 4951 2232 5009 in
2260 4957 2402 5011 Actis
2432 4951 2698 5023 Theodori
2718 4955 2967 5023 martyris
3000 4967 3121 5022 quae
3163 4951 3431 5023 habentur
3453 4952 3597 5021 apud
3627 4951 3735 5007 Su-

2177 5027 2319 5106 rium
2351 5025 2438 5080 die
2477 5025 2511 5079 9
2534 5020 2875 5089 Novembris,
2917 5020 3124 5093 lignum
3165 5020 3367 5090 duplici
3401 5020 3562 5077 modo
3593 5023 3736 5078 acci-

2216 5106 2290 5149 ιιιι
2300 5112 2342 5148 Γ.

2176 5111 2342 5164 plltll‘.

2177 5232 2217 5236 _
2250 5166 2396 5236 (19')_
2445 5162 2607 5219 Deest
2658 5163 2985 5235 ἐστηκέναι,
3047 5159 3191 5229 quod
3253 5161 3382 5227 legit
3443 5163 3734 5232 interpres.

2177 5232 2338 5290 Eni'r.
2368 5232 2615 5289 ῬΑτιιοι..

2246 5327 2357 5398 (Ξο)
2393 5324 2512 5394 Τῆς
2541 5322 2836 5398 ἐπαράτοίυ
2848 5323 3208 5398 ἐλευθερίας.
3232 5321 3556 5398 Libertatem
3574 5336 3735 5398 voea-

2174 5393 2324 5461 bant,
2339 5393 2460 5451 cum
2476 5395 2599 5464 quis
2614 5394 2844 5464 vinculis
2871 5394 3188 5457 solveretur,
3204 5401 3257 5447 et
3273 5393 3438 5447 libere
3453 5408 3562 5464 quo
3578 5393 3734 5464 vellet

2174 5468 2323 5521 abire
2350 5463 2637 5521 sineretur.
2702 5463 2833 5530 Quas
2865 5479 2969 5516 vox
3010 5479 3115 5517 non
3158 5479 3284 5518 raro
3318 5463 3554 5518 occurrit
3590 5463 3733 5532 apud

2173 5535 2488 5600 Eusebium,
2531 5550 2596 5589 eo
2622 5550 2784 5589 sensu
2828 5548 2989 5603 quem
3016 5534 3148 5588 dixi.
3178 5533 3268 5590 Sic
3296 5535 3488 5589 Arator
3514 5533 3570 5587 in
3593 5533 3686 5588 lib.
3711 5547 3729 5586 ι

2170 5608 2480 5675 Apostolicw
2506 5605 2739 5659 historia;-
2751 5619 2771 5658 :

2766 5693 3054 5749 Damnatio
3078 5695 3215 5765 justi

2386 5764 2626 5818 Libertas
2655 5774 2729 5819 est
2758 5765 2899 5833 facta
2924 5768 3047 5819 reis.

2249 5854 2304 5910 ld
2331 5865 2412 5910 est
2436 5854 2708 5909 absolutio
2738 5863 2791 5910 et
2818 5852 3097 5909 relaxatio.
