4090 6376
253 433 276 484 1
290 432 394 486 565

1157 427 1371 483 EPIST.
1412 427 1502 480 AD
1541 425 1892 482 MELETIUM
1934 421 2551 512 LYCO?0LYTANUM.

3343 416 3479 470 1566

253 531 414 598 creat:
456 545 604 596 οὐδὲν
640 545 1018 616 μελλήσαντες,
1051 546 1300 615 ἀσμένως
1345 547 1436 597 ἐπὶ
1464 546 1553 597 τὸν
1595 546 1817 598 Θάνατον

1919 544 2070 606 ctati,
2100 543 2284 596 libenti
2316 540 2498 594 animo
2521 538 2586 594 ad
2617 546 2842 592 mortem
2869 545 3241 603 perrexerunt.
3265 533 3474 603 Quippe

252 633 511 704 ἐχώρουν.
564 635 795 708 ’ῌδεσαν
836 634 942 705 γὰρ
991 635 1058 686 τὰ
1105 635 1206 687 ὑπὸ
1251 635 1357 687 τῶν
1388 635 1544 705 ἱερῶν
1588 635 1813 705 Γραφῶν

252 727 384 794 ἡμῖν
424 726 826 795 προορισθέντα.
980 727 1086 796 γὰρ
1125 725 1432 788 θυσιάζωγ,
1480 728 1632 797 φησὶ,
1663 726 1820 786 θεοῖς

251 817 494 884 ἑτέροις,
521 818 1116 885 ἐξολοθρευθὴσεται·
1151 820 1244 871 καί.
1279 820 1380 882 ὃτι,
1419 820 1537 870 Οὐκ
1573 813 1810 870 ἔσονταὲ

254 923 356 959 σοι
392 905 511 959 θεοὶ
549 907 733 974 ἕτεροι
769 909 934 975 πλὴν
963 908 1107 976 ἐμοῦ
1136 908 1267 978 (21).

1916 635 2084 704 probe
2121 642 2335 698 norant,
2365 647 2486 701 quae
2524 631 2575 684 in
2615 629 2786 685 sacris
2809 628 3001 682 litteris
3041 627 3197 681 nobis
3224 626 3475 694 prwscri-
3547 659 3555 670 ι

1905 738 2005 796 pta
2029 736 2176 781 sunt.
2217 725 2320 789 Qui
2357 725 2501 778 enim
2541 723 2808 789 sacriﬁcat
2836 721 2937 773 diis
2974 718 3192 780 alienis,
3228 719 3301 771 ait
3326 715 3475 770 Scri-

1917 828 2071 886 ptura
2109 817 2149 881 ³,
2181 814 2638 870 exterminabitur.
2679 814 2745 866 Et
2785 813 2980 866 iterum
3006 811 3060 866 δε
3100 809 3218 862 Non
3262 808 3477 862 habebis

1916 910 2036 963 deos
2070 908 2267 961 alienos
2287 918 2478 975 preter
2507 923 2606 961 me.

381 1111 3471 1138 MM

710 1228 1244 1374 EJUSDE'M
1318 1253 1729 1373 SANCTI
1804 1257 2279 1370 PHfLEjE
2355 1277 3041 1368 THMUITANI

847 1471 1183 1531 EPISTOLA
1231 1473 1320 1528 AD
1353 1472 1706 1530 HELETIUM
1746 1471 2320 1528 LYCOPOLITANUM
2354 1470 2737 1529 EPISCOPUM
2779 1471 2916 1543 (22).

1311 1799 1560 1843 [NITIUM
1611 1801 1920 1844 EPISTULE
1961 1799 2419 1843 EPISCOPORUM.

354 1941 666 2005 Ilesmntc-s,
719 1941 1047 2006 PACHOIIUS,
1098 1940 1440 2008 Tusononus,
1479 1944 1730 2010 PHILEAS,
1769 1943 2017 1999 Μειετιο
2048 1944 2244 1999 dilecto
2276 1952 2331 1998 et
2356 1941 2733 1997 comministro
2775 1942 2828 1996 in
2857 1940 3084 1996 Domino
3128 1941 3378 1996 salutem.

330 2095 571 2166 Simplici
621 2100 830 2152 ratione
878 2098 1081 2151 incerta
1123 2097 1285 2150 verba
1331 2098 1658 2153 azstimantes
1696 2113 1815 2167 quae
1845 2103 1889 2162 Β
1918 2113 2017 2153 nec
2060 2098 2260 2153 nostris
2300 2096 2852 2162 incarcerationibus,
2884 2105 2936 2148 et
2961 2094 3380 2161 tentationibus,
3423 2097 3479 2149 ct

256 2189 326 2242 de
352 2199 402 2242 te
433 2187 820 2252 audiebantur,
857 2186 1181 2257 quibusdam
1219 2188 1284 2241 ad
1314 2204 1414 2242 nos
1455 2189 1815 2258 pervenienti-

256 2280 360 2332 lius
389 2277 670 2332 nuntiatur
705 2279 877 2332 aliena
905 2294 933 2331 a
961 2293 1113 2332 more
1146 2278 1328 2332 divino
1349 2289 1412 2332 et
1432 2279 1614 2348 regula
1646 2280 1817 2333 eccle-

258 2373 499 2435 siastica,
537 2387 656 2441 quae
681 2387 711 2425 a
745 2381 795 2425 te
821 2383 1124 2436 conantur,
1162 2372 1270 2427 imo
1299 2373 1470 2442 magis
1497 2375 1664 2438 liunt,
1699 2389 1819 2442 qua:

257 2478 360 2518 nec
404 2463 627 2518 auribus
675 2465 953 2532 suscipere
985 2465 1276 2528 vellemus,
1323 2453 1730 2519 considerantes
1761 2465 1815 2518 in

258 2554 632 2623 magnitudine
687 2554 970 2608 audaciam
1019 2565 1072 2610 et
1118 2566 1344 2610 conatus
1393 2557 1646 2611 incertos.
1687 2556 1817 2621 Sed

255 2646 516 2715 quoniam
550 2645 603 2698 in
637 2645 924 2715 praesentia
967 2646 1309 2722 advenientes
1338 2647 1492 2702 multi
1535 2649 1618 2703 his
1658 2649 1815 2704 fidem

259 2739 674 2806 imposuerunt,
719 2745 772 2791 et
813 2739 1106 2792 contestari
1157 2737 1294 2793 facta
1339 2755 1446 2794 non
1478 2723 1817 2806 dubitabant,

261 2828 426 2883 nimis
447 2829 775 2882 admirantes
803 2829 1068 2898 compulsi
1098 2843 1286 2884 sumus
1325 2831 1421 2884 has
1449 2831 1654 2886 litteras
1683 2847 1817 2887 eon-

259 2919 420 2974 ﬁcere
454 2919 520 2974 ad
551 2930 603 2975 te
635 2936 648 2972 :
682 2920 898 2989 qualem
944 2922 1108 2975 etiam
1151 2923 1568 2978 commotionem
1622 2925 1732 2994 (25)
1766 2934 1819 2980 et

253 3010 532 3065 tristitiam
565 3014 926 3066 communiter
951 3013 1224 3077 omnibus,
1264 3022 1318 3068 et
1350 3015 1658 3085 singillatim
1688 3017 1813 3070 uni-

255 3105 471 3172 cuique,
505 3104 730 3173 praebuit
752 3120 783 3159 a
828 3114 878 3159 te
913 3103 1051 3160 facta
1077 3106 1346 3160 ordinatio
1389 3108 1441 3160 in
1467 3108 1717 3177 parmciis
1751 3108 1818 3163 ad

256 3204 310 3248 te
336 3195 557 3250 minime
603 3196 1017 3265 pertinentibus,
1049 3213 1147 3252 nec
1171 3198 1350 3253 dicere
1378 3199 1536 3253 etiam
1564 3201 1820 3269 prtevale-

255 3303 400 3343 mus.
461 3287 638 3343 Pauca
683 3299 861 3344 tamen
908 3299 960 3344 te
994 3300 1280 3359 arguentes
1325 3307 1430 3345 non
1461 3284 1815 3348 cessavimus.

257 3375 370 3430 Lex
401 3385 484 3430 est
512 3386 721 3445 patrum
749 3387 802 3431 et
831 3387 1165 3448 propatrum,
1201 3395 1361 3448 quam
1389 3396 1486 3434 nec
1526 3383 1638 3451 ipse
1660 3383 1815 3454 igno-

255 3481 369 3531 ras,
397 3469 687 3521 constituta
721 3471 1016 3523 secundum
1045 3470 1284 3523 divinum
1306 3480 1359 3525 et
1387 3451 1813 3528 ecclesiasticum
1841 3451 1887 3510 ε

255 3557 502 3611 ordinem
531 3575 544 3612 :
579 3575 701 3612 nam
729 3570 921 3614 cuncta
949 3576 1046 3629 pro
1071 3559 1165 3614 Dei
1191 3562 1388 3630 placito
1413 3572 1466 3616 et
1487 3564 1602 3618 zelo
1634 3565 1819 3620 melio-

256 3666 397 3704 rum.
459 3651 541 3705 Ab
578 3652 709 3720 ipsis
735 3661 817 3706 est
843 3644 1198 3706 co'nstitutum
1224 3662 1278 3706 et
1307 3654 1470 3707 ﬁxum
1493 3694 1508 3719 ,
1544 3654 1595 3708 in
1626 3656 1818 3711 alienis

254 3744 508 3812 parteciis
552 3760 659 3797 non
715 3744 876 3799 licere
905 3743 1068 3798 alicui
1113 3745 1490 3814 episcoporum
1521 3747 1817 3801 ordinatio-

255 3853 354 3892 nes
382 3839 690 3899 celebrare;
740 3853 861 3906 qua:
908 3838 990 3894 lex
1034 3838 1171 3892 bene
1213 3840 1374 3894 nimis
1405 3855 1595 3908 magna
1618 3851 1732 3903 est,
1767 3851 1821 3896 et

255 3943 380 3981 cum
406 3929 668 3998 sapientia
701 3928 1013 3990 adinventa.
1049 3927 1317 3994 Quoniam
1350 3931 1582 3998 primum
1610 3940 1819 3999 oportet

255 4025 721 4078 conversationem
768 4029 821 4076 et
873 4023 1036 4075 vitam
1089 4038 1279 4077 eorum
1337 4025 1426 4092 qui
1474 4026 1813 4089 ordinantur,

255 4129 380 4168 cum
437 4130 631 4183 magna
676 4113 1094 4183 scrupulositate
1139 4115 1369 4167 scrutari
1424 4132 1436 4166 :
1484 4115 1711 4174 deinde.
1760 4124 1817 4168 ut

255 4205 435 4259 omnis
459 4204 709 4258 confusio
747 4212 802 4259 et
834 4204 1158 4258 turbolentia
1187 4203 1494 4270 auferatur;
1543 4205 1632 4258 vix
1670 4206 1814 4259 enim

256 4296 631 4365 unusquisque
661 4295 955 4364 parwciam
988 4311 1170 4364 regere
1199 4296 1391 4364 poterit
1421 4312 1596 4360 suam,
1630 4305 1682 4350 et
1709 4313 1816 4350 Ina-

255 4404 360 4458 gna
393 4389 734 4442 solicitudine
762 4388 1055 4456 multisque
1094 4387 1508 4457 cogitationibus
1539 4388 1816 4444 ministros

258 4478 525 4547 reperire,
557 4493 678 4532 cum
707 4478 905 4548 quibus
957 4494 1116 4532 omne
1146 4487 1354 4547 tempus
1385 4479 1504 4532 vita:
1535 4479 1812 4548 transegit,

255 4581 310 4624 et
344 4571 394 4624 in
427 4571 672 4624 manibus
698 4569 815 4639 ejus
867 4578 996 4624 sunt
1047 4569 1281 4624 educati.
1352 4568 1432 4623 Tu
1479 4579 1655 4624 autem
1683 4572 1815 4624 nihil

258 4662 451 4715 borum
485 4662 867 4724 considerans,
922 4676 1021 4714 nec
1057 4660 1237 4714 futura
1275 4662 1679 4729 contemplans,
1716 4678 1814 4716 nec

257 4756 534 4808 beatorum
561 4763 772 4822 patrum
799 4763 1107 4807 nostrorum
1126 4763 1178 4807 et
1197 4752 1411 4806 Christo
1440 4762 1812 4821 susceptorum
1846 4789 1890 4843 Β

254 4861 351 4915 per
373 4844 745 4899 successiones
780 4844 984 4915 legem,
1038 4860 1212 4912 neque
1264 4843 1441 4911 magni
1477 4843 1718 4912 episcopi
1749 4859 1814 4898 ac

256 4935 424 5003 patris
448 4933 618 4988 nostri
638 4933 779 4988 Petri
812 4935 1094 4998 honorem,
1112 4950 1176 4987 ex
1204 4950 1313 5003 quo
1338 4935 1518 4988 cuncti
1546 4950 1640 5003 per
1664 4951 1812 5004 spem

256 5041 419 5090 quam
452 5024 713 5078 habemus
741 5029 795 5078 in
821 5023 1050 5078 Domino
1070 5022 1196 5077 Jesu
1219 5023 1456 5090 Christo,
1480 5023 1812 5093 pendemus;

327 5179 348 5210 ³
372 5179 536 5233 Exod.
561 5194 694 5243 xxn,
720 5177 808 5231 20.
885 5133 906 5209 ί
928 5177 1096 5232 Exod.
1123 5193 1212 5243 xx,
1231 5178 1285 5231 3.

330 5335 442 5404 (21)
473 5333 644 5401 Πλὴν
675 5334 839 5402 ἐμοῦ.
869 5333 962 5388 His
991 5351 1055 5388 ex
1075 5334 1274 5389 Phileas
1304 5336 1528 5404 epistola
1556 5335 1800 5392 recitatis

258 5403 524 5476 Eusebius
555 5405 735 5476 st_atim
767 5405 973 5458 subdit:
997 5423 1013 5476 ᾳ
1037 5405 1160 5459 ΙΙωο
1185 5415 1310 5460 sunt
1331 5403 1452 5459 vere
1481 5407 1812 5476 philosophi,

261 5491 361 5527 nec
384 5475 563 5526 minus
589 5472 680 5526 Dei
709 5490 867 5546 quam
899 5475 1174 5542 sapientia:
1202 5477 1458 5529 amatoris
1481 5472 1668 5543 verba,
1695 5472 1816 5546 quae

262 5555 386 5598 ante
422 5553 715 5597 extremam
740 5544 938 5614 judicis
963 5550 1305 5607 sententiam,
1334 5546 1512 5599 adhuc
1554 5546 1606 5598 in
1634 5544 1816 5600 custo-

261 5615 349 5667 dia
393 5615 750 5677 constitutus,
787 5615 852 5666 ad
896 5615 1090 5668 fratres
1124 5615 1374 5669 Ecclesia:
1415 5630 1526 5668 sua:
1558 5616 1808 5683 scripsit;

262 5685 453 5746 partim
497 5699 604 5752 quo
645 5685 696 5736 in
736 5692 874 5737 statu
917 5695 1222 5737 versaretur
1269 5699 1576 5753 exponens;
1615 5687 1808 5752 partim

259 5768 354 5826 eos
387 5753 705 5826 adhortans,
736 5755 1092 5826 utpietalenr
1112 5755 1165 5806 in
1195 5754 1469 5826 Christum
1495 5754 1657 5826 etiam
1689 5765 1811 5826 post

256 5823 462 5876 obitum
508 5838 664 5880 suum
690 5823 913 5894 jamjam
947 5823 1342 5893 imminentem,
1376 5824 1651 5880 mordicus
1684 5825 1811 5879 reti-

1917 2190 2204 2246 cotidianis
2236 2206 2300 2245 ac
2329 2188 2698 2258 multiplicatis
2729 2187 3064 2257 Opprobriis,
3116 2201 3217 2240 nec
3255 2201 3478 2255 oppres-

1918 2281 2160 2336 sionibus
2189 2291 2241 2337 et
2270 2281 2536 2352 angustiis
2566 2280 2707 2349 apud
2743 2294 2933 2334 omnes
2978 2280 3221 2348 placatus
3241 2319 3256 2344 ,
3293 2278 3479 2332 omnia

1916 2375 2118 2446 pariter
2155 2385 2394 2429 evertere
2420 2389 2587 2428 ausus
2618 2389 2697 2427 es.
2733 2373 2840 2426 Pro
2874 2372 3070 2440 quibus
3106 2386 3227 2438 qua:
3256 2369 3351 2423 tibi
3380 2385 3481 2423 ex-

1918 2466 2216 2520 cusationis
2239 2465 2455 2520 occasio
2484 2464 2854 2534 relinquetur?
2889 2461 2993 2516 Sed
3030 2461 3255 2515 forsitan
3283 2458 3430 2513 dices
3460 2475 3475 2512 :

1917 2554 2210 2625 Egentibus
2241 2554 2492 2624 gregibus
2521 2570 2583 2608 ac
2609 2553 2884 2618 desolatis,
2908 2560 3126 2621 pastore
3155 2565 3264 2603 non
3297 2548 3478 2603 subsi-

1917 2659 2107 2710 stente,
2143 2664 2208 2701 ne
2233 2648 2524 2702 multorum
2550 2647 2922 2700 incredulitate
2954 2643 3107 2698 multi
3148 2641 3476 2696 subtrahan-

1919 2753 2027 2805 tur,
2060 2742 2126 2795 ad
2156 2743 2256 2794 hoc
2286 2740 2523 2810 perveni.
2567 2739 2670 2794 Sed
2701 2740 3062 2794 certissimum
3089 2745 3191 2801 est,
3217 2735 3338 2789 illos
3368 2748 3477 2788 non

1917 2846 2072 2900 egere
2106 2849 2117 2883 :
2154 2831 2387 2899 primum
2435 2831 2559 2900 quia
2596 2830 2749 2883 multi
2785 2837 2921 2884 sunt
2948 2828 3378 2884 circumeuntes.
3424 2832 3480 2877 et

1917 2937 2162 2999 potentes
2188 2927 2437 2993 visitare;
2465 2927 2656 2980 deinde
2678 2925 2777 2981 etsi
2810 2925 2937 2995 quid
2959 2924 3026 2977 ab
3053 2923 3184 2992 ipsis
3213 2919 3481 2989 negligen-

1917 3021 2025 3074 tius
2069 3020 2362 3090 agebatur,
2399 3026 2712 3088 oportuerat
2755 3032 2820 3070 ex
2857 3015 3053 3085 p0pulo
3098 3025 3390 3082 properare
3415 3023 3480 3062 ac

1919 3127 2020 3167 nos
2047 3112 2260 3181 exigere
2288 3125 2386 3180 pro
2413 3109 2624 3164 merito.
2670 3107 2772 3162 Sed
2803 3107 3050 3162 sciebant
3099 3118 3157 3158 se
3195 3101 3476 3155 ministro-

1919 3220 2039 3257 rum
2073 3218 2182 3257 non
2211 3199 2335 3257 esse
2373 3216 2594 3272 egenos,
2636 3209 2689 3254 et
2715 3200 2836 3253 ideo
2863 3199 2928 3251 ad
2959 3197 3056 3251 hos
3087 3193 3342 3265 petendos
3366 3207 3476 3246 non

1918 3302 2299 3364 pervenerunt.
2363 3291 2651 3356 Sciebant,
2679 3291 2821 3360 quod
2845 3295 3125 3342 monentes
3151 3301 3245 3340 eos
3275 3286 3343 3339 ab
3375 3284 3479 3338 hac

1920 3386 2271 3457 inquisitione
2301 3393 2395 3442 aut
2419 3383 2844 3445 dimittebamus,
2877 3388 2968 3433 aut
2991 3393 3114 3432 cum
3143 3376 3292 3430 omni
3319 3390 3477 3430 scru-

1918 3481 2203 3549 pulositate
2246 3479 2406 3532 fiebat
2449 3481 2592 3547 quod
2623 3475 2752 3530 utile
2777 3472 3089 3536 videbatur;
3143 3470 3305 3523 ﬁebat
3331 3466 3475 3521 enim

1918 3574 2020 3628 sub
2046 3580 2335 3640 urguente,
2385 3579 2438 3623 et
2489 3569 2541 3622 in
2589 3567 2840 3621 manibus
2881 3565 3148 3635 probitate
3185 3561 3478 3616 constituta

1917 3665 2276 3735 cogitabatur.
2339 3661 2422 3716 Tu
2463 3670 2644 3716 autem
2694 3670 2802 3714 tam
2844 3658 3070 3712 viriliter
3115 3653 3476 3723 quorumdam

1918 3755 2270 3811 considerans
2297 3754 2660 3823 deeeptiones,
2686 3761 2739 3805 et
2769 3751 2946 3804 inania
2975 3749 3159 3811 verba,
3189 3747 3478 3814 subreptus

1918 3847 1984 3902 ad
2014 3847 2386 3901 ordinationes
2421 3841 2740 3914 prosiluisti.
2803 3840 2856 3897 Si
2890 3841 3034 3894 enim
3067 3837 3480 3906 adstringebant

1919 3939 2332 3992 circumstantes
2366 3945 2434 3999 te,
2465 3944 2518 3987 et
2556 3931 2953 4001 compellebant
2986 3931 3296 3997 ignorantes
3326 3925 3475 3978 ordi-

1917 4047 2038 4084 nem
2072 4029 2525 4091 ecclesiasticum,
2561 4033 2874 4086 oportuerat
2904 4033 2955 4077 te
2983 4030 3299 4091 sequentem
3323 4033 3478 4086 regu-

1916 4122 2022 4175 lam
2052 4121 2245 4175 litteris
2269 4134 2368 4173 nos
2395 4119 2657 4183 edocere;
2687 4127 2740 4171 et
2766 4117 2838 4170 ita
2871 4116 3012 4184 quod
3044 4112 3297 4182 expedire
3322 4108 3473 4163 vide—
3524 4159 3548 4183 ,

1915 4209 2096 4275 batur,
2132 4208 2308 4262 fiebat.
2353 4207 2407 4260 Si
2439 4207 2576 4262 forte
2599 4206 2994 4276 persuadebant
3014 4204 3109 4257 tibi
3136 4202 3355 4271 quidam
3391 4199 3476 4253 di-

1915 4313 2128 4365 centes,
2177 4301 2243 4356 de
2274 4300 2430 4354 nobis
2474 4299 2634 4354 linem
2671 4314 2792 4353 esse
2831 4297 3030 4351 factum
3063 4294 3226 4366 (quod
3253 4308 3351 4347 nec
3378 4290 3476 4345 tibi

1915 4393 2018 4462 ipsi
2060 4402 2176 4447 erat
2223 4393 2486 4461 ignotum,
2523 4389 2667 4460 quod
2693 4398 2876 4444 essent
2905 4387 3059 4443 multi
3089 4393 3280 4438 euntes
3307 4391 3360 4435 et
3390 4397 3478 4435 re—

1915 4485 2140 4539 deuntes
2165 4485 2231 4538 ad
2263 4500 2396 4544 nos,
2461 4481 2554 4552 qui
2607 4489 2857 4552 poterant
2907 4475 3188 4545 visitare),
3240 4473 3341 4526 etsi
3373 4472 3477 4524 hoc

1917 4575 2129 4639 fuisset,
2170 4576 2515 4643 oportebatte
2536 4573 2760 4641 majoris
2789 4571 2955 4640 patris
2989 4574 3302 4635 exspectare
3329 4561 3478 4632 judi-

1914 4668 2083 4730 cium,
2109 4676 2161 4720 et
2184 4666 2344 4734 hujus
2374 4666 2449 4718 rei
2480 4664 2911 4733 permissionem.
2979 4659 3084 4713 Sed
3113 4659 3305 4712 horum
3340 4654 3475 4709 nihil

1915 4758 2157 4827 cogitans
2176 4798 2191 4822 ,
2220 4769 2272 4810 et
2297 4755 2445 4812 aliud
2475 4771 2700 4824 sperans
2723 4795 2738 4816 ,
2771 4754 2938 4806 immo
2975 4751 3149 4820 magis
3178 4748 3349 4803 nostri
3380 4763 3477 4800 cu-

1919 4864 2035 4904 ram
2071 4864 2178 4902 non
2203 4862 2414 4917 gerens,
2440 4847 2757 4915 praepositos
2783 4844 3047 4913 quosdam
3071 4842 3266 4911 populo
3297 4838 3478 4908 provi-

1918 4941 2048 4995 disti
2106 4959 2120 4994 :
2183 4956 2308 4993 nam
2362 4941 2474 5008 jam
2539 4939 2913 5008 cognovimus,
2943 4945 2996 4990 et
3039 4935 3332 4988 schismata
3362 4931 3474 4999 (24)

1916 5030 2262 5101 fuisse,quod
2283 5029 2464 5083 multis
2490 5037 2580 5081 tua
2605 5028 2882 5097 displicuit
2909 5023 3302 5080 irrationabilis
3329 5020 3477 5074 ordi-

1922 5343 2128 5388 nerent.
2160 5352 2178 5384 ι

1997 5403 2108 5472 (22)
2150 5401 2300 5457 Hanc
2326 5403 2607 5471 epistolam
2635 5418 2756 5456 cum
2791 5403 2910 5455 aliis
2935 5401 3313 5472 ecclesiastica;
3340 5401 3475 5455 anti-

1921 5468 2144 5540 quitatis
2192 5468 2554 5527 monumentis
2599 5472 2804 5540 primus
2851 5472 3016 5525 edidit
3065 5483 3117 5520 ν.
3181 5468 3247 5526 cl.
3292 5470 3475 5540 Scipio

1921 5541 2166 5597 Malfeius
2194 5559 2255 5596 ex
2289 5553 2503 5597 vetusto
2533 5559 2635 5596 ms.
2665 5544 2850 5596 codice
2879 5541 3098 5608 capituli
3147 5540 3478 5598 Veronensis

1922 5613 1975 5682 in
2011 5613 2216 5682 Osserv.
2250 5615 2442 5676 letter.,
2477 5621 2605 5666 tom.
2645 5612 2726 5676 Ill,
2761 5629 2880 5682 pag.
2919 5611 3128 5675 11-17,
3179 5627 3286 5682 quo
3317 5612 3479 5665 exhi-

1917 5681 2075 5735 betur
2109 5681 2362 5752 Hittoriw
2395 5683 2745 5752 fragmentum
2771 5681 3134 5734 de’scliisntate
3175 5681 3476 5736 Melett'auo.

2015 5753 2106 5819 25)
2147 5751 2581 5817 Cammotionem,
2608 5752 2731 5815 Ms.,
2757 5753 3196 5805 commuttionem.

2015 5755 2106 5819 25)
2147 5755 2581 5817 Cammotionem,
2608 5755 2731 5815 Ms.,
2757 5767 2964 5805 comma

1992 5755 2104 5893 £24)
2144 5821 2461 5877 Schismata.
2492 5824 2616 5892 Ms.,
2656 5823 2964 5876 chrismate.
