4090 6390
609 417 747 470 iiiii'l

1720 407 1776 462 S.
1823 405 2123 460 TIIEONE
2161 400 2626 458 ALEXANDle

3690 397 3828 453 1538

608 534 777 584 natio.
828 531 907 583 Ad
947 531 1057 584 haec
1085 544 1183 582 nec
1212 526 1509 581 beatissimi
1538 521 1867 592 provisoris,
1907 531 1960 574 et
1996 518 2167 574 induti
2197 533 2243 586 Α
2271 517 2402 571 catis
2429 515 2615 568 alienis
2641 529 2658 567 :
2685 514 2886 584 pariter
2922 527 3078 567 suam
3109 526 3234 580 erga
3263 510 3412 564 illum
3447 510 3829 564 demonstrans

605 627 884 680 Christum
934 625 1175 677 omnium
1214 631 1461 675 nostrum
1505 617 1733 686 apostoli
1759 615 1911 669 Pauli
1945 614 2165 668 verbum

608 717 780 770 suasit
807 715 1040 778 morari,
1072 725 1125 766 et
1154 711 1488 780 propositum
1526 708 1682 762 facile
1714 706 2024 770 continere;
2074 705 2168 773 qui

607 806 850 858 scribens
887 803 1262 870 acceptissimo
1310 801 1420 853 lilio
1451 796 1738 850 Timotheo
1779 795 1911 850 dicit
1938 795 1960 826 ⁸
1995 811 2008 847 :
2049 792 2165 844 Ma-

609 910 703 946 nus
733 894 928 946 nemini
958 895 1062 945 cito
1091 892 1420 962 imposueris,
1451 905 1540 942 nec
1570 885 2030 942 communicaveris
2052 900 2168 953 pec-

1795 1004 1948 1058 Finis
1986 1000 2223 1072 epistula:

676 1124 827 1179 llanc
870 1125 1153 1195 epistolam
1197 1135 1482 1195 postquam
1530 1121 1767 1191 suscepit
1795 1130 1848 1175 et
1877 1119 2038 1188 legit,
2071 1132 2171 1171 nec

604 1216 907 1284 rescripsit,
943 1231 1041 1269 nec
1068 1216 1134 1268 ad
1164 1231 1257 1269 eos
1283 1215 1521 1284 perrexit
1544 1215 1609 1267 ad
1639 1224 1943 1272 carcerem,
1972 1222 2070 1260 nec
2103 1206 2172 1260 ad

605 1306 820 1359 beatum
853 1305 1070 1360 Petrum
1103 1307 1162 1359 iit
1194 1324 1206 1359 :
1242 1305 1498 1358 omnibus
1541 1312 1720 1356 autem
1757 1301 1840 1355 his
1881 1297 2169 1369 episcopis,

607 1397 938 1467 presbyteris
975 1413 1037 1450 ac
1063 1397 1381 1450 diaconibus
1433 1393 1772 1448 Alexandriae
1799 1391 1940 1460 apud
1985 1405 2170 1444 caree-

608 1503 720 1540 rem
774 1487 1094 1558 martyrium
1145 1488 1358 1556 passis,
1395 1487 1672 1555 ingressus
1714 1495 1796 1539 est
1838 1485 2018 1538 statim
2047 1483 2170 1537 Ale—

607 1577 913 1631 xandriam.
958 1577 1089 1630 Erat
1129 1589 1307 1630 autem
1357 1577 1408 1629 in
1441 1577 1656 1630 civitate
1682 1575 1900 1644 quidam
1929 1572 2168 1628 Isidorus

605 1667 847 1728 nomine,
878 1667 1122 1720 moribus
1155 1666 1532 1729 turbulentus,
1567 1664 1804 1718 doctoris
1840 1661 2044 1716 habens
2075 1661 2170 1714 dc-

607 1757 864 1810 siderium
889 1775 903 1823 ;
952 1767 1006 1811 et
1034 1757 1196 1809 Arius
1225 1757 1443 1825 quidam
1473 1754 1715 1808 habitum
1743 1761 1966 1822 portans
1997 1752 2168 1821 pieta-

2271 604 2662 677 providentiam
2697 611 2750 658 et
2777 603 3105 671 exemplum,
3128 616 3192 656 ac
3215 602 3384 670 legem
3409 616 3513 670 qua
3530 616 3652 656 cum
3677 599 3828 654 omni

2272 695 2695 765 scrupulositate
2723 703 2778 749 et
2808 694 3016 750 cautela
3056 694 3324 762 eligantur
3369 692 3675 746 ordinandi.
3712 692 3827 747 Ad-

2272 785 2708 856 nuntiamus(9.5)
2735 785 2787 838 in
2817 793 3091 854 posterum
3117 784 3232 849 tibi,
3258 793 3317 836 ut
3342 784 3538 853 regulae
3570 791 3745 838 tutum
3773 789 3832 837 et

2273 878 2544 934 salubrem
2571 877 2858 932 terminum
2889 876 3209 932 conﬁrmare
3233 875 3448 931 studeas
3476 873 3608 946 (26).

2271 998 2648 1066 episcoporum.

2269 1120 2413 1167 esset
2442 1109 2584 1180 quod
2617 1108 2946 1179 requireret,
3003 1115 3380 1164 succurrentes
3408 1106 3456 1161 ei
3477 1148 3492 1172 ,
3528 1106 3829 1161 invidentes

2270 1203 2474 1258 scilicet
2503 1199 2874 1270 pontiﬁcatum
2917 1199 2980 1252 Β.
3010 1198 3184 1265 Petri,
3221 1207 3280 1252 ut
3310 1205 3666 1268 cognoscatur
3696 1212 3831 1251 con-

2269 1292 2602 1363 cupiscentia
2634 1290 2855 1355 Meletii,
2890 1291 3232 1362 presbyteros
3259 1289 3457 1359 quibus
3487 1289 3707 1343 dederat
3735 1303 3832 1358 po-

2269 1393 2515 1439 testatem
2565 1379 2624 1434 B.
2675 1381 2866 1436 Petrus
2921 1381 2988 1435 de
3041 1380 3274 1450 paroeeia
3320 1378 3540 1433 visitare
3598 1378 3835 1431 Alexan—

2273 1475 2468 1537 driam,
2501 1472 2730 1526 latentes
2759 1469 2972 1524 Meletio
2992 1470 3518 1525 demonstraverunt.
3543 1467 3836 1521 Commen-

2273 1570 2404 1625 dans
2423 1569 2502 1624 eis
2542 1565 2882 1621 occasionem
2907 1565 3177 1632 Meletius,
3209 1564 3478 1634 separavit
3513 1579 3626 1626 eos,
3660 1572 3712 1617 et
3737 1577 3834 1616 or-

2273 1663 2479 1717 dinavit
2509 1661 2622 1731 ipse
2643 1661 2804 1727 duos,
2828 1678 2996 1716 unum
3027 1664 3081 1718 in
3109 1677 3347 1728 carcere,
3374 1671 3428 1716 et
3452 1661 3616 1716 alium
3645 1661 3698 1715 in
3721 1675 3837 1715 me-

2275 1754 2422 1809 tallo.

608 1849 706 1906 tis.
741 1858 792 1900 et
832 1848 943 1916 ipse
975 1846 1216 1901 doctoris
1251 1847 1579 1900 desiderium
1630 1845 1852 1898 habens.
1916 1841 1981 1895 Hi
2021 1849 2168 1910 post—
2199 1854 2240 1908 Β
2340 1845 2435 1900 llis
2460 1845 2678 1915 agnitis,
2709 1843 2766 1897 B.
2788 1843 2978 1899 Petrus
3007 1860 3130 1899 cum
3161 1845 3328 1898 multa
3348 1845 3604 1914 patientia
3631 1842 3835 1913 populo

605 1953 768 2007 quam
824 1946 1192 2006 cognoverunt
1243 1935 1590 2005 cupiditatem
1650 1933 1881 1998 Melctii,
1933 1941 1988 1987 et
2035 1931 2168 2002 quid

679 2069 789 2149 (ﬂii)
829 2068 1146 2123 Ordinandi.
1170 2070 1576 2123 Adnunliamus.
1599 2068 1726 2136 Ms.,
1759 2067 2054 2122 ordinando
2081 2067 2173 2121 ad-

610 2149 844 2191 nuntius.

682 2209 792 2270 (26)
835 2208 1090 2272 Studens,
1143 2208 1240 2262 Ms.
1295 2209 1554 2262 studetur.
1610 2208 1667 2261 In
1713 2207 1929 2260 laudato
1961 2207 2167 2272 codice,

609 2279 942 2332 collectionis
982 2279 1222 2333 historiae
1264 2290 1456 2332 auctor
1489 2280 1668 2334 relata:
1698 2289 1933 2347 quatuor
1962 2278 2172 2346 episco-

2274 1938 2495 2008 scripsit
2522 1935 2888 1990 Alexandrino
2923 1935 3206 2005 epistolam
3242 1937 3346 1991 hoc
3377 1935 3537 1990 modo
3565 1935 3701 2005 (27).

2275 2083 2468 2138 porum
2492 2067 2736 2136 epistola!
2769 2081 2797 2120 a
2821 2065 3004 2120 Philea
3032 2075 3092 2120 ut
3113 2066 3324 2121 videtur
3344 2065 3684 2134 conscriptae,
3707 2065 3840 2119 sub-

2275 2137 2354 2192 dit
2386 2137 2566 2191 statim
2601 2153 2721 2205 quas
2749 2146 3072 2206 sequuntur.

2352 2207 2464 2276 (‘27)
2508 2201 2843 2259 Hoc-modo.—
2889 2204 3038 2276 IIanc
3072 2213 3249 2258 autem
3276 2203 3652 2276 epistolamhs.
3690 2201 3840 2258 Petri

2277 2273 2625 2332 Alexandrini
2655 2277 2823 2331 habes
2855 2275 2995 2330 infra
3018 2277 3085 2330 ad
3115 2291 3242 2329 ann.
3270 2273 3374 2330 509.
3408 2285 3448 2329 t.
3478 2273 3617 2329 XVI.

1718 2610 1902 2654 CIRCA
1937 2609 2163 2652 ANNUM
2198 2608 2427 2652 DOMINI
2459 2608 2760 2653 CCXCVIII.

1567 2805 1738 2983 S.
1879 2797 2890 2981 THEONAS

1239 3077 2004 3193 EPISCOPUS
2058 3074 3208 3192 ALEXANDRINUS.

1979 3385 2530 3476 NOTITIA.

1459 3538 1746 3599 (ϐιιιλιωη
1776 3539 1895 3594 νει.
1929 3537 2068 3586 Patr.
2097 3534 2345 3597 Biblioth.,
2369 3543 2407 3586 t.
2435 3538 2526 3599 IV,
2549 3507 2770 3602 Proleg.,
2795 3554 2842 3602 ι).
2872 3541 2998 3603 νιιι.)

687 3828 726 3910 l.
771 3825 1136 3910 Iliconas'g‘uo
1185 3837 1411 3910 tempore
1446 3825 1618 3910 sedent
1648 3826 2074 3910 Alexandrinam
2105 3831 2409 3910 oﬂinuerit.
2453 3831 2930 3910 Ejus_prrvsulatus
2963 3834 3091 3910 anni
3138 3832 3480 3900 deﬁniuntur.
3516 3829 3624 3886 Sub
3663 3848 3721 3884 eo
3759 3832 3865 3900 ﬂo-

618 3901 726 3976 ruit
761 3897 969 3976 Pierius
1011 3897 1154 3948 illius
1183 3895 1428 3976 Ecclesia!
1452 3897 1736 3976 presbyter,
1762 3899 1840 3950 vir
1862 3900 2368 3976 sumntus._1:heonce
2395 3895 2645 3976 meritoria
2673 3903 2726 3955 in
2754 3901 2907 3970 fastis
2937 3895 3301 3956 ecclesiasticis
3336 3903 3668 3970 consignata.

690 3968 748 4022 ll.
783 3967 984 4043 lfa'stat
1017 3984 1080 4019 ea:
1113 3967 1328 4043 aﬁntiqua
1364 3967 1593 4018 versione
1640 3966 1753 4043 ejus
1802 3969 2027 4037 epistola
2069 3972 2134 4025 ad
2170 3971 2470 4026 Lucianum
2511 3966 2970 4027 cubiculariorum
3011 3971 3322 4042 praefectum
3356 3966 3515 4043 digna
3554 3972 3710 4042 plane
3745 3987 3867 4043 qua:

615 4041 792 4108 magni
835 4041 1077 4108 ducatur.
1125 4035 1470 4108 Quanaonam
1503 4039 1823 4108 conscripta.

686 4104 772 4162 Ill.
818 4108 900 4161 Ex
932 4107 1155 4160 Eusebio
1191 4115 1241 4160 et
1267 4104 1547 4158 Lactantio
1572 4107 1682 4174 ejus
1711 4108 1988 4177 integritas
2018 4109 2408 4179 comprobatur.

688 4228 728 4284 I.
770 4229 1002 4282 Maximo
1055 4226 1310 4282 Ecclesia:
1346 4227 1720 4282 Alexandrinae
1779 4230 2039 4294 antistiti,
2087 4231 2181 4300 qui
2211 4234 2256 4294 C
2289 4232 2391 4286 sub
2443 4231 2562 4300 ejus
2609 4230 2866 4285 nimirum
2919 4229 3180 4298 regimine
3227 4228 3470 4283 ﬂoruisse
3526 4227 3759 4282 Pierium
3796 4226 3868 4280 ad

621 4339 766 4376 anno
808 4320 969 4375 Probi
1007 4320 1350 4390 imperatoris
1390 4320 1602 4382 ultimo,
1635 4319 1835 4374 Christi
1859 4320 1962 4374 289.
2002 4323 2192 4376 deces-

622 4415 728 4478 sit,
799 4423 859 4466 ut
929 4421 1122 4466 auctor
1187 4419 1270 4464 est
1323 4409 1590 4465 Eusebius
1637 4411 1754 4481 (i),
1801 4411 2060 4466 suffectus
2109 4420 2193 4465 est

623 4503 895 4568 Theonas,
928 4504 1022 4574 qui
1069 4517 1241 4556 annos
1284 4502 1652 4556 novemdecim
1690 4502 1995 4557 ministerio
2027 4501 2196 4557 fuisse

624 4593 940 4664 perfunctus
973 4595 1200 4648 traditur
1233 4593 1521 4647 ab'eodem
1545 4591 1777 4647 Eusebio
1804 4602 1911 4646 tam
1946 4593 1998 4646 in
2028 4591 2196 4646 Chro-

627 4687 742 4739 nico
770 4701 930 4755 quam
980 4687 1032 4738 in
1081 4685 1322 4738 Historia
1367 4684 1441 4754 (‘2)
1472 4724 1486 4747 ,
1528 4691 1586 4736 ut
1619 4683 1843 4752 proinde
1877 4697 2193 4752 supremum

625 4780 766 4832 diem
797 4777 989 4831 obierit
1014 4792 1157 4829 anno
1190 4776 1293 4830 ’500
1316 4784 1568 4830 currente
1601 4793 1614 4828 :
1647 4775 1910 4844 siquidem
1947 4773 2074 4827 anni
2107 4773 2193 4838 19,

629 4882 844 4921 menses
899 4865 1110 4934 aliquos
1155 4867 1421 4918 duntaxat
1469 4863 1712 4932 attigisse
1757 4861 2075 4927 Theonam,
2128 4878 2195 4916 ex

630 4959 786 5012 initio
817 4957 1159 5027 episcopatus
1199 4955 1342 5009 Petri
1379 4955 1496 5023 ejus
1529 4955 1861 5010 successoris
1893 4953 2197 5008 Dodwellus

633 5061 816 5120 aperte
843 5053 1175 5105 demonstrat
1203 5049 1317 5119 (5);
1349 5047 1572 5116 ejusque
1602 5046 1881 5099 sententia-
1905 5043 2198 5099 Tillemon-~

633 5143 767 5195 tium
799 5158 1014 5212 quoque
1041 5140 1316 5194 adhmrere
1351 5136 1714 5206 comperimus
1750 5135 1848 5205 (4).

703 5233 1039 5287 Pauca'sunt
1067 5230 1354 5284 admodum
1387 5245 1416 5282 a
1446 5228 1715 5281 veteribus
1746 5227 1810 5279 de
1833 5223 2052 5278 Theona
2085 5239 2199 5277 mc-

636 5325 820 5380 morim
845 5323 1077 5393 prodita.
1108 5321 1242 5377 Illud
1266 5337 1437 5376 unum
1458 5320 1720 5374 discimus
1742 5332 1807 5370 ex
1831 5315 2060 5372 Eusebio
2091 5315 2197 5385 (5):

707 5437 730 5469 ⁵
758 5435 775 5489 I
808 5435 952 5490 Tim.
985 5451 1043 5500 v,
1066 5433 1159 5487 22.

707 5549 782 5616 (l)
821 5551 879 5601 in
909 5547 1102 5602 Chron.
1137 5545 1203 5600 ad
1230 5563 1356 5602 ann.
1384 5561 1691 5600 stuccxcvu.

711 5613 787 5686 (2')
829 5619 929 5681 Id.,
971 5616 1114 5671 Hist.
1148 5618 1297 5680 eccl.,
1330 5618 1422 5670 lib.
1453 5632 1545 5677 vn.
1587 5613 1832 5686 capsult.

710 5679 786 5758 (3)
830 5679 1051 5758 Dis—sert.
1080 5688 1218 5758 sing.
1249 5679 1313 5741 ad
1337 5686 1519 5758 Pears.
1545 5679 1748 5758 πυρί-6,
1779 5686 1805 5752 §
1835 5681 1924 5758 20,
1952 5696 2080 5758 pag.
2112 5679 2199 5732 73.

713 5749 988 5878 (ῼἹΜέηι.
1010 5749 1216 5821 εεειέδῖ,
1247 5769 1377 5812 tom.
1419 5757 1506 5822 IV,
1528 5749 1639 5811 not'.
1668 5755 1722 5817 2,
1754 5749 1848 5808 sur
1880 5749 2203 5813 S.’Tliéon.,

782 5841 796 5877 ι
843 5863 858 5878 .

648 5841 858 5897 p.1tl.

2297 4324 2614 4395 presbyterii
2645 4324 2906 4376 honorem
2948 4330 3191 4375 evectum
3215 4359 3230 4384 ,
3261 4320 3418 4388 eique
3447 4317 3768 4372 Christiana:
3801 4316 3869 4370 li-

2294 4415 2379 4469 dei
2408 4414 2798 4469 institutionem
2830 4413 2882 4466 in
2913 4412 3096 4467 schola
3121 4412 3481 4465 Alexandrina
3515 4408 3684 4464 fuisse
3715 4424 3870 4462 com-

2295 4507 2554 4572 missam;
2588 4507 2786 4576 quippe
2817 4505 2908 4574 qui
2953 4503 3287 4558 sublimioris
3315 4503 3671 4572 philosophias
3705 4511 3870 4570 atque

2296 4597 2620 4666 evangelica:
2645 4595 3074 4651 conversatiOnis
3103 4596 3374 4650 sincerum
3403 4594 3697 4664 specimen,
3733 4608 3868 4662 ope-

2296 4687 2449 4742 ribus
2503 4688 2634 4756 ipsis
2684 4703 2794 4756 praa
2839 4685 3045 4740 caeteris
3075 4686 3328 4739 omnibus
3359 4684 3655 4739 exhiberet.
3697 4683 3872 4736 Caete-

2298 4795 2419 4831 rum
2450 4776 2686 4831 Theonae
2720 4776 3059 4840 memoriam,
3095 4784 3152 4829 ut
3197 4791 3226 4829 a
3261 4775 3388 4830 viris
3434 4774 3607 4828 doctis
3649 4772 3872 4826 Rcuau-
3966 4798 3973 4804 -

2299 4871 2448 4924 dotio
2482 4870 2556 4940 (6)
2589 4881 2642 4925 et
2672 4869 2968 4938 Lequienio
2999 4868 3075 4939 (7)
3101 4868 3398 4934 erudimur,
3451 4867 3724 4921 celebrant
3765 4865 3866 4918 Co-

2300 4961 2444 5030 plitae
2476 4961 2561 5014 die
2597 4977 2633 5014 ιι
2681 4959 2885 5013 mensis
2922 4957 3078 5027 Tybi,
3109 4959 3220 5012 sive
3250 4958 3318 5011 ‘28
3356 4955 3669 5012 Decembris
3703 4974 3716 5008 :
3751 4953 3872 5021 ejus

2300 5061 2479 5105 tamen
2509 5051 2623 5106 dies
2651 5051 2822 5108 festus
2856 5057 2908 5107 in
2942 5053 3136 5106 tabulis
3179 5048 3559 5106 ecclesiasticis
3592 5045 3734 5115 apud
3774 5043 3878 5098 La-

2300 5142 2446 5197 tinos
2470 5149 2648 5212 agitur
2677 5145 2762 5199 die
2785 5145 2857 5199 ‘25
2885 5144 3135 5215 Augusti.

2372 5231 2439 5287 II.
2489 5233 2778 5303 Superiore
2833 5235 3030 5290 saeculo
3079 5233 3221 5286 edita
3267 5240 3351 5286 est
3393 5247 3421 5285 a
3477 5229 3739 5285 Dacherio
3793 5224 3872 5295 (8)

2303 5325 2533 5395 epistola
2586 5323 2808 5380 Thoona:
2857 5327 3086 5396 episcopi
3136 5325 3372 5378 Luciano
3427 5321 3876 5376 cubiculariorum

2373 5544 2452 5612 (5)
2497 5542 2635 5596 Hist.
2667 5541 2817 5606 eccl.,
2850 5541 2884 5594 Ι.
2917 5555 2966 5594 c.

2495 5612 2956 5683 llist._patriarch.
2997 5609 3148 5683 Alex.
3171 5647 3185 5665 .
3221 5607 3456 5683 νεαρ-51⁵5.

2381 5677 2457 5752 (7)
2501 5682 2594 5737 0r.
2637 5677 2835 5736 Christ.
2857 5690 3038 5752 ,_tom.
3074 5678 3136 5734 ll.
3171 5694 3290 5752 pag.
3318 5677 3440 5731 596.

2382 5744 2456 5825 (8)
2493 5753 2700 5823 Spicil.,
2729 5761 2860 5813 toni.
2886 5749 2974 5815 Ill,
3006 5766 3126 5821 pag.
3157 5744 3260 5803 “297
3287 5763 3412 5803 nov.
3434 5744 3566 5800 edit.
