4090 6414
257 431 406 486 1569

1176 429 1394 490 EPIST.
1433 428 1522 482 AD
1551 427 1918 487 'LUCIANUM
1952 427 2494 487 CUBICULARIUM.

3372 438 3509 492 15⁸70

257 548 512 618 prtefecto
555 549 833 619 inscripta,
882 549 1156 620 praeclaris
1184 549 1505 604 Christianae
1533 549 1747 618 pietatis
1779 559 1832 603 et
1860 553 1905 608 A
1933 550 2032 604 das
2065 552 2228 604 etiam
2265 551 2576 620 provincias
2623 551 3056 618 committebant,
3100 553 3250 607 omni
3297 556 3508 609 sacriﬁ-

259 641 564 709 prudentiae
609 641 870 697 institutis
919 642 1152 704 referta,
1205 643 1624 712 primazvamque
1676 644 1834 713 plane

259 734 668 803 simplicitatem
705 735 973 790 redolens.
1011 734 1074 788 Et
1102 723 1334 804 primum
1362 737 1600 805 quidem,
1633 736 1699 789 ab
1739 736 1836 790 lto-

262 825 417 878 mine
455 823 642 878 Graeco
673 823 840 879 fuisse
868 825 1012 877 illam
1058 826 1432 895 perscriptam,
1473 842 1536 880 ex
1587 841 1653 879 eo
1699 841 1834 880 con-

262 924 380 968 stat
427 917 571 984 quod
635 925 824 970 auctor
877 916 1086 971 divinas
1137 917 1444 987 Scripturas
1499 933 1833 972 commemo-

263 1024 395 1061 rans
427 1009 501 1077 (9)
538 1026 551 1062 :
586 1008 713 1072 Eas,
749 1009 941 1077 inquit,
980 1010 1114 1062 mira
1145 1009 1412 1079 diligentia
1450 1019 1498 1063 et
1535 1010 1833 1080 largissimo

262 1099 531 1167 impendio
573 1098 888 1153 Ptolemwus
936 1099 1308 1170 Philadelphus
1356 1102 1410 1153 in
1463 1118 1692 1156 LINGUAM
1739 1119 1835 1156 N0-

260 1207 441 1246 srnau
493 1192 698 1245 traduci
743 1193 961 1246 curavit.
1019 1191 1201 1262 Neque
1251 1209 1383 1247 sane
1438 1195 1686 1250 dubitare
1734 1211 1834 1250 nos

260 1281 395 1334 sinit
420 1281 661 1348 epistola:
697 1281 883 1346 dictio,
913 1283 1045 1350 quin
1078 1298 1196 1336 eam
1227 1298 1256 1336 e
1289 1283 1474 1337 Graeco
1502 1283 1689 1339 Latine
1715 1287 1835 1339 red-

259 1371 430 1426 ditam
465 1373 859 1427 existimemus.
899 1372 1161 1427 Praeterea
1209 1375 1405 1444 scripta
1440 1373 1612 1431 fuisse
1653 1378 1834 1446 perhi-

260 1463 422 1516 betur
454 1464 680 1532 epistola
716 1465 1023 1534 hujusmodi
1052 1465 1162 1535 (10)
1193 1482 1318 1535 pace
1353 1484 1444 1536 per
1465 1469 1655 1522 bonum
1686 1470 1833 1538 prin-

260 1555 434 1623 cipem
502 1553 748 1610 Ecclesiis
813 1573 1078 1612 concessa.
1147 1556 1388 1628 Denique
1443 1569 1672 1615 testatur
1731 1576 1832 1614 au-

259 1655 380 1700 ctor
406 1646 517 1716 (11)
539 1687 553 1712 ,
589 1648 873 1718 principem
904 1651 1074 1718 ipsum
1109 1650 1338 1702 nondum
1366 1651 1682 1706 Christiana:
1707 1653 1829 1706 reli-

259 1737 404 1808 gioni
454 1739 779 1806 ascriptum,
813 1740 866 1792 in
918 1739 1074 1808 cujus
1123 1741 1326 1809 palatio
1373 1742 1828 1797 cubiculariorum

260 1828 503 1897 praefecti
548 1845 773 1884 munere
821 1830 1145 1900 fungebatur
1179 1831 1478 1897 Lucianus,
1517 1835 1643 1903 ipsis
1670 1833 1828 1888 Chri-

259 1921 450 1974 stianis
485 1919 621 1974 velut
656 1921 980 1990 ﬁdelioribus
1008 1923 1166 1976 vitam
1201 1932 1250 1976 et
1299 1940 1484 1993 corpus
1523 1943 1675 1979 suum
1719 1943 1828 1980 ser-

259 2014 488 2064 vandum
534 2013 836 2067 credidisse.
883 2013 957 2068 Ex
1009 2015 1208 2084 quibus
1253 2030 1381 2086 ergo
1425 2017 1828 2074 characteribus

259 2113 408 2158 recte
430 2103 675 2172 arguisse
700 2105 856 2160 nobis
881 2106 1132 2160 videntur
1159 2107 1508 2164 doctissimus
1538 2109 1830 2164 Tillemon-

260 2194 373 2250 tius
396 2197 506 2267 (l2)
529 2205 582 2251 et
605 2195 921 2253 Dacheriani
946 2199 1211 2271 Spicilegii
1235 2217 1474 2271 nuperus
1497 2203 1671 2256 editor
1693 2203 1826 2273 (15),

260 2287 404 2342 banc
432 2289 714 2357 epistolam
750 2290 891 2345 haud
929 2291 1083 2346 aliter
1112 2307 1233 2346 esse
1261 2294 1627 2363 accipiendam
1663 2310 1826 2363 quam

258 2374 328 2428 de
361 2374 674 2431 Diocletiani
706 2379 956 2448 imperio,
985 2388 1275 2450 antequam
1308 2383 1398 2438 ille
1428 2399 1571 2438 anno
1600 2383 1704 2438 505
1731 2385 1827 2439 ad-

260 2481 451 2522 versus
481 2465 776 2523 Ecclesiam
812 2469 1044 2537 fureret;
1080 2487 1240 2540 quam
1274 2486 1555 2545 propterea
1577 2475 1827 2534 Thconas

259 2557 546 2627 episcopus
567 2559 960 2616 Alexandrinus
982 2562 1180 2616 satculo
1197 2579 1256 2618 ιιι
1285 2564 1562 2620 desinente
1593 2567 1828 2636 perscri-

260 2649 445 2717 pserit.

331 2737 414 2792 Ill.
455 2737 627 2794 Porro
665 2739 729 2793 ad
765 2739 1268 2804 lianc...sententiam
1301 2747 1647 2803 astruendam
1675 2749 1826 2806 locu-

261 2831 596 2899 pletissimus
627 2834 778 2888 testis
805 2835 1012 2890 accedit
1037 2834 1302 2893 Eusebius
1331 2839 1442 2910 (Li)
1471 2857 1486 2894 :
1521 2858 1540 2890 i
1580 2840 1823 2907 Qualem,

189 2949 200 2960 -
261 2924 476 2994 inquit,
509 2933 897 2997 _quantamque
949 2928 1172 2998 gloriam
1219 2931 1383 2984 simul
1422 2946 1486 2986 ac
1522 2932 1824 2990 libertatem

263 3015 508 3070 doctrina
552 3033 690 3072 vera:
745 3033 870 3089 erga
923 3035 1233 3088 supremum
1281 3021 1449 3076 Deum
1498 3025 1714 3094 pietatis
1755 3057 1827 3069 --

264 3106 405 3175 apud
441 3124 632 3164 omnes
677 3109 892 3166 Gmcos
919 3114 1122 3181 pariter
1147 3128 1212 3168 ac
1240 3114 1499 3170 barbaros
1545 3125 1669 3170 ante
1698 3132 1824 3186 per-

261 3200 597 3256 secutionem
646 3214 831 3258 nostra
883 3207 1142 3259 memoria
1201 3207 1486 3262 excitatam
1534 3219 1823 3264 consecuta

260 3289 352 3352 sit,
406 3307 506 3347 nos
534 3302 679 3347 certe
712 3309 809 3362 pro
843 3295 1035 3350 merito
1081 3297 1351 3366 explicare
1380 3313 1485 3353 non
1513 3313 1825 3368 possumus.

260 3380 594 3452 Argumenta
637 3399 768 3441 esse
795 3387 966 3455 possit
996 3389 1366 3458 imperatorum
1391 3388 1736 3460 (Diocletiani
1774 3402 1828 3448 et

262 3470 499 3530 Herculii
528 3474 626 3548 Μ.)
657 3476 944 3549 benignitas
971 3495 1095 3551 erga
1119 3489 1320 3535 nostros
1350 3497 1370 3536 :
1407 3483 1604 3553 quibus
1633 3499 1830 3555 regen-

1935 641 2092 694 candi
2141 650 2287 696 metu
2326 657 2420 696 eos
2450 642 2744 696 liberantes
2791 645 2860 695 ob
2904 643 3260 712 singularem,
3308 659 3416 712 qua
3454 646 3508 698 iu

1934 732 2247 800 religionem
2303 743 2545 787 nostram
2596 733 2769 787 allecti
2819 743 3002 799 erant,
3050 734 3504 789 benevolentiam.

1934 822 2073 889 Quid
2121 839 2260 894 opus
2310 833 2393 878 est
2440 825 2619 880 dicere
2673 826 2739 880 de
2781 826 2847 880 iis
2895 826 2987 895 qui
3039 826 3091 880 in
3131 828 3508 895 imperatorum

1933 918 2148 984 palatiis
2195 917 2580 970 versabantur?
2624 917 2762 983 Quid
2795 919 2861 970 de
2893 918 3310 986 imperatoribus
3338 920 3509 986 ipsis?

1933 1008 2035 1074 Qui
2065 1009 2378 1062 domesticis
2425 1010 2540 1062 suis
2572 1023 2870 1078 eorumque
2898 1011 3179 1074 uxoribus,
3222 1011 3406 1064 liberis
3445 1026 3508 1066 ac

1934 1097 2137 1158 servis,
2174 1113 2236 1151 ea
2285 1113 2405 1164 qua:
2447 1098 2723 1168 religionis
2771 1113 2881 1152 suae
2928 1109 3120 1162 erant,
3170 1111 3277 1154 tam
3327 1100 3506 1153 verbis

1933 1201 2096 1256 quam
2145 1186 2300 1242 factis
2351 1188 2517 1242 libere
2561 1191 2888 1258 exsequendi
2931 1204 3114 1244 coram
3163 1192 3503 1259 semetipsis,

1932 1289 2250 1348 potestatem
2283 1281 2566 1348 dederunt,
2614 1281 2749 1350 ipsis
2782 1282 2852 1335 ob
2877 1285 3015 1337 hanc
3039 1282 3158 1336 lidei
3189 1299 3301 1337 suae
3341 1283 3505 1338 liber-

1933 1381 2095 1425 tatem
2125 1372 2342 1441 gloriari
2373 1388 2437 1426 ac
2465 1389 2523 1427 se
2547 1382 2822 1428 ostentare
2849 1376 3254 1444 quodammodo
3284 1378 3508 1444 permit-

1931 1473 2102 1518 tentes
2139 1482 2152 1518 :
2192 1480 2394 1534 eosque
2419 1480 2530 1534 pne
2561 1467 2770 1520 caeteris
2794 1466 3046 1521 omnibus
3080 1467 3344 1522 ministris
3374 1482 3506 1536 quo-

1930 1557 2052 1611 dam
2090 1570 2276 1610 amore
2307 1557 2792 1626 prosequebantur.
2830 1577 2850 1610 ›
2890 1557 3013 1611 Haec
3060 1559 3348 1627 episcOpus
3382 1560 3502 1614 Cac-

1931 1649 2231 1715 sariensis;
2284 1649 2375 1718 qui
2413 1649 2574 1717 paulo
2624 1658 2747 1718 post
2792 1648 2846 1702 in
2896 1650 3140 1704 eamdem
3181 1651 3500 1704 sententiam

1932 1738 2123 1792 scribit
2156 1738 2267 1809 (15)
2313 1758 2332 1789 ‹
2385 1737 2716 1793 Dorotheum
2766 1748 2820 1793 et
2868 1741 3106 1809 reliquos
3152 1741 3502 1794 cubicularios

1929 1845 2115 1898 pueros
2137 1829 2336 1882 summi
2365 1830 2586 1884 honoris
2609 1832 2964 1900 praerogativa
2989 1833 3056 1885 ab
3086 1833 3503 1901 imperatoribus

1933 1929 2155 1975 ornatos
2183 1919 2370 1986 fuisse,
2405 1922 2498 1990 qui
2534 1935 2639 1975 non
2669 1922 2848 1976 minus
2876 1923 2946 1976 ab
2975 1923 3164 1977 iisdem
3205 1924 3504 1993 diligeban-

1934 2019 2023 2065 tur
2045 2027 2207 2080 quam
2238 2012 2353 2064 lilii.
2391 2035 2410 2063 ι
2451 2010 2545 2065 His
2581 2025 2823 2066 consona
2855 2012 3018 2066 refert
3045 2012 3376 2076 Lactantius,
3406 2015 3500 2083 qui

1932 2117 1995 2158 ea
2043 2111 2359 2171 tempestate
2403 2102 2556 2156 testis
2607 2101 2777 2157 ferme
2829 2105 3075 2158 oculatus
3122 2104 3368 2157 ﬂorebat.
3413 2103 3504 2160 Sic

1931 2193 2075 2247 enim
2127 2195 2214 2248 ille
2242 2193 2355 2266 (16)
2387 2213 2399 2248 :
2434 2193 2666 2248 Furebat
2703 2211 2822 2264 ergo
2865 2196 3152 2264 imperator
3197 2195 3505 2264 (Diocletia-

1932 2287 2055 2356 nus)
2076 2289 2193 2354 jam
2233 2302 2333 2340 non
2371 2288 2426 2339 in
2453 2286 2764 2339 domesticos
2807 2295 3049 2351 tantum,
3094 2287 3185 2340 sed
3218 2288 3270 2340 in
3304 2304 3501 2342 onmes.

1931 2405 2001 2417 -—
2031 2376 2386 2431 Potentissimi
2429 2378 2692 2448 quondam
2735 2377 2956 2430 eunuchi
2988 2380 3181 2442 necati,
3230 2394 3326 2447 per
3365 2394 3504 2448 quos

1929 2469 2190 2538 palatium
2229 2478 2280 2522 et
2315 2469 2422 2536 ipse
2464 2469 2758 2525 constabat.
2795 2469 2926 2537 Qua:
2971 2470 3186 2539 quidem
3223 2473 3406 2523 omnia
3455 2471 3501 2524 si

1932 2577 2054 2615 cutn
2089 2561 2154 2616 iis
2184 2561 2534 2616 conferantur
2567 2576 2689 2628 qua:
2735 2562 2804 2616 ab
2845 2562 3000 2616 initio
3041 2563 3106 2614 ad
3143 2561 3300 2613 finem
3331 2577 3504 2630 usque

1930 2649 1986 2704 in
2017 2665 2114 2705 sua
2145 2652 2372 2720 epistola
2403 2652 2564 2705 tradit
2592 2662 2816 2719 auctor;
2860 2667 3018 2705 nemo
3059 2653 3338 2705 enimvero
3385 2652 3504 2705 fue-

1930 2741 2022 2804 rit,
2057 2743 2149 2813 qui
2180 2742 2352 2798 libens
2389 2744 2684 2812 volensque
2717 2743 3036 2798 sententiam
3069 2742 3230 2795 modo
3258 2742 3506 2811 proposi-

1929 2841 2039 2887 tam
2089 2848 2197 2887 non
2249 2834 2634 2902 amplectatur,
2677 2833 2879 2904 quique
2920 2835 3181 2888 detrectet
3225 2831 3501 2886 Ttieonam

1929 2926 2241 2996 episcopum
2261 2927 2686 2981 Alexandrinum
2722 2928 2840 2995 ejus
2868 2935 3140 2980 auctorem
3181 2941 3500 2995 agnoscere,

1929 3026 1990 3072 ut
2021 3019 2246 3087 proinde
2299 3019 2443 3073 haud
2486 3033 2706 3073 necesse
2759 3019 2830 3073 sit
2878 3019 3045 3073 alium
3087 3033 3117 3072 a
3169 3016 3504 3072 Diocletiano

1931 3108 2310 3177 imperatorem
2361 3125 2603 3179 quaerere
2659 3127 2782 3164 cum
2843 3109 3022 3165 Caveo
3066 3110 3177 3181 (17)
3236 3110 3505 3166 Constan-

1929 3202 2063 3256 tium
2092 3202 2374 3266 Clilorum,
2408 3214 2502 3258 aut
2530 3205 2695 3258 alium
2731 3220 2852 3259 cum
2876 3203 3144 3258 Daclterio
3175 3203 3288 3274 (l8)
3318 3201 3501 3257 Theo-

1933 3310 2056 3349 nam
2112 3295 2425 3365 episcopum
2471 3296 2796 3367 Cyzicenum
2843 3316 2858 3352 :
2895 3313 3004 3366 quo
3056 3311 3216 3350 verus
3261 3295 3503 3364 epistolae

1931 3395 2118 3440 auctor
2163 3397 2470 3451 statuatur,
2529 3388 2801 3458 simulque
2855 3390 3024 3460 ipsius
3068 3388 3310 3457 epistolae
3365 3388 3502 3441 inte-

1927 3478 2097 3548 gritas
2124 3479 2492 3534 confirmetur.

1216 3859 1483 3973 SAN
1495 3859 1571 3972 C
1591 3861 1679 3971 T
1691 3861 1738 3973 Ι
1889 3859 2519 3976 THEONAE

1475 4094 1760 4140 BPISCOPI
1831 4092 2270 4141 ALEXANDRINI

676 4243 1063 4306 EPISTOLA
1119 4241 1228 4304 AD
1287 4239 1697 4304 LUCIANUM
1755 4240 2462 4305 CUBICULARIORUM
2517 4245 3068 4320 PRIEPOSITUM,

945 4405 1010 4460 In
1039 4423 1141 4478 qua
1170 4407 1372 4460 monita
1401 4404 1709 4460 Christiana
1753 4415 1803 4460 et
1833 4405 2050 4475 politica
2078 4408 2243 4463 eidem
2277 4411 2506 4480 suggerit
2533 4408 2590 4464 S.
2630 4409 2811 4465 Pater.

1225 4562 1320 4623 (la:
1352 4557 1546 4610 Acherii
1567 4558 1856 4622 Spicilegio,
1880 4565 1994 4612 tam.
2019 4561 2107 4624 lli,
2130 4575 2244 4627 pag.
2267 4563 2519 4626 297-299.)

334 4864 583 4920 Theonas
601 4862 883 4933 episcopus
903 4859 1144 4914 Luciano
1161 4859 1446 4929 praeposito
1467 4858 1829 4914 cubiculario-
1858 4863 1904 4919 ι)
1931 4859 2190 4929 ampliare
2247 4873 2356 4914 non
2414 4859 2619 4913 destitit
2665 4875 2680 4912 :
2726 4858 2836 4912 imo
2879 4861 3312 4929 persecutionum
3347 4861 3492 4929 ἰιι-ο-

268 4969 386 5009 rum
414 4950 752 5007 invictissimi
787 4947 1044 5020 principis
1071 4949 1262 5002 nostri.

336 5042 374 5098 l.
417 5043 627 5098 Gratias
668 5056 769 5112 ago
799 5038 1148 5109 omnipotenti
1195 5037 1305 5094 Deo
1351 5047 1404 5094 et
1453 5039 1680 5095 Domino
1723 5055 1826 5096 no-

271 5143 378 5188 stro
405 5130 531 5189 Jesu
576 5130 815 5198 Christo,
861 5131 954 5200 qui
983 5129 1138 5184 iidem
1182 5144 1334 5184 suam
1381 5146 1475 5199 per
1508 5132 1822 5186 universum

271 5224 452 5278 orbem
490 5222 545 5276 in
588 5221 779 5278 salutis
826 5229 1024 5276 nostra:
1052 5220 1272 5274 unicum
1307 5221 1602 5275 remedium
1645 5221 1822 5275 mani-

272 5315 482 5379 festare,
528 5329 592 5368 ac
643 5313 804 5369 etiam
853 5311 911 5366 in
961 5322 1311 5384 tyrannorum
1356 5312 1822 5382 persecutionibus

341 5497 414 5566 (9)
457 5494 680 5566 Tinam,
719 5494 876 5566 epist.
909 5491 936 5563 ᾗ
969 5492 1019 5547 'l.

341 5563 452 5636 (ιο)
490 5564 588 5636 ιιιε,
607 5563 769 5636 tua,
797 5563 824 5636 ε
857 5564 906 5617 ι.

343 5633 454 5703 (tt)
496 5633 634 5688 Ibid.

344 5698 452 5774 (ιε)
492 5703 648 5757 Mem.
679 5703 804 5757 eccl.
827 5743 843 5769 ,
874 5713 1009 5774 tom.
1044 5700 1143 5774 ιν)
1185 5717 1305 5771 pag.
1343 5701 1435 5774 ΖΗ
1459 5741 1472 5766 ,
1502 5708 1614 5755 not.
1650 5698 1700 5766 1,
1733 5713 1826 5752 sur

279 5771 600 5838 8.’Τ1ι’ὁοιι.,
629 5783 681 5843 et
708 5784 836 5827 tom.
871 5773 930 5836 V,
971 5783 1073 5828 art.
1105 5773 1158 5839 5,
1191 5789 1309 5843 pag.
1343 5771 1391 5824 7.

343 5845 452 5915 (ιδ)
490 5841 673 5914 Spicil.
697 5844 734 5898 ι.
763 5859 812 5898 c.

1921 4951 2072 5006 cellis
2102 4951 2246 5005 velut
2285 4966 2477 5004 aurum
2525 4951 2579 5004 in
2621 4950 2840 5005 fornace
2865 4965 3230 5024 expugnatum
3269 4954 3484 5019 enituit,

1921 5049 1976 5096 et
1999 5041 2118 5110 ejus
2145 5040 2341 5095 veritas
2372 5056 2436 5096 ac
2463 5041 2728 5096 celsitudo
2771 5043 2941 5110 magis
2981 5057 3193 5111 semper
3221 5057 3283 5097 ac
3313 5045 3488 5113 magis

1923 5129 2217 5199 splenduit,
2259 5139 2319 5183 ut
2348 5130 2456 5200 iam
2502 5146 2634 5200 pace
2672 5148 2766 5201 per
2807 5133 3006 5186 bonum
3052 5131 3346 5200 principem
3383 5133 3490 5186 Ec-

1923 5220 2102 5275 clesiis
2146 5233 2438 5283 concessa,
2469 5220 2899 5276 Christianorum
2960 5237 3116 5288 opera
3169 5222 3329 5275 etiam
3389 5238 3483 5275 co-

1928 5325 2048 5365 ram
2095 5309 2400 5367 inﬁdelibus
2441 5311 2682 5376 luceant,
2724 5321 2772 5366 et
2813 5311 3139 5382 gloriﬁcetur
3179 5313 3298 5367 inde
3325 5311 3485 5368 Pater

2001 5487 2112 5559 (14)
2159 5486 2296 5559 ilict.
2335 5487 2458 5540 eccl.
2492 5487 2584 5541 lib.
2624 5503 2741 5554 vin,
2772 5503 2890 5558 cap.
2925 5491 2971 5541 l.

1999 5557 2113 5627 (15)
2153 5557 2332 5621 1bid.,
2387 5573 2504 5626 cap.
2539 5559 2592 5612 6.

2027 5630 2112 5697 16)
2151 5629 2227 5682 De
2251 5627 2459 5684 mortib.
2492 5636 2745 5696 persecat.
2769 5669 2784 5694 ,
2825 5644 2946 5697 cap.
2976 5629 3061 5683 15.

2028 5697 2113 5772 Π)
2155 5698 2484 5772 (iistilitter.
2510 5737 2524 5760 ,
2565 5708 2698 5754 tom.
2734 5701 2772 5764 Ι,
2807 5715 2926 5772 pag.
2966 5700 3092 5759 172.

2032 5767 2117 5841 is)
2157 5767 2374 5838 Spicil.,
2410 5769 2446 5823 ι.
2478 5785 2527 5823 c.
