4090 6390
641 408 771 462 1571

1786 405 1840 458 S.
1885 401 2181 458 Tllh‘ONAS
2223 399 2685 454 ALEXANDRINI

3704 400 3842 452 1572

635 535 800 580 uester
826 527 911 595 qui
953 526 1009 577 in
1051 523 1189 576 cmlis
1234 532 1308 575 est
1347 520 1490 576 Deus
1526 523 1539 551 ¹
1566 540 1581 586 ;
1629 521 1771 591 quod
1817 522 1962 575 velut
2002 521 2188 590 pracci-
2216 530 2259 578 Α
2285 520 2483 574 Christi
2511 518 2841 586 repleamini.
2872 518 3060 572 Omnia
3091 526 3304 587 propter
3333 516 3506 586 ipsum
3532 516 3838 570 Creatorem

634 633 800 685 puum
836 630 866 669 a
912 617 1065 669 nobis
1119 628 1216 682 pro
1261 613 1432 667 salute
1473 622 1678 677 nostra,
1723 612 1767 666 si
1801 612 2091 666 Christiani
2127 627 2184 664 re

633 708 810 775 potius
836 721 996 774 quam
1045 705 1222 758 verbis
1255 719 1372 757 esse
1403 704 1686 772 cupimus,
1727 704 2072 772 quaerendum
2113 711 2187 755 at-

631 797 1120 867 queexoptandnm
1150 805 1250 850 est.
1284 794 1416 849 Nam
1448 797 1494 850 si
1525 796 1751 866 gloriam
1775 802 2014 848 nostram
2040 809 2186 862 quee-

631 891 824 954 rimus,
858 901 971 941 rem
997 902 1192 940 vanam
1230 887 1597 955 caducamque
1624 885 1943 954 appetimus,
1982 894 2036 940 et
2065 901 2184 954 quae

631 995 731 1033 nos
770 980 915 1047 ipsos
944 979 1012 1031 ad
1055 985 1282 1031 mortem
1315 978 1557 1046 perducit
1592 995 1605 1030 :
1646 985 1701 1030 at
1731 977 1898 1045 gloria
1927 977 2102 1031 Patris
2132 986 2186 1032 et

630 1066 749 1120 Filii
785 1068 876 1136 qui
924 1081 1021 1135 pro
1073 1067 1244 1120 salute
1272 1074 1455 1120 nostra
1499 1066 1648 1120 cruci
1690 1064 1879 1120 aflixus
1922 1065 2042 1130 fuit,
2085 1083 2184 1122 nos

629 1156 810 1209 salvos
847 1154 975 1208 facit
1034 1155 1087 1207 in
1139 1155 1557 1223 redemptionem
1601 1156 2019 1223 sempiternam;
2065 1173 2186 1226 quae

629 1248 865 1300 maxima
901 1245 1336 1299 Christianorum
1371 1254 1452 1299 est
1487 1245 1834 1313 exspectatio.

697 1339 812 1394 Non
845 1357 991 1410 ergo,
1043 1342 1114 1394 mi
1161 1341 1413 1406 Luciane,
1463 1349 1515 1394 te
1556 1340 1748 1410 jactari
1787 1353 1880 1395 aut
1921 1349 2052 1409 puto
2093 1350 2186 1396 aut

625 1433 750 1486 volo
795 1434 938 1501 quod
975 1433 1132 1486 multi
1173 1448 1235 1487 ex
1296 1431 1493 1501 palatio
1559 1433 1816 1500 principis
1871 1448 1965 1502 per
2022 1442 2073 1486 te
2117 1433 2183 1486 ad

627 1524 952 1591 agnitionem
1007 1524 1241 1577 veritatis
1282 1531 1656 1592 pervenerunt,
1707 1523 1800 1577 sed
1850 1523 2023 1594 magis
2063 1539 2185 1592 gra-

628 1617 730 1669 tias
775 1615 885 1668 Deo
922 1627 1108 1669 nostro
1155 1613 1352 1668 referre
1403 1614 1582 1680 decet,
1615 1613 1707 1683 qui
1749 1623 1801 1668 te
1852 1613 2054 1667 bonum
2103 1614 2185 1668 in»

626 1716 987 1762 strumentum
1038 1707 1091 1760 in
1138 1723 1250 1762 rem
1297 1707 1492 1762 bonam
1545 1706 1810 1773 confecit,
1855 1714 2015 1775 teque
2046 1707 2183 1775 apud

626 1799 918 1867 principem
949 1799 1280 1857 sublimavit.
1304 1797 1666 1853 utChristiani
1694 1797 1931 1852 nominis
1964 1799 2182 1852 odorem

626 1889 679 1942 in
716 1905 869 1942 suam
918 1890 1144 1959 gloriam
1170 1903 1221 1944 et
1261 1890 1553 1944 multorum
1583 1889 1807 1944 salutem
1836 1889 2182 1944 diﬁ'underes.

624 1976 758 2032 Nam
811 1990 1013 2048 quanto
1071 1981 1242 2050 magis
1296 1981 1546 2049 princeps
1584 1981 1697 2049 ipse
1743 1980 1980 2034 nondum
2029 1979 2187 2034 Chri-

624 2070 816 2123 stianae
862 2070 1109 2141 religioni
1159 2071 1464 2139 ascriptus,
1517 2071 1647 2140 ipsis
1693 2071 2012 2126 Christianis
2041 2072 2187 2126 velut

626 2163 957 2216 ﬁdelioribus
1002 2163 1166 2216 vitam
1210 2172 1262 2217 et
1300 2178 1499 2231 corpus
1530 2178 1690 2218 suum
1722 2163 2022 2217 curandum
2067 2178 2187 2224 cre-

623 2251 788 2314 didit;
833 2261 978 2324 tanto
1007 2254 1158 2309 decet
1191 2267 1287 2308 vos
1317 2252 1674 2318 sollicitiores,
1728 2270 1789 2309 ac
1828 2255 1881 2307 in
1914 2255 2059 2309 illius
2095 2269 2184 2309 sa-

624 2341 788 2396 lutem
833 2353 885 2398 et
931 2359 1115 2397 curam
1147 2345 1512 2413 diligentiores
1540 2361 1662 2400 esse
1689 2354 1741 2399 et
1770 2345 2182 2415 prospectiores,

624 2444 684 2487 ut
713 2450 806 2502 per
857 2435 905 2488 id
959 2436 1246 2504 plurimum
1275 2435 1477 2490 Christi
1512 2451 1708 2491 nomen
1739 2436 2085 2506 glorificetur,
2131 2443 2186 2490 et

624 2524 771 2580 illius
800 2526 930 2582 fides
963 2543 1059 2596 per
1105 2543 1200 2582 vos
1229 2529 1323 2597 qui
1369 2527 1666 2598 principem
1697 2525 1906 2593 fovetis,
1942 2526 2184 2596 quotidie

621 2628 882 2688 augeatur
915 2637 930 2671 :
968 2635 1090 2672 nam
1115 2619 1242 2690 quia
1271 2635 1371 2674 nos
1397 2620 1669 2674 maleficos
1695 2619 1824 2673 olim
1849 2625 1903 2673 et
1927 2618 2182 2672 omnibus

621 2710 839 2780 ﬂagitiis
869 2710 1096 2766 refertos
1127 2712 1370 2766 nonnulli
1403 2713 1611 2781 priores
1645 2710 1917 2780 principes
1955 2719 2178 2779 putave-

621 2812 779 2866 runt;
816 2803 907 2858 sed
937 2804 1049 2872 jam
1075 2803 1316 2858 videntes
1346 2813 1523 2858 vestra
1554 2803 1692 2856 bona
1717 2816 1899 2871 opera,
1932 2816 2038 2856 non
2065 2815 2184 2871 pos-

617 2892 729 2947 sint
761 2893 867 2947 nisi
898 2893 1076 2963 ipsum
1105 2892 1376 2948 Christum
1408 2893 1732 2963 glorificare.

689 2983 751 3036 ll.
794 2983 978 3053 Itaque
1021 3000 1230 3040 summa
1264 3000 1365 3055 ope
1395 2986 1546 3040 vobis
1577 2983 1930 3039 annitendum
1970 2993 2072 3048 est,
2112 2999 2180 3039 ne

618 3091 714 3130 vos
760 3075 961 3144 aliquid
1006 3083 1160 3146 turpe
1205 3085 1300 3131 aut
1340 3077 1707 3140 inhonestum,
1759 3091 1827 3130 ne
1854 3075 2176 3146 flagitiosum

619 3166 915 3231 nominem,
951 3167 1228 3235 sentiatis;
1269 3183 1336 3222 ne
1365 3169 1564 3225 Christi
1600 3183 1798 3224 nomen
1828 3185 1924 3241 per
1959 3184 2058 3226 vos
2091 3171 2178 3240 ip-

617 3273 707 3312 sos
740 3258 1159 3328 blasphemetur.

685 3349 842 3405 Absit
870 3366 900 3403 a
927 3351 1082 3406 vobis
1117 3362 1176 3405 ut
1209 3351 1411 3406 aditum
1436 3352 1596 3408 alicui
1627 3353 1693 3407 ad
1722 3353 2018 3423 principem
2051 3368 2174 3423 pre-

616 3441 692 3494 tio
718 3442 992 3509 vendatis;
1038 3451 1094 3497 ut
1146 3443 1428 3499 inhonesta
1455 3453 1549 3499 aut
1576 3447 1846 3515 precibus,
1887 3456 1981 3500 aut
2007 3447 2177 3516 pretio

617 3533 747 3588 victi
780 3535 962 3603 aliquo
998 3544 1155 3604 pacto
1191 3536 1419 3604 principi
1447 3539 1766 3608 suggeratis.
1817 3537 2006 3592 Omnis
2051 3555 2177 3593 ava-

617 3625 773 3702 rititc
803 3626 964 3678 ardor
1009 3642 1040 3678 a
1085 3626 1237 3680 vobis
1286 3627 1540 3681 abscedat
1571 3631 1627 3694 ⁸,
1656 3643 1776 3696 qute
1822 3629 2174 3682 idololatrian]

618 3717 795 3783 potius
826 3723 986 3785 ‘quam
1017 3715 1217 3770 Christi
1270 3717 1584 3786 religionem
1636 3727 1908 3786 operatur.
1959 3717 2173 3773 Nullum

617 3814 775 3877 turpe
803 3808 1011 3862 lucrum
1045 3807 1374 3874 Christiano,
1397 3809 1542 3863 nulla
1572 3808 1858 3877 duplicitas
1889 3810 2176 3864 convenire

621 3906 815 3967 potest,
845 3900 936 3968 qui
969 3898 1244 3953 Christum
1286 3899 1583 3968 simplicem
1631 3907 1684 3954 et
1727 3899 1931 3954 nudum
1975 3902 2175 3970 ample-

617 3991 800 4047 ctitur.
825 3988 981 4046 Nulla
1010 3992 1314 4046 scurrilitas
1355 4001 1449 4047 aut
1496 3993 1880 4064 turpiloquium
1913 3993 2053 4048 inter
2079 4009 2175 4047 vos

619 4081 881 4137 habeatur
909 4083 949 4138 ³.
991 4082 1186 4137 Omnia
1218 4099 1340 4138 cum
1373 4085 1952 4149 modestia,'comitate,
1988 4083 2176 4138 affabi-

619 4174 764 4228 litate
804 4182 858 4228 et
899 4174 1108 4243 jnstitia
1137 4176 1442 4246 exigantur,
1476 4185 1535 4230 ut
1581 4177 1636 4230 in
1680 4176 1929 4231 omnibus
1974 4189 2172 4230 nomen

620 4264 711 4318 Dei
746 4273 798 4319 et
825 4265 1034 4320 Domini
1062 4267 1228 4320 nostri
1261 4266 1388 4322 Jesu
1420 4268 1619 4322 Christi
1652 4268 1997 4337 glorificetur.

690 4355 871 4411 Ofﬁcia
919 4365 1098 4412 vestra
1149 4357 1214 4412 ad
1259 4373 1379 4427 quae
1427 4358 1623 4429 singuli
1675 4358 1954 4413 constituti
1999 4357 2169 4419 estis,

620 4449 767 4503 omni
819 4464 941 4503 cum
989 4449 1179 4503 timore
1225 4447 1319 4503 Dei
1369 4457 1422 4504 et
1472 4465 1654 4506 amore
1699 4450 1958 4520 principis
2012 4459 2173 4519 atque

2286 621 2523 665 vestrum
2555 611 2791 674 suﬂ‘erte,
2839 611 3020 664 omnia
3056 609 3322 678 patimini,
3351 610 3531 662 omnia
3562 610 3762 663 vincite
3789 618 3843 664 et

2286 699 2662 768 supplantate,
2729 709 2789 752 ut
2846 697 3119 751 Christum
3179 697 3466 750 Dominum
3525 700 3839 768 acquiratis.

2284 790 2474 861 Magna
2512 799 2638 844 sunt
2673 789 2786 843 haac
2826 797 2881 842 et
2928 789 3199 867 laboribus
3245 793 3403 860 plena
3454 807 3466 843 :
3514 791 3606 846 sed
3655 792 3743 860 qui
3785 792 3841 844 in

2285 898 2444 951 agone
2462 883 2743 943 contendit,
2767 881 2829 933 ab
2852 881 3087 933 omnibus
3107 898 3159 934 se
3189 882 3407 942 abstinet
3425 898 3444 945 ;
3462 894 3508 936 et
3531 882 3612 935 illi
3633 883 3842 952 quidem

2285 983 2342 1025 ut
2401 972 2786 1042 corruptibilem
2858 988 3101 1025 coronam
3166 975 3466 1042 accipiant,
3513 991 3606 1027 nos
3665 982 3839 1026 autem

2284 1065 2636 1133 incorruptam
2665 1064 2707 1117 ⁵.

2353 1175 2439 1229 lll.
2479 1176 2581 1230 Sed
2627 1177 2782 1245 quia,
2817 1184 2877 1229 ut
2917 1176 3092 1230 sentio
3120 1217 3135 1241 ,
3184 1176 3410 1232 diversis
3461 1176 3648 1231 ofIieiis
3707 1178 3841 1232 estis

2285 1269 2523 1336 ascripti,
2564 1276 2617 1321 et
2654 1269 2895 1322 omnium
2932 1276 2986 1321 tu
3008 1311 3022 1332 ,
3055 1267 3313 1333 Luciane,
3347 1269 3666 1338 praepositus
3694 1269 3840 1322 dice-

2285 1362 2381 1424 ris,
2407 1375 2546 1428 quos
2573 1374 2760 1413 omnes
2794 1359 2962 1429 gratia
2999 1359 3198 1413 Christi
3230 1359 3323 1413 tibi
3355 1375 3609 1414 concessa
3646 1369 3838 1428 potens

2284 1465 2342 1504 es
2379 1459 2433 1503 et
2465 1451 2710 1520 regulare
2754 1457 2808 1504 et
2857 1448 3156 1514 instruere;
3193 1458 3372 1503 certus
3413 1464 3565 1512 sum,
3601 1465 3709 1502 non
3741 1448 3838 1503 tibi

2285 1540 2587 1610 displicebit
2635 1556 2720 1594 me
2753 1539 2912 1593 etiam
2959 1540 3022 1593 de
3064 1539 3251 1594 ofﬁciis
3298 1539 3403 1593 illis
3448 1539 3625 1607 aliqua
3671 1539 3838 1607 parti-

2284 1633 2500 1687 culatim
2529 1642 2584 1687 ct
2612 1633 2902 1687 summarie
2929 1633 3021 1685 tibi
3047 1630 3245 1686 referre
3268 1645 3386 1700 quae
3415 1644 3651 1685 sensero.
3700 1629 3832 1684 Nam

2285 1724 2518 1792 aliquem
2560 1738 2626 1778 ex
2652 1723 2806 1778 vobis
2848 1737 3062 1777 servare
3089 1713 3325 1791 privatas
3371 1721 3626 1790 principis
3670 1736 3835 1789 pecu-
3921 1721 3934 1727 “

2287 1816 2406 1869 nias
2437 1815 2634 1882 audio;
2673 1815 2837 1868 alium
2869 1822 3041 1868 vestes
3070 1824 3124 1867 et
3151 1820 3462 1868 ornamenta
3500 1812 3832 1880 imperialia;

2288 1905 2453 1959 alium
2482 1921 2610 1962 vasa
2637 1907 2903 1976 pretiosa;
2950 1906 3114 1960 alium
3142 1905 3329 1968 libros,
3367 1918 3526 1973 quem
3556 1918 3663 1956 non
3692 1903 3837 1957 hunc

2283 1977 2463 2053 adhuc
2498 2015 2564 2054 ex
2604 1998 2947 2054 credentibus
2979 1997 3235 2067 intelligo,
3270 1995 3434 2050 alium
3468 1995 3629 2049 aliam
3656 1995 3836 2065 supel-

2285 2092 2535 2147 lectilem.
2581 2091 2712 2158 Quae
2741 2108 2871 2147 sane
2899 2091 3348 2161 quemadmodum
3378 2089 3654 2144 tractanda
3701 2089 3836 2143 mihi

2284 2183 2588 2249 videantur,
2624 2182 2810 2252 paucis
2835 2183 3104 2238 indicabo.

2352 2294 2442 2349 1V.
2483 2295 2585 2361 Qui
2611 2297 2846 2366 privatas
2877 2295 3135 2365 principis
3172 2297 3427 2366 pecunias
3459 2297 3679 2363 detinet,
3717 2311 3837 2350 om-

2283 2386 2385 2441 nia’
2405 2387 2508 2442 sub
2540 2396 2689 2442 certo
2714 2387 2921 2441 calculo
2947 2397 3259 2452 conservet;
3288 2397 3505 2456 paratus
3531 2388 3600 2442 sit
3625 2401 3836 2456 semper

2283 2479 2526 2532 omnium
2561 2486 2763 2532 certam
2802 2477 3024 2532 reddere
3053 2478 3318 2532 rationem
3354 2495 3369 2532 :
3405 2480 3586 2532 omnia
3612 2478 3831 2541 scribat,

2281 2571 2439 2624 etiam
2490 2569 2536 2624 si
2573 2569 2827 2640 possibile
2875 2578 2992 2635 est,
3047 2577 3335 2638 antequam
3383 2570 3534 2624 alteri
3579 2570 3834 2638 pecunias

2282 2661 2552 2732 porrigat;
2585 2676 2860 2730 nunquam
2889 2661 3162 2716 memoria:
3193 2660 3443 2728 confidat,
3491 2676 3610 2730 qua:
3647 2661 3712 2714 ad
3746 2661 3831 2715 di-

2280 2768 2435 2808 versa
2469 2753 2709 2823 quotidie
2741 2754 2993 2809 distracta
3032 2753 3189 2809 facile
3227 2754 3445 2819 labitur,
3497 2753 3568 2807 ita
3614 2763 3673 2808 ut
3715 2754 3834 2808 sine

2280 2847 2570 2914 scriptura,
2605 2848 2764 2902 etiam
2795 2863 2914 2917 qua:
2953 2848 3098 2902 nullo
3123 2856 3277 2918 pacto
3305 2846 3524 2902 fuerunt
3565 2862 3629 2902 ex
3672 2847 3833 2902 corde

2280 2953 2666 3008 nonnunquam
2694 2938 3052 3005 aflirmemus;
3091 2955 3191 2994 nec
3220 2939 3457 3008 vulgaris
3490 2939 3560 2992 sit
3585 2937 3835 3007 hujusce-

2278 3029 2422 3084 modi
2448 3029 2736 3099 scriptura,
2783 3031 2873 3084 sed
2911 3045 3032 3100 quae
3056 3029 3208 3085 facile
3235 3041 3288 3084 et
3317 3031 3461 3086 clare
3483 3030 3666 3084 omnia
3698 3044 3833 3100 pan—

2277 3121 2386 3188 dat,
2421 3131 2476 3178 et
2519 3132 2756 3178 mentem
2793 3122 3114 3193 requirentis
3157 3123 3274 3177 sine
3318 3122 3570 3192 scrupulo
3601 3131 3694 3176 aut
3731 3122 3834 3177 du-

2202 3193 2245 3252 c
2278 3217 2535 3271 bitatione
2577 3217 2891 3287 relinquat:
2923 3215 3067 3285 quod
3115 3213 3270 3269 facile
3321 3214 3444 3279 fiet,
3493 3214 3540 3268 si
3580 3214 3834 3269 distincte

2276 3325 2396 3381 qua:
2421 3309 2752 3380 recipiuntur
2795 3317 2847 3363 et
2887 3323 2983 3378 per
3011 3321 3069 3362 se
3095 3308 3422 3372 scribantur,
3466 3313 3520 3360 et
3557 3319 3666 3375 quo
3695 3312 3834 3360 tern-

2275 3418 2426 3472 pore,
2459 3411 2512 3457 et
2538 3418 2633 3472 per
2654 3417 2813 3472 quem
2850 3409 3058 3470 recepta
3102 3401 3319 3464 fuerint,
3351 3411 3406 3456 et
3431 3415 3539 3469 quo
3573 3400 3629 3453 in
3663 3401 3785 3456 loco
3817 3421 3829 3455 :

2271 3494 2525 3548 similiter
2557 3504 2609 3548 et
2637 3495 2780 3563 quod
2809 3494 2928 3548 aliis
2957 3504 3230 3563 erogatur,
3265 3494 3350 3547 vel
3391 3491 3649 3562 principis
3679 3508 3834 3546 man-

2276 3585 2400 3639 dato
2426 3585 2750 3653 impenditur
2775 3599 2870 3653 per
2896 3599 2954 3637 se
2978 3599 3078 3637 suo
3101 3585 3288 3657 ordine
3313 3583 3586 3653 digeratur
3617 3599 3630 3637 :
3658 3581 3832 3636 ﬁdelis

2276 3677 2347 3730 sit
2382 3678 2469 3730 ille
2502 3691 2688 3730 servus
2712 3685 2764 3729 et
2787 3676 3044 3744 prudens,
3075 3685 3134 3728 ut
3155 3675 3383 3744 gaudeat
3412 3674 3675 3728 Dominus
3705 3689 3830 3727 eum

2277 3782 2438 3835 super
2474 3767 2616 3821 bona
2664 3782 2760 3822 sua
2807 3766 3152 3822 constituisse
3180 3767 3232 3830 ⁵,
3266 3773 3320 3820 et
3345 3763 3620 3819 Christum
3649 3765 3703 3818 in
3738 3765 3832 3818 illo

2277 3861 2554 3931 gloriﬁcet.

2344 3975 2410 4029 V.
2452 3975 2560 4031 Nec
2603 3977 2780 4032 minor
2812 3977 2916 4030 erit
2955 3977 3030 4030 illi
3059 3975 3332 4046 diligentia
3363 3983 3416 4029 et
3443 3989 3570 4028 cura
3599 3974 3694 4043 qui
3733 3989 3826 4028 ve-

2275 4077 2386 4123 stes
2430 4077 2484 4122 et
2517 4064 2814 4139 imperialia
2840 4069 3039 4123 detinet
3087 4077 3434 4129 ornamenta,
3485 4080 3604 4135 quae
3646 4066 3825 4121 omnia

2274 4159 2375 4212 sub
2419 4159 2721 4214 certissimo
2755 4160 2930 4214 indice
2959 4159 3152 4214 habeat
3199 4169 3250 4213 et
3303 4161 3520 4214 adnotet
3567 4174 3687 4228 quae
3737 4159 3824 4212 illa

2274 4249 2402 4316 sint,
2446 4249 2649 4318 qualia,
2679 4251 2876 4320 quibus
2920 4250 2974 4303 in
3022 4251 3153 4305 locis
3186 4251 3478 4314 recondita,
3514 4250 3728 4319 quando
3760 4265 3825 4304 ea

2274 4341 2539 4409 acceperit
2584 4349 2692 4395 eta
2740 4341 2969 4409 quibus,
3016 4357 3082 4395 an
3129 4342 3392 4396 maculata
3416 4340 3544 4396 .sint
3589 4341 3671 4395 vel
3709 4340 3826 4394 sine

2277 4433 2485 4488 macula
2517 4452 2529 4486 :
2564 4433 2654 4487 illa
2689 4434 2868 4488 omnia
2905 4448 3002 4488 sua
3037 4433 3311 4503 diligentia
3343 4441 3653 4500 conservet;
3685 4447 3825 4500 saepe

621 4547 806 4592 exacta
846 4539 1118 4608 diligentia
1144 4541 1532 4609 exsequamini.
1580 4541 1886 4596 Mandatum
1915 4540 2171 4610 principis

2277 4525 2531 4588 revideat,
2581 4540 2720 4594 saepe
2765 4532 3051 4594 pertractct
3088 4535 3146 4580 ut
3188 4524 3399 4580 facilius
3417 4540 3822 4600 “recOguoscan-

621 4629 765 4697 quod
794 4628 958 4683 Deum
1007 4646 1112 4684 non
1159 4630 1408 4698 offendit,
1453 4634 1521 4688 ab
1563 4633 1679 4703 ipso
1704 4632 1814 4687 Deo
1843 4635 2171 4703 processisse

623 4719 849 4787 putetis;
891 4735 1070 4774 amore
1097 4723 1297 4791 pariter
1321 4733 1374 4778 et
1397 4725 1610 4791 timore,
1653 4733 1815 4795 atque
1855 4727 2000 4780 omni
2045 4743 2167 4782 cum

614 4809 955 4880 iucunditate
984 4811 1239 4880 perﬁcite.
1279 4813 1421 4869 Nihil
1446 4824 1529 4871 est
1555 4816 1694 4871 enim
1727 4818 1868 4887 quod
1895 4819 2166 4874 hominem

622 4901 835 4970 magnis
872 4899 1252 4971 agitationibus
1297 4902 1577 4975 fatigatum
1630 4907 1702 4960 ita
1751 4916 1974 4972 recreet,
2031 4909 2170 4963 sicut

621 4991 796 5046 intimi
829 4993 1102 5048 servituris
1143 4995 1466 5051 conveniens
1498 4998 1827 5064 iucunditas,
1856 5007 1911 5052 et
1940 4998 2169 5069 benigna

623 5082 908 5150 patientia;
950 5097 1049 5138 nec
1076 5084 1184 5138 ulla
1209 5083 1402 5139 iterum
1426 5099 1509 5140 res
1531 5087 1836 5141 econtrario
1869 5088 2018 5141 illum
2046 5103 2168 5157 per-

624 5173 926 5228 turbatione
956 5173 1031 5228 ita
1059 5174 1218 5229 afficit
1243 5184 1296 5229 et
1319 5176 1622 5242 contristat,
1649 5177 1788 5233 sicut
1814 5178 2032 5233 tristitia
2069 5179 2171 5232 im-

622 5263 1020 5334 patientiaque,
1067 5274 1120 5320 et
1153 5265 1322 5335 ipsius
1371 5267 1646 5323 servitoris
1684 5268 2162 5323 submurmuratio.

621 5354 814 5407 Absint
842 5355 955 5409 haec
983 5370 1015 5409 a
1040 5355 1190 5411 vobis
1213 5356 1534 5414 Christianis
1553 5400 1569 5426 ,
1612 5360 1705 5429 qui
1739 5360 1852 5414 zelo
1881 5360 2001 5416 fidei
2030 5361 2169 5416 ince-

623 5445 785 5511 ditis;
823 5446 915 5498 sed
959 5453 1019 5499 ut
1065 5446 1117 5500 in
1169 5448 1321 5503 vobis
1363 5449 1492 5517 ipsis
1541 5449 1928 5504 honoriticetur
1955 5450 2096 5505 Deus
2123 5452 2165 5518 ⁸,

624 5532 802 5585 omnia
827 5532 952 5586 vitia
977 5534 1167 5589 mentis
1191 5545 1244 5590 et
1267 5537 1508 5605 corporis
1529 5538 1844 5607 supprimite
1866 5552 1917 5593 et
1943 5541 2164 5595 calcate.

623 5619 911 5677 lnduimini
943 5626 1193 5694 patientia
1221 5636 1276 5682 et
1309 5628 1650 5696 affabilitate;
1684 5631 1973 5686 virtutibus
1997 5641 2049 5686 et
2074 5647 2168 5702 spe

2277 4625 2364 4671 tur
2399 4635 2413 4670 :
2445 4617 2624 4670 omnia
2654 4617 2730 4670 illi
2760 4619 2869 4672 sint
2893 4618 2946 4671 in
2973 4627 3243 4687 promptu,
3273 4619 3453 4672 omnia
3479 4626 3661 4686 parata
3687 4633 3702 4670 :
3730 4632 3824 4687 pe-

2274 4708 2436 4762 tentis
2479 4723 2688 4778 semper
2732 4708 2991 4778 principis
3033 4719 3126 4763 aut
3158 4711 3423 4779 praepositi
3469 4711 3550 4764 sui
3589 4721 3821 4765 mentem

2275 4799 2328 4852 in
2367 4799 2514 4852 omni
2540 4815 2598 4854 re
2628 4800 2788 4868 petita
2818 4799 3171 4855 clarissimam
3202 4801 3419 4866 reddat;
3463 4801 3534 4856 ita
3560 4813 3736 4855 tamen
3764 4816 3826 4856 ut

2274 4887 2457 4941 omnia
2486 4903 2608 4942 cum
2641 4889 2940 4944 humilitate
2974 4899 3028 4944 et
3046 4890 3281 4959 jucunda
3309 4893 3564 4961 patientia
3591 4894 3740 4960 ﬁant,
3770 4904 3826 4948 et

2274 4976 2471 5032 Christi
2503 4993 2695 5033 nomen
2728 4980 2889 5034 etiam
2923 4981 2977 5034 in
3007 4995 3065 5034 re
3090 4995 3251 5050 parva
3276 4980 3540 5036 laudetur.

2344 5085 2431 5140 Vl.
2474 5085 2644 5141 Simili
2674 5089 2834 5143 modo
2857 5089 2944 5143 ille
2966 5098 3123 5172 agat,'
3137 5089 3292 5159 cujus
3320 5090 3442 5144 ﬁdei
3467 5091 3670 5146 credita
3697 5102 3825 5146 sunt

2274 5195 2401 5235 vasa
2445 5193 2698 5252 argentea
2723 5223 2736 5247 ,
2772 5199 2968 5246 aurea,
3017 5183 3346 5254 crystallina,
3387 5184 3469 5238 vel
3509 5185 3818 5250 murrhina,

2273 5273 2503 5339 escaria,
2533 5274 2622 5327 vel
2652 5274 2886 5342 potoria;
2923 5274 3100 5328 omnia
3130 5275 3398 5344 disponat,
3445 5276 3625 5330 omnia
3648 5285 3819 5342 nolet,

2272 5370 2326 5416 et
2349 5371 2481 5431 quot
2500 5363 2752 5432 qualesve
2780 5365 2888 5419 sint
2912 5364 2965 5416 in
2993 5363 3097 5418 illis
3122 5364 3325 5433 lapides
3355 5366 3572 5434 pretiosi
3600 5381 3697 5419 sua
3733 5367 3820 5420 di-

2272 5452 2486 5522 ligentia
2519 5463 2902 5520 connumeret;
2938 5455 3118 5508 omnia
3157 5470 3351 5526 magna
3379 5471 3500 5510 cum
3535 5457 3820 5526 prudentia

2273 5544 2596 5611 consideret,
2630 5547 2807 5599 omnia
2837 5545 2946 5600 suis
2977 5546 3108 5600 locis
3148 5556 3201 5600 et
3243 5549 3567 5616 temporibus
3593 5549 3814 5618 prodat;

2273 5636 2355 5689 cui
2385 5636 2476 5690 dat
2496 5645 2546 5690 et
2577 5637 2813 5705 quando,
2839 5653 2868 5691 a
2891 5638 3087 5707 quibus
3112 5653 3174 5694 ea
3198 5639 3385 5708 recipit
3412 5639 3818 5710 diligentissime

729 5797 748 5828 ⁸
785 5797 967 5853 Matth.
997 5817 1050 5864 v,
1084 5801 1167 5855 16.
1209 5804 1229 5834 ¹
1257 5805 1467 5860 Coloss.
1500 5821 1580 5870 ιιι,
1613 5807 1663 5861 5.
1741 5809 1760 5840 ³
1785 5807 1978 5878 Ephes.
2012 5825 2060 5876 v,
2089 5811 2139 5864 4.

2277 5810 2282 5861 l
2315 5809 2424 5864 Pet.
2458 5827 2529 5875 tv,
2566 5811 2648 5867 Η.
2690 5815 2710 5844 ⁵
2738 5812 2756 5865 1
2789 5813 2912 5869 Cor.
2946 5829 3020 5879 lx,
3044 5813 3132 5869 25.
3171 5815 3190 5846 ⁸
3218 5812 3403 5870 Matth.
3432 5831 3577 5883 utv,
3604 5813 3691 5882 45,
3721 5815 3811 5869 47.
