4090 6378
321 413 457 471 1573

1277 407 1490 463 EPIST.
1533 407 1621 460 AD
1660 402 2012 461 LL'CIANUM
2047 399 2589 456 CUBICULARIUM.

3410 407 3548 460 1327.5

315 537 610 607 inspiciat,
652 550 717 590 ne
765 549 921 590 error
969 542 1020 585 et
1067 529 1305 599 suspicio
1366 527 1504 582 mala
1555 528 1714 581 etiam
1757 541 1880 580 cum
1910 521 2143 582 Aetiam
2174 530 2487 588 corporeet
2528 519 2860 573 indumentis
2895 519 3082 574 mundi
3114 528 3167 574 et
3191 521 3367 592 nitidi,
3398 529 3544 582 nulla

319 629 512 696 majori
542 629 738 682 damno
767 628 818 680 in
848 625 1007 679 rebus
1039 622 1289 692 pretiosis
1315 631 1584 675 occurrat.

391 718 499 772 VII.
545 719 634 772 llle
669 727 846 771 tamen
895 714 1197 783 praecipuus
1239 711 1378 763 inter
1422 725 1516 763 vos
1561 707 1665 761 erit
1705 714 1759 761 et
1803 705 1885 758 di-

319 811 728 881 ligentissimus,
761 807 845 861 cui
879 807 1042 859 libros
1066 802 1359 857 servandos
1388 801 1637 870 princeps
1665 798 1885 852 manda-

320 906 457 960 verit
484 923 496 958 :
531 904 673 957 hunc
703 901 817 970 ipse
845 916 909 953 ex
941 898 1161 967 probata
1199 895 1422 950 scientia
1462 894 1562 948 sibi
1607 893 1766 962 eliget
1797 891 1883 945 vi-

321 1013 441 1051 rum
475 1010 689 1062 gravem
720 1001 774 1046 et
802 991 1010 1060 magnis
1064 989 1223 1042 rebus
1269 995 1476 1056 aptum,
1523 1002 1587 1039 ac
1633 985 1884 1039 omnibus

321 1082 560 1151 quaesitis
591 1080 911 1149 respondere
939 1086 1218 1147 paratum,
1257 1076 1470 1144 qualem
1503 1074 1884 1142 Philadelphus

320 1175 590 1227 Aristeum
638 1173 886 1224 intimum
937 1168 1324 1223 cubicularium
1373 1167 1427 1220 in
1453 1182 1510 1219 re
1540 1167 1638 1220 hac
1667 1167 1881 1236 delegit,

322 1278 385 1316 ac
433 1261 784 1314 nobilissima:
836 1257 1172 1312 bibliothecae
1221 1255 1554 1324 prarposuit,
1607 1269 1765 1322 quem
1816 1254 1883 1307 ad

320 1354 634 1408 Eleazarum
667 1352 916 1406 maximis
939 1365 1062 1403 cum
1087 1348 1401 1402 muneribus
1429 1363 1524 1416 pro
1554 1345 1882 1400 traducenda

323 1443 597 1512 Scriptura
624 1457 776 1496 sacra
805 1441 1034 1508 legatum
1072 1437 1218 1492 misit
1247 1453 1261 1489 :
1299 1437 1384 1489 hic
1417 1436 1552 1489 idem
1601 1435 1881 1489 historiam

322 1534 669 1604 Septuaginta
699 1534 1058 1600 lnterpretum
1089 1530 1242 1598 plene
1273 1527 1507 1595 scripsit.
1543 1525 1599 1579 Si
1629 1527 1788 1595 igitur
1817 1541 1882 1579 ex

320 1626 659 1682 credentibus
699 1623 752 1677 in
777 1622 1054 1676 Christum
1092 1621 1160 1674 ad
1198 1619 1299 1672 hoc
1330 1619 1504 1687 ipsum
1533 1617 1763 1672 ofIicium
1790 1617 1886 1670 ad-

318 1717 498 1771 vocari
547 1715 844 1782 contingat,
891 1727 997 1766 non
1047 1719 1266 1779 spernat
1292 1720 1344 1763 et
1377 1710 1490 1778 ipse
1532 1708 1735 1762 litteras
1781 1723 1883 1762 sm-

319 1805 530 1859 eulares
579 1811 632 1858 et
675 1801 952 1872 gentilium
983 1800 1215 1870 ingenia,
1246 1813 1365 1869 quae
1398 1798 1695 1869 principem
1730 1798 1880 1852 oble-

1991 619 2167 664 tamen
2193 611 2562 680 superfluitate
2586 619 2678 664 aut
2701 610 3039 667 affectatione
3061 613 3301 675 notandi.
3319 630 3382 668 ne
3395 614 3547 669 Chri—

1987 703 2159 755 stiaua
2190 701 2450 755 modestia
2481 701 2815 771 deturpetur.
2847 703 3038 758 Omnia
3073 705 3187 759 suis
3217 707 3551 774 temporibus

1987 793 2094 846 sint
2143 804 2357 862 parata,
2400 803 2452 846 et
2493 808 2592 847 suo
2631 796 2820 848 ordine
2865 811 3026 864 quant
3077 795 3278 862 optime
3319 797 3550 866 digesta.

1989 883 2070 938 Sit
2107 885 2242 937 ordo
2291 885 2430 936 inter
2466 900 2562 938 vos
2609 893 2663 938 et
2716 885 3022 953 diligentia,
3076 901 3143 938 ne
3193 885 3444 941 confusio
3490 889 3546 947 in

1986 992 2166 1045 opere,
2200 986 2294 1030 aut
2326 992 2506 1030 rerum
2557 978 2780 1032 amissio
2812 979 2994 1047 aliquo
3028 987 3185 1046 pacto
3214 985 3492 1047 proveniat
3534 999 3546 1033 :

1985 1066 2342 1133 disponantur
2373 1074 2742 1135 ornenturque
2771 1075 3074 1135 opportuna
3115 1068 3229 1120 loca
3261 1084 3358 1137 pro
3389 1079 3552 1138 captu

1985 1164 2036 1209 et
2067 1156 2325 1224 dignitate
2354 1157 2616 1210 locorum.
3401 1183 3427 1199 -

2057 1245 2178 1300 Sint
2231 1248 2454 1316 insuper
2511 1256 2562 1302 et
2610 1247 2746 1301 servi
2780 1248 2945 1300 vestri
2995 1247 3402 1308 honestissimi,
3440 1245 3546 1300 sint

1985 1339 2268 1407 compositi
2300 1347 2352 1391 et
2390 1339 2638 1404 modesti,
2689 1347 2741 1391 ct
2771 1339 2926 1392 vobis
2955 1355 3116 1406 quam
3147 1336 3550 1391 convenientis-

1986 1430 2149 1493 simi;
2199 1445 2338 1498 quos
2383 1430 2434 1482 in
2465 1445 2589 1482 vera
2634 1429 2876 1482 doctrina
2927 1430 3071 1483 omni
3118 1446 3240 1482 cum
3292 1429 3550 1498 patientia

1984 1531 2034 1574 et
2070 1521 2329 1574 charitate
2359 1520 2560 1574 Christi
2595 1521 2843 1574 instruite
2871 1530 2923 1574 et
2951 1521 3164 1585 docete;
3211 1521 3352 1589 quod
3383 1519 3426 1573 si
3463 1521 3550 1572 iu-

1987 1611 2314 1665 structiones
2364 1619 2575 1665 vestras
2627 1612 2898 1681 negligant
2943 1621 2994 1664 et
3043 1611 3468 1680 parvipendant,
3521 1625 3551 1662 a

1983 1703 2137 1756 vobis
2172 1702 2410 1771 abjicite,
2458 1717 2525 1755 ne
2572 1702 2787 1756 illorum
2826 1704 3060 1770 nequitia
3093 1704 3274 1770 aliquo
3308 1711 3466 1770 pacto
3497 1701 3552 1753 in

1987 1808 2082 1847 vos
2130 1793 2415 1847 redundet.
2471 1793 2604 1847 Nam
2638 1793 2938 1848 diﬂ‘amatos
2984 1794 3235 1847 dominos
3269 1809 3334 1847 ex
3368 1807 3555 1847 servo-

318 1907 482 1952 ctant.
532 1895 806 1950 Laudandi
852 1902 978 1948 sunt
1021 1904 1192 1962 poeta:
1229 1892 1283 1945 in
1333 1893 1700 1959 magnitudine
1735 1892 1882 1961 inge-
1913 1889 1956 1943 B
1986 1901 2103 1937 rum
2131 1885 2460 1954 malignitate
2489 1885 2816 1967 qpandoque
2845 1886 3097 1952 vidimus,
3138 1895 3190 1939 et
3230 1901 3369 1954 sarpc
3396 1885 3553 1939 audi-

320 1993 417 2053 nii,
455 1990 507 2044 in
551 1991 892 2043 inventorum
931 1985 1198 2046 acumine,
1245 1983 1299 2036 in
1346 1984 1712 2052 expressionis
1756 1999 1874 2052 pro-

318 2083 545 2152 prietate
589 2088 641 2133 et
685 2076 991 2147 eloquentia
1037 2089 1276 2140 summa;
1321 2073 1570 2128 laudandi
1603 2083 1882 2140 oratores,

319 2172 572 2228 laudandi
606 2170 912 2242 philosophi
942 2170 995 2222 in
1027 2182 1222 2238 genere
1259 2182 1392 2233 suo;
1436 2167 1686 2221 laudandi
1713 2167 1886 2221 histo-

319 2263 417 2318 rici
461 2263 553 2332 qui
598 2270 866 2332 gestarum
916 2273 1096 2313 rerum
1135 2258 1352 2321 seriem,
1401 2258 1670 2326 majorum
1709 2273 1887 2313 mores

319 2365 374 2410 et
405 2357 646 2411 instituta
699 2353 852 2408 nobis
903 2351 1210 2421 explicant,
1257 2349 1351 2418 qui
1382 2349 1595 2403 vivendi
1639 2364 1887 2404 normam

319 2465 386 2502 ex
421 2448 765 2515 antiquorum
795 2444 958 2514 gestis
988 2440 1299 2497 ostendunt.
1345 2439 1620 2495 Interdum
1663 2452 1716 2494 et
1751 2441 1889 2494 divi-

320 2555 420 2594 nas
458 2538 768 2607 Scripturas
817 2534 1025 2588 laudari
1076 2533 1377 2594 conabitur,
1424 2546 1560 2601 quas
1599 2531 1732 2584 mira
1767 2531 1889 2585 dili-

322 2629 498 2699 gentia
527 2636 582 2681 et
609 2625 914 2694 largissimo
959 2622 1228 2688 impendio
1254 2621 1575 2676 Ptolemteus
1619 2618 1888 2673 Philadel—

322 2721 463 2790 phus
494 2719 546 2773 in
575 2718 814 2788 linguam
846 2722 1085 2769 nostram
1124 2713 1330 2767 traduci
1362 2711 1571 2765 curavit
1599 2707 1743 2780 (i9);
1778 2711 1892 2765 lau-

323 2806 540 2859 dabitur
566 2815 620 2859 et
642 2804 852 2858 interim
876 2801 1245 2870 Evangelium,
1273 2799 1668 2869 Apostolusque
1690 2815 1787 2869 pro
1811 2801 1892 2853 di-

324 2897 466 2949 vinis
523 2893 786 2959 oraculis;
842 2892 1122 2961 insurgere
1165 2890 1360 2959 poterit
1399 2888 1597 2943 Christi
1652 2890 1888 2952 mentio;

323 2979 680 3058 explie'abitur
731 2984 992 3055 paulatim
1041 2982 1160 3051 ejus
1208 2981 1323 3036 sola
1365 2979 1653 3044 divinitas;
1709 2981 1892 3034 omnia

324 3081 440 3134 haac
469 3093 591 3132 cum
620 3076 821 3131 Christi
856 3073 1129 3143 adjutorio
1158 3069 1443 3140 provenire
1474 3077 1714 3140 possent.

396 3171 544 3225 Sciat
591 3184 717 3238 ergo
747 3168 835 3221 ille
872 3165 1038 3220 libros
1089 3179 1278 3218 omnes
1325 3176 1463 3232 quos
1503 3161 1753 3231 princeps
1798 3161 1893 3214 ha-

1985 1991 2183 2032 rimus.

2059 2068 2114 2121 Si
2153 2068 2219 2121 ad
2253 2069 2550 2138 Augustam
2581 2069 2871 2123 accesserit
2902 2071 3170 2140 princeps,
3218 2071 3300 2124 vel
3341 2070 3455 2139 ipsa
3485 2070 3556 2124 ad

1986 2158 2161 2218 illum.
2205 2159 2325 2212 sitis
2352 2167 2492 2225 tunc
2541 2173 2638 2212 vos
2673 2173 2888 2226 quoque
2917 2170 2969 2211 et
2999 2159 3170 2213 oculis
3217 2167 3272 2214 et
3316 2169 3468 2226 gestu
3507 2168 3560 2212 et

1985 2247 2164 2301 verbis
2205 2248 2455 2302 omnibus
2498 2263 2660 2317 quam
2709 2247 3192 2316 compositissimi;
3246 2248 3425 2301 videat
3470 2247 3558 2300 illa

1987 2345 2221 2392 vestram
2258 2337 2645 2391 continentiam
2675 2345 2727 2390 et
2767 2338 3122 2401 modestiam;
3169 2336 3386 2390 videant
3413 2337 3560 2389 illius

1987 2428 2212 2483 comites
2245 2437 2299 2482 et
2329 2430 2680 2498 pedissequaz,
2737 2427 2950 2481 videant
2995 2437 3046 2480 et
3081 2429 3436 2492 admirentur,
3475 2439 3561 2480 at-

1989 2536 2094 2589 que
2119 2521 2242 2575 inde
2264 2518 2448 2574 Jesum
2487 2520 2764 2575 Christum
2790 2519 3078 2572 Dominum
3108 2528 3348 2574 nostrum
3382 2520 3434 2571 in
3462 2533 3560 2571 vo-

1990 2613 2073 2667 bis
2124 2612 2256 2680 ipsis
2327 2612 2653 2665 collaudent.
2717 2609 2951 2679 Loquela
3017 2620 3186 2664 vestra
3226 2626 3436 2680 semper
3493 2609 3562 2663 sit

1990 2718 2152 2772 parca
2197 2711 2251 2757 et
2284 2704 2549 2768 modesta,
2589 2712 2750 2772 atque
2801 2703 3058 2772 religione
3099 2703 3244 2757 velut
3289 2703 3398 2755 sale
3437 2717 3563 2754 con-

1991 2798 2104 2851 dita
2134 2799 2176 2850 ".
2207 2797 2363 2852 Nulla
2395 2813 2617 2867 prorsus
2659 2799 2797 2851 inter
2823 2812 2916 2849 vos
2944 2797 3014 2851 sit
3042 2798 3264 2860 invidia,
3300 2805 3394 2850 aut
3425 2810 3561 2851 con-

1991 2886 2190 2952 tentio,
2239 2902 2357 2956 quas
2392 2887 2446 2939 in
2483 2901 2700 2939 omnem
2750 2883 3125 2939 confusionem
3157 2896 3208 2939 et
3241 2885 3560 2940 divisionem

1991 2992 2089 3032 vos
2114 2979 2430 3041 deduceret,
2485 2986 2539 3032 et
2581 2977 2658 3032 sic
2687 2992 2904 3047 quoque
2945 2976 2997 3029 in
3037 2977 3219 3030 odium
3268 2977 3468 3032 Christi
3511 2985 3566 3030 et

1992 3070 2256 3140 principis
2301 3078 2465 3138 atque
2495 3084 2763 3123 summam
2810 3069 3268 3123 abominationem
3306 3069 3566 3138 perduce—

1997 3171 2097 3227 ret,
2136 3177 2238 3216 nec
2265 3162 2401 3231 lapis
2425 3171 2713 3216 structura:
2738 3169 2932 3214 vestra:
2959 3174 3120 3229 supra
3152 3159 3386 3228 lapidem
3421 3169 3567 3213 state

323 3262 529 3325 buerit;
583 3273 722 3326 saepe
766 3257 887 3311 illos
924 3255 1162 3310 revolvat
1196 3262 1249 3307 et
1291 3268 1392 3308 suo
1443 3251 1634 3305 ordine
1671 3265 1768 3320 per
1807 3251 1894 3302 in-
1922 3241 1964 3297 C
1999 3263 2201 3322 posset.

324 3357 496 3410 dicem
524 3353 747 3423 pulchre
779 3351 1030 3418 disponat
1063 3365 1077 3400 :
1111 3347 1155 3400 si
1189 3359 1317 3396 vero
1365 3357 1534 3397 novos
1574 3343 1657 3396 vel
1688 3351 1893 3398 veteres

323 3445 615 3502 transcribi
659 3442 890 3505 curabit,
930 3439 1143 3494 studeat
1187 3434 1658 3490 emendatissimos
1699 3434 1895 3488 habere

324 3537 577 3593 librarios
609 3554 623 3590 :
655 3532 797 3602 quod
853 3531 897 3585 si
943 3528 1058 3583 fieri
1105 3541 1212 3580 non
1257 3533 1465 3595 potest,
1514 3523 1662 3577 viros
1706 3523 1896 3576 doctos

325 3632 394 3686 ad
419 3627 812 3685 emendandum
839 3624 1114 3692 disponat,
1148 3619 1362 3688 illisque
1388 3631 1483 3685 pro
1511 3616 1787 3670 laboribus
1810 3616 1898 3684 ju-

328 3731 412 3778 ste
451 3718 779 3784 satisfaciat;
817 3725 1020 3770 veteres
1071 3714 1198 3766 item
1229 3710 1442 3764 codices
1467 3723 1566 3777 pro
1604 3707 1899 3776 indigentia

327 3814 580 3871 resarciri
624 3819 896 3882 procuret,
940 3814 1202 3874 ornetque
1235 3817 1342 3856 non
1373 3808 1582 3856 tantum
1612 3799 1678 3852 ad
1709 3814 1899 3867 super-

328 3909 569 3964 stitiosos
600 3911 878 3971 sumptus,
923 3907 1184 3968 quantum
1215 3896 1281 3949 ad
1311 3895 1440 3949 utile
1479 3900 1856 3947 ornamentum
1883 3908 1898 3956 ;

330 4001 514 4070 itaque
545 3994 707 4052 scribi
738 3993 790 4046 in
826 3989 1120 4060 purpureis
1143 3985 1474 4040 membranis
1501 3993 1555 4037 et
1577 3983 1772 4037 litteris
1800 3997 1899 4034 au-

330 4094 438 4148 reis
466 4099 608 4146 totos
637 4086 870 4147 codices,
911 4083 1016 4136 nisi
1061 4078 1368 4150 specialiter
1397 4075 1648 4144 princeps
1678 4074 1900 4127 deman-

333 4180 563 4244 daverit,
614 4191 722 4230 non
773 4172 1026 4236 affectet;
1063 4168 1246 4224 omnia
1277 4176 1456 4220 tamen
1487 4161 1686 4217 Caesari
1711 4172 1862 4231 grata
1883 4199 1898 4223 ,

333 4271 569 4326 maxima
600 4283 723 4321 cum
755 4261 1060 4320 obedientia
1088 4263 1465 4328 prosequetur.
1512 4251 1773 4320 Suggeret
1804 4263 1901 4318 pro

331 4378 494 4434 posse
521 4369 576 4416 et
603 4357 752 4412 omni
775 4369 899 4410 cum
933 4349 1197 4406 modestia
1237 4344 1488 4416 principi,
1523 4353 1584 4397 ut
1612 4359 1706 4398 eos
1735 4342 1899 4411 legat,

333 4432 417 4508 vel
447 4452 551 4523 legi
582 4449 766 4505 audiat
790 4447 979 4510 libros,
1003 4441 1094 4512 qui
1133 4449 1185 4495 et
1221 4437 1386 4493 statui
1416 4443 1468 4490 et
1505 4433 1699 4487 honori
1731 4432 1899 4492 illius,

335 4564 401 4602 ac
437 4544 653 4601 utilitati
684 4541 856 4611 magis
881 4551 1046 4608 quam
1085 4529 1460 4589 tantummodo
1486 4525 1746 4611 voluptati
1771 4541 1898 4580 con-

335 4639 558 4694 veniant
604 4653 618 4690 :
663 4610 854 4688 noscat
904 4629 1018 4697 ipse
1062 4626 1214 4695 prius
1253 4621 1453 4692 optime
1505 4610 1653 4681 illos;
1703 4615 1899 4684 saepius

337 4730 530 4786 deinde
561 4739 746 4791 coram
770 4720 1014 4793 principe
1039 4717 1240 4780 laudet,
1277 4730 1341 4768 ac
1375 4726 1562 4767 eorum
1588 4707 1680 4778 qui
1706 4721 1904 4777 appro-

336 4823 466 4878 bant
497 4817 863 4874 testimonium
888 4820 942 4865 et
963 4809 1313 4864 auctoritates
1337 4801 1619 4858 commode
1650 4798 1899 4868 explicet,

338 4930 409 4968 ne
436 4925 535 4965 suo
563 4908 745 4964 sensui
775 4914 984 4959 tantum
1018 4900 1263 4954 videatur
1293 4895 1470 4950 inniti.
1528 4905 1539 4919 '

412 5001 548 5056 Vill.
589 4999 691 5066 Qui
735 5012 863 5052 vero
913 5007 1111 5062 corpus
1147 4988 1406 5058 principis
1447 4995 1641 5040 curare
1679 4980 1901 5042 habent,

343 5095 453 5149 sint
477 5095 530 5147 in
565 5091 819 5145 omnibus
847 5101 1009 5157 quam
1043 5077 1458 5152 promptissimi,
1487 5072 1646 5128 hilari
1669 5085 1903 5140 semper,

343 5197 402 5242 ut
435 5185 691 5248 diximus,
722 5181 896 5244 vultu,
935 5176 1090 5231 faceti
1121 5183 1537 5238 nonnunquam,
1571 5165 1663 5221 sed
1695 5177 1906 5219 summa

344 5293 555 5348 semper
580 5290 703 5332 cum
729 5269 1011 5333 modestia,
1038 5280 1199 5338 quam
1242 5264 1298 5316 in
1332 5261 1484 5314 vobis
1518 5256 1772 5312 omnibus
1802 5269 1913 5322 prae

343 5343 554 5424 caeteris
608 5365 770 5420 rebus
814 5360 1031 5424 laudet,
1086 5357 1342 5423 illamque
1389 5366 1456 5403 ex
1500 5348 1615 5417 ipsa
1653 5343 1912 5412 religione

343 5458 545 5515 Christi
591 5452 875 5527 provenire
929 5455 1242 5517 wgnoscat.
1297 5441 1428 5495 Sitis
1466 5447 1519 5492 et
1581 5451 1675 5488 vos
1722 5448 1911 5487 omnes

2067 3345 2159 3400 ΙΧ.
2201 3343 2266 3398 Ει
2322 3353 2418 3409 tu,
2485 3342 2721 3396 Luciane
2773 3340 3128 3407 charis‘sime,
3189 3353 3313 3396 cum
3350 3342 3426 3396 sis
3476 3358 3566 3396 sa-

1995 3437 2150 3506 piens
2179 3436 2222 3500 ⁸,
2275 3435 2502 3488 libenter
2532 3440 2791 3504 supporta
2826 3431 3142 3500 insipientes
3174 3446 3190 3495 ;
3243 3440 3296 3484 et
3347 3430 3449 3499 ipsi
3480 3447 3568 3486 sa-

1998 3529 2208 3598 pientes
2242 3528 2394 3580 (iant.

2074 3621 2215 3674 Nulli
2246 3633 2486 3688 unquam
2525 3616 2827 3671 molestiam
2860 3614 3073 3677 inferte,
3109 3614 3311 3669 nullum
3338 3615 3405 3668 ad
3429 3615 3570 3672 iram

2005 3709 2294 3764 concitate.
2355 3705 2410 3759 Si
2466 3706 2620 3760 vobis
2675 3705 2873 3773 injuria
2921 3705 3228 3772 irrogatur,
3280 3704 3333 3757 in
3383 3702 3568 3758 Iesum

2000 3803 2276 3857 Christum
2327 3799 2618 3868 respicite;
2668 3806 2721 3850 et
2765 3797 3222 3866 quemadmodum
3275 3798 3472 3865 optatis
3512 3808 3572 3850 ut

2008 3895 2162 3948 vobis
2197 3894 2308 3962 ipse
2345 3892 2619 3952 remittat,
2658 3889 2736 3942 sic
2781 3898 2834 3941 et
2871 3904 2966 3942 vos
3004 3888 3110 3942 illis
3137 3887 3388 3941 dimittite
3415 3890 3435 3920 ⁹
3468 3907 3479 3941 :
3517 3899 3572 3942 et

2004 3991 2131 4036 tunc
2175 3993 2655 4049 quoquebmnem
2697 3976 2953 4030 invidiam
3017 3975 3461 4043 supplantabitis;
3516 3988 3572 4029 et

2001 4082 2163 4141 caput
2205 4069 2412 4138 antiqui
2463 4067 2727 4136 serpentis
2785 4067 3073 4121 conteretis
3119 4067 3196 4129 ³ο,
3237 4066 3330 4134 qui
3375 4067 3569 4121 vestris
3607 4119 3610 4122 .

2002 4161 2159 4215 bonis
2187 4159 2441 4228 operibus
2470 4167 2523 4212 et
2550 4157 2894 4211 successibus
2920 4156 3065 4208 omni
3103 4171 3226 4208 cum
3262 4157 3458 4209 astutia
3485 4157 3569 4209 in-

2004 4253 2251 4308 sidiatur.
2309 4249 2426 4304 Non
2469 4258 2751 4318 prietereat
2781 4249 2896 4302 dies
2936 4247 3066 4316 quin
3096 4258 3398 4316 opportuno
3434 4255 3570 4300 tem-

2003 4361 2135 4417 pore
2170 4345 2296 4399 dato
2323 4343 2525 4411 aliquid
2566 4356 2842 4395 sacrarum
2873 4340 3162 4393 lectionum
3198 4338 3413 4407 legatis,
3465 4338 3570 4390 ali-

2003 4436 2135 4508 quid
2168 4433 2629 4503 contemplemini,
2665 4445 2763 4485 nec
2790 4445 2957 4484 sacra:
2985 4429 3277 4496 Scriptura:
3300 4428 3568 4482 litteratu-

2004 4543 2119 4583 ram
2148 4541 2374 4597 prorsus
2403 4523 2699 4593 abjiciatis;
2728 4521 2862 4575 nihil
2891 4521 3023 4574 adeo
3052 4520 3288 4572 animam
3321 4519 3492 4588 pascit
3518 4526 3573 4573 et

2007 4628 2240 4675 mentem
2285 4617 2602 4686 impinguat,
2648 4615 2790 4669 sicut
2823 4629 2992 4669 sacrae
3021 4611 3225 4665 faciunt
3259 4613 3517 4668 lectiones
3555 4632 3568 4666 :

2005 4711 2098 4766 sed
2144 4725 2211 4764 ex
2256 4709 2363 4763 illis
2405 4708 2551 4762 hunc
2588 4705 2822 4760 maxime
2860 4705 3035 4773 capite
3079 4702 3338 4766 fructum,
3375 4711 3436 4757 ut
3472 4718 3570 4771 pa-

2003 4801 2191 4857 tientia
2233 4809 2413 4856 vestra
2446 4799 2594 4864 juste
2640 4806 2692 4850 et
2738 4795 2862 4865 pie,
2922 4796 3026 4849 hoc
3077 4803 3158 4849 est
3209 4795 3260 4847 in
3309 4794 3574 4848 charitate

2003 4891 2236 4954 Christi,
2275 4897 2453 4943 vestra
2492 4873 2662 4940 oﬂicia
2702 4883 3073 4953 exsequamini
3099 4920 3115 4944 ,
3163 4889 3215 4934 et
3262 4881 3572 4934 transitoria

2006 4983 2190 5040 omnia
2221 4982 2291 5036 ob
2321 4981 2441 5049 ejus
2473 4975 2860 5046 promissiones
2903 4983 3135 5028 aeternas
3180 4971 3570 5032 contemnatis,

2012 5069 2132 5143 qua!
2161 5088 2291 5128 sane
2321 5085 2540 5126 sensum
2567 5081 2784 5122 omnem
2829 5073 2883 5119 et
2916 5063 3241 5116 intellectum
3273 5061 3572 5114 humanum

2011 5173 2337 5234 exsuperant
2365 5164 2428 5224 υ,
2460 5172 2514 5215 et
2540 5175 2639 5213 vos
2667 5159 2809 5227 ipsos
2843 5155 2894 5208 in
2928 5153 3232 5208 felicitatem
3262 5160 3571 5220 perpetuam

2015 5258 2334 5313 conduceut.
2373 5253 2504 5308 Vale
2531 5250 2754 5306 feliciter
2779 5247 2832 5301 in
2855 5245 3096 5308 Christo,
3124 5243 3197 5298 mi
3221 5242 3436 5297 domine
3468 5240 3576 5294 Lu-

2014 5351 2186 5404 ciane.

450 5586 471 5617 'I
505 5574 716 5630 Coloss.
758 5586 830 5636 tv,
863 5566 914 5621 6.
993 5565 1015 5597 ⁸
1037 5563 1080 5617 ll
1108 5563 1232 5618 Cor.
1275 5575 1350 5625 st,
1379 5557 1464 5610 19.
1538 5555 1558 5584 ⁸
1601 5549 1769 5605 Marc.
1799 5565 1872 5609 xu,
1907 5548 1997 5604 25.
2076 5549 2117 5579 ¹⁰
2153 5545 2311 5600 Rom.
2345 5558 2457 5607 va,
2496 5539 2585 5593 ‘20.
2665 5538 2705 5567 “
2738 5534 2967 5603 Philipp.
3000 5547 3071 5595 iv,
3106 5530 3153 5583 7.

419 5698 530 5769 (l9)
569 5693 845 5750 Notandus
881 5689 970 5743 hic
1008 5670 1909 5769 loct'1_s,'ubiauctgrlau'dﬂtkdivi:

861 5742 1066 5834 quas...
1094 5742 1911 5834 f’tbfemrcus'iffltilndefpftp’sntn

351 5817 848 5897 Similem...
879 5817 1104 5884 'traduci
1140 5825 1361 5878 curavit.
1410 5817 1543 5870 Hinc
1569 5817 1690 5884 jure
1735 5817 1914 5879 arguit

2019 5668 2301 5727 Acherius,
2354 5665 2494 5718 hanc
2542 5657 2821 5730 epistolam
2855 5654 2922 5708 ab
2953 5652 3168 5705 homine
3197 5647 3383 5707 (ἐττεεο
3415 5645 3581 5702 fuisse

2019 5740 2392 5810 perscriptatu.
