4090 6388
1403 511 3485 543 mm

1504 762 2852 982 ADDENDA.

1827 1403 2411 1497 MONITUM

550 1624 641 1687 Ad
696 1623 1037 1702 sequentia
1078 1620 1372 1700 Dionysii
1432 1619 1851 1683 Alexandrini
1884 1618 1953 1680 in
1986 1634 2226 1680 sacram
2260 1616 2647 1693 Scriptorum
2684 1614 3298 1677 Commentariorum
3335 1612 3707 1694 fragmenta.

496 1785 768 1852 (Gallandii
790 1784 1016 1837 Biblioth.
1041 1790 1131 1835 vet.
1155 1788 1316 1847 Patr.,
1336 1783 1563 1847 Append.
1588 1782 1650 1832 ad
1695 1787 1812 1831 tom.
1838 1778 2619 1904 xg¥,l§sl;te;:£gtgstl13mortno,
2644 1778 2999 1842 complementi
3021 1790 3166 1827 causa
3188 1775 3251 1827 ab
3270 1777 3469 1828 erudito
3489 1762 3752 1839 Anonymo

570 2223 841 2293 Quidquid
875 2223 1071 2293 passim
1095 2222 1158 2276 ab
1184 2222 1307 2277 aliis
1346 2222 1544 2277 editum
1576 2223 1750 2292 fuerat
1790 2222 1852 2277 de
1882 2210 2141 2292 Operibus
2168 2222 2412 2294 Dionysii
2426 2223 2810 2288 Alexandrini,
2836 2222 3044 2294 collegit
3071 2224 3192 2293 jam
3219 2221 3535 2278 Callandius
3566 2222 3620 2275 in
3648 2236 3749 2276 sua

499 2314 829 2371 Bibliotheca
862 2322 1058 2385 (supra
1084 2314 1184 2369 col.
1224 2315 1405 2383 1253),
1445 2315 1594 2385 cujus
1632 2317 1794 2370 etiam
1820 2316 2032 2370 erudita
2057 2315 2422 2386 prolegomena
2453 2316 2656 2370 consuli
2684 2326 2948 2385 poterunt.
2980 2315 3165 2387 Reperi
3191 2326 3442 2386 praeterea
3470 2318 3579 2370 tria‘
3599 2317 3746 2371 illius

495 2413 794 2483 fragmenta
830 2427 860 2462 a
890 2408 1221 2479 Bonjoannio
1256 2411 1541 2481 descripta.
1591 2409 1829 2463 Primum
1870 2407 2235 2477 complectitur
2269 2408 2473 2463 scholia
2503 2408 3015 2464 Commentariorum
3053 2410 3167 2478 ejus
3198 2409 3267 2464 ad
3296 2410 3513 2463 initium
3548 2409 3741 2465 Eccle-

493 2506 696 2569 siasten,
731 2503 967 2557 videlicet
1003 2520 1035 2555 a
1054 2505 1224 2574 capite
1246 2518 1284 2565 ι,
1310 2519 1439 2557 vers.
1467 2503 1517 2569 1,
1545 2501 1613 2555 ad
1645 2512 1805 2571 caput
1826 2516 1908 2568 tu,
1935 2516 2070 2554 vers.
2094 2500 2180 2553 11.
2212 2499 2410 2554 Revera
2442 2500 2753 2570 Dionysium
2784 2511 3024 2554 nostrum
3058 2501 3112 2553 in
3133 2502 3450 2571 principium
3476 2500 3747 2556 Ecclesias-

489 2607 587 2653 stte
612 2598 773 2666 fuisse
813 2605 1238 2660 commentatum,
1269 2595 1431 2666 liquet
1465 2612 1529 2651 ex
1553 2596 1779 2650 Eusebio
1800 2595 1901 2665 (1),
1936 2592 2026 2648 ubi
2054 2595 2132 2648 ait
2153 2595 2216 2649 de
2245 2592 2488 2663 Dionysii
2516 2593 2751 2654 epistolis
2778 2592 2991 2662 loquens
3025 2607 3045 2646 ξ
3074 2578 3400 2663 Daedalon
3432 2593 3552 2648 τῶν
3585 2594 3737 2650 κατὰ

493 2689 873 2748 Πεντάπολιν
925 2687 1245 2756 παροικιῶν
1280 2687 1589 2755 ἐπισκόπφ
1625 2704 1883 2757 mergetur,
1928 2687 2121 2756 φησιν
2163 2685 2381 2741 ἑαυτὸν
2419 2688 2506 2752 εὶς
2532 2684 2649 2754 τὴν
2693 2685 2891 2755 ἀρχὴν
2926 2685 3209 2756 διήγησιν
3244 2687 3608 2755 πεποιῆσθαι
3644 2686 3753 2744 soi}

505 2783 1003 2852 Ἐκκλησιαστοῦ.
1052 2800 1071 2834 ι
1102 2782 1186 2836 Ad
1218 2780 1510 2835 Basiliden:
1550 2780 2080 2850 Pentapolitanarum
2124 2779 2482 2834 Ecclesiarum
2522 2780 2819 2849 episcopum
2869 2779 3139 2846 scribens,
3201 2780 3276 2833 ait
3313 2796 3369 2835 se
3418 2780 3755 2835 elucubrasse

487 2878 879 2932 enarrationem
922 2876 978 2928 in
1019 2874 1338 2945 principium
1391 2858 1797 2928 Ecclesiasth
1844 2871 1960 2938 Quo
2006 2872 2217 2940 quidem
2262 2874 2317 2926 in
2363 2873 2478 2926 loco
2521 2873 2763 2927 nonnulli
2814 2872 2992 2943 legunt
3030 2868 3566 2943 Ἐκαὶλησιαστικοῦ
3597 2888 3615 2926 :
3650 2872 3743 2927 sed

500 2963 978 3036 Ἐκκλησιαστοῦ
1002 2968 1276 3040 legendum
1308 2983 1418 3024 esse
1438 2977 1630 3037 praeter
1656 2967 1815 3036 ﬁdem
1841 2965 2159 3020 scholiorum
2196 2975 2518 3033 nostrorum,
2545 2975 2595 3019 et
2618 2976 2839 3021 veterem
2865 2965 3329 3036 Christophorsoni
3355 2966 3751 3036 interpretatio-

488 3074 603 3115 nem
670 3062 968 3116 testimonio
1004 3070 1083 3115 est
1124 3064 1285 3117 etiam
1313 3060 1603 3131 Procopius
1631 3059 1877 3126 (lamus,
1915 3060 2005 3130 qui
2038 3059 2108 3113 ad
2143 3057 2329 3115 Cenes.
2372 3075 2490 3131 cap.
2532 3077 2636 3127 ιιι,
2668 3077 2792 3131 pag.
2817 3059 2917 3128 76,
2957 3060 3152 3131 allegat
3193 3061 3498 3130 hujusmodi
3550 3060 3755 3115 scholia

491 3158 736 3229 Dionysii
763 3159 929 3212 nostri
965 3158 1021 3211 in
1051 3156 1427 3213 Ecclesiasten.
3735 3156 3746 3163 ’

469 3268 475 3277 “
558 3253 797 3307 Alterum
838 3252 1079 3321 Dionysii
1122 3252 1508 3323 fragmentum,
1548 3259 1628 3305 est
1668 3249 1817 3304 illius
1858 3249 2119 3320 expositio
2150 3249 2205 3303 in
2234 3258 2390 3319 caput
2415 3248 2575 3304 Lucae
2610 3265 2759 3313 xm,
2795 3266 2928 3304 vers.
2951 3247 3043 3314 42,
3068 3249 3159 3312 45,
3182 3248 3273 3309 44,
3296 3245 3389 3313 45,
3413 3247 3506 3313 46,
3535 3248 3628 3311 47,
3657 3247 3749 3301 48-

490 3347 749 3419 Equidem
786 3365 892 3402 non
930 3349 1166 3411 aliunde,
1201 3348 1339 3418 quod
1376 3348 1566 3410 sciam,
1607 3354 1846 3410 constat,
1874 3345 2192 3416 Dionysium
2230 3356 2469 3400 nostrum
2501 3346 2559 3399 in
2586 3344 2782 3400 Lucam
2821 3344 3024 3398 scholia
3059 3344 3353 3414 scripsisse.
3389 3342 3537 3396 Fieri
3578 3351 3753 3395 tamen

486 3444 568 3497 vel
596 3444 740 3497 istud
767 3443 959 3513 potuit,
990 3459 1106 3496 cum
1139 3442 1259 3511 jam
1293 3440 1703 3511 aliquammulta
1740 3440 2058 3508 scriptorum
2086 3439 2201 3509 ejus
2229 3440 2558 3494 intercidisse
2578 3446 2778 3493 constet
2802 3454 2822 3493 :
2850 3439 2927 3492 vel
2948 3438 3108 3492 etiam
3132 3451 3196 3490 ex
3221 3435 3345 3511 aliis
3377 3434 3492 3507 ejus
3513 3434 3755 3504 operibus

488 3550 676 3595 auctor
709 3540 922 3594 Catena:
956 3540 1151 3594 codicis
1195 3540 1363 3593 nostri
1404 3538 1576 3607 potuit
1605 3539 1832 3592 lacinias
1858 3536 1982 3590 illas
2014 3536 2353 3605 decerpsisse,
2384 3548 2433 3591 et
2463 3535 2573 3590 illis
2610 3534 2880 3591 versiculis
2912 3534 3267 3599 subiunxisse.
3295 3531 3446 3587 Certe
3474 3533 3527 3586 in
3551 3530 3751 3586 Catena

489 3652 526 3688 a
557 3635 620 3688 D.
652 3635 855 3690 Thoma
885 3635 1108 3689 collecta
1142 3633 1431 3703 Dionysius
1471 3633 1662 3686 locumt
1690 3648 1845 3686 suum
1881 3629 2082 3701 passim
2128 3632 2345 3688 obtinet.
2392 3630 2742 3696 Quamobrem
2794 3628 2929 3682 nihil
2962 3639 3039 3683 est
3085 3644 3182 3682 cur
3218 3628 3573 3697 fragmentum
3613 3623 3751 3677 illud
3840 3624 3850 3636 '

492 3739 677 3783 nostro
706 3729 955 3797 scriptori
983 3727 1367 3793 abiudicemus.

570 3820 826 3889 Equidem
869 3819 924 3872 in
967 3820 1041 3873 eis
1074 3818 1344 3872 Christum
1386 3834 1718 3888 nequaquam
1760 3820 2016 3890 sanguine
2056 3816 2275 3874 sudasse
2302 3815 2405 3869 sibi
2438 3811 2567 3868 velle
2599 3812 2823 3878 videtur,
2852 3828 3159 3882 sensumque
3212 3810 3546 3882 evangelista
3588 3810 3753 3881 fuisse
3836 3835 3844 3842 -

491 3907 805 3983 proverbiali
843 3909 1106 3963 locutione
1139 3909 1377 3976 innuere,
1438 3928 1458 3960 t
1492 3909 1646 3975 Quod
1685 3926 1790 3963 non
1820 3912 2059 3965 tenuibus
2087 3908 2403 3980 quibusdam
2443 3905 2688 3976 guttulis,
2713 3905 2967 3978 quasique
3002 3906 3071 3958 ad
3098 3904 3357 3958 indicium
3390 3903 3546 3973 modo
3577 3918 3745 3979 appa-
3842 3894 3845 3897 “

492 4003 749 4065 rentibus,
784 4001 1120 4055 Dominicum
1147 4015 1335 4069 corpus
1374 3999 1783 4069 perstillaverit;
1823 4001 1912 4057 sed
1946 4001 2085 4072 quod
2123 4016 2236 4055 vere
2266 3999 2569 4067 uberio‘rum
2593 4006 2862 4069 guttarum
2889 3999 3064 4051 instar
3103 4006 3267 4051 totum
3309 3996 3589 4051 sudoribus
3628 4010 3749 4067 per-

491 4095 831 4165 fundebatur.
862 4112 881 4144 »
930 4092 1166 4147 Proinde
1209 4092 1273 4146 ab
1306 4108 1365 4145 eo
1398 4091 1602 4146 dictum
1638 4093 1801 4163 fuisse
1839 4094 1921 4161 ὡς
1958 4097 2011 4148 οἱ
2051 4094 2308 4164 θρόμϐοι.
2353 4110 2372 4143 ‹
2406 4098 2464 4145 ut
2497 4091 2726 4159 grummi
2762 4090 3057 4159 sanguinis.
3086 4108 3106 4141 ι
3159 4090 3411 4153 Alioquin
3443 4107 3546 4145 non
3584 4092 3749 4161 fuisse

487 4189 757 4241 dictarunt
783 4187 851 4240 ad
877 4186 1054 4239 instar
1078 4185 1264 4238 horum
1299 4185 1461 4254 fuisse
1493 4184 1710 4238 sudores
1734 4184 1954 4239 Christi.
1994 4184 2265 4253 Quidquid
2298 4199 2455 4254 porro
2486 4183 2555 4237 sit
2584 4182 2647 4235 de
2671 4182 2829 4251 hujus
2869 4183 3317 4252 interpretationis
3359 4183 3596 4246 veritate,
3629 4199 3747 4254 qua:

492 4279 833 4347 fundamento
877 4278 1129 4332 innititur
1162 4277 1297 4331 satis
1332 4274 1578 4347 inﬁrmo;
1617 4279 1739 4332 inde
1774 4288 1945 4332 tamen
1987 4277 2090 4333 loci
2125 4278 2292 4349 ipsius
2331 4277 2657 4348 γνησιότης
2694 4275 2892 4347 liquido
2934 4277 3300 4346 confirmatur,
3348 4292 3440 4330 nec
3469 4275 3746 4330 adversum

490 4391 638 4430 veras
674 4373 872 4428 Christi
902 4376 1170 4443 passiones
1203 4373 1489 4445 quidquam
1533 4372 1758 4437 Marcio,
1801 4371 2116 4428 Valentinus
2151 4373 2348 4444 aliique
2377 4381 2607 4427 veterum
2653 4371 3013 4426 haereticorum
3053 4371 3154 4441 ﬁlii
3191 4372 3474 4427 extundere
3507 4382 3743 4443 possunt,

492 4482 612 4519 cum
646 4464 938 4532 praesertim
976 4463 1155 4516 statim
1193 4461 1443 4531 subjiciat
1468 4461 1798 4532 Dionysius:
1832 4480 1852 4513 ε
1882 4461 2270 4517 Ostendebatur
2304 4463 2465 4516 etiam
2501 4479 2594 4532 per
2617 4463 2874 4515 sudorum
2909 4463 3225 4529 crassitiem,
3254 4464 3380 4531 quia
3406 4465 3745 4528 naturaliter,

490 4567 539 4611 et
574 4558 778 4625 reipsa,
818 4572 921 4609 non
963 4572 1080 4610 vero
1120 4557 1288 4626 specie
1332 4567 1481 4612 tenus
1525 4566 1574 4611 et
1619 4556 1950 4626 phantastice
1996 4555 2149 4609 homo
2196 4564 2312 4610 erat
2349 4553 2615 4623 Salvator,
2660 4566 2708 4611 et
2744 4555 3079 4610 naturalibus
3116 4555 3409 4620 hominum,
3458 4556 3744 4626 inculpatis

494 4656 692 4711 tamen,
731 4647 981 4701 serviebat
1009 4648 1367 4708 passionibus.
1400 4667 1418 4700 ι
1448 4646 1582 4703 Sunt
1614 4657 1663 4702 et
1694 4648 1802 4701 alia
1836 4646 2077 4717 quaedam
2114 4649 2171 4700 in
2201 4646 2280 4702 his
2314 4648 2623 4718 fragmentis
2665 4647 2734 4701 ad
2754 4645 3119 4715 conﬁrmanda
3159 4646 3409 4717 dogmata
3437 4645 3745 4701 Christiana

492 4741 971 4811 opportunissima,
1012 4743 1310 4811 cujusmodi
1346 4752 1425 4797 est
1447 4742 1581 4796 illud
1608 4744 1746 4813 quod
1785 4744 1842 4796 in
1868 4741 2022 4795 tertio
2045 4741 2340 4811 fragmento
2366 4741 2597 4794 occurrit
2625 4742 2689 4795 de
2728 4740 2861 4796 Filii
2890 4742 3326 4811 ὀμοουσιότητι.
3357 4741 3509 4804 Quod
3536 4742 3744 4812 quidem

494 4840 652 4893 etiam
679 4836 995 4893 Cattandius
1018 4838 1273 4892 edendum
1300 4839 1505 4892 curavit
1534 4839 1609 4907 (2)
1635 4855 1648 4891 :
1676 4838 1765 4894 sed
1791 4854 1882 4892 nos
1901 4848 2111 4907 propter
2134 4835 2414 4891 nonnullas
2434 4837 2790 4915 discrepantes
2811 4838 3081 4906 lectiones,
3111 4846 3161 4892 et
3181 4837 3299 4891 novi
3317 4834 3525 4892 Codicis
3554 4854 3742 4892 novam

497 4934 871 4987 auctoritatem
903 4931 1321 5003 subjungendum
1355 4932 1773 4987 antecedentibus
1810 4931 2129 4987 censuimus.

566 5096 644 5168 (1)
674 5095 747 5152 Η.
775 5098 840 5152 E.
875 5095 966 5152 lib.
994 5112 1093 5161 vn,
1127 5111 1247 5169 cap.
1280 5094 1370 5151 26.
2248 5094 2324 5167 (2)
2355 5092 2509 5149 Tom.
2535 5093 2624 5158 Ill,
2659 5110 2711 5164 ρ.
2756 5093 2871 5148 £97.
