4090 6402
237 1495 242 1503 .
329 1449 332 1452 ’
421 1458 652 1527 πάντας
679 1461 736 1514 οἳ
771 1461 1046 1533 ἐγένοντο
1071 1465 1410 1535 ἔμπροσθέν
1431 1486 1550 1537 μου
1578 1469 1648 1522 ἐν
1689 1470 1979 1539 Ἰερουσα-

432 427 569 484 issi
1427 417 1966 506 COMMENTARIUS

2070 444 2072 496 ἰ
2110 398 2651 502 ECCLESIASTEM.
3497 461 3663 519 ,1582

427 543 526 596 καί
562 546 880 617 οικογενεῖς
923 549 1200 620 ἐγένοντό
1223 571 1343 622 μοι.
1378 559 1556 629 Καίγε
1594 559 1808 629 κτῆσις
1840 563 1966 624 βου·

2095 560 2244 614 mihi.
2305 562 2462 631 Atqui
2487 547 2742 630 possessio
2797 569 3018 620 armenti
3071 578 3121 622 et
3169 571 3336 640 gregis
3382 571 3482 639 fuit
3530 575 3662 628 mihi

427 639 638 692 onlov
683 640 780 694 καὶ
829 643 1106 712 ποιμνίου
1151 645 1387 715 ἐγένετό
1417 668 1518 718 μοι
1563 653 1785 721 πολλὴ,
1839 655 1966 722 ὑπὲκ

2096 653 2284 718 multa,
2327 669 2436 721 pra:
2474 653 2713 710 omnibus
2749 657 2838 724 qui
2880 658 3094 726 fuerunt
3137 639 3369 716 anteme
3403 664 3458 716 in
3495 662 3660 718 Jeru-

425 726 658 798 πάντας
695 733 836 800 τοὺς
874 737 1232 807 γενομένους
1265 740 1605 810 ἔμπροσθέν
1627 763 1746 813 μου
1774 746 1842 798 ἐν
1885 749 1988 800 Ἰε-
2040 777 2044 783 -
2091 742 2271 797 salem-

420 824 763 894 ρσυσαλήμ.
1414 833 1417 836 ’
1878 819 1880 822 ’

498 914 644 985 Στιχ.
670 923 744 987 η’.
781 915 1131 991 Συνήγαγόν
1155 940 1255 992 μοι
1297 926 1398 979 καί
1426 941 1504 996 ’γε
1545 929 1846 998 ἀργύριον,
1891 947 1966 984 κα

2173 915 2237 970 ν.
2273 916 2328 971 8.
2365 916 2562 988 Collegi
2597 919 2724 972 mihi
2756 929 2911 989 atque
2941 931 3235 990 argentum,
3263 932 3418 992 atque
3447 939 3660 987 aurum,

427 1021 493 1074 τε
507 1008 780 1074 χρυσίον,
801 1012 896 1064 καὶ
915 1017 1420 1085 περιουσιασμοὺς
1433 1017 1868 1084 τῶνβασαλέων
1889 1040 1964 1076 κα

2088 1017 2137 1060 et
2169 1008 2496 1064 substantias
2527 1027 2703 1080 regum
2732 1013 3102 1082 et-regionum.
3147 1011 3275 1066 Feci
3308 1014 3435 1066 mihi
3475 1027 3661 1068 canto-

425 1092 544 1147 τῶν
571 1097 795 1165 χωρῶν.
847 1099 1130 1168 Ἐποίησά
1150 1120 1252 1170 μοι
1285 1086 1540 1171 ᾅδοντας
1566 1106 1665 1161 καὶ
1697 1106 1964 1174 ᾀδούσας

2088 1117 2168 1154 res
2193 1111 2244 1155 et
2269 1105 2609 1170 cantatrices,
2641 1114 2690 1158 et
2730 1104 3110 1186 oblectamenta
3147 1106 3250 1175 ﬁlii
3284 1107 3530 1174 hominis,
3560 1124 3658 1177 po-

423 1187 521 1240 καὶ
547 1188 892 1257 τρυφήματα
916 1190 1022 1244 τοῦ
1047 1191 1179 1245 υἱοῦ
1201 1193 1306 1248 τοῦ
1334 1195 1667 1263 ἀνθρώπου,
1709 1195 1966 1268 οἰνοχόας

2087 1190 2207 1244 culo
2234 1200 2282 1245 et
2308 1192 2686 1260 pocillatorem.

422 1277 519 1328 καὶ
550 1279 674 1331 οἱνο
678 1279 843 1347 χόον.

494 1366 640 1438 Στιχ.
667 1368 730 1423 θ’.
757 1371 865 1424 Kal
890 1357 1320 1445 ἐμεγαλύνθην,
1342 1375 1438 1428 καὶ
1459 1377 1803 1445 προσέθηκα
1825 1380 1966 1448 παρὸ

2154 1357 2218 1413 ν.
2245 1361 2297 1415 9.
2331 1359 2401 1414 Et
2423 1364 2790 1432 magniﬁcatus
2818 1381 2957 1431 sum,
2988 1376 3036 1421 et
3069 1367 3241 1438 adje‘ci
3279 1387 3390 1439 pﬂB
3415 1373 3652 1425 omnibus

2084 1451 2173 1518 qui
2217 1451 2428 1520 fuerunt
2467 1463 2588 1508 ante
2624 1471 2702 1508 me
2737 1456 2792 1508 in
2835 1454 3149 1514 Jerusalem.
3199 1459 3355 1530 Atqui
3394 1463 3654 1531 sapientia

417 1551 562 1621 λήμ.
608 1555 721 1608 Καί
744 1573 809 1625 γε
839 1557 1024 1625 σοφία
1049 1559 1272 1627 ἐστάθη
1300 1578 1419 1628 μοι.

2080 1543 2224 1594 stetit
2259 1543 2408 1598 mihi.
3530 1614 3532 1616 τ

453 1645 460 1652 ’
489 1645 638 1716 Στιχ.
688 1653 738 1698 ι’.
785 1648 893 1701 Kal
927 1647 1049 1702 πᾶν
1080 1648 1112 1702 ὃ
1145 1650 1382 1719 ᾔτησαν
1410 1631 1463 1707 οὶ
1508 1654 1803 1724 ὀφθαλμοί
1837 1674 1966 1726 μου,

2154 1628 2216 1682 V.
2263 1633 2349 1687 10.
2395 1631 2465 1685 Et
2503 1651 2652 1688 omne
2699 1637 2839 1706 quod
2885 1639 3283 1705 postulaverunt
3325 1641 3466 1696 oculi
3514 1645 3648 1706 mei,

416 1735 527 1786 οὐκ
579 1735 829 1803 ἀφεῖλον
869 1737 970 1790 ἀπ’
1015 1737 1230 1792 αὐτῶν.
1287 1743 1404 1795 Οὐκ
1454 1723 1966 1814 ἀπεκώλὺσαντὴν

2080 1737 2182 1775 non
2220 1723 2416 1777 abstuli
2455 1725 2518 1778 ab
2547 1726 2640 1780 eis.
2685 1726 2808 1781 Non
2835 1728 3076 1797 prohibui
3098 1746 3188 1783 cor
3217 1748 3385 1785 meum
3417 1734 3480 1786 ab
3508 1736 3650 1788 omni

387 1822 669 1892 ’καρδίαν
689 1844 808 1896 μου
842 1828 959 1882 ἀπὸ
987 1828 1188 1898 πάσης
1222 1833 1624 1902 εὐφροσύνης.

2079 1813 2288 1868 latitia.

450 1971 454 1974 _
484 1916 741 1988 Θεωρεῖς,
771 1919 918 1982 ὅπως
942 1897 1145 1990 πλῆθος
1171 1897 1345 1977 οἴκων.
1367 1897 1460 1978 καὶ
1500 1897 1704 1996 ἀγρῶν,
1745 1897 1840 1980 καὶ
1867 1927 1966 1981 τῶι.

2154 1905 2310 1962 Vides
2350 1911 2626 1980 quomodo
2668 1912 3067 1970 multitudinem
3096 1920 3378 1972 domorum
3408 1927 3462 1973 et
3488 1935 3650 1990 agro-

413 2007 635 2073 λοιπῶν,
670 2002 745 2062 ὧν
781 2007 962 2079 φησιν,
998 2011 1324 2082 ἀριθμήσας,
1352 2011 1470 2068 εἶτα
1503 2017 1666 2087 μηδὲν
1689 2020 1744 2071 ἐν
1771 2019 1978 2088 τούτοις

413 2099 697 2171 ὲπικερδὲς
729 2101 930 2174 εὑρών·
962 2105 1082 2159 οὐδὲ
1106 2106 1214 2176 γὰρ
1239 2108 1340 2179 τὴν
1364 2109 1540 2180 ψυχὴν
1565 2112 1625 2176 ἐξ
1653 2113 1830 2167 αὐτῶν
1856 2113 1976 2184 βελ-

411 2190 540 2244 τίων
565 2191 797 2260 ἐγένετο,
825 2194 1062 2271 ούδὲιδιά
1081 2197 1238 2251 τοῦτο
1263 2199 1360 2271 τὴν
1384 2201 1518 2271 πρὸς
1548 2202 1680 2257 Θεὸν
1706 2205 1978 2260 οίκείωσιν

411 2284 698 2354 ἐκτήσατο·
729 2287 1037 2356 ἀναγκαίως
1055 2291 1148 2343 ἐπὶ
1169 2291 1260 2345 τὸν
1288 2292 1466 2364 άληθῆ
1484 2293 1851 2360 πλοῦτον,·καὶ
1877 2297 1976 2369 τὴν

411 2373 632 2442 βεῦαίαν
649 2374 881 2448 ὕπαρξιν
895 2378 986 2432 τὸν
1011 2379 1165 2448 λόγον
1187 2383 1556 2455 μετατίθησιν.
1588 2386 1766 2452 Δεῖξαι
1798 2387 1976 2450 τοίνυν

411 2465 689 2547 βουληθεὶς
741 2472 870 2523 ποῖα
909 2469 1016 2523 τῶν
1066 2472 1358 2543 κτημάτων
1400 2476 1611 2528 ἵσταται
1656 2476 1732 2548 τῷ
1773 2496 1976 2549 κτησα-

411 2542 578 2628 μένῳ,
613 2560 764 2630 μένει
789 2579 847 2614 τε
867 2562 1015 2633 αὐτῷ
1029 2542 1291 2635 διηνεκῶς
1313 2568 1407 2620 καὶ
1428 2566 1675 2632 σώζεται,
1703 2542 1970 2641 επήγάγεο

409 2651 520 2704 Καί
531 2669 608 2720 γε
630 2653 815 2723 σοφία
833 2653 1052 2724 ἐστάθη
1073 2675 1194 2726 μοι.
1226 2658 1377 2729 Μόνη
1395 2660 1503 2732 γὰρ
1536 2661 1672 2734 αὕτη
1709 2663 1877 2735 μένει,
1904 2664 1974 2718 τὰ

395 2739 606 2796 ’δ⁹“ἄλλα
635 2742 823 2811 φεύγει
855 2744 948 2796 καὶ
976 2745 1289 2822 ἀφίσταται,
1317 2749 1416 2803 ὅσα
1442 2749 1652 2818 φθάσας
1677 2735 1967 2825 ἠρίθμησε.

406 2835 596 2918 Σοφία
621 2834 799 2889 τοίνυν
852 2836 1076 2905 ἐστάθη
1089 2856 1211 2909 μοι,
1244 2840 1396 2910 κάγὼ
1422 2841 1487 2895 δι’
1514 2835 1686 2916 αὐτὴν
1716 2845 1965 2918 ἐστάθην.

419 2915 632 3000 Ἐκεῖνά
659 2943 718 2979 τε
755 2926 864 2998 γὰρ
890 2927 1098 2996 πίπτει,
1134 2932 1228 2984 καὶ
1253 2936 1437 2992 πεσεῖν
1463 2939 1608 2989 ποιεῖ
1637 2937 1762 3001 τοὺς
1783 2938 1972 3008 αὐτοῖς

406 3015 810 3087 ἐπιτρέχοντας.
861 3018 1019 3072 Ἀλλά
1063 3019 1172 3092 γὰρ
1218 3021 1501 3093 σύγκρισιν
1531 3024 1705 3092 θεῖναι,
1729 3029 1829 3100 τῆς
1879 3046 1969 3083 σο-

398 3105 554 3174 ¹φίας,
602 3109 696 3161 καὶ
732 3108 830 3181 τὴν
867 3110 944 3183 (7)
990 3111 1288 3183 ἀνθρώπων
1335 3114 1557 3184 ἀγαθῶν
1602 3119 1972 3190 νομιζομένων

303 3179 320 3198 I
404 3198 743 3271 βουλόμενος,
771 3179 942 3257 ταῦτα
967 3179 1212 3289 ἐπήγαγε
1234 3225 1248 3238 ·
1281 3179 1396 3262 Kal
1424 3207 1546 3265 πᾶν
1583 3211 1614 3265 ὃ
1648 3179 1886 3282 ᾔτησαν
1912 3217 1968 3270 ol
1995 3232 2039 3293 ο

404 3292 699 3362 ὀφθαλμοί
707 3313 850 3363 μου,
867 3299 976 3352 οὐκ
999 3287 1248 3366 ἀφεῖλον
1261 3299 1360 3353 ἀπ’
1383 3300 1598 3368 αὐτῶν,
1615 3303 1794 3358 καὶτὰ
1818 3304 1962 3377 ἑξῆς·

379 3383 466 3436 ,οὑ
507 3384 664 3454 μόνον
695 3388 915 3452 τούτους
958 3387 1196 3454 κακίζων
1235 3393 1361 3457 τοὺς
1408 3394 1662 3465 μόχθους,
1708 3396 1802 3461 οὒς
1827 3399 1877 3450 οἱ
1905 3398 1964 3452 ὲν

403 3474 708 3551 εὐφροσύνῃ
754 3481 1065 3551 τρυφῶντες
1116 3484 1382 3554 πάσχουσι
1435 3486 1778 3558 μοχθοῦντες,
1829 3491 1966 3545 ἀλλά

403 3566 497 3620 καὶ
523 3566 616 3632 οὓς
645 3569 781 3642 πρὸς
804 3573 1045 3644 ἀνάγκην
1075 3576 1168 3629 καὶ
1195 3576 1315 3647 βίαν
1333 3578 1381 3630 οἱ
1403 3577 1678 3650 ἅνθρωποι
1705 3581 1966 3652 μοχθοῦν-

401 3676 492 3724 τες
539 3662 884 3734 ὑπομένουσι,
924 3666 1129 3737 τροφῆς
1175 3668 1370 3722 ἕνεκεν
1410 3669 1510 3740 τῆς
1553 3673 1852 3743 ἐφημέρου,
1901 3668 1965 3728 ’ὲν

327 3763 330 3768 ’
403 3751 586 3822 ἱδρῶτι
604 3754 696 3807 τοῦ
729 3756 1019 3827 προσώπου
1041 3759 1138 3823 τὰς
1160 3759 1351 3830 τέχνας
1375 3761 1743 3833 ἐργαζόμενοι.
1783 3765 1841 3818 '0
1866 3766 1964 3836 μὲν

207 3915 222 3933 ι
400 3842 508 3914 γὰρ
531 3844 725 3915 μόχθος
754 3824 939 3913 πολὺς,
965 3851 1148 3920 φησὶν,
1183 3824 1296 3922 lpos
1324 3824 1482 3923 τέχνη
1495 3824 1533 3925 ήῗ
1551 3824 1614 3908 ἐκ
1641 3855 1733 3909 τοῦ
1763 3824 1962 3927 μόχθου

401 3937 748 4007 πρόσκαιρος,
791 3938 944 3991 οὐδὲν
992 3941 1304 4012 προτιθεῖσα
1351 3945 1426 4015 (8)
1469 3943 1577 3997 τῶν
1612 3947 1963 4018 τερπομένων

377 4027 689 4099 χρήσιμον.
731 4027 927 4098 Διόπερ
974 4029 1035 4082 τὸ
1069 4029 1257 4102 κέρδος
1299 4031 1469 4086 οὐδέν.
1514 4033 1680 4086 Ἔνθα
1722 4033 1833 4106 γὰρ
1862 4034 1962 4087 οὐκ

258 4122 271 4128 ’
378 4115 516 4171 ’ἐστι
543 4118 849 4188 περισσεία,
882 4120 1002 4173 οὐδὲ
1027 4121 1236 4193 κέρδος.
1269 4108 1510 4189 Εἰκότως
1532 4125 1708 4179 τοίνυν
1739 4128 1962 4197 ματαιό-

399 4225 499 4279 της
525 4208 593 4262 τά
636 4209 1055 4276 σπουδασθέντα,
1084 4211 1180 4264 καὶ
1215 4213 1556 4282 προαίρεσις
1603 4216 1959 4286 πνεύματος.

400 4299 626 4371 Πνεῦμα
650 4300 729 4365 δὲ,
756 4301 853 4372 τὴν
881 4300 1054 4373 ψυχὴν
1079 4302 1351 4373 ὀνομάζει.
1396 4305 1459 4357 Ἦ
1484 4304 1593 4377 γὰρ
1621 4307 1957 4380 προαίρεσις,

227 4400 230 4402 ⁷
315 4405 318 4408 ’
400 4389 516 4442 ἐστι
568 4390 738 4456 ποιὸν,
783 4391 844 4444 ού
898 4393 1126 4463 κίνησις.
1163 4393 1273 4446 Καὶ
1310 4396 1340 4448 ὁ
1382 4394 1573 4448 Δαϐίδ·
1609 4398 1713 4463 Είς
1759 4397 1962 4468 χεῖράς

399 4495 516 4536 σου
558 4485 911 4554 παρατίθημι
955 4485 1022 4539 τὸ
1070 4486 1302 4556 πνεῦμά
1341 4506 1480 4557 μου.
1525 4490 1637 4544 Καί
1662 4491 1960 4563 γεάληθῶς

2079 2013 2221 2065 rum,
2248 2015 2314 2055 ac
2342 2001 2678 2070 reliquorum
2724 2019 2846 2074 quae
2891 2019 3305 2074 commemorat,
3343 2023 3644 2066 enumeret.

2077 2088 2279 2147 Deinde
2303 2093 2435 2148 nihil
2463 2094 2517 2148 in
2550 2094 2636 2150 his
2662 2096 2793 2150 utile
2811 2099 3136 2167 reperiens;
3165 2115 3265 2154 nec
3295 2101 3439 2155 enim
3467 2103 3648 2171 quoad

2077 2179 2313 2236 animam
2340 2198 2406 2237 ex
2439 2183 2528 2262 his
2571 2185 2763 2243 melior
2795 2200 3065 2254 evaserat,
3101 2194 3280 2260 neque
3308 2205 3405 2260 per
3444 2191 3546 2248 hoc
3570 2192 3649 2248 fa-

2076 2272 2444 2329 miliaritatem
2485 2290 2611 2330 cum
2651 2267 2769 2331 ‘Deo
2813 2279 3179 2349 acquisierat;
3215 2283 3528 2338 necessario
3577 2283 3648 2340 ad

2074 2380 2232 2422 veras
2275 2367 2528 2435 divitias,
2576 2377 2632 2422 et
2689 2370 2946 2448 stabilem
2989 2371 3283 2426 essentiam
3336 2389 3646 2430 sermonem

2077 2457 2349 2524 transfert.
2376 2459 2516 2515 Cum
2546 2460 2714 2532 igitur
2745 2461 2904 2518 vellet
2928 2463 3214 2519 ostendere
3243 2479 3494 2535 quaenam
3525 2482 3648 2537 pos-

2075 2549 2348 2606 sessiones
2378 2553 2684 2622 possessori
2722 2542 3095 2622 permaneant,
3128 2565 3479 2625 perseverent
3499 2560 3644 2628 apud

2038 2654 2042 2658 '
2071 2654 2195 2696 eum
2219 2640 2445 2711 jugiter,
2469 2657 2536 2698 ac
2561 2654 2864 2710 serventur,
2892 2644 3177 2714 subjunxit
3204 2666 3217 2700 :
3250 2647 3410 2717 Atqui
3436 2650 3644 2718 sapien—

2073 2730 2148 2784 tia
2177 2731 2321 2784 stetit
2356 2731 2506 2785 mihi.
2549 2732 2675 2788 Sola
2703 2734 2848 2788 enim
2889 2735 3005 2790 haec
3045 2747 3265 2792 manet:
3299 2747 3493 2794 caetera
3536 2740 3646 2794 dif-

2072 2820 2287 2892 fugiunt
2311 2831 2365 2878 et
2393 2824 2714 2887 abscedunt.
2743 2841 3080 2896 quacunque
3101 2840 3260 2884 antea
3281 2833 3640 2888 enumeravit.
3675 2864 3679 2868 -

2073 2910 2351 2983 Sapientia
2382 2913 2564 2984 itaque
2600 2917 2746 2969 stetit
2791 2917 2941 2982 mihi,
2976 2927 3030 2972 et
3065 2933 3165 2985 ego
3190 2935 3286 2990 per
3317 2921 3464 2978 illam
3495 2925 3638 2978 steti.
3687 2975 3696 2982 .

2072 3001 2165 3057 Illa
2195 3018 2430 3074 namque
2459 3004 2753 3073 excidunt,
2798 3017 2852 3063 et
2888 3007 3229 3078 praecipitant
3269 3022 3538 3085 quotquot
3571 3017 3640 3070 ad

2071 3091 2162 3146 illa
2189 3105 2499 3148 recurrunt.
2534 3096 2603 3149 At
2631 3096 2774 3150 enim
2826 3097 3016 3153 volens
3062 3102 3522 3169 comparationem
3559 3106 3642 3160 in-

2071 3181 2295 3238 stituere
2337 3183 2645 3253 sapientiae,
2684 3193 2740 3240 et
2787 3185 3058 3242 bonorum
3107 3189 3474 3258 humanorum
3520 3211 3643 3265 quae

2075 3273 2202 3328 talia
2249 3283 2588 3344 reputantur,
2642 3278 2754 3332 hinc
2802 3277 3081 3334 subtexuit
3121 3298 3143 3334 τ
3179 3279 3252 3336 Ει
3302 3299 3452 3338 omne
3499 3268 3658 3357 quod

2071 3365 2466 3434 postulaverunt
2497 3366 2636 3421 oculi
2663 3368 2783 3431 mei,
2815 3383 2919 3422 non
2951 3369 3146 3424 abstuli
3175 3371 3240 3426 ab
3266 3374 3364 3441 eis,
3395 3385 3449 3431 et
3477 3387 3639 3434 caete-

2070 3471 2154 3524 ra,
2188 3473 2295 3513 non
2325 3458 2489 3514 modo
2517 3459 2692 3516 malos
2724 3461 3017 3518 ostendens
3048 3463 3363 3532 bujusmodi
3400 3467 3635 3534 labores,

2070 3561 2210 3616 quos
2237 3549 2330 3618 qui
2360 3549 2415 3603 in
2436 3549 2618 3605 latitia
2645 3551 2913 3618 laborant,
2938 3553 3233 3622 sustinent;
3261 3572 3451 3613 verum
3474 3561 3640 3630 etiam

2070 3655 2428 3711 quoscunque
2469 3642 2520 3695 vi
2571 3658 2637 3698 ac
2675 3643 3000 3700 necessitate
3039 3644 3348 3705 laborantes
3389 3650 3641 3709 homines

2071 3731 2323 3795 tolerant,
2360 3731 2664 3802 quotidiani
2686 3733 2863 3788 victus
2899 3748 3085 3801 causa,
3121 3734 3177 3789 in
3222 3737 3420 3794 sudore
3456 3741 3642 3797 Vultus
3736 3777 3740 3780 -

2070 3832 2214 3878 artes
2242 3822 2562 3900 exercendo.
2599 3821 2780 3878 Labor
2826 3823 2973 3878 enim
3011 3824 3214 3881 multus
3256 3837 3375 3896 est,
3425 3830 3636 3900 inquit,

2070 3929 2160 3968 ars
2199 3898 2379 3968 autem
2421 3929 2544 3984 quae
2589 3929 2654 3968 ex
2690 3913 2875 3968 labore
2919 3923 3038 3982 est,
3082 3919 3442 3988 temporaria,
3501 3922 3638 3977 nihil

2069 4005 2300 4060 aﬂ'erens
2347 4005 2479 4059 utile
2524 4020 2713 4059 eorum
2762 4019 2883 4074 quae
2929 4006 3218 4063 delectant.
3268 4008 3637 4076 Quamobrem

2067 4098 2232 4153 etiam
2264 4098 2690 4153 emolumentum
2721 4097 2929 4152 nullum
2967 4107 3070 4154 est.
3104 4097 3206 4155 Ubi
3243 4103 3387 4156 enim
3415 4117 3525 4158 non
3552 4117 3638 4160 est

2066 4189 2456 4254 exuberantia,
2510 4203 2687 4258 neque
2730 4189 3179 4250 emolumentum.
3233 4191 3426 4250 Merito
3472 4198 3639 4268 igitur

2066 4281 2282 4337 vanitas
2327 4289 2456 4336 sunt
2495 4295 2581 4336 res
2633 4280 2777 4336 circa
2822 4296 2961 4351 quas
2997 4291 3142 4339 tanta
3181 4295 3267 4341 est
3306 4287 3632 4351 sollicitudo.

2066 4384 2116 4428 et
2153 4373 2394 4429 voluntas
2422 4373 2662 4442 spiritus.
2691 4370 2954 4442 Spiritum
2983 4376 3071 4432 hic
3094 4376 3333 4432 animam
3366 4387 3632 4435 nominat.

2069 4463 2333 4519 Voluntas
2359 4464 2528 4528 enim,
2558 4471 2642 4518 est
2668 4464 2925 4534 qualitas,
2960 4481 3067 4521 non
3107 4477 3317 4524 motus.
3354 4469 3421 4525 Et
3465 4469 3637 4526 David

400 4573 586 4642 σοφία
610 4574 832 4643 ἐστάθη
865 4594 984 4646 μοι,
1012 4577 1093 4630 ὅτι
1117 4595 1184 4648 με
1219 4555 1421 4648 γνῶναι
1455 4581 1550 4634 καὶ
1591 4555 1960 4636 συνιέναι-πεέ

2070 4557 2142 4613 ait
2178 4575 2192 4611 :
2233 4555 2303 4610 In
2345 4573 2534 4610 manus
2584 4565 2704 4609 tuas
2754 4558 3056 4612 commendo
3100 4559 3344 4630 spiritum
3393 4580 3564 4618 meum
3588 4567 3633 4622 '.

399 4662 594 4736 ποίηκε
633 4667 726 4720 τοῦ
774 4666 949 4736 λέγειν
987 4670 1094 4721 πᾶν
1132 4671 1159 4722 ὃ
1197 4687 1250 4722 τι
1276 4669 1377 4723 οὐκ
1399 4668 1511 4724 ἐστι
1549 4672 1834 4744 περισσεία
1861 4673 1965 4726 ὑπὸ

398 4758 490 4835 τὸν
512 4738 678 4830 ⁴ἥλιον.
705 4760 768 4813 Εἰ
795 4761 972 4816 τοίνυν
1007 4761 1211 4830 ἀγαθοῦ
1235 4761 1456 4834 κέρδους
1483 4738 1874 4836 ἐπιθυμοῦμεν,
1914 4769 1963 4819 εί

402 4852 715 4923 περισσείαν
735 4853 978 4924 θέλομεν,
993 4872 1017 4906 ε
1031 4855 1044 4906 ί
1058 4855 1321 4926 ἄφθαρτοι
1343 4853 1792 4927 ζητοῦμνεῖναι,
1828 4875 1958 4930 μοχ-

401 4943 654 5018 θήσωμεν
676 4947 904 5018 μόχθους
919 4948 1042 5011 τοὺς
1067 4947 1206 5018 ὑπὲρ
1226 4948 1314 5002 τὸν
1343 4947 1492 5020 ἥλιον
1523 4950 1832 5022 τρέχοντας.
1876 4952 1963 5004 Ἐν

399 5038 610 5102 τούτοις
637 5040 744 5109 γὰρ
767 5040 866 5094 οὐκ
893 5040 1008 5094 ἔστι
1034 5040 1352 5112 ματαιότης,
1379 5041 1498 5094 οὐδὲ
1525 5043 1844 5113 προαίρεσις
1865 5042 1960 5095 τοῦ

399 5132 627 5190 εἰκαίου.
673 5133 768 5185 καὶ
802 5135 977 5205 μάτην
1011 5126 1113 5188 ὧδε
1151 5135 1312 5188 κάκεῖ
1351 5134 1762 5206 περισπωμένου
1802 5133 1963 5188 πνεύ-

402 5239 590 5292 ματος..

459 5374 617 5455 «Στῗχ.
657 5382 745 5454 ιβ’.
779 5381 890 5438 Kal
908 5383 1136 5451 ἔϐλεψα
1166 5380 1280 5450 ἐγὼ
1309 5381 1414 5435 τοῦ
1447 5380 1594 5434 ἰδεῖν
1612 5381 1834 5450 σοφίαν
1863 5379 1958 5434 καὶ

399 5480 722 5546 περιφορὰν
756 5475 851 5529 καὶ
881 5475 1265 5544 ἀφροσύνην-ο
1300 5473 1388 5527 ὅτι
1419 5474 1511 5540 τίς
1540 5474 1865 5542 ἄνθρωπος,
1895 5472 1960 5538 ὃς

397 5570 710 5624 ἐλεύσεται
759 5569 947 5622 ὀπίσω
1014 5567 1124 5638 τῆς
1176 5566 1415 5636 ,ϐουλῆς
1469 5566 1788 5635 σύμπαντα
1846 5565 1962 5618 ὅσα

396 5663 686 5730 ἐποίησεν
713 5662 893 5728 αὖτης

468 5759 489 5790 ⁵
518 5755 661 5811 Psal.
687 5773 871 5813 χχχιχ.
901 5756 958 5810 6-

467 5873 542 5944 (7)
577 5873 716 5927 Τῶν.

1043 5710 1071 5740 π

2066 4648 2228 4718 Atqui
2259 4663 2385 4704 vere
2411 4648 2671 4715 sapientia
2716 4649 2860 4703 stetit
2893 4649 3043 4715 mihi,
3084 4650 3212 4720 quia
3239 4652 3418 4708 eﬂ'ecit
3444 4664 3506 4709 ut
3535 4672 3634 4726 ego

2065 4752 2447 4808 cognoscerem
2488 4753 2553 4792 ac
2602 4737 2992 4807 intelligerem,
3034 4753 3143 4807 quo
3189 4737 3427 4795 dicerem
3473 4757 3643 4805 omne

2065 4832 2210 4902 quod
2245 4845 2354 4886 non
2386 4839 2470 4884 est
2500 4829 2855 4884 exuberantia
2888 4829 2989 4884 sub
3022 4829 3156 4885 sole.
3188 4828 3246 4884 Si
3277 4846 3404 4901 ergo
3428 4831 3633 4888 bonum

2066 4923 2496 4979 emolumentum
2526 4921 2922 4985 desideramus,
2956 4920 3002 4976 si
3031 4921 3440 4976 exuberantiam
3477 4926 3634 4980 volu-

2068 5032 2212 5082 mus,
2243 5015 2290 5071 si
2316 5013 2755 5083 incorruptibiles
2791 5012 3087 5083 quaarimus
3127 5028 3281 5081 esse;
3322 5015 3634 5074 laboremus

2068 5105 2283 5160 labores
2314 5101 2408 5173 qui
2453 5101 2594 5156 ultra
2627 5101 2794 5157 solem
2827 5111 3074 5154 currunt.
3114 5101 3176 5152 In
3222 5100 3308 5155 his
3348 5101 3492 5155 enim
3522 5119 3635 5157 non

2068 5206 2152 5254 est
2171 5197 2406 5260 vanitas,
2434 5207 2612 5264 neque
2638 5193 2891 5247 voluntas
2919 5191 2994 5244 rei
3025 5206 3395 5260 supervacuae,
3437 5205 3492 5247 et
3520 5196 3636 5264 spi-

2067 5291 2208 5344 ritus
2241 5287 2444 5342 frustra
2472 5284 2615 5339 ultro
2643 5283 2888 5352 citroque
2918 5280 3148 5350 abrepti.

2145 5377 2206 5432 V.
2241 5377 2328 5431 1‘2.
2374 5374 2444 5429 Et
2487 5371 2667 5443 aspexi
2712 5387 2804 5441 ego
2848 5380 2907 5423 ut
2949 5370 3177 5424 viderem
3217 5373 3550 5441 sapientiam,
3583 5380 3635 5424 et

2068 5469 2558 5530 hallucinationem,
2609 5476 2658 5518 et
2707 5461 3133 5532 imprudentiam.
3183 5460 3328 5516 Nam
3368 5464 3486 5534 quis
3535 5463 3632 5516 Ito—

2069 5579 2175 5628 mo,
2207 5561 2298 5631 qui
2330 5559 2427 5614 ibit
2456 5573 2586 5626 pone
2627 5553 2905 5609 consilium
2936 5554 3114 5608 omnia
3151 5570 3469 5625 quacunque
3505 5553 3632 5626 fecit

2075 5654 2230 5708 hac?

2133 5863 2206 5935 (8)
2248 5860 2408 5916 Forte
2439 5859 2797 5932 προστιθεῖσα.
