4090 6462
444 499 579 558 i587

1096 618 1244 674 CAP.
1287 620 1370 674 Ill.

517 707 578 762 ν.
623 708 674 762 5.
725 706 942 776 Tempus
972 710 1271 778 occidendi,
1303 723 1352 765 et
1392 722 1592 783 tempus
1626 716 1871 768 sanandi.

515 889 804 947 Occidendi
859 895 950 964 qui
993 903 1183 964 peccat
1225 911 1333 950 non
1387 896 1744 966 indulgenda,
1788 898 2014 954 sanandi

447 985 729 1040 habentem
760 985 952 1042 vulnus
977 993 1122 1056 quod
1152 987 1453 1044 remedium
1482 989 1593 1059 pati
1622 989 1812 1058 possit.

516 1167 578 1223 ν.
611 1169 665 1223 4.
712 1170 934 1241 Tempus
963 1173 1147 1242 ﬂendi,
1175 1185 1225 1230 et
1270 1182 1468 1246 tempus
1506 1177 1733 1232 ridendi.

516 1346 756 1419 Tempus
785 1351 968 1417 ﬂendi,
1005 1352 1226 1421 quando
1259 1363 1470 1423 tempus
1497 1364 1581 1412 est
1612 1356 1906 1426 passionis,
1932 1359 2014 1413 di-

444 1450 598 1496 cente
623 1441 852 1496 Domino
878 1461 891 1495 :
916 1443 1080 1496 Amen
1103 1445 1220 1498 dico
1247 1446 1412 1512 vobis,
1447 1448 1571 1517 quia
1601 1449 1795 1517 ﬂebitis
1815 1457 1866 1502 et
1893 1449 2013 1519 plo-

444 1533 630 1586 rabitis
662 1535 728 1588 ¹⁰.
783 1532 1032 1599 Ridendi,
1081 1536 1148 1591 de
1191 1539 1611 1594 resurrectione.
1664 1539 1832 1595 Dolor
1876 1542 2014 1595 enim

440 1633 626 1688 vester,
656 1625 853 1694 inquit,
883 1625 938 1679 in
966 1627 1218 1696 gaudium
1241 1630 1344 1683 erit
1367 1631 1433 1685 ²¹.

511 1815 573 1871 ν.
605 1819 657 1872 4.
696 1818 915 1890 Tempus
943 1821 1245 1894 plangendi,
1274 1832 1326 1878 et
1353 1833 1551 1896 tempus
1577 1827 1836 1884 saltandi.

1307 501 1651 558 ADDENDA.
1692 532 1761 544 --
1803 504 1860 558 S.
1899 501 2187 559 DIONYSII
2218 502 2692 557 'ALEXANDRINI

3548 506 3684 563 1588

2769 623 2922 676 ΚΕΦ.
2960 623 3032 676 Γν.

2187 715 2333 784 Στιχ.
2363 720 2430 783 γ’.
2459 713 2671 784 Καιρὸς
2702 715 2808 768 τοῦ
2829 715 3190 781 ἀποκτεῖναι,
3223 716 3318 771 καὶ
3343 718 3546 786 καιρὸς
3577 721 3683 775 τοῦ

2118 805 2397 861 ιάσασθαι
2406 845 2420 859 .

2199 898 2538 974 Ἀποκτεῖναι
2590 899 2682 954 τὸν
2714 899 3072 971 ἀσύγγνωστα
3103 905 3382 974 πταίοντα,
3433 908 3684 964 ἰάσασθαι

2115 986 2207 1040 τὸν
2258 973 2450 1057 ἔχοντα
2486 987 2699 1060 πληγὴν
2733 990 3058 1065 ἅνεξομένην
3103 973 3393 1068 φάρμακον
3439 999 3688 1066 ἐπιδέξα-

2117 1078 2259 1134 σθαι.

2191 1175 2338 1245 Στιχ.
2374 1175 2436 1229 δ’.
2484 1175 2702 1244 Καῖρος
2737 1176 2844 1231 τοῦ
2884 1177 3166 1245 κλαῦσαι,
3207 1181 3303 1234 καὶ
3336 1181 3540 1250 καιρὸς
3576 1183 3684 1238 τοῦ

2117 1265 2390 1336 τελᾶσαι.

2187 1360 2396 1430 Καιρὸς
2445 1360 2538 1414 τοῦ
2590 1360 2845 1427 κλαῦσαι,
2898 1364 3008 1416 ὅτε.
3033 1365 3062 1416 ὁ
3093 1365 3281 1438 καιρὸς
3317 1365 3411 1420 τοῦ
3459 1367 3683 1436 πάθους,

2114 1449 2364 1518 λέγοντος
2392 1451 2486 1505 τοῦ
2514 1453 2743 1524 Κυρίου·
2788 1453 2976 1524 Ἀμὴν
3002 1455 3156 1526 λέγω
3188 1457 3349 1527 ὑμῖν,
3383 1458 3472 1512 ὅτι
3502 1461 3688 1514 κλαύ-

2113 1557 2255 1597 σετε
2285 1542 2386 1596 καὶ
2422 1542 2772 1612 θρηνήσετε.
2797 1527 3029 1620 Γεὶῖἄσαι
3061 1547 3138 1612 δὲ,
3169 1548 3298 1620 περὶ
3318 1548 3419 1618 τῆς
3444 1549 3685 1606 ἀναστάς-

2117 1651 2273 1698 σεως.
2314 1635 2376 1690 Ἠ
2396 1633 2508 1704 γὰρ
2535 1637 2701 1704 λύπη
2732 1625 2924 1707 ὑμῶν,
2944 1639 3126 1710 φησὶν,
3159 1641 3245 1705 εἰς
3288 1637 3480 1709 χαρὰν
3507 1640 3684 1709 γενή-

2113 1743 2283 1782 σεται
2297 1768 2312 1782 .
3181 1761 3183 1764 ‘

2186 1820 2336 1892 Στιχ.
2365 1821 2426 1875 δ’.
2459 1820 2676 1890 Καιρὸς
2701 1821 2808 1878 τοῦ
2841 1823 3165 1894 radii-addat,
3193 1828 3291 1883 καὶ
3333 1830 3540 1900 καιρὸς
3576 1833 3684 1888 τοῦ
3780 1899 3785 1904 ,

2113 1912 2437 1981 ὀρχεῖσθαι.

508 2005 740 2072 Quando
769 2008 891 2077 quis
925 2009 1108 2064 animo
1149 2020 1329 2066 versat
1376 2021 1630 2080 mortem,
1672 2031 1834 2086 quam
1881 2017 2010 2074 Adae

2186 2004 2356 2059 Ὅταν
2399 2003 2679 2076 λογίσηται
2724 2023 2809 2070 τις
2856 2005 2947 2060 τὸν
2985 2006 3231 2074 θάνατον,
3285 2011 3452 2084 ὅνπερ
3493 2013 3529 2084 ἠ
3589 2010 3683 2067 τοῦ

438 2098 800 2168 transgressio
830 2099 1035 2168 intulit,
1080 2101 1616 2174 plangendi:festivos
1637 2117 1799 2163 cretus
1822 2111 2010 2180 agendi
2058 2171 2060 2174 ,

439 2196 652 2251 contra,
679 2189 901 2259 quando
927 2190 982 2245 in
1011 2201 1243 2248 mentem
1268 2195 1416 2250 venit
1445 2212 1605 2267 quam
1627 2210 2010 2269 exspectamus

437 2296 533 2350 per
562 2297 763 2336 novum
797 2283 968 2338 Adam
998 2285 1456 2342 resurrecﬁonem
1487 2303 1554 2343 ex
1582 2292 1832 2348 mortuis.

509 2371 572 2427 V.
613 2373 666 2427 6.
705 2373 925 2443 Tempus
953 2377 1305 2448 custodiendi,
1333 2387 1383 2432 et
1413 2389 1614 2450 tempus
1637 2384 1957 2454 proferendi.

506 2556 745 2630 Tempus
785 2561 1128 2618 custodiendi
1188 2561 1525 2634 Scripturam
1575 2565 1836 2623 adversus
1872 2567 2012 2623 indi-

435 2665 591 2719 gnos,
620 2650 936 2721 proferendi
970 2668 1102 2708 vero
1147 2653 1349 2725 dignis.
1383 2652 1481 2710 Vel
1521 2656 1709 2725 etiam,
1750 2658 2012 2730 legislit-

437 2749 548 2796 tera
579 2754 708 2798 ante
735 2740 1194 2811 lncarnatiouem,
1221 2755 1435 2811 tempus
1468 2748 1572 2805 fuit
1614 2760 1676 2805 ut
1707 2752 2013 2808 custodire-

437 2843 525 2886 tur
553 2853 565 2887 :
594 2842 654 2887 ut
681 2847 968 2904 promatur
995 2853 1144 2904 vero,
1175 2839 1268 2894 ubi
1291 2839 1528 2895 eﬂloruit
1549 2840 1784 2898 Veritas.

508 2925 574 2980 V.
615 2927 666 2982 7.
712 2927 933 2999 Tempus
963 2931 1188 2999 tacendi,
1218 2942 1267 2986 et
1298 2929 1498 3004 tempus
1539 2935 1805 3005 loquendi.

504 3017 744 3090 Tempus
771 3020 1050 3092 loquendi,
1095 3025 1315 3094 quando
1360 3041 1470 3080 non
1515 3027 1696 3082 desint
1736 3028 2012 3086 auditores

431 3109 524 3179 qui
559 3125 871 3168 sermonem
899 3114 1200 3184 suscipiant
1225 3133 1238 3170 :
1267 3116 1504 3183 tacendi,
1535 3117 1757 3187 quando
1790 3134 2012 3189 perver-

429 3211 554 3256 tunt
573 3218 882 3260 sermonem
921 3206 1216 3275 auditores,
1251 3217 1310 3263 ut
1349 3209 1482 3264 dicit
1508 3208 1750 3266 Paulus:
1782 3211 2010 3268 Haereti—

2126 2091 2296 2164 Ἀδὰμ
2331 2094 2644 2166 παράϐασις
2675 2095 2964 2168 ἐπήνεγκε,
2998 2099 3318 2168 κόψασθαι·
3359 2105 3685 2174 πανηγυρί-

2111 2199 2216 2240 σαι
2245 2187 2322 2251 δὲ,
2356 2189 2485 2241 ὅταν
2513 2189 2594 2252 εἰς
2632 2187 2758 2243 νοῦν
2798 2189 3050 2261 λάϐωμεν
3077 2192 3145 2263 ἢν
3187 2194 3571 2268 προσδοκῶμεν
3597 2196 3687 2250 διὰ

2110 2277 2202 2332 τὸν
2231 2278 2349 2350 νέον
2385 2279 2556 2351 Ἀδὰμ
2579 2279 2644 2334 ὲκ
2678 2282 2884 2353 νεκρῶν
2912 2281 3222 2337 ἀνάστασιν.
3331 2299 3333 2301 ‘

2161 2371 2332 2440 .Στιχ.
2365 2362 2418 2430 ς’
2443 2410 2458 2425 .
2484 2371 2700 2440 Καιρός
2732 2372 2838 2426 τοῦ
2881 2371 3168 2441 φυλάξαι,
3209 2375 3307 2430 καὶ
3333 2376 3536 2446 καιρὸς
3569 2379 3684 2433 ’τοῦ

2110 2460 2442 2537 ἐκϐαλεῖν..

2183 2552 2390 2623 Καιρὸς
2414 2550 2506 2610 τοῦ
2535 2553 2765 2624 φυλάξαι
2787 2555 2887 2626 τὴν
2908 2556 3131 2629 Γραφὴν
3164 2558 3258 2612 ἐπὶ
3283 2560 3398 2623 τοῖς
3421 2558 3682 2625 ἀναξίοις,

2112 2643 2361 2697 ἐκϐαλεῖν
2389 2645 2446 2699 δὲ
2478 2649 2591 2711 τοῖς
2618 2647 2810 2712 ἀξίοις.
2844 2649 2917 2701 Ἤ
2945 2649 3059 2715 καὶ,
3104 2649 3166 2703 τὸ
3197 2650 3418 2722 νομικὸν
3449 2651 3684 2724 γράμμα

2113 2736 2220 2809 πρὸ
2263 2739 2362 2809 τῆς
2418 2739 2759 2812 Ἑπιδημίας,
2808 2743 2997 2814 καιρὸς
3042 2743 3252 2816 ὑπῆρχε
3303 2743 3683 2814 φυλάττεσθαιο
3723 2759 3727 2766 ·

2112 2829 2442 2901 ἐκϐληθῆναι
2470 2831 2548 2896 δὲ,
2574 2832 2736 2903 ἡνίκα
2766 2833 2999 2906 ἡνθησεν
3025 2836 3059 2906 ἡ
3100 2835 3370 2907 Ἀλήθεια.
3457 2873 3464 2877 ρ

2184 2921 2332 2992 Στιχ.
2366 2921 2429 2987 ζ’.
2462 2923 2676 2992 Καιρὸς
2699 2920 2899 2994 σιγᾷν,
2941 2927 3040 2980 καὶ
3069 2926 3276 2996 καιρὸς
3309 2927 3416 2981 τοῦ
3448 2927 3680 2983 λαλεῖν.

2183 3015 2390 3088 Καιρὸς
2415 3017 2510 3071 τοῦ
2539 3017 2737 3083 λαλεῖν,
2781 3021 2909 3074 ὅταν
2938 3014 3069 3074 ὦσιν
3113 3023 3163 3074 οἱ
3205 3021 3296 3075 τὸν
3335 3021 3490 3090 λόγον
3533 3020 3683 3093 δεχό-

2115 3123 2265 3176 μενοι
2311 3109 2610 3180 ἀκροαταί·
2656 3109 2751 3163 τοῦ
2801 3111 2858 3164 δὲ
2903 3113 3078 3183 σιγᾷν,
3127 3112 3293 3183 ἡνίκα
3333 3114 3686 3186 διαστρέφον-

2111 3215 2204 3262 τες
2230 3199 2320 3252 τὺν
2349 3199 2506 3270 λόγον
2552 3202 2600 3255 οἱ
2642 3201 3001 3274 ἀκροώμενοι,
3031 3203 3114 3268 ’ὥς
3154 3221 3286 3276 φησι
3318 3204 3546 3269 Παῦλος*
3583 3207 3684 3260 Αἱ·-

431 3309 549 3348 eum
569 3294 830 3351 hominem
857 3306 974 3366 post
1001 3314 1163 3354 unam
1188 3309 1238 3354 et
1276 3300 1562 3356 secundam
1594 3303 2005 3360 admonitionem

2114 3293 2346 3358 ρετικὸν
2372 3293 2687 3364 ἄνθρωπον
2709 3296 2859 3366 μετὰ
2873 3299 3021 3368 μίαν
3045 3298 3144 3352 καὶ
3168 3297 3455 3367 δευτέραν
3481 3301 3686 3354 νουθε-

429 3387 620 3443 abdica
643 3391 707 3442 ”.

500 3479 566 3536 Υ.
601 3481 689 3537 10.
741 3483 864 3538 Vidi
888 3486 1049 3556 igitur
1081 3488 1502 3558 distractionem,
1519 3510 1678 3564 quam
1700 3494 1845 3549 dedit
1865 3494 2006 3548 Deus

313 3633 316 3636 ἢ
430 3569 563 3640 ﬁliis
592 3573 886 3640 hominum,
917 3585 976 3630 ut
997 3577 1418 3636 distralterentur
1433 3585 1487 3638 in
1519 3601 1602 3638 ea.

497 3746 565 3802 ν.
595 3747 683 3803 ii.
725 3747 984 3806 Uuiversa
1011 3769 1128 3823 qua:
1159 3754 1283 3823 fecit
1313 3755 1447 3810 bona
1483 3757 1537 3811 in
1569 3767 1817 3828 tempore.
1844 3759 2008 3832 Atqui

427 3840 681 3897 stuculum
706 3843 853 3897 dedit
886 3846 940 3898 in
965 3851 1122 3901 corde
1148 3864 1351 3911 eorum,
1377 3859 1435 3903 ut
1461 3867 1566 3904 non
1594 3851 1826 3906 inveniat
1851 3853 2005 3908 homo

426 3948 576 4002 opus,
603 3937 746 4005 quod
771 3947 1018 4006 operatus
1045 3950 1125 3993 est
1164 3939 1306 3994 Deus
1335 3943 1400 3995 ab
1451 3943 1604 3997 initio
1650 3953 1698 3998 et
1743 3961 1905 4015 usque
1949 3947 2004 4024 in

423 4027 599 4096 ﬁnem.
1187 4102 1190 4104 γ
1871 4027 1874 4030 ’

494 4118 562 4173 Ει
589 4116 694 4174 hoc
721 4135 911 4177 verum
939 4130 1044 4177 est.
1077 4121 1246 4179 Nemo
1274 4125 1422 4180 enim
1462 4142 1626 4196 opera
1653 4127 1750 4183 Dei
1779 4129 2005 4184 omnino

423 4211 886 4280 comprehendere
916 4213 1077 4270 valet.
1104 4213 1254 4285 Opus
1290 4231 1456 4286 porro
1490 4215 1584 4272 Dei
1631 4228 1715 4275 est
1741 4219 2001 4274 mundus.

421 4300 601 4372 Hujus
638 4319 800 4359 nemo
832 4305 1078 4361 invenire
1121 4316 1303 4377 potest
1339 4310 1487 4380 quod
1521 4311 1594 4365 sit
1647 4311 1718 4367 ab
1764 4311 1922 4367 initio
1951 4321 2008 4367 et

421 4409 599 4465 usque
646 4395 702 4450 in
760 4396 946 4463 linem,
977 4397 1032 4452 id
1083 4407 1188 4467 est,
1226 4388 1585 4457 constitutum
1638 4403 1689 4458 ei
1739 4411 1954 4472 tempus
1985 4443 2002 4468 ,

420 4495 475 4541 et
504 4487 798 4556 praeﬁnitus
851 4491 929 4545 illi
977 4493 1261 4550 terminos.
1309 4492 1592 4564 Siquidem
1637 4494 2002 4565 ignorantiam

422 4577 569 4635 Deus
593 4588 768 4635 totum
807 4583 1066 4639 saeculum
1092 4583 1149 4639 in
1183 4585 1442 4642 cordibus
1468 4586 1674 4642 nostris
1709 4586 1858 4642 dedit
1888 4627 1904 4651 ,
1945 4595 2006 4641 ut

2111 3384 2257 3437 σίαν
2283 3387 2596 3454 παραιτοῦ.

2179 3475 2326 3546 Στιχ.
2368 3483 2420 3532 t'.
2450 3474 2630 3532 Εἶδον
2667 3476 2784 3534 οὖν
2812 3478 2919 3533 τὸν
2957 3478 3398 3550 περισπωμὸν,
3431 3478 3505 3534 ὃν
3541 3477 3685 3534 ἐδω-

2107 3583 2215 3621 κεν
2241 3571 2275 3622 ό
2305 3568 2450 3634 Θεὸς
2489 3569 2615 3636 τοῖς
2641 3569 2805 3637 υἱοῖς
2844 3569 2963 3626 τῶν
2999 3569 3346 3640 ἀνθρώπων,
3382 3572 3488 3625 τοῦ
3529 3586 3684 3640 περι-

2109 3657 2380 3714 σπᾶσθαι
2401 3661 2471 3714 ὲν
2497 3660 2674 3727 αὐτῷ.
3026 3656 3028 3658 ’

2178 3752 2325 3823 Στιχ.
2354 3757 2441 3808 ια’.
2478 3755 2552 3808 Τὰ
2566 3754 2888 3823 σύμπαντα
2905 3752 2944 3808 d
2959 3753 3207 3821 ἐποίησε
3221 3753 3377 3808 καλὰ
3392 3754 3461 3808 ἐν
3478 3751 3680 3820 καιρῷ.

2110 3845 2222 3899 Καί
2267 3863 2335 3915 γε
2379 3829 2703 3915 σῦμπαντα
2745 3845 2854 3899 τὸν
2882 3844 3067 3899 αἰῶνα
3099 3845 3322 3899 ἔδωκεν
3357 3844 3427 3900 ἐν
3469 3844 3683 3913 καρδίᾳ

2109 3937 2328 4003 αὐτῶν,
2380 3936 2538 4003 ὅπως
2579 3937 2665 4008 μὴ
2710 3937 2853 4007 εὕρῃ
2908 3937 3216 4005 ἅνθρωπος
3262 3936 3330 3990 τὸ
3375 3937 3621 4007 ποίημα,
3649 3935 3682 3989 ὃ
3766 3943 3769 3945 ’

2107 4029 2396 4099 ἐποίησεν
2415 4033 2449 4084 ό
2470 4029 2612 4096 Θεὸς
2637 4031 2739 4084 ἀπ’
2769 4029 2962 4098 ἀρχῆς
2984 4027 3081 4082 καὶ
3101 4029 3277 4098 μέχρι
3304 4028 3540 4095 τέλους.
3703 4036 3707 4040 ’

2176 4124 2288 4178 Καὶ
2320 4121 2478 4176 τοῦτο
2519 4121 2716 4193 ἀληθές
2750 4121 2917 4175 ἐστιν.
2954 4121 3140 4185 Οὐδεὶς
3181 4119 3290 4192 γὰρ
3322 4119 3389 4173 τὰ
3420 4119 3555 4192 ἔργα
3587 4120 3680 4173 τοῦ

2107 4215 2244 4272 Θεοῦ
2277 4214 2583 4288 ὁλοκλήρως
2624 4213 2950 4267 καταλαϐεῖν
2973 4213 3214 4267 δύναται.
3253 4212 3473 4283 Ποίημα
3502 4211 3558 4264 δὲ
3587 4211 3682 4265 τοῦ

2106 4305 2242 4359 Θεοῦ
2266 4308 2295 4360 ὁ
2317 4305 2540 4376 κόσμος.
2567 4304 2772 4360 Τούτου
2793 4303 2971 4365 οὐδεὶς
2991 4303 3168 4374 εὑρεῖν
3189 4302 3250 4355 τὸ
3274 4302 3369 4355 ἀπ’
3391 4299 3564 4371 ἀρχῆς
3587 4301 3682 4354 καὶ

2111 4399 2270 4470 μέχρι
2299 4395 2505 4461 τέλους,
2537 4394 2784 4448 τουτέστι
2812 4394 2902 4447 τὸν
2929 4391 3255 4464 τεταγμένον
3293 4391 3440 4463 αὐτῷ
3469 4391 3679 4463 χρόνον,

2107 4491 2201 4544 καὶ
2240 4489 2339 4561 τὴν
2383 4488 2692 4561 ὁρισθεῖσαν
2737 4488 2826 4541 ἐπ’
2868 4485 3017 4556 αὐτῷ
3063 4483 3401 4556 προθεσμίαν
3433 4483 3675 4538 δύναται.
3791 4546 3802 4553 ,

2119 4580 2447 4653 Ἐπειδήπερ
2476 4580 2697 4649 ἄγνοιαν
2727 4581 2755 4633 ὁ
2786 4579 2920 4642 Θεὸς
2967 4577 3256 4648 σύμπαντα
3285 4575 3379 4630 τὸν
3421 4573 3591 4628 αἰῶνα
3620 4576 3678 4627 ἐν

419 4669 644 4740 quidam
677 4672 785 4726 ait:
821 4671 1160 4730 Paucitatem
1199 4677 1408 4730 dierum
1462 4693 1698 4732 meorum
1737 4680 1998 4734 annuntia

2114 4675 2226 4736 ταῖς
2257 4671 2509 4744 καρδίαις
2536 4669 2696 4742 ἡμῶν
2725 4669 2944 4734 ἔδωκεν,
2991 4667 3068 4732 ὣς
3101 4666 3231 4738 φησι
3260 4683 3363 4729 τις’
3405 4664 3524 4734 Τὴν
3551 4665 3678 4718 ὀλι-
3704 4681 3708 4685 ’

419 4761 552 4817 mihi
578 4763 644 4818 ".
677 4762 755 4819 Ita
801 4781 902 4835 pro
929 4775 1114 4822 nostra
1163 4769 1396 4824 utilitate
1429 4768 1554 4825 linis
1595 4769 1779 4826 saeculi
1808 4770 1994 4842 hujus,

420 4853 545 4909 vitae
566 4870 762 4926 nempe
789 4857 1095 4927 praesentis,
1124 4860 1424 4930 ignoratur.

2104 4765 2328 4836 γότητα
2373 4763 2492 4817 τῶν
2536 4761 2775 4835 ἡμερῶν
2807 4779 2924 4831 μου
2965 4753 3325 4830 ἀνάγγειλόν
3361 4776 3484 4829 μοι.
3523 4757 3680 4811 Οὕτω
3723 4833 3725 4836 ρ

2107 4859 2245 4930 πρὸς
2276 4857 2338 4910 τὸ
2372 4857 2650 4929 συμφέρον
2676 4857 2808 4928 ἡμῖν
2844 4854 2906 4907 τὸ
2935 4852 3087 4917 τέλος
3116 4850 3210 4906 τοῦ
3240 4851 3434 4915 αἰῶνος
3465 4849 3679 4918 τούτου,

2103 4950 2302 5021 δηλαδὴ
2325 4950 2425 5020 τῆς
2459 4948 2738 5022 παρούσης
2762 4947 2928 5018 ζωῆς,
2960 4945 3238 5016 ἠγνόηται.

483 5126 534 5162 ⁸⁸
582 5120 716 5188 Luc.
763 5147 849 5200 v1,
895 5131 996 5198 25;
1041 5129 1198 5188 Joan.
1227 5147 1334 5201 1m,
1361 5133 1449 5186 20.
1529 5133 1571 5164 ’ί
1606 5131 1763 5189 Joan.
1803 5151 1910 5199 1m,
1939 5135 2009 5188 20

2114 5138 2150 5167 "
2187 5134 2292 5190 Tit.
2328 5151 2411 5198 ιιι,
2444 5133 2528 5190 10.
2602 5133 2652 5179 ’³
2679 5131 2823 5188 Psal.
2852 5147 2926 5200 Ci,
2952 5129 3042 5185 ει.
