4090 6382
419 461 558 521 i389

1556 454 2114 521 INTERPRE'TATIO
2154 462 2218 518 IN
2264 463 2522 519 LUCMI.

836 819 1749 984 ΔΙΟΝΥΣΙοΥ
1826 815 3092 953 ΑΛΕΞΑΝΔΡΕΙΑΣ
3155 808 3275 885 (ιο)

1762 1063 2322 1150 EPMHNEIA

1063 1246 1164 1310 Εἰς
1187 1243 1294 1299 τοῦ
1317 1243 1490 1311 ἁγίου
1512 1248 1878 1318 Εὑαγγελιόυ
1909 1246 2058 1300 κατὰ
2083 1246 2322 1302 Λουκᾶν·
2347 1264 2478 1316 nega.
2510 1252 2603 1318 »ιβ’
2634 1251 2734 1303 στί
2737 1265 2792 1315 χ.
2818 1251 3055 1315 μβψηἎ

1099 1570 1804 1702 DIONYSII
1901 1570 2930 1698 ALEXANDRIN
2947 1569 2995 1693 Ι

1557 1825 2552 1934 INTERPRETATIO

1003 2025 1073 2084 In
1130 2026 1190 2087 S.
1248 2025 1576 2106 Evangelii
1635 2021 1990 2086 secundum
2030 2023 2260 2083 Lucam
2303 2037 2438 2099 cap.
2490 2039 2622 2082 xm
2665 2038 2823 2083 vers.
2860 2022 3068 2087 ’42-58.

482 2341 628 2417 Σιτιχ.
669 2341 771 2412 μβ’.
809 2343 1016 2413 Πάτερ,
1049 2347 1101 2399 εὶ
1139 2346 1354 2410 βούλει
1377 2347 1766 2416 παρενεγκεῖν
1787 2347 1852 2401 τὸ
1884 2364 1985 2401 πο-

2160 2345 2224 2401 ν.
2262 2347 2349 2401 42.
2383 2346 2546 2402 Pater
2565 2390 2580 2415 ,
2613 2350 2658 2404 si
2686 2349 2761 2403 vis
2788 2351 3074 2419 transferre
3095 2351 3228 2406 hunc
3261 2354 3477 2409 calicem
3508 2374 3538 2410 a
3567 2374 3663 2413 me.

409 2430 615 2497 τήριον
645 2431 818 2486 τοῦτο
857 2434 958 2488 ἀπ’
991 2436 1159 2504 ἐμοῦ.
1191 2435 1368 2506 Πλὴν
1390 2435 1476 2507 μὴ
1502 2437 1568 2490 τὸ
1598 2435 1824 2507 θέλημά
1845 2456 1984 2506 μου,

407 2522 570 2581 ἀλλὰ
594 2524 656 2578 τὸ
685 2524 803 2579 σὺν
832 2528 1114 2595 γενέσθω.

493 2615 651 2669 Ἀλλὰ
687 2615 860 2671 ταῦτα
905 2619 1003 2688 μὲν
1046 2618 1286 2690 εἰρήσθω
1339 2619 1466 2690 περὶ
1514 2617 1608 2672 τοῦ
1661 2617 1983 2692 θελήματος.

409 2709 484 2763 Τό
511 2727 572 2779 γε
608 2709 734 2782 μὴν,
776 2710 1124 2780 Παρελθέτω
1151 2713 1217 2767 τό
1249 2712 1535 2780 ποτήριον
1553 2728 1569 2745 ⁸
1600 2713 1700 2768 οὐκ
1731 2715 1846 2767 ἐστι
1875 2713 1986 2785 (II)

412 2801 487 2870 μὴ
506 2799 870 2878 προσελθέτω.
891 2801 923 2872 ἦ
944 2803 1219 2871 ὲγγισάτω
1241 2821 1352 2874 μοι.
1371 2803 1445 2856 Τὸ
1463 2804 1571 2877 γὰρ
1586 2806 1990 2878 παρερχόμενον

408 2891 629 2955 παντως
650 2893 768 2945 κατ’
800 2893 1004 2947 ἐκεῖνον
1028 2895 1240 2963 γίνεται
1275 2896 1562 2968 πρότερον,
1597 2897 1692 2951 καὶ
1712 2899 1988 2970 πρόσεισιν

408 2983 558 3055 αὐτῷ
583 2985 719 3057 ὅπερ
763 2986 1121 3058 παρέρχεται.
1159 2989 1222 3042 Et
1271 2989 1382 3062 γὰρ
1429 2991 1504 3062 μὴ
1549 2991 1846 3066 πλησιάσῃ,
1889 2994 1990 3048 οὐκ

409 3073 476 3128 ἂν
508 3074 789 3148 παρέλθοι.
835 3077 1145 3132 Οίκειοῦται
1177 3079 1288 3150 γὰρ
1326 3079 1386 3133 τὸ
1432 3081 1722 3152 πρόσωπον
1753 3083 1862 3136 τῶν
1893 3085 1988 3137 ἀν-

408 3165 664 3238 θρώπων,
708 3166 784 3231 ὡς
815 3168 1105 3239 γενόμενος
1137 3168 1445 3241 ἄνθρωπος.
1489 3171 1691 3240 Διόπερ
1719 3173 1812 3228 καὶ
1840 3174 1985 3238 τότε,

407 3259 471 3312 τὸ
498 3258 596 3329 μὲν
615 3259 676 3312 τὸ
697 3260 890 3314 ἑαυτοῦ
909 3261 971 3314 τὸ
991 3261 1208 3318 ἔλαττον
1231 3266 1578 3335 παραιτεῖται
1605 3269 1781 3320 ποιεῖν
1799 3285 1812 3298 ⁸
1846 3269 1988 3322 αἰτεῖ

408 3351 466 3406 δὲ
497 3355 558 3408 τὸ
583 3352 678 3406 τοῦ
710 3353 920 3426 Πατρὸς
957 3354 1020 3408 τὸ
1062 3355 1245 3426 μεῖζον
1277 3355 1549 3424 γενέσθαι,
1588 3357 1652 3410 τὸ
1688 3358 1869 3412 θεῖκὺν
1897 3358 1985 3412 θέ-

408 3441 576 3514 λημα,
607 3442 742 3516 ὅπερ
776 3441 937 3497 πάλιν
960 3442 1103 3497 κατὰ
1127 3441 1226 3515 τὴν
1249 3441 1514 3515 θεότητα,
1543 3443 1602 3498 ἓν
1635 3443 1849 3516 θέλημά
1871 3447 1987 3498 ἐστι

406 3535 470 3590 τὺ
492 3535 656 3590 αὑτοῦ
681 3535 773 3589 καὶ
794 3535 1108 3608 Πατρόξ.Τὸ
1130 3537 1240 3608 γὰρ
1265 3535 1533 3609 Πατρικὸν
1559 3537 1790 3608 θέλημα,
1814 3535 1877 3591 τὺ
1902 3537 1988 3591 διὰ

410 3627 716 3699 πειρασμοῦ
750 3627 952 3692 παντὸς
983 3627 1192 3700 ὲιτιίσκιίΔ
1230 3627 1479 3694 διελθεῖν,
1515 3628 1796 3698 διάγοντος
1822 3629 1985 3683 αὑτὸν

2104 2435 2468 2492 Verumtamen
2492 2455 2594 2492 non
2618 2438 2860 2493 voluntas
2892 2456 3027 2508 mea,
3057 2441 3146 2495 sed
3180 2452 3270 2495 tua
3301 2444 3419 2512 ﬁat.

2159 2615 2220 2671 Et
2243 2617 2355 2672 haec
2376 2617 2593 2688 quidem
2616 2619 2684 2673 de
2718 2619 2994 2674 voluntate
3038 2617 3180 2672 dicta
3215 2618 3342 2674 sint.
3394 2619 3525 2674 Illud
3586 2630 3668 2675 ta-

2090 2725 2211 2765 men
2244 2729 2256 2764 :
2292 2709 2632 2766 Pertranseat
2669 2711 2833 2776 calix,
2867 2719 2984 2766 est:
3013 2709 3132 2764 Non
3158 2713 3391 2781 amplius
3417 2713 3664 2780 accedat,

2089 2787 2634 2874 sive’appropinquet
2685 2803 2840 2858 mihi.
2915 2804 3073 2870 Quod
3123 2803 3270 2858 enim
3343 2806 3663 2874 pertransit,

2089 2895 2314 2948 omnino
2343 2909 2510 2965 prope
2543 2894 2675 2951 illud
2718 2895 2777 2949 tit
2809 2895 2995 2964 prius,
3038 2902 3092 2949 et
3125 2893 3282 2964 juxta
3335 2894 3463 2950 illud
3517 2896 3662 2965 quod

2090 2984 2404 3054 pertransit.
2440 2983 2499 3040 Si
2533 2985 2679 3040 enim
2713 2999 2821 3039 non
2875 2985 3292 3056 appropinquet,
3333 2987 3667 3056 pertransire

2087 3090 2197 3130 non
2227 3084 2425 3145 potest.
2459 3074 2698 3146 Usurpat
2731 3092 2969 3147 namque
3001 3092 3292 3148 personam
3332 3079 3614 3134 hominum
3646 3119 3663 3143 ,

2087 3167 2286 3237 quippe
2306 3166 2483 3225 factus
2514 3169 2702 3224 homo.
2736 3168 3134 3236 Quamobrem.
3163 3179 3217 3225 et
3276 3179 3429 3236 tunc,
3483 3170 3666 3226 minus

2087 3261 2234 3329 quod
2259 3275 2420 3315 suum
2455 3269 2539 3316 est
2562 3271 2781 3316 recusat
2807 3259 2986 3317 facere
3023 3280 3036 3315 :
3102 3263 3342 3331 postulat
3367 3277 3498 3318 vero
3549 3263 3662 3316 ﬁeri

2088 3349 2286 3417 majus,
2311 3350 2452 3419 quod
2485 3348 2662 3405 Patris
2683 3359 2788 3415 est,
2813 3351 3050 3407 divinam
3081 3367 3272 3422 nempe
3307 3352 3662 3420 voiuntatcm,

2086 3455 2208 3510 quae
2261 3456 2455 3497 rursus
2489 3443 2791 3498 secundum
2834 3443 3175 3499 divinitatem
3208 3485 3222 3508 ,
3265 3459 3372 3500 una
3408 3445 3666 3500 voluntas

2087 3541 2170 3586 est
2193 3533 2312 3603 ejus
2340 3543 2395 3589 et
2423 3533 2622 3590 Patris.
2655 3533 2888 3590 Paterna
2928 3536 3074 3592 enim
3108 3538 3364 3592 voluntas
3393 3537 3495 3592 fuit
3522 3580 3539 3605 ,
3607 3547 3668 3593 ut

2089 3636 2184 3691 per
2225 3625 2850 3680 omnem'tentationem
2904 3625 3202 3681 irruentem
3228 3629 3523 3683 transiret:
3574 3627 3668 3681 de-

411 3722 729 3794 θαυμασίως
759 3722 924 3778 αὐτοῦ
958 3723 1054 3778 τοῦ
1093 3725 1309 3797 Πατρδς
1347 3723 1420 3796 μὴ
1465 3724 1626 3797 μέχρι
1663 3723 1760 3778 τοῦ
1791 3741 1985 3798 πειραο

2088 3713 2319 3772 ducente
2365 3730 2492 3772 eum
2544 3717 2868 3774 mirabiliter
2930 3719 3048 3789 ipso
3113 3718 3273 3775 Patre
3329 3735 3437 3774 non
3495 3737 3669 3792 usque

412 3813 573 3886 σμοῦ,
619 3815 753 3887 μηδὲ
801 3817 882 3880 είς
922 3817 1086 3871 αὐτὸν
1118 3817 1398 3883 εἰσελθεῖν,
1439 3817 1553 3871 ἀλλ’
1593 3817 1853 3890 ὑπεράνω
1891 3817 1985 3872 τοῦ

411 3903 716 3976 πειρασμοῦ
741 3944 756 3970 ,
823 3906 918 3959 καὶ
976 3909 1095 3977 μετ’
1152 3909 1317 3963 αὑτὸν
1380 3908 1669 3978 γενέσθαι·
1727 3908 1866 3972 ὅλως
1929 3907 1986 3961 δὲ

411 3995 531 4048 οὐδὲ
580 3993 874 4059 ἀδύνατον,
941 3996 1063 4049 οὐδὲ
1125 3997 1440 4070 ἄπρακτον,
1508 4000 1619 4054 οὐδ’
1669 3999 1986 4054 ὑπεναντίον

317 4128 340 4155 ο
409 4086 504 4140 τοῦ
537 4085 874 4158 βουλήματος
928 4086 1279 4160 τοῦπατρὸς
1311 4089 1401 4142 τὸν
1455 4089 1682 4161 Σωτῆρα
1738 4091 1908 4142 αίτεῖν
1943 4092 1981 4140 ⁴.

415 4179 570 4232 Ἐστι
620 4179 676 4232 δὲ
721 4178 964 4243 δυνατὸν,
997 4179 1074 4243 ὡς
1116 4180 1145 4233 ὁ
1179 4181 1404 4252 Μάρκος
1439 4181 1604 4235 αὑτοῦ
1664 4180 1987 4252 ἀπεμνημό-

410 4289 566 4326 νευσε
605 4273 870 4341 λέγοντοςο
912 4271 1096 4338 Ἀϐϐἄ,
1146 4276 1180 4328 ό
1237 4272 1444 4342 πάτερ,
1488 4273 1684 4327 πάντα
1742 4290 1840 4328 σοι
1877 4273 1984 4328 δυ-

409 4363 592 4419 νατάο
639 4365 732 4418 καὶ
775 4363 976 4418 δυνατὰ
1027 4366 1074 4418 εί
1118 4363 1386 4435 βούλεται,
1434 4364 1510 4428 ὡς
1557 4365 1772 4429 Λουκᾶς
1817 4381 1986 4435 φησιν

411 4456 574 4510 αὐτὸν
601 4457 910 4529 εἰρηκέναιο
944 4457 1153 4525 Πάτερ,
1193 4460 1245 4511 εὶ
1282 4458 1519 4522 βούλει,
1552 4449 1883 4527 παρένεγκε
1919 4457 1984 4512 τὸ

410 4549 696 4619 ποτήριον
719 4551 894 4605 τοῦτο
927 4551 1028 4606 ἀπ’
1065 4550 1234 4620 ἐμοῦ.
1267 4551 1340 4604 Τὸ
1365 4547 1458 4605 οὖν
1490 4550 1711 4622 Πνεῦμα
1739 4552 1800 4604 τὺ
1832 4551 1986 4620 ἆγιον

411 4638 492 4708 εἰς
518 4644 644 4707 τοὺς
673 4643 1063 4712 εὐαγγελιστάς
1107 4642 1506 4714 κατανεμηθὲν,
1536 4642 1636 4714 τὴν
1676 4644 1857 4696 πᾶσαν
1890 4641 1984 4696 τοῦ

413 4736 664 4807 Σωτῆρος
687 4736 843 4807 ἡμῶν
870 4735 1131 4800 διάθεσιν,
1158 4736 1223 4790 ὲκ
1253 4737 1355 4807 τῆς
1379 4737 1609 4789 ἑκάστου
1643 4735 1824 4806 φωνῆς
1864 4752 1986 4788 συν-

411 4828 641 4898 τίθησιν.
671 4827 807 4881 Οὔτε
832 4827 940 4900 γὰρ
966 4830 1198 4882 αἰτεῖται
1222 4828 1374 4900 παρὰ
1411 4827 1506 4881 τοῦ
1528 4829 1759 4899 Πατρὸς,
1783 4828 1812 4881 ὃ
1859 4827 1932 4899 μὴ
1957 4828 1986 4880 ὁ

413 4918 603 4991 Πατὴρ
635 4919 898 4990 βούλεται.
937 4921 1010 4974 Τὸ
1036 4920 1145 4993 γάρ
1164 4936 1180 4951 ⁸
1216 4923 1288 4975 El
1312 4922 1546 4986 βούλει,
1577 4919 1858 4991 ὑποταγῆς
1892 4919 1986 4973 καὶ

411 5010 714 5073 ἐπιεικείας
733 5012 901 5076 ἐστὶν,
919 5012 1020 5065 οὐκ
1035 5011 1279 5080 ἀγνοίας⁹
1305 5013 1426 5066 οὐδὲ
1453 5013 1780 5084 ἀμφιϐολίας
1799 5008 1868 5084 ἦν
1887 5011 1981 5083 δηο

412 5100 662 5156 λωτικόν.
682 5103 780 5156 Διὰ
797 5103 955 5158 τοῦτο
975 5105 1007 5175 ἡ
1025 5102 1187 5175 ἑτέρα
1213 5104 1403 5176 Γραφή
1437 5122 1600 5177 φησιν
1621 5122 1634 5136 ⁸
1663 5104 1865 5159 Πάντα
1883 5117 1983 5156 σοι

411 5193 658 5248 δυνατά.
703 5195 823 5248 Κᾶν
864 5195 1022 5249 τοῦτο
1056 5196 1217 5250 πάλιν
1246 5197 1306 5249 τὸ
1338 5197 1576 5250 είκτικδν
1613 5196 1724 5269 (I2)
1766 5197 1859 5251 καὶ
1886 5212 1985 5250 τα-

413 5286 700 5357 πεινόφρον
747 5287 776 5339 ὁ
816 5287 1092 5352 Ματθαῖος
1118 5287 1426 5360 διαγράφει,
1472 5291 1522 5342 εἰ
1555 5289 1816 5343 δυνατόν
1853 5291 1984 5344 ἐστι

378 5376 381 5378 ’
411 5378 604 5448 λέγων.
628 5379 690 5432 Ei
723 5377 796 5450 μὴ
819 5378 932 5452 γὰρ
952 5378 1075 5433 οὔτε
1106 5380 1404 5453 ἁρμόσοιμι
1427 5381 1524 5452 τὴν
1557 5381 1816 5446 διάνοιαν,
1846 5383 1985 5455 τάχα

411 5469 555 5536 τινὲς
598 5469 897 5535 ὲκδέξοιντο
945 5470 1159 5536 ἀσεϐῶς
1201 5471 1284 5536 τό,
1327 5475 1378 5526 εί
1413 5472 1675 5527 δυνατόν
1705 5476 1857 5539 ἐστι,
1909 5476 1984 5538 ὡς

311 5607 364 5654 at
401 5581 408 5652 Ῠ
481 5605 528 5639 ιδ
553 5605 855 5675 Marc.xrv,
880 5609 966 5665 36.
1016 5609 1088 5734 ζ’
1115 5609 1306 5667 Matth.
1341 5627 1490 5676 xxvi,
1525 5611 1614 5669 59.

483 5753 596 5894 $102
630 5768 723 5825 Hze
751 5769 872 5825 dum
898 5779 1106 5827 tantum
1137 5783 1299 5829 voces
1347 5781 1477 5828 sunt
1505 5789 1568 5828 ex
1617 5774 1736 5829 cod.
1777 5774 1977 5832 Veneto

522 5877 536 5894 .
594 5879 606 5893 .
633 5841 722 5894 56.
752 5841 895 5894 unde
928 5841 1286 5894 fragmentum
1323 5845 1650 5894 (Iesu-riuum]
1690 5857 1762 5894 est
1799 5865 1811 5894 :
1853 5849 1974 5894 n-Ii-

410 5837 536 5900 L95,
562 5837 606 5916 ι.
633 5841 722 5916 si},
752 5841 895 5896 unde
928 5841 1650 5916 fragmentumdescriptum
1690 5857 1764 5901 csl
1799 5865 1812 5908 ;
1853 5849 1974 5903 rcIi-

409 5923 516 5978 qua
537 5911 675 5966 tituli
703 5919 757 5966 et
789 5911 1044 5970 numeros
1080 5913 1193 5984 ipsc
1227 5913 1418 5984 avljcci.

2087 3809 2156 3863 ad
2191 3810 2563 3877 tentationcm,
2591 3827 2692 3867 nec
2731 3821 2792 3867 ut
2822 3812 2874 3866 in
2922 3813 3096 3882 ipsam
3140 3813 3474 3884 ingrediatur
3500 3854 3514 3878 ,
3572 3814 3666 3870 sed

2089 3908 2149 3954 ut
2223 3902 2317 3958 liat
2379 3919 2542 3973 super
2610 3907 3002 3971 tentationem,
3068 3916 3120 3960 et
3195 3915 3388 3976 praeter
3467 3907 3662 3979 ipsam.

2087 3989 2322 4049 Omnino
2371 4007 2550 4050 autem
2610 4011 2787 4066 neque
2841 3998 3225 4067 impossibile,
3287 4015 3465 4069 neque
3515 4001 3664 4069 quod

2087 4084 2203 4138 ﬁeri
2229 4095 2482 4154 nequeat,
2525 4097 2620 4140 aut
2644 4089 2982 4143 contrarium
3017 4091 3088 4144 sit
3133 4091 3398 4146 voluntati
3439 4091 3618 4147 Patris
3646 4134 3661 4157 ,

2088 4176 2202 4230 lieri
2233 4177 2427 4233 credas
2456 4176 2793 4234 Salvatorem
2824 4183 3120 4250 postulare.
3157 4181 3426 4239 Possibile
3448 4195 3532 4240 est
3556 4225 3572 4248 ,
3607 4194 3666 4239 ut

2087 4267 2302 4325 Marcus
2333 4269 2456 4339 ejus
2482 4271 2729 4326 meminit
2776 4271 3005 4330 dicentis
3038 4293 3050 4328 :
3086 4274 3252 4340 Abba,
3277 4285 3460 4344 pater:
3488 4278 3664 4331 omnia

2090 4361 2185 4415 tibi
2215 4362 2489 4430 possibilia
2509 4363 2556 4394 “
2583 4378 2601 4416 :
2632 4366 2910 4434 possibilia
2938 4366 2982 4422 si
3016 4367 3148 4422 vult.
3179 4367 3336 4422 Sicut
3379 4367 3556 4423 Lucas
3587 4370 3664 4422 ait

2089 4456 2240 4510 illum
2266 4455 2473 4513 dixisse
2502 4472 2518 4512 :
2556 4459 2736 4527 Pater,
2759 4463 2808 4515 si
2832 4463 2926 4526 vis,
2961 4463 3192 4531 transfer
3223 4462 3444 4516 calicem
3473 4462 3608 4516 hunc
3629 4479 3662 4514 a

2088 4563 2186 4602 me.
2215 4545 2384 4619 Igitur
2407 4547 2642 4618 Spiritus
2663 4559 2886 4606 sanctus
2913 4553 2966 4606 in
3004 4553 3370 4624 evangelistas
3401 4553 3662 4609 distribu-

2089 4649 2177 4695 tus
2211 4639 2474 4711 integram
2526 4641 2826 4700 Salvatoris
2869 4646 3040 4700 nostri
3071 4644 3433 4709 aﬂ‘ectionem,
3473 4663 3539 4701 ex
3567 4662 3664 4701 cu-

2084 4735 2284 4806 jusque
2312 4737 2550 4792 dictione
2581 4740 2876 4808 componit.
2896 4733 3095 4809 Neque
3127 4742 3274 4794 enim
3309 4756 3339 4794 a
3374 4739 3531 4794 Patre
3565 4756 3662 4809 po-

2089 4826 2340 4893 stulatur,
2367 4827 2510 4896 quod
2546 4827 2706 4884 Pater
2755 4829 2872 4899 ipse
2905 4831 3060 4885 nolit.
3110 4829 3242 4884 Illud
3293 4846 3565 4900 namque:
3603 4830 3664 4885 Si

2090 4920 2186 4985 vis,
2217 4919 2572 4989 subjectionis
2607 4933 2660 4976 et
2692 4923 2986 4977 docilitatis
3015 4931 3120 4986 est,
3151 4937 3260 4977 non
3297 4922 3662 4994 ignorantiam

2089 5020 2184 5066 aut
2213 5010 2541 5068 dubietatem
2593 5013 2887 5070 indicabat.
2924 5014 3210 5084 Propterea
3239 5015 3342 5069 alia
3382 5014 3664 5084 Scriptura

2089 5103 2254 5160 dicit:
2283 5104 2477 5161 Omnia
2500 5107 2596 5161 tibi
2618 5108 2919 5178 possibilia.
2952 5107 3212 5174 Quamvis
3232 5110 3288 5162 in
3318 5109 3422 5164 hoc
3447 5125 3661 5163 rursum

2091 5197 2236 5268 quod
2270 5199 2612 5269 deprecantis
2651 5217 2714 5256 ac
2745 5201 2972 5256 humilis
3011 5202 3083 5256 sit
3128 5201 3414 5258 Matthazus
3460 5203 3666 5258 descri-

2093 5291 2196 5352 bit,
2226 5290 2285 5344 Si
2314 5291 2562 5360 possibile
2588 5303 2664 5347 est
2690 5295 2734 5325 ’⁸
2766 5293 3038 5363 inquiens.
3062 5291 3179 5349 Nisi
3201 5295 3345 5349 enim
3363 5295 3467 5350 hoc
3503 5296 3665 5351 modo

2093 5397 2319 5442 sensum.
2357 5394 2626 5453 coaptem,
2660 5383 2818 5439 facile
2849 5395 3074 5455 possent
3108 5385 3330 5456 quidam
3379 5385 3542 5456 impie
3573 5401 3665 5440 ac-

2094 5476 2274 5546 cipere
2305 5475 2434 5530 illud
2469 5493 2483 5530 :
2521 5475 2579 5530 Si
2600 5477 2848 5544 possibile
2896 5489 3010 5542 est,
3048 5478 3203 5548 quasi
3237 5479 3480 5548 quaedam
3523 5477 3665 5534 Deus

2158 5779 2203 5850 (I
2221 5779 2268 5850 )
2298 5777 2457 5850 Forte
2481 5781 2682 5833 οὐκέτι.

2156 5849 2266 5934 (12)
2296 5849 2475 5914 Forte,
2509 5851 2608 5906 xi:
2634 5851 2806 5922 τούτῳ
2842 5871 2896 5906 π.
2934 5870 2982 5907 τ.
3019 5853 3281 5911 εὐκτικόν.
3327 5853 3444 5910 Mox
3492 5853 3666 5917 οὕτως

2083 5934 2181 5987 pro
2211 5935 2354 5974 ουτε.
