4090 6428
450 478 580 535 1591

1398 482 1742 541 ADDENDA.
1780 513 1851 529 -—
1881 481 1940 537 S.
1980 480 2276 540 DIONYSII
2316 484 2780 542 ALEXANDRINI
2877 556 2881 560 φ

3547 486 3688 542 1599.

450 595 630 652 facere
660 597 894 668 nequeat
923 640 939 667 ,
983 599 1223 671 exceptis
1263 600 1332 658 iis
1366 618 1491 673 quae
1523 602 1703 660 facere
1735 620 1842 658 non
1886 603 2013 658 vult.

2123 605 2287 659 τινῶν
2315 607 2484 660 ὄντων
2509 607 2784 663 ἀδυνάτων
2825 607 2902 679 τῷ
2934 608 3052 679 Θεῷ
3078 609 3324 679 ποιῆσαι,
3353 605 3492 679 πλὴν
3527 607 3687 679 μόνου

451 684 558 743 Sed
593 727 608 743 .
648 729 661 744 .
695 729 710 745 .
748 732 762 746 .
801 691 1085 748 confestim
1129 695 1420 775 roboratus
1470 698 1770 753 secundum
1824 698 2019 753 huma-

452 779 675 837 nitatem
706 798 736 837 a
761 783 988 840 Paterna
1001 787 1301 854 divinitate,
1326 789 1579 845 tutiorem
1603 791 2018 861 postulationem

385 942 397 952 _
453 870 604 939 facit,
629 889 727 929 nec
762 877 996 945 amplius
1028 877 1263 948 idipsum
1301 880 1435 946 vult,
1473 880 1567 935 sed
1593 891 1656 938 ut
1677 882 1852 952 placet
1872 880 2018 938 Patri

452 966 710 1034 gloriose,
750 975 804 1021 et
830 977 1169 1038 constanter,
1198 982 1253 1027 et
1286 973 1462 1043 plene.
1495 972 1611 1029 Hoc
1641 975 1787 1029 enim
1815 977 2021 1031 audivit

451 1050 711 1121 Joannes,
740 1057 859 1127 ipso
881 1059 1117 1127 dicente,
1141 1062 1234 1133 Qui
1272 1062 1662 1121 sublimissima
1690 1074 1745 1120 et
1781 1065 2018 1123 divinis—-

452 1146 593 1201 sima
620 1162 849 1219 quaeque
877 1165 1191 1207 sermonum
1232 1163 1287 1209 et
1313 1170 1538 1225 operum
1585 1154 1883 1213 Salvatoris
1937 1159 2020 1213 di-

451 1236 621 1305 gessit
649 1258 661 1292 :
702 1236 775 1292 Et
796 1239 1013 1294 calicem
1033 1256 1187 1311 quem
1213 1243 1356 1296 dedit
1385 1243 1515 1296 mihi
1543 1241 1701 1298 Pater
1730 1259 1896 1311 meus,
1920 1261 2017 1298 an-

452 1344 555 1382 non
571 1327 746 1382 bibam
772 1330 925 1384 illum
949 1331 1042 1385 "?
1081 1331 1273 1389 Bibere
1295 1348 1460 1404 porro
1480 1335 1705 1391 calicem
1733 1376 1749 1402 ,
1796 1346 1914 1392 erat
1959 1346 2019 1392 ut

452 1420 815 1476 ministerium
845 1422 1072 1493 implens
1091 1465 1106 1489 ,
1151 1434 1429 1496 totamque
1456 1428 1772 1485 tentationis
1799 1443 2021 1485 oecono-

451 1512 639 1574 miam,
673 1511 883 1568 fortiter
909 1531 1113 1571 morem
1144 1527 1353 1589 gereret
1375 1518 1525 1575 Patri
1552 1521 1756 1576 volenti
1801 1530 1863 1577 ut
1910 1530 2021 1577 ter-

452 1602 686 1657 minaret
713 1612 765 1658 et
800 1609 1280 1677 supergrederetur
1331 1626 1623 1668 aerumnas.
1663 1613 1838 1669 Illud:
1875 1614 2018 1680 Quid

452 1709 533 1747 me
584 1692 907 1766 dereliquisti
940 1699 983 1730 ³⁷
1015 1699 1039 1751 ‘l
1092 1701 1426 1771 sequebatur
1475 1703 1662 1773 utique
1702 1704 1864 1760 exiis
1894 1720 2016 1775 quae

451 1795 607 1841 antea
640 1789 1027 1857 postulaverat.
1054 1789 1168 1846 Cur
1192 1791 1326 1846 mihi
1367 1792 1633 1850 hactenus
1678 1809 1826 1849 mors
1883 1810 2017 1849 con-

445 1877 634 1948 juncta
661 1891 775 1947 est,
811 1890 865 1937 et
907 1882 1148 1937 nondum
1204 1885 1426 1940 calicem
1470 1884 1799 1942 circumfero
1821 1887 1845 1941 ‘I
1867 1885 2018 1942 Hanc

2118 691 2180 750 οὗ
2224 697 2299 769 μὴ
2339 696 2604 767 βούλεται.
2664 699 2891 754 Ἀλλὰ...
2950 699 3287 772 παραχρῆμα
3328 695 3685 770 ἐπιρρωσθεὶς

2117 789 2258 842 κατὰ
2275 789 2371 842 ἀνθ
2377 791 2665 863 ρωπότητα
2686 791 2789 845 ὑπὸ
2813 791 2912 862 τῆς
2932 790 3210 863 Πατρικῆς
3234 790 3502 861 θεότητος,
3522 792 3687 858 ἀσφαο

2117 877 2376 951 λεστέραν
2411 883 2642 938 ποιεῖται
2668 881 2767 953 τὴν
2794 881 3027 953 αἴτησιν,
3057 883 3151 949 καὶ
3180 882 3361 935 οὐκέτι
3393 880 3526 934 αὐτὸ
3560 879 3684 951 βού-

2116 969 2284 1035 λεται,
2315 969 2430 1023 ἀλλ’
2458 971 2535 1035 ὡς
2560 971 2780 1043 ἀρέσκει
2805 969 2884 1042 τῷ
2906 970 3080 1042 Πατρὶ
3111 970 3333 1037 ἐνδόξως
3359 971 3451 1024 καὶ
3485 985 3685 1047 καρτε-

2118 1063 2229 1134 ρῶς
2257 1062 2350 1116 καὶ
2377 1063 2581 1136 πλῆρές
2613 1064 2795 1118 ποθεν.
2836 1062 3004 1117 Τοῦτο
3032 1064 3141 1135 γάρ
3165 1064 3395 1135 ἤκουσεν
3433 1063 3686 1134 Ἰωάννης

2117 1156 2282 1211 αὑτοῦ
2312 1156 2578 1226 λέγοντος,
2611 1158 2640 1210 ὀ
2672 1156 2739 1210 τὰ
2769 1155 3161 1227 μεγαλειότατα
3192 1156 3285 1210 καὶ
3306 1154 3555 1208 θειότατα
3577 1154 3685 1207 τῶν

2114 1248 2211 1303 τοῦ
2245 1250 2495 1322 Σωτῆρος
2532 1248 2706 1318 λόγων
2738 1249 2834 1302 καὶ
2868 1248 3045 1320 ἔργων
3074 1246 3682 1319 ὑπομνηματισάμενος’

2115 1341 2225 1396 Καὶ
2254 1339 2319 1395 τὸ
2341 1340 2625 1409 ποτήριον
2652 1340 2682 1395 ὃ
2708 1339 2925 1394 δέδωκέ
2943 1357 3045 1409 μοι
3072 1342 3105 1393 ὁ
3129 1338 3333 1407 Πατήρ
3347 1356 3486 1408 μου,
3505 1339 3577 1392 οὐ
3597 1337 3684 1407 μὴ

2117 1432 2231 1486 πίω
2273 1433 2453 1496 αὑτό;
2486 1433 2635 1486 Πιεῖν
2663 1416 2821 1503 δὲ’ἦν
2860 1432 2922 1485 τὸ
2959 1433 3234 1503 ποτήριον,
3275 1416 3555 1503 πληρῶσαι
3586 1429 3685 1500 τὴν

2116 1524 2410 1589 διακονίαν,
2438 1526 2534 1579 καὶ
2563 1527 2742 1579 πᾶσαν
2765 1523 2860 1578 τοῦ
2889 1524 3192 1596 πειρασμοῦ
3221 1524 3321 1595 τὴν
3347 1521 3682 1592 οἰκονομίαν,

2117 1615 2378 1688 ἀνδρείως
2433 1617 2688 1689 ἐχόμενον
2731 1616 2825 1670 τοῦ
2875 1616 3087 1688 Πατρὸς
3124 1616 3376 1687 ἑλομένου
3417 1615 3683 1679 διανύσαι,

2119 1708 2212 1762 καὶ
2245 1708 2546 1783 ὑπερϐῆναι
2573 1708 2643 1763 τὰ
2678 1708 2841 1763 δεινά·
2874 1708 2936 1763 τὸ
2962 1708 3041 1775 δέ,
3086 1708 3147 1763 Τί
3165 1725 3243 1778 με
3264 1706 3687 1778 ἐγκατέλιπες;

2116 1796 2186 1872 ἦν
2217 1802 2324 1872 ἄρα
2362 1796 2444 1866 οἷς
2470 1802 2808 1874 προηξίωσεν
2836 1800 3142 1856 ἀκόλουθον.
3176 1801 3239 1855 Τί
3274 1818 3363 1872 μοι
3399 1800 3559 1873 μέχρι
3590 1798 3686 1853 νῦν

2118 1895 2147 1946 ὁ
2179 1892 2407 1958 θάνατος
2443 1893 2809 1960 συνέζευκται,
2847 1895 2942 1948 καὶ
2968 1892 3121 1947 οὔπω
3156 1892 3219 1946 τὸ
3246 1893 3500 1964 ποτήριον
3533 1907 3687 1961 περι-

450 1979 582 2040 puto
613 1971 785 2028 fuisse
826 1972 1125 2031 Salvatoris
1167 1978 1492 2033 sententiam
1542 1978 1598 2033 in
1643 1980 1863 2036 concisa
1917 1979 2013 2035 hac

2122 1978 2300 2050 φέρω;
2319 1955 2548 2050 Ταύτην
2573 1955 2668 2033 τοῦ
2698 1955 2948 2050 Σωτῆρος
2968 1977 3066 2049 τὴν
3093 1976 3327 2031 διάνοιαν
3448 1955 3515 2048 τῇ
3556 1955 3702 2030 συν·-

447 2076 599 2117 νοω.
614 2078 617 2079 ⁷

519 2150 586 2208 Et
609 2168 736 2209 vera
760 2170 891 2211 sane
920 2156 1089 2225 dicit,
1123 2167 1177 2213 et
1213 2166 1395 2214 tamen
1441 2174 1549 2215 non
1576 2161 1679 2216 fuit
1706 2162 2014 2218 derelictus.

450 2242 558 2301 Sed
586 2247 769 2301 statim
800 2247 989 2315 ebibit,
1011 2250 1403 2319 utpostulavit,
1421 2260 1475 2307 et
1494 2247 1828 2324 pertransiit.
1845 2254 2019 2325 Atque

447 2337 615 2408 hujus
648 2339 729 2395 rei
767 2339 983 2396 videtur
1010 2341 1146 2397 mihi
1176 2342 1349 2400 fuisse
1366 2346 1694 2417 symbolum,
1714 2349 1861 2418 quod
1887 2364 2016 2419 por-

445 2438 655 2487 rectum
679 2441 764 2489 est
790 2433 867 2489 illi
894 2443 1129 2491 acetum.
1163 2435 1428 2492 Mutatum
1448 2437 1593 2493 enim
1613 2439 1801 2494 vinum
1825 2441 2017 2497 innueo

447 2524 542 2580 bat
570 2522 728 2582 facile
751 2537 1056 2599 promptam
1093 2529 1244 2587 illius
1293 2532 1649 2589 mutationem
1691 2542 1853 2603 atque
1886 2549 2018 2589 con-

444 2616 751 2674 versionem
772 2633 935 2691 quam
971 2622 1205 2693 recepit,
1238 2637 1340 2694 pro
1383 2624 1639 2692 passione
1688 2640 1885 2696 nempe
1912 2625 2015 2680 im-

444 2709 876 2782 passibilitatem,
897 2723 951 2769 et
967 2731 1064 2785 pro
1084 2729 1258 2774 morte
1275 2718 1757 2785 immortalitatem,
1772 2729 1827 2775 et
1841 2736 1937 2791 pro
1950 2735 2015 2777 eo

324 2849 326 2853 ,
409 2880 415 2885 ἢ
443 2814 504 2860 ιιι
531 2805 887 2877 judicaretur,
917 2806 1200 2878 judicare;
1229 2819 1285 2865 et
1313 2826 1409 2881 pro
1434 2820 1579 2868 eout
1608 2811 1710 2869 sibi
1735 2812 2015 2885 tyrannice

410 2906 415 2907 ί
444 2896 827 2966 imperaretur,
863 2913 1092 2969 regnare
1131 2900 1428 2971 accipiens.
1476 2901 1713 2975 Spongia
1737 2904 1881 2959 enim
1908 2944 1923 2970 ,
1942 2912 2016 2958 Aut

443 2987 741 3058 existimo,
798 2990 1067 3061 integram
1113 2995 1339 3049 omnino
1379 2995 1551 3051 sancti
1584 2993 1819 3065 Spiritus
1849 2997 1903 3049 in
1947 3011 2014 3050 ea

444 3089 747 3138 exstantem
795 3085 1299 3155 attemperationem
1341 3086 1624 3155 ostendit;
1666 3097 1720 3144 et
1769 3088 2014 3144 calamus

444 3183 719 3246 sceptrum
746 3176 949 3247 regale,
976 3192 1040 3234 ac
1059 3178 1300 3235 divinam
1326 3181 1499 3252 legem
1533 3179 1918 3235 subindicavit.
1946 3182 2013 3236 At

445 3265 714 3337 hyssopus
742 3267 1011 3326 viviﬁcam
1043 3262 1449 3342 salutaremque
1496 3270 1618 3341 ejus
1648 3271 2013 3340 resurrectio-

2115 3266 2216 3339 τὴν
2247 3266 2483 3339 ζωτικὴν
2513 3267 2606 3322 καὶ
2634 3263 3144 3340 σωτήριον’ἐγερσιν
3174 3262 3361 3329 αὐτοῦ,
3400 3262 3466 3316 δι’
3495 3257 3561 3334 ἧς
3589 3259 3683 3316 καλ
3800 3276 3803 3279 ‘

442 3371 716 3430 nem,'per
734 3374 901 3429 quam
935 3369 989 3416 et
1024 3374 1126 3417 nos
1164 3361 1528 3418 incolumitati
1566 3360 1847 3418 restitutos
1890 3362 2013 3417 red-

440 3449 596 3505 didit.
1582 3484 1586 3491 ι
1947 3470 1953 3475 '

513 3538 580 3594 ν.
612 3542 701 3595 45.
732 3543 994 3611 Apparuit
1014 3551 1188 3597 autem
1214 3544 1297 3598 illi
1326 3544 1542 3614 angelus
1580 3528 1614 3598 le
1649 3544 1778 3599 οωιο
1801 3544 2014 3613 confor-

442 3637 561 3685 tans
587 3646 726 3686 eum.

514 3719 581 3776 Υ.
612 3722 701 3777 44.
733 3720 799 3775 Et
823 3738 941 3777 cum
958 3723 1077 3793 jam
1110 3733 1244 3778 esset
1283 3724 1341 3777 in
1366 3724 1561 3795 agonia
1596 3724 1853 3781 intensius
1889 3742 2015 3780 ora-

441 3810 552 3869 bat.
583 3811 717 3868 Fuit
748 3823 923 3869 autem
957 3815 1124 3871 sudor
1146 3814 1283 3885 ejus,
1311 3827 1367 3870 ut
1393 3816 1621 3887 grummi
1642 3855 1657 3882 ,
1697 3818 1785 3887 qui
1803 3817 2015 3871 descen—

412 3973 417 3978 ι
439 3905 576 3961 dunt
598 3906 654 3960 in
689 3916 900 3961 terram.

510 3997 875 4056 Proverbialis
903 3999 1111 4057 locutio
1141 4010 1227 4058 est
1246 4000 1313 4057 de
1332 4000 1401 4057 iis
1420 4001 1511 4072 qui
1536 4001 2017 4058 vehementissime

439 4089 626 4147 dolent
671 4099 728 4146 et
761 4091 1128 4151 colluctantur
1154 4110 1169 4147 :
1201 4090 1488 4165 Sanguinis
1513 4093 1718 4159 sudor;
1763 4104 1818 4149 et
1847 4094 1915 4151 de
1946 4094 2016 4151 iis

439 4182 538 4255 qui
582 4199 768 4240 amare
821 4193 1161 4255 queruntur:
1210 4184 1511 4257 Sanguines
1538 4186 1650 4255 ﬂet.
1682 4184 1880 4243 Dicens
1902 4225 1920 4253 ,
1954 4195 2015 4242 ut

438 4276 669 4348 grummi
690 4277 1000 4347 sanguinis,
1034 4292 1146 4333 non
1190 4292 1475 4349 grummos
1513 4279 1734 4336 sudoris
1777 4281 2016 4338 ostendit

440 4368 745 4438 sanguinis.
773 4365 894 4423 Non
923 4368 1070 4425 enim
1092 4368 1158 4425 ad
1182 4368 1564 4425 instarhorum
1586 4369 1816 4427 dixisset
1842 4371 2014 4430 fuisse

440 4460 691 4514 sudores.
728 4445 842 4515 Hoc
864 4458 1033 4527 enim,
1056 4467 1118 4513 ut
1138 4459 1385 4530 grummi,
1418 4458 1704 4528 significat.
1735 4461 1879 4528 Quin
1909 4477 2011 4533 po-

440 4546 553 4602 tius
573 4546 762 4603 volens
783 4548 1086 4613 ostendam,
1103 4548 1251 4618 quod
1272 4562 1381 4603 non
1407 4549 1663 4605 tenuibus
1681 4550 2008 4619 quibusdam

2117 2071 2271 2144 τόμῳ
2296 2075 2445 2144 φωνῇ
2474 2071 2841 2144 τεκμαίρομαι
2860 2070 3163 2140 γεγονέναι.

2188 2165 2299 2217 Kal.
2326 2163 2499 2234 ἀληθῆ
2541 2180 2605 2231 γε
2649 2161 2833 2232 ἔλεγεν
2872 2160 3006 2234 (15),
3049 2160 3142 2214 καὶ
3170 2159 3272 2213 οὐκ
3313 2157 3687 2228 ἐγκαταλέλει-

2119 2266 2267 2304 πται.
2310 2250 2446 2303 Ἀλλ’
2493 2250 2652 2313 εὐθὺς
2693 2248 2925 2313 ἐξέπιεν,
2969 2247 3045 2311 ὡς
3078 2245 3299 2316 ἠξίωσε,
3330 2245 3422 2297 καὶ
3450 2244 3688 2315 παρελή-

2118 2343 2265 2400 λυθε.
2292 2343 2403 2398 Καὶ
2427 2342 2586 2396 τοῦτό
2624 2359 2714 2413 μοι
2754 2340 2978 2394 δοκεῖτὸ
3017 2334 3343 2411 παρενεχθὲν
3377 2337 3495 2402 ὅξος
3537 2335 3687 2407 αὐτῷ

2117 2434 2399 2504 γεγονέναι
2439 2433 2724 2505 σύμϐολον.
2776 2432 2836 2486 ’0
2872 2431 2980 2503 γὰρ
3012 2431 3299 2503 ὲντροπίας
3336 2425 3477 2494 οἱνος
3504 2430 3685 2500 διεσή-

2120 2543 2307 2598 μαινεν
2329 2525 2458 2589 ἴσως
2482 2524 2581 2596 τὴν
2604 2523 2783 2591 ὀξεῖαν
2804 2524 2969 2577 αὑτοῦ
2999 2521 3207 2596 τροπὴν
3235 2523 3331 2577 καὶ
3361 2520 3682 2593 μεταϐολὴν,

2116 2619 2182 2690 ἦν
2220 2614 2560 2681 κατεδέξατο,
2600 2616 2722 2670 ἀντὶ
2751 2614 2846 2669 τοῦ
2891 2613 3095 2679 πάθους
3123 2613 3222 2685 τὴν
3266 2614 3554 2679 ἀπάθειαν,
3592 2614 3686 2666 καὶ

2115 2710 2237 2766 ἀντὶ
2255 2709 2349 2763 τοῦ
2378 2709 2606 2763 θανάτου
2637 2709 2739 2781 τὴν
2771 2708 3091 2774 ἀθανασίαν,
3124 2708 3219 2762 καὶ
3237 2707 3359 2762 ἀντὶ
3387 2706 3479 2761 τοῦ
3508 2706 3686 2778 κρίνε-

2116 2799 2240 2854 σθαι
2267 2800 2330 2853 τὸ
2359 2800 2587 2871 κρίνειν,
2622 2799 2746 2853 ἀντὶ
2767 2798 2863 2853 τοῦ
2890 2797 3266 2871 τυραννεῖσθαι
3296 2796 3357 2850 τὸ
3386 2795 3685 2867 βασιλεύειν

2117 2892 2452 2965 μεταλαϐών.
2491 2894 2557 2948 ’Ὀ
2591 2911 2650 2946 τε
2678 2892 2787 2966 γὰρ
2836 2893 3092 2962 σπόγγος,
3113 2891 3188 2955 ὡς
3225 2886 3399 2961 οἶμαι,
3428 2888 3527 2960 τὴν
3558 2888 3686 2957 ὅλην

2112 2987 2180 3042 δι’
2208 2987 2331 3042 ὅλου
2357 2986 2451 3040 τοῦ
2476 2988 2630 3056 ἁγίου
2658 2986 2798 3041 Πνεύ
2807 3002 2972 3057 ματος
2994 2987 3053 3039 ὲν
3071 2983 3221 3055 αὑτῷ
3238 2981 3534 3053 γενομένην
3557 2979 3687 3034 ἀνά-
3800 2982 3805 2987 ’

2114 3097 2310 3153 κρασιν
2349 3082 2595 3151 ἐνέφηνε*
2637 3081 2731 3135 καὶ
2778 3080 2809 3132 ὁ
2855 3078 3098 3150 κάλαμος
3140 3077 3203 3131 τὸ
3249 3075 3515 3147 βασίλειον
3553 3073 3684 3145 cxi;-

2115 3191 2303 3245 πτρον,
2333 3176 2427 3229 καὶ
2454 3175 2543 3229 τὸν
2571 3174 2711 3229 θεῖον
2733 3173 2897 3246 νόμον
2921 3174 3217 3246 ὑπέφηνεν.
3263 3172 3322 3226 '0
3353 3171 3409 3225 δὲ
3436 3168 3682 3231 ὕσσωπος

2118 3360 2264 3431 ἡμᾶς
2296 3358 2425 3428 ὖγια
2457 3358 2568 3432 (14)
2597 3357 2816 3425 ἔδειξεν.

2185 3542 2335 3612 Στιχ.
2373 3548 2483 3614 μγ’.
2521 3541 2707 3610 Ὠφθη
2727 3539 2797 3593 δὲ
2823 3536 2984 3604 αὐτῷ
3009 3537 3263 3609 ἅγγελος
3291 3535 3392 3592 ἀπ’
3419 3533 3678 3604 οὐρανοῦ

2113 3632 2417 3700 ἐνισχύων
2439 3634 2645 3686 αὐτόν.

2185 3724 2334 3793 Στιχ.
2367 3722 2470 3793 μδ’.
2506 3722 2617 3776 Kal
2647 3720 2969 3791 γενόμενος
2991 3718 3064 3773 ἐν
3088 3716 3311 3787 ἀγωνίᾳ
3344 3712 3685 3768 ἐκτενέστε-

2108 3831 2224 3883 ρον
2249 3813 2648 3881 προσηύχετο.
2697 3810 2965 3881 Ἐγένετο
2989 3808 3057 3862 δὲ
3086 3811 3118 3862 ὀ
3160 3806 3334 3876 ἱδρὼς
3365 3805 3568 3871 αὐτοῦ,
3599 3804 3682 3872 ὡς

2115 3910 2168 3963 οὶ
2200 3906 2440 3975 θρόμϐοι
2469 3903 2580 3976 (15)
2610 3906 2664 3958 οἱ
2689 3902 3146 3966 καταϐαίνοντες
3180 3899 3279 3953 ἐπὶ
3310 3896 3423 3967 τὴν
3453 3895 3589 3967 γῆν.

2184 3998 2461 4070 Παροιμία
2487 3980 2701 4065 λέγεται
2725 3996 2818 4049 ἐπὶ
2843 3992 2950 4046 τῶν
2977 3991 3181 4063 σφόδρα
3200 3987 3552 4060 λυπουμένων
3585 3986 3680 4042 καὶ

2114 4088 2490 4161 ἀγωνιώντων,
2524 4088 2770 4158 αἵματος
2805 4084 3065 4153 ἵδρωσις’
3100 4083 3289 4152 ὥσπερ
3318 4081 3413 4135 καὶ
3451 4081 3544 4134 ἐπὶ
3571 4078 3680 4133 τῶν

2114 4182 2326 4256 πικρῶς
2345 4180 2706 4253 ὀδυρομένων,
2725 4178 2944 4248 αἵματα
2965 4177 3179 4231 κλαίει.
3209 4176 3329 4229 Ὅτι
3347 4173 3489 4228 ὡσεὶ
3502 4175 3679 4243 ,θρόμ-

2114 4280 2204 4335 ϐοι
2237 4278 2485 4347 αἵματος
2509 4272 2700 4338 εἰπὼν,
2724 4273 2787 4326 οὐ
2813 4270 3083 4343 θρόμϐους
3111 4268 3333 4341 ἱδρῶτος
3362 4268 3680 4342 ἀπεφήνατο

2112 4371 2362 4442 αἵματος.
2403 4370 2478 4424 Οὐ
2510 4369 2620 4441 γάρ
2660 4368 2726 4423 ἂν
2766 4365 2885 4421 καθ’
2923 4364 3217 4436 ὁμοιότητα
3254 4362 3459 4417 τούτων
3490 4361 3679 4433 εἴρηκε

2109 4462 2359 4532 γενέσθαι
2382 4462 2505 4525 τοὺς
2531 4456 2958 4530 ἱδρῶτας.Τοῦτο
2979 4455 3086 4528 γὰρ
3108 4455 3250 4509 ὡσεὶ
3266 4455 3508 4525 θρόμϐοι
3534 4470 3678 4524 παρ-

2113 4555 2311 4625 ίστησι.
2352 4553 2535 4608 Θέλων
2583 4551 2639 4604 δὲ
2673 4548 2870 4621 μᾶλλον
2909 4547 3164 4619 δηλῶσαι,
3202 4546 3279 4610 ὡς
3305 4545 3427 4617 οὐχὶ
3454 4545 3677 4609 λεπταῖς

441 4637 701 4706 guttulis,
744 4639 1011 4710 quasique
1039 4639 1109 4694 ad
1130 4638 1392 4695 indicium
1432 4639 1595 4695 modo
1617 4643 2006 4711 apparentibus

2114 4663 2216 4699 τισι
2248 4643 2436 4709 mist,
2465 4645 2562 4698 καὶ
2578 4638 2688 4696 οἷον
2713 4639 2990 4706 ἐνδείξεως
3016 4639 3173 4711 χάριν
3205 4636 3674 4708 ὲπιφαινομέναις,

441 4728 787 4786 Dominicum
837 4745 1040 4801 corpus
1085 4730 1506 4802 perstillaverit:
1556 4732 1650 4788 sed
1682 4735 1829 4804 quod
1881 4752 2009 4793 vere

440 4824 755 4881 uberiorum
783 4831 1058 4894 guttarum
1084 4823 1257 4880 instar
1276 4832 1448 4880 totum
1468 4824 1762 4883 sudoribus
1783 4827 2008 4898 perfun-

435 4917 689 4987 debatur,
739 4914 1025 4986 sanguinis
1074 4931 1357 4985 grummos
1393 4915 1461 4973 ad
1512 4919 2005 4989 repraesentandam

437 5009 518 5066 rei
549 5008 841 5080 imaginem
856 5007 1172 5078 assumpsit.
1205 5005 1602 5065 Ostendebatur
1624 5025 1789 5080 porro
1813 4994 2006 5081 quem‘1

437 5101 733 5160 admodum
780 5101 944 5158 etiam
980 5116 1076 5172 per
1111 5099 1540 5158 intensissimam
1567 5104 1871 5159 orationem
1901 5145 1920 5172 ,
1953 5113 2007 5160 et

436 5194 668 5251 multam
693 5194 969 5264 agoniam,
997 5194 1071 5249 ita
1092 5196 1255 5249 etiam
1278 5209 1378 5265 per
1399 5194 1661 5250 sudorum
1678 5197 2004 5261 crassitiem,

435 5287 566 5359 quia
586 5288 910 5343 naturaliter
936 5277 992 5343 et
1037 5288 1238 5359 reipsa,
1265 5302 1374 5344 non
1401 5303 1531 5345 vero
1580 5289 1925 5358 specietenus
1955 5300 2007 5346 et

435 5379 799 5450 phantastice,
830 5381 995 5436 homo
1023 5389 1141 5442 erat
1166 5379 1434 5447 Salvator,
1469 5391 1523 5437 et
1540 5381 1884 5439 naturalibus
1909 5384 2009 5439 ho-

435 5469 673 5537 minum,
697 5470 988 5544 inculpatis
1020 5478 1222 5537 tamen,
1271 5470 1602 5527 inserviehat
1632 5470 2001 5541 passionibus.

435 5557 803 5617 Nihilominus
824 5562 956 5616 illud
988 5578 1003 5617 :
1036 5561 1361 5617 Potestalem
1389 5562 1550 5617 habeo
1570 5565 2004 5633 ponereanimam

437 5672 629 5725 mam,
660 5666 711 5712 et
740 5667 1053 5729 potestatem
1080 5658 1241 5712 habeo
1276 5658 1469 5713 iterum
1510 5659 1754 5715 sumendi
1791 5675 1907 5714 eam
1935 5661 2000 5728 ³⁸,

2114 4737 2178 4791 τὸ
2225 4734 2559 4791 δεσποτικὸψ
2598 4730 2866 4796 ὲνοτίζετο
2924 4730 3102 4802 σῶμα,
3158 4729 3272 4783 ἀλλ’
3329 4729 3406 4792 ὡς
3462 4727 3676 4800 άληθῶς

2113 4825 2289 4898 ἁδρῶν
2312 4825 2588 4894 σταγόνων
2607 4822 2761 4893 δίκην
2781 4821 2900 4875 ὅλον
2921 4822 3034 4884 τοῖς
3059 4819 3246 4892 ἱδρῶσι
3265 4835 3333 4872 πε
3341 4817 3672 4890 ριεστάζετο,

2112 4920 2238 4983 τοὺς
2259 4917 2367 4971 τῶν
2389 4917 2633 4988 αἱμάτων
2660 4914 2929 4986 θρόμϐους
2951 4915 3031 4977 εἰς
3052 4912 3236 4966 εἰκόνα
3257 4911 3351 4965 τοῦ
3379 4911 3679 4984 γεγενημέ-

2112 5025 2203 5063 νου
2247 5007 2598 5078 παρείληφεν.
2640 5004 2859 5076 Ἐδήλου
2895 5004 2951 5057 δὲ
2979 5005 3087 5076 ἄρα
3115 5001 3304 5073 ὥσπερ
3336 5002 3429 5055 καὶ
3466 5000 3553 5055 διὰ
3579 5002 3677 5072 τῆς

2113 5098 2471 5171 ὲντεταμένης
2513 5096 2845 5169 προσευχῆς,
2891 5095 2983 5149 καὶ
3030 5094 3129 5165 τῆς
3171 5092 3371 5162 πολλῆς
3413 5091 3675 5160 ἀγωνίας.

2110 5193 2254 5246 οὕτω
2277 5192 2370 5246 καὶ
2402 5189 2490 5244 διὰ
2515 5189 2617 5260 τῆς
2642 5188 2750 5243 τῶν
2777 5187 3016 5261 ἱδρώτων
3049 5184 3379 5256 παχύτητος,
3409 5183 3486 5247 ὡς
3516 5181 3676 5253 φύσει

2109 5287 2204 5342 καί
2244 5284 2478 5358 άληθῶς,
2523 5284 2637 5337 ἀλλ’
2683 5284 2785 5337 οὐκ
2828 5279 3080 5347 ἐπιδείξει
3123 5279 3216 5333 καὶ⁵
3256 5277 3545 5349 φαντασίᾳ,
3581 5276 3676 5331 άν-

2110 5382 2327 5455 θρωπός
2350 5397 2410 5434 τε
2440 5377 2808 5451 ἐχρημάτισεν
2847 5377 2876 5428 ὁ
2912 5374 3123 5447 Σωτὴρ,
3155 5373 3251 5427 καὶ
3277 5374 3391 5437 τοῖς
3428 5374 3676 5442 φυσικοῖς

2109 5476 2218 5529 τῶν
2245 5472 2544 5547 ἀνθρώπων
2568 5472 2667 5526 καὶ·
2688 5468 3026 5539 ἁδιαϐλήτοις
3051 5466 3431 5538 ὑπηρετήσατο
3457 5464 3667 5521 πάθεσι.

2111 5570 2184 5623 Τὸ
2212 5567 2415 5639 μέντοι,
2462 5563 2777 5629 Ἐξουσίαν
2794 5561 2913 5629 ἔχω
2942 5559 3126 5615 θεῖναι
3155 5558 3271 5627 τὴν
3300 5557 3512 5628 ψυχήν
3530 5575 3670 5629 μου,

2111 5660 2207 5716 καὶ
2233 5656 2521 5722 ἐξουσίαν
2546 5654 2664 5724 ἔχω
2694 5650 2881 5707 πάλιν
2908 5649 3114 5726 λαβεῖν
3141 5647 3355 5716 αὐτὴν,
3383 5651 3442 5703 ὲν
3458 5647 3671 5714 τούτοις

500 5772 555 5808 ³⁸
581 5768 742 5826 Joan.
772 5787 929 5837 xvm,
968 5773 1056 5827 ll.
1134 5773 1180 5805 ⁸⁷
1215 5770 1403 5827 Matth.
1456 5786 1590 5835 xvn,
1624 5770 1714 5838 46;
1746 5770 1911 5829 Marc.
1945 5792 2008 5831 xv

2114 5776 2151 5832 l.
2228 5774 2274 5806 ’⁸
2300 5770 2458 5827 Joan.
2485 5785 2541 5835 κ,
2568 5767 2654 5822 l8.

538 5887 624 5959 1S)
654 5885 877 5959 florifer.
908 5887 1205 5959 Theophyl.
1232 5890 1283 5942 in
1306 5887 1567 5943 Marcum.

538 5887 624 5952 13)
656 5887 877 5941 Confer.
908 5887 1070 5955 Tlteol

510 5887 625 6026 ξιι)
653 5955 796 6026 Lege
832 5956 1070 6025 ὑγίασεν.

2181 5889 2294 5963 (l5)
2330 5888 2485 5945 Deest
2520 5887 2767 5958 αἵματος,
2794 5893 2851 5940 ut
2878 5892 3022 5954 patet
3049 5898 3113 5938 ex
3144 5879 3514 5952 sequentibus.
