4090 6378
413 474 549 529 1593

1551 476 1850 533 INTERPR
1859 475 2113 532 ΕΤΑΤΙΟ
2152 475 2220 533 ΙΝ
2247 474 2503 534 ιυοΑΜ.

3503 478 3642 533 ίῖἱίὶι

406 593 574 665 δηλοτ,
596 594 847 649 ἑκούσιον
876 590 1013 649 εἶναι
1037 598 1096 651 τὸ
1128 598 1312 662 πάθος·
1347 600 1440 651 καὶ
1472 599 1574 663 ἔτι,
1604 599 1680 664 ὡς
1701 598 1834 671 άλλη
1868 601 1968 670 μὲν

2085 600 2128 653 in
2165 599 2250 654 his
2282 600 2538 664 ostendit,
2569 599 2932 655 voluntariam
2964 613 3085 654 esse
3112 597 3423 669 passionem
3453 614 3467 650 :
3505 612 3646 667 prie-

406 686 445 760 ἠ
478 687 729 759 τιθεμένη
751 688 844 742 καὶ
866 687 1249 762 λαμϐανομένη
1280 690 1445 763 ψυχὴ,
1470 691 1599 762 άλλη
1622 692 1678 746 δὲ
1705 694 1737 763 ἡ
1770 695 1978 747 τιθεῖσα

407 778 504 833 καὶ
544 778 891 850 λαμϐάνουσα
924 777 1132 851 θεότης.
1170 780 1393 851 (Ἄλλην
1425 781 1481 835 δὲ
1519 783 1614 836 atati.
1641 782 1806 853 ἀλλην
1850 782 1976 853 ἔφη,

406 870 510 925 οὐκ
547 871 626 933 είς
661 868 754 924 δύο
785 873 1048 944 πρόσωπα
1080 872 1318 945 διαιρῶν,
1348 872 1481 926 ἀλλὰ
1506 874 1614 927 τῶν
1639 874 1732 927 δύο
1764 874 1979 943 φύσεων

408 962 620 1024 δεικνὺς
639 962 698 1015 τὸ
725 963 977 1035 διάφορον
1015 963 1168 1033 (16).)
1200 965 1308 1017 Καὶ
1333 962 1523 1036 ὥσπερ
1564 966 1728 1037 σαρκὶ
1759 966 1851 1020 τὸν
1885 965 1982 1019 θά-

407 1069 567 1109 νατον
606 1053 901 1125 ὑπομείνας
929 1054 1088 1119 ἑκὼν,
1120 1057 1178 1108 ὲν
1204 1056 1338 1126 αὐτῇ
1377 1056 1475 1127 τὴν
1515 1055 1823 1129 ἀφθαρσίαν
1850 1056 1980 1126 ἐφύ-

404 1160 617 1208 τευσεν,
642 1144 783 1198 οὕτω
811 1147 903 1199 καὶ
930 1147 989 1199 τὸ
1009 1147 1109 1215 τῆς
1132 1146 1374 1211 δουλείας
1398 1147 1508 1219 (ΓΙ)
1538 1147 1788 1219 βουλήσει
1814 1164 1981 1219 προσ-

407 1237 683 1307 ηκάμενος
731 1236 919 1301 πάθος,
964 1240 1100 1310 αὐτῇ
1152 1239 1214 1292 τὸ
1238 1238 1436 1310 θάρσος
1463 1240 1557 1292 καὶ
1595 1239 1691 1311 τὴν
1730 1238 1979 1311 ἀνδρείαν

411 1325 745 1400 ινὲσπειρεν,
783 1327 842 1394 ἐξ
880 1326 949 1401 ἧς
973 1331 1103 1394 τοὺς
1136 1330 1490 1395 πιστεύοντας
1525 1333 1604 1394 είς
1647 1330 1811 1384 αὑτὸν
1844 1329 1979 1401 πρὸς

409 1420 537 1483 τοὺς
559 1419 652 1473 τοῦ
679 1422 977 1493 μαρτυρίου
1006 1422 1269 1493 μεγάλως
1292 1423 1486 1486 ἄθλους
1508 1422 1771 1493 ὲνεύρισε.
1798 1422 1980 1496 Ταύτῃ

409 1527 492 1564 τοι
520 1512 616 1565 καὶ
657 1510 883 1584 θρόμϐοι
920 1513 1141 1584 ἱδρῶτος
1179 1511 1343 1567 αὐτοῦ
1385 1511 1702 1584 παραδόξως
1735 1507 1823 1565 οἷα
1854 1528 1981 1565 στα-

409 1597 563 1668 γόνες
598 1600 826 1669 αἵματος
858 1602 1146 1674 ἀπέρρεον,
1196 1602 1285 1656 ἵνα
1322 1603 1421 1673 τῆς
1449 1602 1725 1674 ἡμετέρας
1766 1601 1980 1671 φύσεως

386 1688 598 1761 ηῶσπερ
626 1692 937 1765 ἀναξηράνῃ
969 1694 1063 1746 καὶ
1095 1691 1336 1764 ὲξοικίσῃ
1372 1691 1471 1763 τὴν
1503 1692 1603 1762 τῆς
1634 1691 1836 1755 δειλίας
1871 1708 1978 1761 πη-

410 1785 532 1855 γήν.
573 1785 723 1838 Ἐπεὶ
753 1787 800 1837 εί
828 1786 903 1855 μὴ
946 1781 1199 1863 τούτο1ἦν
1222 1785 1297 1849 ὼς
1334 1788 1393 1839 ἐν
1433 1785 1714 1857 μυστηρίῳ
1748 1785 1981 1857 πραττό-

354 1918 361 1924 .
414 1894 594 1949 μενον,
612 1878 731 1932 οὐδὲ
758 1880 793 1950 ή
821 1878 935 1948 (18)
958 1881 1161 1950 σφόδρα
1177 1879 1476 1944 δειλότατός
1486 1897 1570 1943 τις
1581 1879 1674 1933 καὶ
1690 1878 1981 1948 ἀγενέστα-

410 1947 501 2036 τος
536 1947 799 2043 ὑπῆρχεν,
845 1947 1335 2044 αἵματος-ἔμελλεν
1391 1973 1592 2027 νοτὶσιν
1637 1972 1697 2038 ἐξ
1740 1947 1979 2041 ἀγωνίας
2012 1947 2053 2003 Β

413 2062 573 2133 μόνον
615 2063 804 2133 ὥσπερ
845 2066 1070 2136 ίκμάσιν
1117 2064 1340 2136 ἱδρῶτος
1379 2065 1527 2137 παρά
1572 2065 1734 2136 φύσιν
1788 2063 1980 2136 ὑγραί-

412 2154 621 2209 νεσθαι.

479 2244 729 2299 Τοιοῦτόν
773 2247 890 2300 ἐστι
931 2246 1151 2301 κάκεῖνο
1190 2245 1251 2300 τὺ
1287 2246 1594 2319 εἰρημένον,
1624 2246 1702 2310 ὡς
1750 2244 1979 2315 ἄγγελος

408 2332 477 2409 ἦν
506 2337 863 2410 παρεστηκὼς
888 2338 967 2408 τῷ
992 2338 1225 2411 Σωτῆρι,
1256 2339 1350 2392 καὶ
1371 2338 1631 2410 ἐνισχύων
1653 2340 1841 2395 αὐτόν.
1868 2341 1981 2395 Καὶ

406 2428 567 2482 τοῦτο
589 2428 696 2501 7&9
734 2431 834 2500 τῆς
862 2432 991 2501 περὶ¹
1030 2431 1178 2500 ἡμᾶς
1200 2430 1384 2484 ἕνεκεν
1426 2430 1740 2501 οίκονομίας
1772 2432 1979 2504 ἐπράτ-

408 2534 550 2572 τετο.
566 2519 686 2574 Τῶν
710 2519 818 2592 7&9
842 2520 982 2592 ὑπὲρ
1013 2520 1292 2584 εὐσεϐείας
1313 2518 1538 2590 ἀγώνων
1563 2522 1612 2573 οί
1643 2521 1822 2574 ἀθλεῖν
1852 2523 1979 2592 μέλ-

409 2608 593 2673 λοντες
625 2609 752 2673 τοὺς
779 2610 956 2681 ἱεροὺς
983 2609 1196 2674 ἄθλους,
1230 2609 1493 2678 ἀγγέλους
1517 2610 1575 2678 ἐξ
1610 2611 1839 2683 ούρανοῦ
1864 2615 1984 2666 ἐπι-

410 2698 737 2773 κουροῦντας
762 2702 945 2766 αὐτοῖς
965 2702 1167 2772 ἔχουσι.
1195 2702 1346 2773 Τάχα
1370 2703 1427 2757 δὲ
1455 2703 1549 2757 τά·
1581 2701 1795 2771 Πάτερ,
1833 2717 1983 2771 παρ-

410 2791 615 2861 ένεγκε
656 2791 722 2845 τὸ
769 2789 1071 2860 ποτήριον,
1123 2792 1222 2863 οὐχ
1269 2792 1344 2856 ὡς
1390 2790 1575 2857 δεδιὼς
1615 2792 1708 2846 τὸν
1756 2793 1982 2847 θάνατον

410 2881 629 2953 ιφησεν,
661 2880 774 2934 ἀλλ’
806 2881 893 2934 ἵνα
921 2880 1008 2934 διὰ
1039 2881 1241 2936 τούτων
1275 2881 1714 2954 προσκαλέσηται
1742 2882 1833 2935 τὸν
1858 2880 1980 2934 διά-

408 2956 567 3028 ϐολον
611 2973 780 3044 πῆξαι
826 2972 975 3044 αὐτῷ
1022 2974 1114 3027 τὸν
1160 2975 1406 3047 σταυρόν.
1467 2974 1562 3046 Ῥή
1572 2990 1703 3045 μασι
1746 2972 1982 3046 δολεροῖς

410 3064 691 3136 ἠπάτησεν
729 3065 934 3128 ἐκεῖνος
981 3065 1074 3119 τὸν
1118 3065 1308 3136 ’Δδάμο
1353 3066 1562 3136 ῥήμασι
1595 3064 1796 3129 θεῖκοῖς
1840 3064 1983 3116 άπα-

408 3154 628 3228 τηθήτω
658 3158 687 3210 ό
721 3156 953 3230 δολερός.
989 3157 1127 3210 Ἀλλ’
1153 3157 1272 3211 οὐδὲ
1304 3157 1433 3213 ἀλλο
1462 3158 1675 3229 θέλημα
1703 3156 1797 3211 τοῦ
1828 3155 1979 3222 Υἱοῦ,

411 3249 505 3303 καὶ
527 3248 655 3303 ἀλλο
673 3248 766 3303 τοῦ
797 3250 1029 3322 Πατρός.
1067 3250 1125 3302 ὐ
1150 3250 1258 3320 γὰρ
1282 3248 1451 3304 θέλων
1482 3250 1511 3303 δ
1544 3250 1691 3304 θέλει
1712 3250 1746 3302 ό
1773 3248 1980 3320 Πατὴρ,

409 3339 723 3412 εὑρίσκεται
769 3340 908 3413 ἔχων
954 3342 1014 3395 τὸ
1057 3339 1270 3412 θέλημα
1308 3341 1404 3395 τοῦ
1452 3342 1684 3415 Πατρός.
1736 3341 1983 3413 Σχήματι

410 3426 503 3485 οὖν
534 3430 705 3501 λέγει,
725 3431 812 3503 μὴ
842 3431 908 3486 τὸ
938 3431 1104 3502 ἐμὸν,
1138 3432 1299 3487 ἀλλὰ
1326 3433 1392 3487 τὸ
1422 3434 1560 3487 σόν.
1593 3434 1669 3487 Οὐ
1696 3431 1807 3503 7&9
1839 3431 1984 3485 θέλει

409 3525 545 3580 αὐτὸ
575 3524 993 3597 παρενεχθῆναι,
1029 3525 1164 3579 ἀλλά
1192 3525 1270 3596 τῷ
1310 3525 1610 3597 βουλήματι
1640 3524 1735 3579 τοῦ
1773 3524 1987 3596 Πατρὸς

409 3617 724 3689 ἀναπέμπει
764 3619 828 3671 τὸ
853 3619 918 3671 ὲκ
947 3618 1042 3672 τοῦ
1072 3618 1278 3682 πάθους
1319 3618 1674 3689 κατόρθωμα,
1708 3616 1784 3681 ὼς
1812 3617 1986 3689 ἀρχὴν

410 3708 588 3782 τιμῶν
619 3709 709 3764 τδν
735 3710 975 3783 Πατέρα.
1003 3711 1068 3764 Ei
1102 3709 1211 3783 γάρ
1243 3708 1471 3783 γνώμην
1502 3711 1601 3783 τὴν
1630 3709 1866 3764 διάθεσιν
1890 3727 1987 3762 κα-

411 3798 596 3854 λοῦσιν
619 3801 668 3853 οί
702 3800 977 3871 Πατέρες’
1001 3800 1208 3869 γίνεται
1239 3799 1296 3853 δὲ
1325 3800 1565 3863 διάθεσις
1600 3798 1736 3871 πρὸς
1760 3796 1823 3851 τὸ
1854 3815 1988 3870 κρυ-

413 3891 507 3945 ϐὲν
547 3891 834 3962 ἐμφρόνως
876 3891 953 3955 ὼς
1001 3891 1110 3944 ἀπὸ
1151 3891 1250 3963 τῆς
1302 3889 1663 3962 βουλεύσεως*
1702 3889 1819 3955 πῶς
1855 3890 1987 3959 φασί

412 3999 558 4046 τινες
580 3983 669 4036 τὸν
697 3981 919 4054 Κύριον,
951 3981 1043 4034 τὸν
1062 3982 1204 4052 ὑπὲρ
1227 3982 1402 4036 ταῦτα
1429 3985 1626 4047 πάντα,
1658 3981 1870 4053 θέλημα
1892 3981 1987 4051 φέ-

417 4093 532 4153 ρειν
557 4076 859 4147 γνωμικόνς
889 4073 922 4145 ἢ
947 4074 1126 4145 δῆλον,
1160 4073 1219 4139 ἐξ
1252 4074 1494 4143 ἀλογίας.
1898 4112 1901 4115 ,

484 4171 634 4240 Dux.
685 4174 786 4240 με’.
821 4165 931 4222 Καὶ
980 4166 1250 4233 ἀναστὰς
1296 4165 1415 4220 ἀπὸ
1460 4164 1573 4235 τῆς
1617 4163 1982 4234 προσευχῆς,

415 4262 611 4317 ἐλθὼν
635 4260 786 4330 πρὸς
816 4258 957 4326 τοὺς
994 4258 1284 4329 μαθητὰς,
1318 4253 1497 4328 εὗρεν
1523 4258 1745 4325 αὐτοὺς
1771 4274 1984 4326 κοιμω-

408 4352 634 4424 μένους
658 4351 778 4407 ἀπὸ
803 4350 914 4419 τῆς
949 4351 1172 4417 λύπης.

487 4446 638 4516 Στιχ.
692 4451 808 4516 μς¹.
858 4442 968 4498 Καί
1014 4438 1188 4496 εἶπεν
1232 4441 1436 4509 αὐτοῖς
1453 4459 1468 4474 ·
1517 4442 1582 4496 Τί
1631 4441 1986 4505 merdas“;

413 4528 788 4601 ἀναστάντες
826 4532 1260 4602 προσεύχεσθε,
1294 4532 1396 4585 ἵνα
1417 4529 1503 4601 μὴ
1538 4530 1851 4599 εἰσέλθητε
1897 4533 1986 4597 εις

415 4627 769 4696 πειρασμόν.

2080 701 2248 756 terea,
2285 694 2430 763 quod
2456 693 2563 748 alia
2588 693 2805 763 quidem
2841 693 2911 747 sit
2936 693 3410 762 positaetsumpta
3441 691 3645 753 anima,

2078 784 2184 837 alia
2214 799 2342 838 vero
2363 799 2570 853 ponens
2604 795 2656 839 et
2682 800 2904 839 sumens
2930 783 3204 838 divinitas.
3240 783 3451 855 (Aliam
3485 789 3647 852 atque

2079 876 2239 930 aliam
2272 876 2428 943 dixit,
2479 891 2587 930 non
2620 877 2674 930 in
2698 876 2835 930 duas
2859 890 3121 946 personas
3144 874 3460 944 dispescens
3482 914 3497 939 ,
3553 873 3647 928 sed

2078 970 2310 1024 duarum
2337 976 2654 1022 naturarum
2688 968 2934 1022 indicans
2964 966 3306 1037 discrimen.)
3349 965 3416 1020 Et
3457 979 3649 1035 quem-

2080 1058 2370 1113 admodum
2392 1072 2558 1113 carne
2590 1066 2820 1112 mortem
2853 1067 3044 1128 sponte
3081 1057 3356 1113 sustinens
3377 1098 3391 1123 ,
3428 1058 3482 1111 in
3532 1058 3648 1127 ipsa

2078 1147 2644 1216 incorruptibilitatem
2688 1148 2996 1217 plantavit:
3044 1148 3123 1205 sic
3153 1148 3318 1202 etiam
3368 1147 3650 1201 voluntate

2079 1236 2292 1292 timoris
2320 1237 2663 1306 tristitiaeque
2693 1238 3006 1306 passionem
3034 1237 3323 1293 admittens
3353 1277 3369 1301 ,
3400 1252 3495 1306 per
3525 1251 3645 1291 eam

2081 1327 2276 1383 insevit
2295 1327 2653 1382 constantiam
2680 1326 3157 1398 fortitudinemque
3181 1369 3199 1396 ,
3238 1344 3343 1399 qua
3370 1330 3649 1383 credentes

2079 1420 2135 1474 in
2158 1420 2359 1488 ipsum,
2386 1419 2451 1473 ad
2480 1419 2725 1490 martyrii
2771 1434 2967 1489 magna
2995 1419 3289 1474 certamina
3326 1420 3650 1474 corrobora-

2080 1511 2176 1565 vit.
2200 1509 2489 1580 Propterea
2517 1510 2681 1564 etiam
2712 1510 2949 1578 grummi
2990 1510 3206 1565 sudoris
3257 1510 3376 1579 ejus
3419 1518 3645 1578 stupen-

2079 1601 2211 1656 dum
2242 1600 2298 1654 in
2320 1600 2545 1655 modum
2577 1600 2735 1670 quasi
2767 1609 2932 1670 guttae
2980 1602 3264 1673 sanguinis
3310 1601 3647 1667 deﬂuebant,

2080 1702 2141 1747 ut
2173 1702 2373 1746 nostrae
2410 1700 2617 1745 naturae
2645 1691 3051 1760 quodammodo
3075 1690 3369 1746 arefaceret
3383 1699 3437 1747 et
3466 1700 3652 1745 extru-

2079 1783 2229 1838 deret
2256 1782 2485 1853 ignaviae
2511 1780 2735 1839 fontem.
2759 1780 2892 1836 Nam
2931 1782 2976 1839 si
3008 1783 3112 1837 hoc
3147 1791 3404 1852 tanquam
3448 1792 3647 1854 myste-

2081 1871 2164 1925 rio
2186 1869 2389 1926 factum
2422 1886 2531 1926 non
2561 1870 2791 1939 fuisset;
2821 1888 2887 1927 ne
2916 1873 2962 1927 si
2997 1872 3215 1941 quidem
3260 1872 3649 1942 ignavissimus

2087 1963 2711 2033 meticulosissimusque
2756 1962 2989 2029 fuisset,
3046 1963 3327 2033 sanguinis
3372 1963 3532 2018 stillis
3584 1978 3652 2017 ex

2085 2055 2281 2125 agonia
2311 2055 2575 2109 duntaxat
2603 2093 2619 2120 ,
2672 2065 2927 2123 tanquam
2958 2055 3124 2124 guttis
3154 2055 3371 2110 sudoris
3396 2094 3412 2119 ,
3460 2063 3653 2109 contra

2086 2153 2334 2200 naturam
2368 2142 2775 2215 perfundendus
2806 2142 3019 2199 luisset.

2157 2235 2288 2292 Tale
2312 2245 2395 2292 est
2420 2246 2475 2291 et
2500 2235 2631 2290 illud
2659 2235 2807 2306 quod
2835 2236 3033 2290 dicitur
3051 2277 3067 2303 ,
3111 2236 3238 2307 quia
3268 2236 3494 2307 angelus
3523 2238 3655 2293 asti-
3774 2314 3777 2317 Δ

2088 2336 2226 2383 terat
2273 2325 2540 2381 Salvatori
2566 2367 2581 2391 ,
2629 2334 2684 2380 et
2723 2324 3066 2381 confortabat
3110 2343 3257 2381 eum.
3296 2326 3469 2382 Etiam
3509 2329 3654 2385 istud

2086 2421 2230 2474 enim
2263 2418 2688 2488 dispensationis
2716 2430 2915 2474 nostrae
2948 2419 3119 2489 gratia
3161 2420 3343 2474 ﬁebat.
3378 2420 3479 2486 Qui
3508 2421 3653 2475 enim

2086 2526 2186 2581 pro
2216 2512 2477 2582 religione
2505 2510 2740 2566 subituri
2774 2518 2904 2565 sunt
2930 2512 3089 2581 quasi
3104 2526 3260 2566 sacra
3289 2527 3521 2581 agonum
3537 2528 3654 2567 cer-

2088 2604 2312 2670 tamina,
2342 2602 2561 2674 angelos
2594 2602 2795 2657 habent
2822 2603 2888 2657 de
2906 2603 3045 2657 coelo
3069 2618 3224 2673 opem
3243 2602 3479 2658 ferentes
3497 2604 3651 2673 ipsis.

2086 2692 2267 2750 Facile
2290 2696 2456 2750 etiam
2481 2695 2613 2750 illud
2640 2712 2657 2749 :
2689 2693 2886 2763 Pater,
2905 2697 3150 2768 transfer
3187 2696 3402 2749 calicem
3431 2698 3476 2728 ¹⁹
3495 2737 3511 2762 ,
3542 2710 3652 2751 non

2086 2796 2345 2858 tanquam
2379 2796 2627 2842 metuens
2651 2794 2881 2841 mortem
2906 2787 3059 2853 dixit,
3084 2787 3175 2842 sed
3199 2796 3258 2841 ut
3278 2803 3372 2856 per
3392 2787 3506 2843 hare
3526 2803 3654 2860 pro-

2086 2888 2308 2935 vocaret
2337 2879 2610 2934 diabolum
2636 2920 2651 2944 ,
2682 2889 2743 2933 ut
2783 2879 2969 2949 ﬁgeret
3019 2879 3124 2935 sibi
3163 2894 3400 2934 crucem.
3464 2878 3653 2935 Verbis

2087 2971 2293 3027 dolosis
2320 2970 2509 3026 fefellit
2536 2970 2628 3026 ilie
2653 2970 2826 3025 Adam
2861 2990 2873 3024 :
2913 2971 3093 3026 verbis
3128 2972 3326 3027 divinis
3354 2972 3656 3043 decipiatur

2088 3062 2484 3118 fraudulentus.
2516 3062 2620 3118 Sed
2642 3077 2750 3116 non
2779 3070 2864 3117 est
2891 3064 2995 3118 alia
3016 3062 3269 3120 voluntas
3298 3062 3444 3130 Filii,
3468 3074 3522 3121 et
3548 3065 3654 3121 alia

2087 3153 2286 3211 Patris.
2312 3154 2418 3222 Qui
2450 3155 2596 3210 enim
2650 3153 2767 3207 vult
2811 3154 2957 3222 quod
2986 3155 3103 3209 vult
3134 3153 3295 3210 Pater
3318 3196 3334 3220 ,
3384 3154 3655 3209 invenitur

2091 3248 2290 3303 habere
2317 3247 2648 3302 voluntatem
2680 3245 2875 3301 Patris.
2902 3246 3006 3301 Per
3030 3248 3253 3316 ﬁguram
3284 3247 3447 3318 igitur
3486 3248 3653 3315 dicit,

2085 3354 2191 3394 non
2219 3355 2354 3403 mea,
2380 3337 2470 3393 sed
2507 3348 2634 3402 tua;
2672 3352 2779 3393 non
2805 3338 2947 3392 enim
2966 3339 3082 3393 vult
3096 3339 3319 3393 calicem
3345 3338 3650 3406 transferri,

2086 3432 2181 3488 sed
2205 3431 2472 3486 voluntati
2504 3429 2680 3485 Patris
2709 3428 2880 3485 defert
2922 3430 3216 3500 perfectum
3243 3431 3515 3500 passionis
3564 3430 3655 3486 of-

2084 3523 2290 3591 ﬁcium,
2323 3530 2585 3592 tanquam
2639 3522 2965 3591 principium
3012 3520 3229 3576 Patrem
3261 3522 3553 3576 honorans.
3592 3522 3654 3578 Si

2084 3597 2231 3667 enim
2261 3609 2585 3665 sententiam
2625 3617 2824 3664 vocant
2853 3609 3042 3665 Patres
3076 3610 3245 3665 animi
3268 3609 3606 3665 affectionem
3634 3649 3654 3678 ,

2086 3706 2353 3778 contingit
2381 3720 2512 3761 vero
2543 3703 2758 3760 aﬂ'ectio
2784 3705 2851 3760 ad
2884 3705 2937 3760 id
2959 3705 3103 3777 quod
3126 3705 3398 3760 occultum
3426 3713 3510 3757 est
3532 3719 3656 3773 pru-

2086 3799 2277 3855 denter
2309 3808 2567 3869 tanquam
2613 3811 2644 3850 a
2678 3797 2908 3852 consilio
2937 3815 2951 3852 :
3004 3798 3280 3869 quomodo
3308 3797 3500 3851 dicunt
3531 3799 3655 3866 qui-

2085 3890 2212 3946 dam
2244 3889 2536 3945 Dominum
2561 3890 2654 3958 qui
2688 3903 2855 3960 super
2874 3889 2990 3944 haec
3028 3888 3211 3943 omnia
3236 3897 3321 3943 est
3347 3929 3364 3955 ,
3403 3889 3658 3959 volunta-

2087 3991 2195 4039 tem
2227 3981 2370 4037 ferre
2391 3982 2779 4037 sententiosam
2802 3980 3023 4044 Hierte,
3041 3991 3101 4036 ut
3126 3989 3290 4051 patet,
3327 3995 3391 4035 ex
3426 3982 3656 4036 ratio-iis

2085 4071 2319 4130 defectu.

2154 4163 2222 4220 ν.
2252 4165 2341 4221 45.
2372 4164 2442 4219 Et
2472 4181 2689 4235 surgens
2721 4165 2786 4218 ab
2820 4162 3081 4227 oratione,
3117 4165 3323 4218 veniens
3370 4164 3439 4217 ad
3486 4160 3651 4216 disci—

2081 4254 2255 4323 pulos,
2288 4255 2481 4309 inuenit
2506 4269 2591 4308 eos
2620 4254 2935 4307 dormientes
2969 4268 3001 4305 a
3024 4253 3267 4305 tristitia.
3304 4290 3307 4295 .

2154 4429 2223 4486 ν.
2259 4430 2349 4488 46.
2388 4430 2458 4486 Et
2506 4429 2644 4486 dixit
2677 4431 2753 4484 eis
2777 4446 2796 4484 :
2854 4428 2997 4495 Quid
3032 4429 3334 4485 ‘dormilis?
3381 4437 3660 4499 surgentes

2084 4536 2252 4592 orate,
2288 4533 2345 4578 ut
2374 4539 2479 4577 non
2507 4522 2715 4577 intretis
2750 4523 2809 4575 in
2845 4522 3205 4575 tentationem.

483 4668 619 4772 Eia?
631 4668 1051 4789 7&9'ddﬁva‘rov,
1090 4714 1322 4786 μάλιστα
1369 4714 1469 4786 μὲν
1510 4715 1639 4778 ῐσως
1678 4714 1841 4768 παντὶ
1882 4714 1979 4767 ἀν-

2130 4697 2492 4770 impossibile
2520 4696 2668 4753 enim
2710 4705 2827 4760 est,
2878 4696 3181 4766 praesertim
3230 4694 3465 4750 fortasse
3503 4694 3654 4747 υηιηί

412 4808 636 4882 θρώπφ,
662 4809 724 4862 τὸ
755 4806 1032 4870 παντελῶς
1052 4807 1312 4875 ἀγευστον
1330 4805 1567 4877 χαλεποῦ
1591 4822 1732 4870 τινος
1759 4805 1976 4875 διαμεῖ-

415 4916 538 4955 ναι·
584 4900 768 4966 Ὀλος
798 4899 927 4971 γὰρ,
963 4899 1149 4969 φησιν,
1194 4900 1228 4951 ό
1273 4900 1502 4966 κόσμος
1531 4896 1602 4950 ἐν
1629 4895 1710 4962 τῷ
1743 4894 1983 4963 πονηρῷ

415 4989 627 5047 κεῖται·
661 4990 775 5044 καί·
807 4989 878 5044 Τὸ
904 4987 1094 5044 πλέον
1111 4987 1230 5043 τῶν
1259 4987 1497 5057 ἡμερῶν
1515 4987 1623 5042 τοῦ
1646 4984 1980 5055 ἀνθρώπου,

414 5085 603 5149 κόπος
620 5083 718 5136 καί
747 5083 951 5148 πόνος.
992 5080 1151 5135 Ἀλλά
1169 5080 1220 5133 τί
1236 5080 1555 5151 διενήνοχεν,
1583 5080 1710 5142 ἴσως
1739 5081 1901 5148 ὲρεῑς,
1925 5077 1986 5132 τὺ

414 5172 740 5245 πειραθῆναι
766 5171 933 5225 καὶτὸ
952 5174 1032 5235 είς
1048 5171 1347 5243 πειρασμὸν
1368 5172 1644 5242 ἐμπεσεῖν,
1676 5170 1793 5240 ἦτοι
1811 5169 1985 5223 είσελ-

416 5265 569 5331 θεῖν;
612 5266 673 5318 '0
703 5262 802 5335 μὲν
834 5263 942 5337 γὰρ
971 5264 1226 5336 ἡττηθεὶς
1257 5263 1363 5317 ὑπὸ
1404 5263 1497 5316 τοῦ
1524 5260 1779 5334 πονηροῦ⁹
1814 5262 1982 5333 ήττη-

417 5358 640 5429 θήσεται
661 5357 719 5410 δὲ
744 5355 903 5428 εἴπερ
946 5356 1019 5428 μὴ
1047 5355 1386 5425 ἀγωνίζοιτο,
1422 5353 1783 5426 ύπερασπίζει
1803 5354 1865 5408 δὲ
1884 5353 1981 5408 αύ-

414 5449 509 5504 τοῦ
545 5450 639 5504 καὶ
665 5451 694 5503 ὁ
724 5447 875 5512 Θεός·
905 5451 984 5512 είς
1014 5448 1315 5521 πειρασμὸν
1343 5447 1577 5516 εἰσῆλθε,
1613 5448 1707 5500 καὶ
1745 5446 1892 5500 ἐστιν
1921 5447 1979 5499 ὲν

414 5539 584 5611 αὐτῷ,
615 5540 709 5594 καὶ
735 5540 826 5593 ὑπ’
866 5537 1047 5602 αὐτὸν,
1081 5537 1270 5609 ὥσπερ
1302 5537 1487 5608 ἀχθεὶς
1513 5536 1875 5606 αἰχμάλωτος.
1916 5534 1978 5589 ὐ

2087 4793 2328 4857 homini,
2370 4806 2589 4846 manere
2645 4805 2871 4859 prorsus
2922 4789 3262 4858 inexpertum
3297 4788 3373 4841 rei
3423 4788 3655 4855 alicujus

2086 4884 2441 4942 molestioris.
2468 4881 2629 4938 Totus
2656 4883 2829 4949 enim,
2854 4883 2950 4948 ait,
2973 4881 3200 4936 mundus
3230 4882 3288 4933 in
3315 4879 3547 4948 maligno
3566 4893 3656 4945 po-

2086 4979 2222 5032 situs
2249 4985 2327 5032 est
2358 4976 2405 5008 ³⁸
2436 4993 2454 5043 ;
2489 4983 2544 5031 et
2569 4993 2582 5029 :
2617 4973 2757 5029 Pars
2787 4974 3024 5028 maxima
3061 4973 3267 5026 dierum
3296 4972 3523 5036 hominis
3571 4970 3647 5024 la.

2091 5070 2185 5121 bar
2202 5076 2253 5121 et
2277 5065 2519 5120 molestia
2542 5065 2609 5119 ³⁸.
2639 5063 2712 5118 At
2745 5063 2895 5119 dices
2926 5060 3180 5125 fortasse,
3218 5058 3360 5126 Quid
3400 5060 3655 5114 differunt

2084 5159 2304 5223 tentari,
2337 5158 2470 5214 etin
2494 5156 2852 5212 tentationem
2883 5140 3123 5209 incidere
3151 5153 3236 5208 vel
3265 5152 3519 5223 ingredi?
3548 5150 3653 5218 Qui

2084 5254 2262 5308 victus
2282 5259 2366 5307 est
2391 5266 2422 5306 ε
2448 5249 2729 5318 maligno;
2764 5249 3014 5301 vincetur
3058 5246 3240 5301 autem
3269 5285 3286 5311 ,
3321 5244 3368 5299 si
3410 5259 3515 5299 non
3553 5260 3655 5314 pu-

2086 5353 2230 5416 guet,
2257 5353 2312 5400 et
2329 5338 2575 5413 protegat
2601 5354 2727 5395 eum
2759 5337 2939 5401 Deus;
2976 5336 3024 5392 is
3075 5337 3130 5390 in
3184 5335 3537 5391 tentationem
3575 5325 3671 5391 iu-'

2084 5436 2236 5501 cidit,
2261 5444 2313 5490 et
2340 5434 2395 5489 in
2429 5433 2781 5489 tentationem
2813 5429 3060 5497 intravit,
3093 5435 3149 5483 et
3175 5436 3259 5484 est
3282 5428 3334 5482 in
3356 5441 3440 5490 ea,
3473 5434 3526 5479 et
3550 5425 3653 5480 sub

2083 5528 2226 5599 ipsa,
2248 5534 2507 5597 tanquam
2548 5524 2747 5580 ductus
2778 5521 3044 5594 captivus.
3094 5519 3164 5574 At
3198 5516 3291 5589 qui
3350 5514 3556 5571 resistit
3595 5520 3654 5569 et

495 5700 541 5733 ²⁹
564 5698 733 5756 Marc.
770 5715 895 5765 ειν,
915 5698 1005 5754 56.
1036 5710 1049 5725 τ
1075 5700 1121 5732 ³⁸
1152 5699 1353 5757 lJoan.
1376 5718 1428 5765 v,
1460 5701 1541 5755 l9.
1619 5699 1660 5732 ³³
1707 5699 1910 5753 Psalm.
1962 5712 2160 5755 Luxu
2182 5736 2197 5763 ,
2250 5693 2338 5749 £0.

487 5835 600 5908 (ιε)
634 5835 766 5902 Quae
795 5846 812 5907 (
853 5838 871 5908 )
906 5835 1248 5906 inclusimus,
1277 5838 1438 5894 verba
1475 5839 1746 5895 habentur
1788 5851 1978 5896 aucto-

417 5907 491 5962 ris
520 5906 756 5963 Catenae.

2157 5838 2202 5909 (l
2218 5837 2268 5903 7)
2294 5835 2454 5890 Forte
2491 5830 2714 5896 δειλίας.

2156 5908 2267 5980 (ιε)
2308 5909 2391 5961 Ei.
