4090 6388
483 447 508 504 1
519 447 625 508 335

1391 446 1746 518 fADDENDA.
1787 478 1855 487 —
1891 444 1947 501 S.
1989 440 2290 499 DIONYSII
2330 436 2796 498 ALEX‘ANDRINI

3593 435 3613 487 ί
3630 435 3728 490 ’ἱΰϐ

482 570 737 639 sustinet,
770 579 1007 628 tentatur
1034 570 1125 626 ille
1155 568 1374 640 quidem
1398 608 1414 634 ,
1448 585 1556 624 non
1584 579 1766 626 tamen
1794 569 1849 624 in
1879 576 2056 623 tenta-

2165 564 2211 618 δὲ
2252 562 2521 634 ἀντισχὼν
2560 563 2654 615 καὶ
2685 559 3004 632 ὑπομείνας,
3036 557 3291 631 πειρᾶται
3326 556 3422 628 μὲν
3455 548 3629 621 οὗτος,
3667 554 3728 609 οὐ

484 661 684 718 tionem
711 662 932 718 intravit
961 662 1045 718 vel
1076 662 1285 717 incidit.
1320 661 1574 717 Elevatus
1614 669 1700 717 est
1727 660 1870 716 enim
1894 658 2052 716 Jesus

483 767 515 807 a
542 751 769 823 spiritu,
800 769 910 809 non
941 762 1000 808 ut
1049 754 1103 808 in
1157 755 1510 809 tentationem
1560 753 1824 821 intraret,
1866 751 1961 808 sed
1995 759 2054 805 ut

483 853 772 899 tentaretur
799 861 832 898 a
856 845 1069 900 diabolo
1101 847 1165 900 ³¹.
1189 844 1301 901 Nec
1327 845 1602 901 Abraham
1627 845 1683 899 in
1701 844 2053 900 tentationem

485 935 730 1002 intravit,
748 936 842 992 sed
865 952 1042 1008 neque
1059 938 1112 992 in
1137 938 1488 994 tentationem
1510 937 1723 1012 induxit
1745 951 1867 991 eum
1889 936 2051 1002 Deus,

483 1024 574 1078 sed
592 1025 852 1094 tentavit;
883 1041 990 1082 non
1016 1027 1231 1097 impulit
1250 1041 1431 1083 autem
1457 1043 1583 1084 eum
1600 1029 1654 1082 in
1671 1027 2051 1084 tentationem.

483 1109 626 1179 Quin
657 1123 711 1170 et
738 1113 1006 1172 Dominus
1033 1116 1148 1186 ipse
1176 1118 1417 1172 tentabat
1440 1116 1756 1187 discipulos.
1786 1115 2056 1186 Malignus

483 1214 724 1270 tentans,
757 1208 813 1263 in
840 1210 1165 1265 tentationes
1190 1211 1433 1277 attrahit,
1461 1209 1660 1281 quippe
1675 1217 1910 1265 tentator
1933 1224 2053 1263 ma-

481 1298 679 1354 lorum.
705 1299 848 1357 Deus
868 1316 1000 1356 vero
1031 1309 1270 1366 tentans,
1308 1302 1637 1357 tentationes
1673 1299 1833 1356 aﬂ‘ert
1873 1309 1933 1354 ut
1963 1298 2052 1353 in-

482 1392 757 1449 tcntabilis
785 1394 1074 1448 malorum.
1108 1393 1250 1448 Deus
1277 1395 1446 1458 enim,
1485 1394 1696 1464 inquit,
1725 1390 2056 1446 intentabilis

480 1494 559 1539 est
592 1485 852 1540 malorum
888 1487 952 1541 ³³.
978 1488 1240 1545 Diabolus
1267 1489 1322 1543 in
1355 1489 1634 1544 interitum
1681 1487 1905 1543 trahens
1943 1486 2054 1540 vim

484 1577 706 1633 adhibet
735 1596 748 1632 :
781 1587 836 1634 at
867 1577 1011 1635 Deus
1044 1580 1098 1634 in
1123 1580 1302 1637 salute
1329 1592 1590 1635 exercens
1619 1576 1964 1633 manuducit.
2016 1654 2023 1659 _

555 1839 617 1892 V.
646 1841 736 1896 47.
770 1842 955 1897 Adhuc
980 1859 1039 1898 eo
1070 1844 1310 1914 loquente
1331 1885 1344 1911 ,
1375 1860 1489 1899 ecce
1520 1845 1698 1907 turba,
1727 1853 1777 1899 et
1824 1847 1916 1916 qui
1972 1846 2058 1899 di-
2111 1899 2114 1904 .

482 1933 701 1988 cebatnr
720 1933 915 2001 ludas,
940 1953 1074 1990 unus
1103 1936 1167 1990 de
1192 1929 1496 2004 duodecim,
1527 1938 1746 1992 accessit
1775 1937 1844 1992 ad
1871 1954 1978 2004 eos,
2007 1949 2058 1994 et
2091 1922 2132 1978 Β

482 2025 917 2095 appropinquavit
941 2025 1090 2090 Jesu,
1119 2026 1364 2081 osculans
1390 2044 1528 2085 eum.

557 2199 620 2257 V.
645 2203 734 2258 48.
762 2201 920 2258 Iesus
950 2219 1069 2258 vero
1095 2203 1171 2257 ait
1217 2203 1342 2258 illi:
1390 2202 1538 2257 Juda
1559 2245 1575 2271 ,
1627 2204 1808 2259 osculo
1854 2203 2060 2260 Filium

483 2295 711 2348 hominis
741 2296 909 2349 tradis
934 2296 960 2350 .9

553 2385 599 2442 Ο
649 2387 992 2441 tolerantiam
1037 2385 1272 2453 Domini,
1301 2387 1395 2458 qui
1428 2399 1484 2442 et
1508 2387 1789 2444 osculatus
1818 2397 1901 2444 est
1928 2403 2060 2459 pro-

483 2479 736 2545 ditorem,
759 2489 810 2534 et
839 2480 1028 2535 osculo
1048 2480 1271 2536 meliora
1296 2481 1520 2551 protulit
1537 2481 1735 2534 verba!
1769 2478 1887 2536 Non
1913 2479 2058 2536 enim

481 2569 614 2626 dixit
647 2589 661 2626 :
692 2569 736 2626 Ο
757 2570 1003 2635 sceleste,
1029 2579 1082 2626 et
1105 2571 1510 2640 scelestissime,
1534 2581 1588 2628 ct
1614 2572 1859 2642 proditor
1884 2574 1898 2626 !
1933 2573 2062 2628 has-

482 2664 606 2719 cine
644 2663 803 2721 nobis
837 2663 984 2720 vices
1020 2664 1272 2734 rependis
1294 2665 1427 2720 tanti
1457 2665 1751 2722 beneficii?
1787 2663 1893 2722 Sed
1922 2681 2063 2736 quo—

483 2755 648 2810 modo
675 2755 797 2810 ait?
827 2755 994 2822 Juda,
1022 2756 1300 2826 proprium
1329 2772 1526 2813 nomen
1561 2773 1834 2827 usurpans
1859 2797 1875 2824 ,
1913 2758 2061 2829 quod

482 2848 799 2905 miserantis
826 2859 944 2904 erat
970 2849 1151 2919 potius
1174 2861 1230 2904 et
1255 2850 1588 2914 revocantis,
1610 2865 1774 2920 quam
1827 2865 2060 2906 succcn-

422 2980 426 2985 -
483 2943 672 2998 sentis.
702 2941 766 2996 Et
801 2958 909 2996 non
935 2941 1073 2997 dixit
1101 2959 1116 2996 :
1152 2940 1472 3012 Magistrum
1500 2951 1652 2996 tuum
1679 2983 1694 3005 ,
1725 2940 2014 2997 Dominum
2041 2983 2059 3011 ,

483 3031 908 3100 benefactorem,
944 3033 1062 3095 sed,
1095 3033 1296 3088 Filium
1323 3033 1562 3089 hominis
1589 3074 1604 3100 ,
1649 3033 1702 3089 id
1734 3043 1820 3090 est
1844 3075 1859 3100 ,
1904 3049 2061 3089 man-

484 3137 726 3194 suetum,
754 3127 936 3182 mitem
963 3145 978 3182 :
1005 3127 1050 3182 si
1072 3127 1219 3184 enim
1254 3126 1516 3197 magister
1545 3141 1654 3182 non
1685 3124 1934 3193 fuissem,
1961 3141 2062 3182 nec

483 3215 770 3284 Dominus,
805 3235 905 3275 nec
945 3218 1299 3285 benefactor;
1337 3218 1613 3275 hominem
1657 3229 1766 3275 tam
1809 3222 2055 3285 sincere,

2157 656 2265 729 μὴν
2296 657 2377 720 είς
2403 653 2711 728 πειρασμὸν
2733 651 3003 722 εἰσῆλθεν,
3026 651 3146 723 ἦτοι
3179 649 3456 704 ἐνέπεσεν.
3495 646 3730 719 Ἀνήχθη

2154 748 2260 818 γὰρ
2287 749 2316 802 6
2353 745 2562 817 Ἰησοῦς
2582 744 2688 798 ὑπὸ
2712 742 2806 797 τοῦ
2836 741 3166 813 πνεύματος,
3191 741 3292 795 οὐκ
3321 741 3400 804 εἰς
3432 736 3732 810 πειρασμὸν

2156 838 2438 902 εἰσελθεῖν,
2467 836 2602 892 ἀλλὰ
2629 833 2979 905 πειραθῆναι
3009 833 3127 889 ὑπὸ
3160 833 3265 888 τοῦ
3293 832 3594 888 διαϐόλου.
3621 829 3733 884 Καὶ

2154 931 2184 982 6
2229 929 2483 1002 Ἀϐραὰμ
2519 928 2621 981 οὐκ
2644 928 2726 990 είς
2747 923 3052 998 πειρασμὸν
3079 922 3344 994 εἰσῆλθεν,
3373 921 3486 976 ἀλλ’
3508 919 3630 974 οὐδὲ
3652 921 3733 982 εἰς

2156 1021 2464 1094 πειρασμὸν
2495 1019 2662 1074 αὐτὸν
2698 1014 2834 1089 ἦγεν
2876 1019 2905 1071 6
2933 1016 3087 1081 Θεὸς,
3117 1014 3250 1070 ἀλλὰ
3281 1012 3588 1087 ἐπείραζεν·
3631 1012 3735 1067 οὐκ

2156 1111 2376 1166 ἐνέϐαλε
2400 1110 2457 1164 δὲ
2490 1110 2652 1164 αὐτὸν
2686 1111 2769 1172 εἰς
2801 1104 3127 1178 πειρασμόν.
3157 1104 3267 1158 Καὶ
3288 1103 3448 1167 αὐτὸς
3475 1103 3531 1156 δὲ
3554 1105 3584 1157 6
3615 1101 3731 1157 Κύ-

2159 1221 2271 1275 ριος
2316 1202 2577 1273 ὲπείραζε
2607 1199 2733 1265 τοὺς
2779 1197 3046 1270 μαθητάς.
3102 1197 3162 1250 Ὁ
3208 1196 3305 1267 μὲν
3347 1195 3456 1267 γὰρ
3499 1193 3733 1267 πονηρὸς

2159 1293 2433 1366 πειράζων
2463 1293 2544 1356 είς
2570 1292 2693 1355 τοὺς
2729 1288 3069 1361 πειρασμοίκ
3101 1287 3375 1352 καθέλκει,
3412 1282 3499 1340 οἷα
3537 1283 3743 1359 πειρα-’

2159 1385 2291 1458 στὴς
2319 1383 2530 1440 κακῶν.
2580 1384 2641 1437 '0
2674 1382 2733 1436 δὲ
2766 1382 2900 1447 Θεὸς
2939 1380 3216 1454 πειράζων
3241 1381 3364 1445 τοὺς
3400 1379 3735 1451 πειρασμοὺς

2159 1478 2468 1552 περιφέρει,
2485 1459 2904 1548 ὡς’ἀπείραστος
2925 1473 3128 1529 κακῶν.
3164 1475 3229 1527 '0
3245 1473 3352 1544 γὰρ
3371 1472 3534 1539 Θεὸς,
3549 1471 3734 1542 φησὶν,

2159 1570 2524 1640 ἀπείραστός
2566 1568 2699 1624 ἐστι
2739 1564 2958 1621 κακῶν.
2999 1567 3057 1620 Ὁ
3089 1567 3187 1638 μὲν
3229 1565 3339 1636 γὰρ
3379 1563 3620 1628 διάϐολος
3649 1565 3735 1616 ἐπ’

2157 1662 2380 1736 ὄλεθρον
2407 1661 2586 1716 ’έλκων
2614 1660 2883 1732 βιάζεται,
2908 1659 2938 1711 ὁ
2963 1658 3020 1712 δὲ
3047 1658 3179 1721 Θεὸς
3206 1658 3298 1711 ἐπὶ
3332 1655 3605 1728 σωτηρίας
3635 1671 3736 1725 γυ-

2161 1754 2381 1836 μνάζων
2413 1773 2497 1827 χει
2504 1755 2762 1827 ραγωγεῖ.
3589 1743 3591 1746 ⁴

2231 1846 2380 1924 Στιχ.
2422 1843 2531 1916 μζη
2573 1845 2703 1898 Ἔτι
2743 1838 2931 1896 αὑτοῦ
2968 1839 3329 1906 λαλοῦντος,
3379 1837 3507 1893 ἰδοὺ
3535 1839 3737 1908 ὄχλος,

2161 1940 2261 1995 καὶ
2287 1927 2323 1994 ὅ
2353 1939 2679 2009 λεγόμενος
2721 1934 2972 2002 Ἰούδας,
2997 1930 3088 2002 εἷς
3129 1933 3248 1989 τῶν
3279 1934 3525 1999 δώδεκα,
3555 1949 3740 2003 προσ-

2159 2032 2378 2103 ήρχετο
2420 2028 2664 2096 αὐτοὺς,
2696 2028 2794 2082 καὶ
2833 2026 3044 2098 ἢγγισε
3087 2027 3165 2093 τῷ
3215 2027 3440 2095 Ἰησοῦ,
3473 2026 3741 2096 φιλήσας

2159 2125 2366 2180 αὐτόν.
3293 2137 3302 2146 ι

2231 2200 2381 2286 Στίχ.
2421 2221 2532 2288 μη’.
2591 2215 2654 2268 '0
2685 2213 2753 2268 δὲ
2811 2213 3049 2282 Ἰησοῦς
3093 2208 3262 2267 εἶπεν
3297 2211 3476 2278 αὐτῷ’
3523 2213 3740 2278 Ἰούδα,

2160 2309 2449 2380 φιλήματι
2476 2307 2583 2362 τὸν
2623 2305 2760 2361 Υἱὸν
2783 2305 2894 2375 τοῦ,
2914 2303 3228 2374 ἀνθρώπου
3256 2304 3622 2375 παραδίδως;

2233 2398 2408 2454 Βαϐαῖ
2431 2398 2532 2470 τῆς
2565 2395 2914 2462 ἀνεξικακίας
2935 2395 3027 2449 τοῦ
3061 2395 3352 2460 Δεσπότου,
3390 2395 3486 2449 τοῦ
3520 2397 3615 2450 καὶ
3647 2413 3741 2466 φι-
3835 2439 3843 2447 .

2162 2492 2427 2564 λήσαντος
2453 2492 2543 2546 τὸν
2584 2491 2867 2562 προδότην,
2905 2489 2998 2544 καὶ
3038 2488 3130 2544 τοῦ
3181 2487 3484 2560 φιλήματος
3519 2489 3742 2543 ἁπαλώ-

2159 2601 2295 2657 τερα
2329 2586 2550 2656 ῥήματα
2575 2583 2992 2656 φθεγξαμένουι
3027 2584 3101 2638 Οὐ
3134 2581 3245 2654 γὰρ
3277 2577 3446 2636 εἶπεν·
3473 2577 3544 2635 Ὦ
3579 2582 3745 2655 μιαρὲ

2162 2677 2258 2732 καὶ
2299 2677 2589 2749 παμμίαρε
2635 2676 2730 2730 καὶ
2772 2674 3024 2746 προδότα,
3072 2674 3276 2737 ταύτας
3307 2674 3437 2743 ἡμῖν
3480 2673 3744 2736 ἀποδίδως

2161 2769 2260 2834 τὰς
2281 2768 2515 2840 ἀμοιϐὰς
2535 2770 2634 2840 τῆς
2646 2767 2913 2838 τοσαύτης
2931 2766 3273 2838 εὐεργεσίας;
3311 2763 3470 2818 Ἀλλὰ
3481 2765 3596 2829 πῶς
3611 2765 3752 2836 (i9);

2176 2862 2394 2928 Ἰούδα,
2429 2862 2521 2917 τὸν
2561 2863 2748 2936 κύριον
2779 2862 2952 2932 ὄνομα
2999 2858 3186 2923 τιθεὶς,
3231 2859 3258 2912 ὃ
3295 2858 3492 2930 μᾶλλον
3530 2858 3746 2911 ταλανίο

2163 2952 2349 3018 ζοντος
2372 2949 2440 3024 ἦν
2472 2953 2566 3008 καὶ
2594 2952 3009 3018 ἀνακαλοῦντος,
3041 2951 3072 3023 ἢ
3101 2947 3477 3024 ὀργιζομένου.
3507 2949 3619 3003 Καὶ¹
3645 2950 3747 3011 οὐκ

2163 3040 2283 3098 εἷπε
2303 3061 2318 3075 ·
2346 3044 2452 3098 Τὸν
2479 3043 2796 3098 διδάσκαλόν
2830 3060 2945 3110 σου,
2969 3041 3061 3096 τὸν
3080 3041 3376 3111 Δεσπότην,
3407 3039 3500 3092 τὸν
3523 3037 3745 3110 εὐεργέ-

2161 3153 2282 3208 την,
2297 3135 2457 3202 ἀλλά,
2472 3136 2563 3191 τὸν
2579 3136 2706 3191 Υἱὸν
2722 3135 2812 3190 τοῦ
2831 3133 3141 3208 ἀνθρώπου,
3157 3133 3402 3186 τουτέστι
3416 3131 3506 3185 τὸν
3518 3132 3626 3202 ἦμε
3633 3147 3744 3202 ρον,

2161 3225 2254 3281 τὸν
2275 3227 2469 3299 πρᾶοντ
2502 3229 2551 3281 εἰ
2593 3225 2701 3297 γὰρ
2736 3225 2809 3297 μὴ
2841 3223 3159 3288 διδάσκαλος
3180 3219 3269 3295 ἦν,
3299 3223 3432 3294 μηδὲ
3447 3221 3748 3291 Δεσπότης,

488 3316 597 3363 tam
629 3319 911 3365 mansuete
939 3325 1066 3381 erga
1093 3319 1145 3365 te
1177 3309 1455 3378 allectum,
1479 3320 1540 3366 ut
1567 3312 1622 3366 in
1655 3321 1902 3382 tempore
1935 3327 2061 3382 pro-

2165 3321 2304 3392 μηδὲ
2319 3290 2638 3394 εὐεργέτηςο
2773 3290 2915 3372 οὕτω
2935 3290 3246 3381 ἀπλάστως,
3263 3290 3510 3369 τὸνούτω
3523 3312 3746 3386 ἡμέρως

488 3401 714 3456 ditionis
747 3413 798 3457 te
831 3404 948 3473 ipse
976 3403 1257 3458 osculatus
1282 3403 1500 3472 fuerim,
1560 3415 1617 3460 et
1667 3406 1887 3476 quidem
1935 3421 2061 3462 cum

485 3493 736 3548 osculum
796 3493 1101 3564 symbolum
1147 3495 1472 3564 proditionis
1521 3507 1700 3563 esset,
1744 3496 1926 3563 hunc,
1980 3497 2064 3551 in-

489 3598 678 3655 quam,
699 3584 921 3654 prodis?
946 3584 1270 3640 Benedictus
1296 3602 1377 3652 es,
1402 3586 1660 3643 Domine!
1691 3587 2064 3656 quantaetole-

487 3675 696 3742 rentia),
726 3684 944 3745 quanta:
976 3676 1301 3732 humilitatis
1329 3677 1641 3748 exemplum
1678 3678 1837 3733 nobis
1868 3678 2060 3734 fuisti!

488 3766 620 3837 quin
634 3775 688 3821 ct
706 3775 844 3822 utne
867 3767 1187 3823 deseramus
1215 3768 1504 3824 consilium
1530 3784 1656 3840 erga
1688 3767 1907 3834 fratres,
1927 3777 2066 3824 tam-

406 3938 411 3946 .
489 3861 590 3917 etsi
641 3860 776 3914 nihil
806 3861 1042 3930 amplius
1096 3877 1162 3914 ex
1186 3862 1392 3916 nostris
1425 3861 1610 3918 verbis
1627 3861 1926 3933 contingat,
1960 3861 2065 3919 hoc

490 3949 669 4021 ipsum
697 3951 975 4020 exemplar
1002 3950 1172 4006 edidit
1192 3949 1481 4007 Dominus.

561 4123 1032 4192 Quemadmodum
1057 4127 1201 4182 enim
1235 4127 1462 4182 vulnera
1491 4127 1817 4184 incurabilia
1839 4169 1857 4196 ,
1889 4144 2067 4201 neque

491 4220 890 4275 austerioribus
920 4219 1252 4289 pharmacis,
1279 4235 1458 4291 neque
1489 4220 1831 4277 dulcioribus
1881 4221 2066 4278 sanari

491 4326 724 4388 possunt
752 4335 765 4372 :
795 4318 872 4372 ita
903 4317 1070 4372 etiam
1099 4317 1304 4385 anima,
1334 4317 1429 4373 ubi
1456 4318 1624 4374 semel
1650 4319 1918 4389 captivata
1949 4317 2069 4373 fuc-

2165 3413 2300 3485 πρὸς
2329 3414 2389 3467 σὲ
2413 3412 2773 3484 διακείμενον,
2789 3411 2864 3476 ὡς
2894 3413 2952 3465 ὲν
2967 3408 3043 3482 τῷ
3065 3407 3238 3480 καιρῷ
3255 3408 3356 3476 τῆς
3382 3405 3668 3484 προδοσίας
3687 3419 3750 3458 σι

2164 3505 2362 3574 φιλεῖν,
2391 3505 2487 3557 καὶ
2515 3503 2687 3557 ταῦτα
2709 3499 2804 3556 τοῦ
2841 3500 3146 3572 φιλήματος
3171 3497 3441 3569 συμϐόλου
3474 3496 3574 3568 τῆς
3608 3511 3746 3567 προ-
3853 3511 3858 3513 ·
3909 3500 3916 3508 ’

2161 3596 2345 3660 δοσίας
2363 3595 2532 3664 ὄντος,
2555 3595 2745 3649 τοῦτον
2768 3593 3104 3664 παραδίδως;
3129 3591 3431 3660 Εὐλογητὸς
3454 3585 3524 3654 εἷ,
3551 3588 3744 3658 Κύριεο
3779 3603 3792 3610 κ

2165 3688 2753 3761 πόσης-ἁνεξικακίας,
2795 3687 2967 3756 πόσης
2997 3681 3499 3755 ταπεινοφροσύνης
3537 3678 3749 3733 ὑπόδει-

2163 3798 2281 3852 γμα
2306 3783 2439 3853 ἡμῖν
2461 3780 2688 3850 γέγονας
2710 3780 2725 3833 l
2766 3778 2842 3832 Οὐ
2869 3778 2976 3849 μὴν
3002 3777 3138 3832 ἀλλὰ
3161 3777 3257 3830 καὶ
3282 3776 3378 3829 τοὺ
3419 3776 3495 3848 μὴ
3518 3775 3750 3844 ἀφίσταμ-

2166 3872 2289 3926 σθαι
2320 3873 2420 3944 τῆς
2452 3871 2590 3944 πρὸς
2617 3872 2745 3935 τοὺς
2774 3871 3034 3941 ἀδελφοὺς
3064 3868 3402 3940 συμϐουλῆς,
3449 3865 3553 3921 κᾶν
3581 3865 3750 3938 μηδὲν

2166 3964 2327 4019 πλέον
2355 3965 2421 4018 ὲκ
2445 3961 2555 4016 τῶν
2574 3961 2857 4034 ἡμετέρων
2885 3958 3144 4032 ῥημάτων
3169 3957 3412 4030 γίνηται,
3440 3955 3746 4028 ὑπόδειγμα

2164 4055 2322 4109 τοῦτο
2349 4053 2648 4125 πεποίηκεν
2677 4053 2707 4106 6
2737 4051 3034 4122 Δεσπότης.

2239 4145 2350 4218 (20)
2384 4144 2653 4217 Καθάπερ
2676 4145 2786 4216 γὰρ
2809 4145 2879 4199 τὰ
2899 4142 3092 4197 ἀνίατα
3115 4141 3224 4195 τῶν
3243 4141 3594 4214 τραυμάτων,
3627 4141 3750 4196 οὐδὲ

2173 4241 2288 4302 τοῖς
2320 4238 2613 4310 αὐστηροῖς
2647 4237 2755 4291 τῶν
2787 4237 3116 4308 φαρμάκων,
3144 4234 3265 4288 οὐδὲ
3290 4236 3402 4298 τοῖς
3437 4232 3750 4302 γλυκαίνειν

2167 4330 2308 4384 αὐτὰ
2331 4330 2649 4402 δυναμένοις
2676 4329 2807 4401 (21)
2848 4327 2972 4381 οὐτε
3018 4328 3112 4382 καὶ
3141 4325 3307 4398 ψυχὴ,
3341 4327 3561 4380 ἐπειδὰν
3600 4324 3751 4390 ἅπαξ
3833 4391 3844 4402 ι

493 4410 586 4475 rit,
640 4410 987 4480 seipsamque
1033 4410 1318 4466 tradiderit
1349 4412 1659 4482 cuicunque
1683 4410 1889 4481 ﬂagitio
1915 4452 1932 4478 ,
1967 4426 2062 4467 nec

2167 4420 2518 4493 αἰχμάλωτος
2542 4420 2808 4492 γένηται,
2857 4419 2954 4473 καὶ
2990 4417 3186 4489 ἑαυτὴν
3222 4416 3388 4487 ἐπιδῷ
3426 4417 3602 4471 ὁτιοῦν
3636 4417 3748 4489 (22)

493 4503 622 4557 velit
642 4504 786 4572 quod
816 4503 919 4557 sibi
954 4503 1127 4573 prosit
1183 4505 1498 4573 attendere;
1552 4504 1803 4574 quamvis
1857 4503 2062 4560 inﬁnita

2168 4512 2276 4584 πλη
2285 4511 2624 4584 μμελήματι,
2656 4512 2752 4564 καὶ
2784 4509 2858 4581 μὴ
2888 4507 3146 4580 βούληται
3170 4505 3231 4560 τὸ
3249 4507 3445 4578 ἑαυτῆς
3473 4505 3750 4578 συμφέρον

492 4597 617 4666 quis
647 4597 873 4650 auribus
902 4595 1020 4664 ejus
1039 4595 1277 4663 insonet,
1304 4596 1439 4650 nihil
1463 4595 1686 4666 proluit.
1718 4595 1822 4651 Sed
1843 4592 2062 4666 perinde

2173 4603 2434 4669 συνιδεῖν,
2481 4601 2584 4657 κᾶν
2637 4602 2805 4674 μυρία
2856 4617 2938 4664 τις
2987 4601 3185 4671 ὲνηχῇ,
3248 4597 3400 4652 οὐδὲν
3454 4596 3746 4668 κερδαίνει.

493 4697 656 4757 atque
676 4694 924 4742 mortuos
968 4687 1188 4743 auditus
1234 4688 1483 4753 haberet,
1515 4689 1726 4743 nullum
1770 4704 1837 4744 ex
1873 4689 2066 4744 admo-

492 4781 702 4836 nitione
724 4779 919 4849 recipit
947 4780 1410 4835 emolumentum:
1440 4795 1550 4835 non
1581 4780 1708 4850 quia
1739 4795 1846 4834 non
1866 4788 2064 4851 potest,

492 4875 587 4930 sed
616 4872 745 4946 quia
772 4887 880 4927 non
914 4872 1048 4926 vult.
1080 4870 1197 4927 Hoc
1222 4880 1278 4928 et
1302 4873 1357 4928 in
1384 4870 1524 4927 Juda
1551 4871 1799 4944 contigit.
1815 4872 2068 4929 Christus

492 4965 955 5036 tamen,quamvis
1000 4965 1116 5020 haec
1149 4964 1333 5019 omnia
1381 4965 1700 5035 przesciret,
1732 4981 1841 5020 non
1884 4965 2070 5023 omisit

493 5059 563 5112 ab
588 5057 742 5112 initio
765 5057 831 5112 ad
866 5057 1027 5111 ﬁnem
1084 5053 1340 5110 exhibere
1391 5070 1732 5125 quaecunque
1763 5071 1830 5110 ex
1883 5055 2065 5126 seipso

491 5159 666 5208 erant.
699 5151 830 5218 Quae
855 5161 909 5206 et
937 5167 1036 5207 nos
1063 5149 1298 5206 scientes
1326 5189 1341 5216 ,
1395 5154 1608 5218 oportet
1641 5157 1701 5203 ut
1728 5149 2066 5220 corrigamus

494 5259 708 5313 semper
737 5243 828 5314 qui
869 5243 1201 5314 negligentes
1229 5250 1391 5309 sunt,
1441 5240 1695 5312 quamvis
1745 5241 1953 5297 nullum
1996 5258 2062 5298 ex

494 5339 726 5395 consilio
757 5347 946 5393 nostro
975 5335 1401 5392 emolumentum
1431 5343 1711 5406 sequatur.

600 5453 644 5485 ³²
678 5453 868 5508 Matth.
890 5468 962 5522 tv,
994 5454 1044 5508 l.
1121 5452 1166 5485 ³³
1193 5449 1380 5509 Iacob.
1411 5469 1450 5519 l,
1482 5451 1567 5505 l5.

567 5608 611 5680 (ξ
625 5609 679 5680 9)
705 5608 906 5680 Confer
931 5577 1405 5680 Chrysostomum.

564 5677 680 5820 $20)
706 5679 904 5733 Confer
928 5677 1404 5749 Chr'ysostomum.

589 5750 680 5820 21)
709 5748 866 5805 Deest
908 5750 1120 5819 ἰαθῆναι
1147 5750 1391 5815 δύναται,

589 5750 680 5820 21)
709 5748 866 5805 Deest
908 5748 1120 5819 ἰαθῆναι
1147 5750 1391 5815 δύναται,
1418 5752 1496 5806 vel
1516 5751 1647 5821 quid
1681 5749 1878 5817 simile,
1911 5759 1965 5806 et
1991 5749 2066 5805 le-

2185 4695 2346 4749 Ἀλλὰ
2375 4694 2628 4765 καθάπερ
2665 4692 2865 4765 νεκρὰς
2905 4690 3078 4754 ἀκοὰς
3115 4689 3453 4761 κεκτημένη,
3491 4687 3748 4759 οὐδεμίαν

2170 4787 2281 4841 ἀπὸ
2330 4787 2433 4858 τῆς
2481 4785 2852 4856 παραινέσεως
2891 4784 3106 4855 δέχεται
3150 4783 3251 4854 τὴν
3304 4781 3602 4851 ὠφέλειαν·
3647 4781 3750 4835 οὐκ

2169 4879 2359 4951 ἐπειδὴ
2406 4879 2480 4950 μὴ
2512 4878 2754 4945 δύναται,
2801 4877 2918 4932 ἀλλ’
2961 4875 3148 4946 ἐπειδὴ
3198 4873 3271 4949 μὴ
3317 4872 3584 4943 βούλεται.
3631 4873 3746 4944 (25)

2170 4969 2340 5024 Τοῦτο
2365 4969 2461 5023 καὶ⁴
2493 4969 2585 5022 ἐπὶ
2611 4968 2703 5022 τοῦ
2742 4967 2910 5022 Ἰούδα
2935 4965 3176 5036 γέγονεν.
3220 4964 3277 5016 '0
3313 4959 3749 5031 εὲΧριαιὸς,καὶ

2170 5063 2346 5117 ταῦτα
2387 5060 2565 5115 πάντα
2593 5059 2878 5133 προειδὼς,
2911 5035 2972 5113 οὐ
3012 5057 3247 5112 διέλιπεν
3289 5055 3350 5120 ὲξ
3379 5053 3554 5126 ἀρχῆς
3586 5053 3750 5129 μέχρι
3804 5035 3822 5096 ἶ

2168 5156 2356 5220 τέλους
2379 5154 2448 5209 τὰ
2476 5157 2607 5228 παρ’
2632 5153 2827 5208 ἑαυτοῦ
2854 5155 3030 5209 πάντα
3058 5149 3515 5222 ἐπιδεικνύμενος.
3551 5150 3618 5202 "A
3651 5147 3746 5202 καὶ

2169 5247 2326 5320 ἡμῶν
2355 5247 2570 5302 εἰδότων
2612 5245 2892 5320 ῥυθμίζειν
2931 5245 3038 5318 χρὴ
3064 5245 3190 5305 τοὺς
3217 5242 3594 5316 ἠμελημένους
3623 5241 3742 5296 δια-

2169 5338 2390 5404 παντὸς,
2414 5333 2514 5395 κᾶν
2539 5337 2702 5411 μηδὲν
2733 5340 2798 5392 ἐκ
2820 5338 2920 5408 τῆς
2943 5335 3252 5409 συμϐουλῆς
3277 5335 3499 5409 γίνηται
3530 5333 3739 5409 κέρδος.

2174 5604 2656 5676 gendum_videtur
2692 5601 2835 5676 οὔτ-ω
2861 5618 2958 5672 pro
2994 5600 3135 5655 οὐτε.

2246 5675 2359 5747 (22)
2395 5673 2558 5747 forte
2591 5672 2858 5747 ᾡτινιοῦν.
3042 5697 3059 5714 ν

2246 5735 2360 5817 (‘23)
2383 5735 2936 5814 Conter.'Chrysost.,
2952 5759 3108 5800 conc.
3133 5743 3186 5811 l,
3202 5741 3268 5796 de
3285 5737 3518 5808 Lazaro,
3543 5753 3585 5808 ι,
3613 5735 3746 5801 7η.
