  <div class='ocr_page' id='page_1' title='image "/cluster/home/n/w/nwhite01/storage/ocr_20150623/10/coo.31924054872894/810.png"; bbox 0 0 4090 6386; ppageno 0'>
   <div class='ocr_carea' id='block_1_1' title="bbox 401 474 534 531">
    <p class='ocr_par' dir='ltr' id='par_1_1' title="bbox 401 474 534 531">
     <span class='ocr_line' id='line_1_1' title="bbox 401 474 534 531; baseline 0.015 -4"><span class='ocrx_word' id='word_1_1' title='bbox 401 474 534 531; x_wconf 79' lang='grc'><strong>1597</strong></span> 
     </span>
    </p>
   </div>
   <div class='ocr_carea' id='block_1_2' title="bbox 1009 701 1402 715">
    <p class='ocr_par' dir='ltr' id='par_1_2' title="bbox 1009 701 1402 715">
     <span class='ocr_line' id='line_1_2' title="bbox 1009 701 1402 715; baseline 0 -1"><span class='ocrx_word' id='word_1_2' title='bbox 1009 701 1402 715; x_wconf 49' lang='lat' dir='ltr'>m</span> 
     </span>
    </p>
   </div>
   <div class='ocr_carea' id='block_1_3' title="bbox 1417 705 1629 717">
    <p class='ocr_par' dir='ltr' id='par_1_3' title="bbox 1417 705 1629 717">
     <span class='ocr_line' id='line_1_3' title="bbox 1417 705 1629 717; baseline 0.005 -1"><span class='ocrx_word' id='word_1_3' title='bbox 1417 705 1629 717; x_wconf 48' lang='grc'>*-</span> 
     </span>
    </p>
   </div>
   <div class='ocr_carea' id='block_1_4' title="bbox 1839 479 2285 534">
    <p class='ocr_par' dir='ltr' id='par_1_4' title="bbox 1839 479 2285 534">
     <span class='ocr_line' id='line_1_4' title="bbox 1839 479 2285 534; baseline 0 -2"><span class='ocrx_word' id='word_1_4' title='bbox 1839 479 2285 534; x_wconf 67' lang='lat' dir='ltr'><strong>FRAGMENTA.</strong></span> 
     </span>
    </p>
   </div>
   <div class='ocr_carea' id='block_1_5' title="bbox 3505 478 3636 534">
    <p class='ocr_par' dir='ltr' id='par_1_5' title="bbox 3505 478 3636 534">
     <span class='ocr_line' id='line_1_5' title="bbox 3505 478 3636 534; baseline 0.023 -3"><span class='ocrx_word' id='word_1_5' title='bbox 3505 478 3636 534; x_wconf 77' lang='grc'><strong>1598</strong></span> 
     </span>
    </p>
   </div>
   <div class='ocr_carea' id='block_1_6' title="bbox 475 844 1956 948">
    <p class='ocr_par' dir='ltr' id='par_1_6' title="bbox 475 844 1877 948">
     <span class='ocr_line' id='line_1_6' title="bbox 475 844 1877 948; baseline 0 0"><span class='ocrx_word' id='word_1_6' title='bbox 475 844 758 948; x_wconf 56' lang='grc'>(21231⁵1⁸,</span> <span class='ocrx_word' id='word_1_7' title='bbox 777 847 1338 948; x_wconf 57' lang='grc' dir='ltr'>ἀέξξῖεξφεέὶἔεέε</span> <span class='ocrx_word' id='word_1_8' title='bbox 1355 849 1877 948; x_wconf 56' lang='grc' dir='ltr'>,τῇςετέίῑξοέεῑοῦ</span> 
     </span>
    </p>
   </div>
   <div class='ocr_carea' id='block_1_7' title="bbox 2057 844 3601 948">
    <p class='ocr_par' dir='ltr' id='par_1_7' title="bbox 2101 853 3601 948">
     <span class='ocr_line' id='line_1_7' title="bbox 2101 853 3601 948; baseline 0 -38"><span class='ocrx_word' id='word_1_9' title='bbox 2101 855 2254 948; x_wconf 46' lang='lat' dir='ltr'><strong>Qufod</strong></span> <span class='ocrx_word' id='word_1_10' title='bbox 2284 873 2387 910; x_wconf 84' lang='lat' dir='ltr'>non</span> <span class='ocrx_word' id='word_1_11' title='bbox 2419 856 2489 909; x_wconf 78' lang='lat' dir='ltr'><strong>sit</strong></span> <span class='ocrx_word' id='word_1_12' title='bbox 2514 855 2720 948; x_wconf 59' lang='lat' dir='ltr'><strong>alienue</strong></span> <span class='ocrx_word' id='word_1_13' title='bbox 2755 854 2928 908; x_wconf 82' lang='lat' dir='ltr'><strong>Filius</strong></span> <span class='ocrx_word' id='word_1_14' title='bbox 2963 863 3218 948; x_wconf 57' lang='lat' dir='ltr'><strong>aLnatura</strong></span> <span class='ocrx_word' id='word_1_15' title='bbox 3240 853 3439 948; x_wconf 47' lang='lat' dir='ltr'><strong>fatri:</strong></span> <span class='ocrx_word' id='word_1_16' title='bbox 3463 895 3479 919; x_wconf 86' lang='lat'><strong>,</strong></span> <span class='ocrx_word' id='word_1_17' title='bbox 3511 854 3601 910; x_wconf 73' lang='lat' dir='ltr'>sed</span> 
     </span>
    </p>
   </div>
   <div class='ocr_carea' id='block_1_8' title="bbox 533 916 1822 991">
    <p class='ocr_par' dir='ltr' id='par_1_8' title="bbox 533 916 1822 991">
     <span class='ocr_line' id='line_1_8' title="bbox 533 916 1822 991; baseline 0.006 -21"><span class='ocrx_word' id='word_1_18' title='bbox 533 916 780 984; x_wconf 82' lang='grc' dir='ltr'>Πατρός,</span> <span class='ocrx_word' id='word_1_19' title='bbox 805 919 942 972; x_wconf 78' lang='grc' dir='ltr'>ἀλλ’</span> <span class='ocrx_word' id='word_1_20' title='bbox 969 919 1240 989; x_wconf 68' lang='grc' dir='ltr'>ὁμοφυής</span> <span class='ocrx_word' id='word_1_21' title='bbox 1263 936 1327 973; x_wconf 84' lang='grc' dir='ltr'>τε</span> <span class='ocrx_word' id='word_1_22' title='bbox 1355 916 1453 974; x_wconf 74' lang='grc' dir='ltr'>καὶ</span> <span class='ocrx_word' id='word_1_23' title='bbox 1482 916 1822 991; x_wconf 52' lang='grc' dir='ltr'>όζιιοούσιος.</span> 
     </span>
    </p>
   </div>
   <div class='ocr_carea' id='block_1_9' title="bbox 712 1030 1639 1088">
    <p class='ocr_par' dir='ltr' id='par_1_9' title="bbox 712 1030 1639 1088">
     <span class='ocr_line' id='line_1_9' title="bbox 712 1030 1639 1088; baseline 0.006 -6"><span class='ocrx_word' id='word_1_24' title='bbox 712 1030 1076 1086; x_wconf 85' lang='grc' dir='ltr'>ΔΙΟΝΥΣΙΟΥ</span> <span class='ocrx_word' id='word_1_25' title='bbox 1108 1033 1639 1088; x_wconf 82' lang='grc' dir='ltr'>ΑΛΕΞΑΝΔΡΕΙΑΣ.</span> 
     </span>
    </p>
   </div>
   <div class='ocr_carea' id='block_1_10' title="bbox 465 1141 1962 1219">
    <p class='ocr_par' dir='ltr' id='par_1_10' title="bbox 465 1141 1962 1219">
     <span class='ocr_line' id='line_1_10' title="bbox 465 1141 1962 1219; baseline 0.004 -23"><span class='ocrx_word' id='word_1_26' title='bbox 465 1141 576 1196; x_wconf 74' lang='grc' dir='ltr'>Καὶ</span> <span class='ocrx_word' id='word_1_27' title='bbox 608 1143 772 1212; x_wconf 81' lang='grc' dir='ltr'>φυτὸν</span> <span class='ocrx_word' id='word_1_28' title='bbox 797 1145 904 1198; x_wconf 85' lang='grc' dir='ltr'>ἀπὸ</span> <span class='ocrx_word' id='word_1_29' title='bbox 933 1144 1084 1217; x_wconf 80' lang='grc' dir='ltr'>ῥίζης</span> <span class='ocrx_word' id='word_1_30' title='bbox 1108 1145 1346 1211; x_wconf 86' lang='grc' dir='ltr'>ἀνελθὸν,</span> <span class='ocrx_word' id='word_1_31' title='bbox 1381 1145 1567 1219; x_wconf 77' lang='grc' dir='ltr'>ἕτερον</span> <span class='ocrx_word' id='word_1_32' title='bbox 1598 1147 1694 1218; x_wconf 86' lang='grc' dir='ltr'>μὲν</span> <span class='ocrx_word' id='word_1_33' title='bbox 1720 1146 1835 1202; x_wconf 82' lang='grc' dir='ltr'>ἔστι</span> <span class='ocrx_word' id='word_1_34' title='bbox 1867 1148 1962 1202; x_wconf 90' lang='grc' dir='ltr'>τοῦ</span> 
     </span>
    </p>
   </div>
   <div class='ocr_carea' id='block_1_11' title="bbox 343 1232 1962 1316">
    <p class='ocr_par' dir='ltr' id='par_1_11' title="bbox 343 1232 1962 1316">
     <span class='ocr_line' id='line_1_11' title="bbox 343 1232 1962 1316; baseline 0.002 -26"><span class='ocrx_word' id='word_1_35' title='bbox 343 1297 364 1316; x_wconf 51' lang='grc'><strong><em>⁸</em></strong></span> <span class='ocrx_word' id='word_1_36' title='bbox 393 1232 515 1290; x_wconf 74' lang='grc' dir='ltr'>ὅθεν</span> <span class='ocrx_word' id='word_1_37' title='bbox 540 1233 889 1305; x_wconf 75' lang='grc' dir='ltr'>ἐϐλάστησεψ</span> <span class='ocrx_word' id='word_1_38' title='bbox 923 1237 1038 1290; x_wconf 76' lang='grc' dir='ltr'>ἐστι</span> <span class='ocrx_word' id='word_1_39' title='bbox 1073 1238 1129 1290; x_wconf 88' lang='grc' dir='ltr'>δὲ</span> <span class='ocrx_word' id='word_1_40' title='bbox 1158 1237 1336 1309; x_wconf 76' lang='grc' dir='ltr'>ἐκείνῃ</span> <span class='ocrx_word' id='word_1_41' title='bbox 1365 1238 1620 1309; x_wconf 85' lang='grc' dir='ltr'>ὁμοφυές.</span> <span class='ocrx_word' id='word_1_42' title='bbox 1654 1240 1764 1293; x_wconf 73' lang='grc' dir='ltr'>Καὶ</span> <span class='ocrx_word' id='word_1_43' title='bbox 1799 1257 1962 1295; x_wconf 88' lang='grc' dir='ltr'>ποτα-</span> 
     </span>
    </p>
   </div>
   <div class='ocr_carea' id='block_1_12' title="bbox 397 1326 1960 1404">
    <p class='ocr_par' dir='ltr' id='par_1_12' title="bbox 397 1326 1960 1404">
     <span class='ocr_line' id='line_1_12' title="bbox 397 1326 1960 1404; baseline 0.004 -26"><span class='ocrx_word' id='word_1_44' title='bbox 397 1326 496 1396; x_wconf 80' lang='grc' dir='ltr'>μὸς</span> <span class='ocrx_word' id='word_1_45' title='bbox 527 1326 634 1379; x_wconf 74' lang='grc' dir='ltr'>ἀπὸ</span> <span class='ocrx_word' id='word_1_46' title='bbox 666 1329 845 1399; x_wconf 77' lang='grc' dir='ltr'>πηγῆς</span> <span class='ocrx_word' id='word_1_47' title='bbox 890 1328 1048 1399; x_wconf 80' lang='grc' dir='ltr'>ρέων,</span> <span class='ocrx_word' id='word_1_48' title='bbox 1091 1328 1278 1401; x_wconf 72' lang='grc' dir='ltr'>ἕτερον</span> <span class='ocrx_word' id='word_1_49' title='bbox 1317 1330 1414 1400; x_wconf 89' lang='grc' dir='ltr'>μὲν</span> <span class='ocrx_word' id='word_1_50' title='bbox 1442 1329 1555 1382; x_wconf 76' lang='grc' dir='ltr'>ἐστι</span> <span class='ocrx_word' id='word_1_51' title='bbox 1600 1331 1731 1402; x_wconf 87' lang='grc' dir='ltr'>παρ’</span> <span class='ocrx_word' id='word_1_52' title='bbox 1772 1332 1960 1404; x_wconf 79' lang='grc' dir='ltr'>αὑτήν.</span> 
     </span>
    </p>
   </div>
   <div class='ocr_carea' id='block_1_13' title="bbox 398 1418 1964 1495">
    <p class='ocr_par' dir='ltr' id='par_1_13' title="bbox 398 1418 1964 1495">
     <span class='ocr_line' id='line_1_13' title="bbox 398 1418 1964 1495; baseline 0.003 -24"><span class='ocrx_word' id='word_1_53' title='bbox 398 1420 552 1490; x_wconf 82' lang='grc' dir='ltr'>Μήτε</span> <span class='ocrx_word' id='word_1_54' title='bbox 575 1418 681 1489; x_wconf 84' lang='grc' dir='ltr'>γάρ</span> <span class='ocrx_word' id='word_1_55' title='bbox 706 1421 946 1491; x_wconf 79' lang='grc' dir='ltr'>ποταμὸν</span> <span class='ocrx_word' id='word_1_56' title='bbox 973 1420 1173 1492; x_wconf 85' lang='grc' dir='ltr'>πηγὴν,</span> <span class='ocrx_word' id='word_1_57' title='bbox 1208 1423 1344 1494; x_wconf 87' lang='grc' dir='ltr'>μήτε</span> <span class='ocrx_word' id='word_1_58' title='bbox 1377 1422 1477 1495; x_wconf 82' lang='grc' dir='ltr'>τὴν</span> <span class='ocrx_word' id='word_1_59' title='bbox 1507 1423 1688 1494; x_wconf 83' lang='grc' dir='ltr'>πηγὴν</span> <span class='ocrx_word' id='word_1_60' title='bbox 1721 1423 1964 1494; x_wconf 86' lang='grc' dir='ltr'>ποταμὸν</span> 
     </span>
    </p>
   </div>
   <div class='ocr_carea' id='block_1_14' title="bbox 391 1509 1962 1586">
    <p class='ocr_par' dir='ltr' id='par_1_14' title="bbox 391 1509 1962 1586">
     <span class='ocr_line' id='line_1_14' title="bbox 391 1509 1962 1586; baseline 0.004 -25"><span class='ocrx_word' id='word_1_61' title='bbox 391 1509 658 1578; x_wconf 81' lang='grc' dir='ltr'>λέγεσθαι’</span> <span class='ocrx_word' id='word_1_62' title='bbox 684 1510 740 1564; x_wconf 81' lang='grc' dir='ltr'>ἒν</span> <span class='ocrx_word' id='word_1_63' title='bbox 760 1511 814 1564; x_wconf 87' lang='grc' dir='ltr'>δὲ</span> <span class='ocrx_word' id='word_1_64' title='bbox 841 1511 1122 1584; x_wconf 81' lang='grc' dir='ltr'>ἀμφότερα</span> <span class='ocrx_word' id='word_1_65' title='bbox 1137 1514 1398 1584; x_wconf 80' lang='grc' dir='ltr'>ὑπάρχειν</span> <span class='ocrx_word' id='word_1_66' title='bbox 1415 1513 1780 1586; x_wconf 81' lang='grc' dir='ltr'>ὁμολογοῦμεν</span> <span class='ocrx_word' id='word_1_67' title='bbox 1800 1513 1962 1586; x_wconf 75' lang='grc' dir='ltr'>[ἔστι]</span> 
     </span>
    </p>
   </div>
   <div class='ocr_carea' id='block_1_15' title="bbox 391 1601 1960 1676">
    <p class='ocr_par' dir='ltr' id='par_1_15' title="bbox 391 1601 1960 1676">
     <span class='ocr_line' id='line_1_15' title="bbox 391 1601 1960 1676; baseline 0.004 -24"><span class='ocrx_word' id='word_1_68' title='bbox 391 1601 529 1654; x_wconf 89' lang='grc' dir='ltr'>κατά</span> <span class='ocrx_word' id='word_1_69' title='bbox 552 1602 650 1674; x_wconf 80' lang='grc' dir='ltr'>τὴν</span> <span class='ocrx_word' id='word_1_70' title='bbox 683 1601 862 1672; x_wconf 89' lang='grc' dir='ltr'>φύσιν,</span> <span class='ocrx_word' id='word_1_71' title='bbox 906 1603 1000 1656; x_wconf 69' lang='grc' dir='ltr'>καὶ</span> <span class='ocrx_word' id='word_1_72' title='bbox 1031 1603 1315 1674; x_wconf 74' lang='grc' dir='ltr'>όμοούσιαο</span> <span class='ocrx_word' id='word_1_73' title='bbox 1353 1606 1447 1658; x_wconf 75' lang='grc' dir='ltr'>καὶ</span> <span class='ocrx_word' id='word_1_74' title='bbox 1491 1604 1591 1676; x_wconf 81' lang='grc' dir='ltr'>τὴν</span> <span class='ocrx_word' id='word_1_75' title='bbox 1627 1605 1724 1675; x_wconf 82' lang='grc' dir='ltr'>μὲν</span> <span class='ocrx_word' id='word_1_76' title='bbox 1758 1603 1960 1676; x_wconf 80' lang='grc' dir='ltr'>πηγὴν,</span> 
     </span>
    </p>
   </div>
   <div class='ocr_carea' id='block_1_16' title="bbox 390 1686 1958 1767">
    <p class='ocr_par' dir='ltr' id='par_1_16' title="bbox 390 1686 1958 1767">
     <span class='ocr_line' id='line_1_16' title="bbox 390 1686 1958 1767; baseline 0.002 -22"><span class='ocrx_word' id='word_1_77' title='bbox 390 1686 550 1746; x_wconf 85' lang='grc' dir='ltr'>οἰονεί</span> <span class='ocrx_word' id='word_1_78' title='bbox 581 1693 794 1766; x_wconf 83' lang='grc' dir='ltr'>πατέρα</span> <span class='ocrx_word' id='word_1_79' title='bbox 821 1693 1078 1758; x_wconf 83' lang='grc' dir='ltr'>νοεῖσθαι,</span> <span class='ocrx_word' id='word_1_80' title='bbox 1103 1694 1194 1748; x_wconf 85' lang='grc' dir='ltr'>τὸν</span> <span class='ocrx_word' id='word_1_81' title='bbox 1225 1695 1282 1748; x_wconf 86' lang='grc' dir='ltr'>δὲ</span> <span class='ocrx_word' id='word_1_82' title='bbox 1325 1696 1568 1767; x_wconf 82' lang='grc' dir='ltr'>ποταμὸν</span> <span class='ocrx_word' id='word_1_83' title='bbox 1594 1691 1754 1762; x_wconf 76' lang='grc' dir='ltr'>εἶναι,</span> <span class='ocrx_word' id='word_1_84' title='bbox 1801 1696 1862 1749; x_wconf 84' lang='grc' dir='ltr'>τὸ</span> <span class='ocrx_word' id='word_1_85' title='bbox 1893 1697 1958 1750; x_wconf 84' lang='grc' dir='ltr'>ὲκ</span> 
     </span>
    </p>
   </div>
   <div class='ocr_carea' id='block_1_17' title="bbox 390 1783 1092 1858">
    <p class='ocr_par' dir='ltr' id='par_1_17' title="bbox 390 1783 1092 1858">
     <span class='ocr_line' id='line_1_17' title="bbox 390 1783 1092 1858; baseline 0.003 -18"><span class='ocrx_word' id='word_1_86' title='bbox 390 1783 490 1855; x_wconf 78' lang='grc' dir='ltr'>τῆς</span> <span class='ocrx_word' id='word_1_87' title='bbox 522 1787 701 1857; x_wconf 79' lang='grc' dir='ltr'>πηγῆς</span> <span class='ocrx_word' id='word_1_88' title='bbox 734 1786 1092 1858; x_wconf 85' lang='grc' dir='ltr'>γεννώμενον.</span> 
     </span>
    </p>
   </div>
   <div class='ocr_carea' id='block_1_18' title="bbox 2381 925 3322 981">
    <p class='ocr_par' dir='ltr' id='par_1_18' title="bbox 2381 925 3322 981">
     <span class='ocr_line' id='line_1_18' title="bbox 2381 925 3322 981; baseline 0.001 -3"><span class='ocrx_word' id='word_1_89' title='bbox 2381 927 2739 980; x_wconf 76' lang='lat' dir='ltr'><strong>eounaturalis</strong></span> <span class='ocrx_word' id='word_1_90' title='bbox 2761 936 2809 980; x_wconf 83' lang='lat' dir='ltr'>et</span> <span class='ocrx_word' id='word_1_91' title='bbox 2839 925 3322 981; x_wconf 77' lang='lat' dir='ltr'><strong>consubstantialis.</strong></span> 
     </span>
    </p>
   </div>
   <div class='ocr_carea' id='block_1_19' title="bbox 2365 1033 3265 1111">
    <p class='ocr_par' dir='ltr' id='par_1_19' title="bbox 2365 1033 3265 1111">
     <span class='ocr_line' id='line_1_19' title="bbox 2365 1033 3265 1111; baseline 0 -23"><span class='ocrx_word' id='word_1_92' title='bbox 2365 1104 2374 1111; x_wconf 30' lang='grc' dir='ltr'>ι</span> <span class='ocrx_word' id='word_1_93' title='bbox 2439 1033 2742 1090; x_wconf 83' lang='lat' dir='ltr'>DIONYSII</span> <span class='ocrx_word' id='word_1_94' title='bbox 2778 1033 3265 1091; x_wconf 78' lang='lat' dir='ltr'>ALEXANDRINI.</span> 
     </span>
    </p>
   </div>
   <div class='ocr_carea' id='block_1_20' title="bbox 2141 1147 3641 1221">
    <p class='ocr_par' dir='ltr' id='par_1_20' title="bbox 2141 1147 3641 1221">
     <span class='ocr_line' id='line_1_20' title="bbox 2141 1147 3641 1221; baseline 0.001 -18"><span class='ocrx_word' id='word_1_95' title='bbox 2141 1147 2338 1205; x_wconf 83' lang='lat' dir='ltr'><strong>Planta</strong></span> <span class='ocrx_word' id='word_1_96' title='bbox 2365 1165 2433 1205; x_wconf 80' lang='lat' dir='ltr'><strong>ex</strong></span> <span class='ocrx_word' id='word_1_97' title='bbox 2463 1149 2646 1205; x_wconf 85' lang='lat' dir='ltr'>radice</span> <span class='ocrx_word' id='word_1_98' title='bbox 2677 1150 3011 1221; x_wconf 79' lang='lat' dir='ltr'>germinans,</span> <span class='ocrx_word' id='word_1_99' title='bbox 3046 1151 3152 1206; x_wconf 84' lang='lat' dir='ltr'><strong>alia</strong></span> <span class='ocrx_word' id='word_1_100' title='bbox 3185 1150 3402 1221; x_wconf 88' lang='lat' dir='ltr'>quidem</span> <span class='ocrx_word' id='word_1_101' title='bbox 3453 1158 3534 1206; x_wconf 87' lang='lat' dir='ltr'><strong>est</strong></span> <span class='ocrx_word' id='word_1_102' title='bbox 3571 1148 3641 1204; x_wconf 89' lang='lat' dir='ltr'><strong>ab</strong></span> 
     </span>
    </p>
   </div>
   <div class='ocr_carea' id='block_1_21' title="bbox 2057 1235 3637 1310">
    <p class='ocr_par' dir='ltr' id='par_1_21' title="bbox 2057 1235 3637 1310">
     <span class='ocr_line' id='line_1_21' title="bbox 2057 1235 3637 1310; baseline 0.003 -21"><span class='ocrx_word' id='word_1_103' title='bbox 2057 1250 2136 1310; x_wconf 42' lang='grc' dir='ltr'>ὲ(ιο</span> <span class='ocrx_word' id='word_1_104' title='bbox 2169 1235 2314 1291; x_wconf 89' lang='lat' dir='ltr'><strong>unde</strong></span> <span class='ocrx_word' id='word_1_105' title='bbox 2372 1237 2698 1307; x_wconf 77' lang='lat' dir='ltr'>germinavit</span> <span class='ocrx_word' id='word_1_106' title='bbox 2729 1279 2745 1304; x_wconf 92' lang='lat'><strong><em>,</em></strong></span> <span class='ocrx_word' id='word_1_107' title='bbox 2800 1245 2883 1293; x_wconf 89' lang='lat' dir='ltr'><strong>est</strong></span> <span class='ocrx_word' id='word_1_108' title='bbox 2915 1247 3096 1294; x_wconf 84' lang='lat' dir='ltr'><strong>tamen</strong></span> <span class='ocrx_word' id='word_1_109' title='bbox 3125 1240 3202 1294; x_wconf 89' lang='lat' dir='ltr'><strong>illi</strong></span> <span class='ocrx_word' id='word_1_110' title='bbox 3245 1239 3637 1294; x_wconf 85' lang='lat' dir='ltr'><strong>connaturalis.</strong></span> 
     </span>
    </p>
   </div>
   <div class='ocr_carea' id='block_1_22' title="bbox 2059 1325 3641 1397">
    <p class='ocr_par' dir='ltr' id='par_1_22' title="bbox 2059 1325 3641 1397">
     <span class='ocr_line' id='line_1_22' title="bbox 2059 1325 3641 1397; baseline 0.003 -19"><span class='ocrx_word' id='word_1_111' title='bbox 2059 1325 2294 1387; x_wconf 76' lang='lat' dir='ltr'><strong>,Fluvius</strong></span> <span class='ocrx_word' id='word_1_112' title='bbox 2321 1325 2450 1381; x_wconf 88' lang='lat' dir='ltr'><strong>item</strong></span> <span class='ocrx_word' id='word_1_113' title='bbox 2482 1343 2511 1381; x_wconf 85' lang='lat' dir='ltr'>a</span> <span class='ocrx_word' id='word_1_114' title='bbox 2543 1325 2695 1382; x_wconf 80' lang='lat' dir='ltr'><strong>fonte</strong></span> <span class='ocrx_word' id='word_1_115' title='bbox 2722 1326 2918 1394; x_wconf 88' lang='lat' dir='ltr'><strong>ﬂuens,</strong></span> <span class='ocrx_word' id='word_1_116' title='bbox 2944 1327 3088 1383; x_wconf 86' lang='lat' dir='ltr'><strong>aliud</strong></span> <span class='ocrx_word' id='word_1_117' title='bbox 3121 1337 3206 1384; x_wconf 84' lang='lat' dir='ltr'><strong>est</strong></span> <span class='ocrx_word' id='word_1_118' title='bbox 3234 1328 3302 1384; x_wconf 86' lang='lat' dir='ltr'>ab</span> <span class='ocrx_word' id='word_1_119' title='bbox 3331 1343 3417 1383; x_wconf 89' lang='lat' dir='ltr'>eo.</span> <span class='ocrx_word' id='word_1_120' title='bbox 3453 1326 3641 1397; x_wconf 85' lang='lat' dir='ltr'><strong>Neque</strong></span> 
     </span>
    </p>
   </div>
   <div class='ocr_carea' id='block_1_23' title="bbox 2065 1417 3638 1490">
    <p class='ocr_par' dir='ltr' id='par_1_23' title="bbox 2065 1417 3638 1490">
     <span class='ocr_line' id='line_1_23' title="bbox 2065 1417 3638 1490; baseline 0.002 -19"><span class='ocrx_word' id='word_1_121' title='bbox 2065 1417 2209 1472; x_wconf 91' lang='lat' dir='ltr'><strong>enim</strong></span> <span class='ocrx_word' id='word_1_122' title='bbox 2265 1418 2489 1473; x_wconf 89' lang='lat' dir='ltr'><strong>ﬂuvium</strong></span> <span class='ocrx_word' id='word_1_123' title='bbox 2538 1418 2762 1485; x_wconf 79' lang='lat' dir='ltr'><strong>fontem,</strong></span> <span class='ocrx_word' id='word_1_124' title='bbox 2814 1435 2990 1490; x_wconf 88' lang='lat' dir='ltr'><strong>neque</strong></span> <span class='ocrx_word' id='word_1_125' title='bbox 3040 1419 3248 1476; x_wconf 80' lang='lat' dir='ltr'><strong>fontem</strong></span> <span class='ocrx_word' id='word_1_126' title='bbox 3296 1420 3638 1475; x_wconf 88' lang='lat' dir='ltr'><strong>ﬂuviumdici</strong></span> 
     </span>
    </p>
   </div>
   <div class='ocr_carea' id='block_1_24' title="bbox 2068 1509 3641 1581">
    <p class='ocr_par' dir='ltr' id='par_1_24' title="bbox 2068 1509 3641 1581">
     <span class='ocr_line' id='line_1_24' title="bbox 2068 1509 3641 1581; baseline 0.001 -19"><span class='ocrx_word' id='word_1_127' title='bbox 2068 1509 2150 1564; x_wconf 82' lang='lat' dir='ltr'><strong>fas</strong></span> <span class='ocrx_word' id='word_1_128' title='bbox 2169 1518 2271 1564; x_wconf 86' lang='lat' dir='ltr'><strong>est.</strong></span> <span class='ocrx_word' id='word_1_129' title='bbox 2305 1510 2486 1566; x_wconf 90' lang='lat' dir='ltr'><strong>Unum</strong></span> <span class='ocrx_word' id='word_1_130' title='bbox 2521 1526 2650 1565; x_wconf 82' lang='lat' dir='ltr'><strong>vero</strong></span> <span class='ocrx_word' id='word_1_131' title='bbox 2679 1520 2909 1581; x_wconf 78' lang='lat' dir='ltr'><strong>utraque</strong></span> <span class='ocrx_word' id='word_1_132' title='bbox 2942 1526 3062 1566; x_wconf 88' lang='lat' dir='ltr'><strong>esse</strong></span> <span class='ocrx_word' id='word_1_133' title='bbox 3090 1513 3414 1567; x_wconf 85' lang='lat' dir='ltr'><strong>conﬁtemur</strong></span> <span class='ocrx_word' id='word_1_134' title='bbox 3443 1527 3641 1568; x_wconf 83' lang='lat' dir='ltr'><strong>secun-</strong></span> 
     </span>
    </p>
   </div>
   <div class='ocr_carea' id='block_1_25' title="bbox 2068 1600 3639 1673">
    <p class='ocr_par' dir='ltr' id='par_1_25' title="bbox 2068 1600 3639 1673">
     <span class='ocr_line' id='line_1_25' title="bbox 2068 1600 3639 1673; baseline -0.001 -17"><span class='ocrx_word' id='word_1_135' title='bbox 2068 1601 2199 1656; x_wconf 89' lang='lat' dir='ltr'>dum</span> <span class='ocrx_word' id='word_1_136' title='bbox 2227 1611 2500 1667; x_wconf 85' lang='lat' dir='ltr'><strong>naturam,</strong></span> <span class='ocrx_word' id='word_1_137' title='bbox 2529 1612 2583 1656; x_wconf 83' lang='lat' dir='ltr'>et</span> <span class='ocrx_word' id='word_1_138' title='bbox 2599 1602 3083 1658; x_wconf 66' lang='lat' dir='ltr'><strong>consulistanlialia</strong></span> <span class='ocrx_word' id='word_1_139' title='bbox 3108 1601 3454 1673; x_wconf 87' lang='lat' dir='ltr'><strong>:fontemque</strong></span> <span class='ocrx_word' id='word_1_140' title='bbox 3477 1600 3639 1673; x_wconf 86' lang='lat' dir='ltr'><strong>quasi</strong></span> 
     </span>
    </p>
   </div>
   <div class='ocr_carea' id='block_1_26' title="bbox 2070 1691 3640 1763">
    <p class='ocr_par' dir='ltr' id='par_1_26' title="bbox 2070 1691 3640 1763">
     <span class='ocr_line' id='line_1_26' title="bbox 2070 1691 3640 1763; baseline 0.001 -18"><span class='ocrx_word' id='word_1_141' title='bbox 2070 1701 2281 1761; x_wconf 86' lang='lat' dir='ltr'><strong>patrem</strong></span> <span class='ocrx_word' id='word_1_142' title='bbox 2312 1704 2494 1747; x_wconf 81' lang='lat' dir='ltr'><strong>mente</strong></span> <span class='ocrx_word' id='word_1_143' title='bbox 2529 1692 2767 1762; x_wconf 86' lang='lat' dir='ltr'><strong>concipi,</strong></span> <span class='ocrx_word' id='word_1_144' title='bbox 2799 1691 3024 1748; x_wconf 87' lang='lat' dir='ltr'><strong>ﬂuvium</strong></span> <span class='ocrx_word' id='word_1_145' title='bbox 3056 1708 3184 1749; x_wconf 82' lang='lat' dir='ltr'><strong>vero</strong></span> <span class='ocrx_word' id='word_1_146' title='bbox 3226 1709 3348 1750; x_wconf 86' lang='lat' dir='ltr'><strong>esse</strong></span> <span class='ocrx_word' id='word_1_147' title='bbox 3377 1691 3522 1763; x_wconf 85' lang='lat' dir='ltr'><strong>quod</strong></span> <span class='ocrx_word' id='word_1_148' title='bbox 3570 1705 3640 1747; x_wconf 75' lang='lat' dir='ltr'><strong>ex</strong></span> 
     </span>
    </p>
   </div>
   <div class='ocr_carea' id='block_1_27' title="bbox 2069 1784 2503 1842">
    <p class='ocr_par' dir='ltr' id='par_1_27' title="bbox 2069 1784 2503 1842">
     <span class='ocr_line' id='line_1_27' title="bbox 2069 1784 2503 1842; baseline 0.009 -4"><span class='ocrx_word' id='word_1_149' title='bbox 2069 1784 2218 1840; x_wconf 81' lang='lat' dir='ltr'><strong>fonte</strong></span> <span class='ocrx_word' id='word_1_150' title='bbox 2238 1787 2503 1842; x_wconf 84' lang='lat' dir='ltr'><strong>nascitur.</strong></span> 
     </span>
    </p>
   </div>
   <div class='ocr_carea' id='block_1_28' title="bbox 463 1896 3636 1974">
    <p class='ocr_par' dir='ltr' id='par_1_28' title="bbox 463 1896 3636 1974">
     <span class='ocr_line' id='line_1_28' title="bbox 463 1896 3636 1974; baseline -0 -23"><span class='ocrx_word' id='word_1_151' title='bbox 463 1898 582 1974; x_wconf 50' lang='lat' dir='ltr'>(2Q</span> <span class='ocrx_word' id='word_1_152' title='bbox 603 1897 682 1952; x_wconf 80' lang='lat' dir='ltr'>Ex</span> <span class='ocrx_word' id='word_1_153' title='bbox 713 1899 970 1971; x_wconf 83' lang='lat' dir='ltr'><strong>Panoplia</strong></span> <span class='ocrx_word' id='word_1_154' title='bbox 996 1899 1270 1971; x_wconf 83' lang='lat' dir='ltr'><strong>Euthymii</strong></span> <span class='ocrx_word' id='word_1_155' title='bbox 1317 1901 1576 1974; x_wconf 72' lang='lat' dir='ltr'><strong>Zigabeni</strong></span> <span class='ocrx_word' id='word_1_156' title='bbox 1610 1901 1665 1956; x_wconf 93' lang='lat' dir='ltr'>in</span> <span class='ocrx_word' id='word_1_157' title='bbox 1707 1902 1829 1958; x_wconf 90' lang='lat' dir='ltr'><strong>cod.</strong></span> <span class='ocrx_word' id='word_1_158' title='bbox 1855 1916 1960 1956; x_wconf 88' lang='lat' dir='ltr'><strong>ms.</strong></span> <span class='ocrx_word' id='word_1_159' title='bbox 2003 1915 2097 1954; x_wconf 70' lang='grc' dir='ltr'>ιιι</span> <span class='ocrx_word' id='word_1_160' title='bbox 2149 1898 2409 1956; x_wconf 65' lang='grc' dir='ltr'>Νεηίειιω</span> <span class='ocrx_word' id='word_1_161' title='bbox 2457 1899 2704 1956; x_wconf 86' lang='lat' dir='ltr'><strong>biblioth.</strong></span> <span class='ocrx_word' id='word_1_162' title='bbox 2737 1896 2936 1954; x_wconf 72' lang='lat' dir='ltr'><strong>Confer</strong></span> <span class='ocrx_word' id='word_1_163' title='bbox 2980 1908 3178 1955; x_wconf 73' lang='lat' dir='ltr'><strong>nostra:</strong></span> <span class='ocrx_word' id='word_1_164' title='bbox 3211 1898 3350 1955; x_wconf 83' lang='lat' dir='ltr'><strong>Bibl.</strong></span> <span class='ocrx_word' id='word_1_165' title='bbox 3381 1908 3510 1954; x_wconf 87' lang='lat' dir='ltr'><strong>tom.</strong></span> <span class='ocrx_word' id='word_1_166' title='bbox 3543 1897 3636 1966; x_wconf 82' lang='lat' dir='ltr'><strong>Ill,</strong></span> 
     </span>
    </p>
   </div>
   <div class='ocr_carea' id='block_1_29' title="bbox 391 1969 682 2038">
    <p class='ocr_par' dir='ltr' id='par_1_29' title="bbox 391 1969 682 2038">
     <span class='ocr_line' id='line_1_29' title="bbox 391 1969 682 2038; baseline 0.003 -15"><span class='ocrx_word' id='word_1_167' title='bbox 391 1983 450 2038; x_wconf 86' lang='lat' dir='ltr'>p.</span> <span class='ocrx_word' id='word_1_168' title='bbox 479 1969 605 2035; x_wconf 70' lang='lat'><strong>497,</strong></span> <span class='ocrx_word' id='word_1_169' title='bbox 633 1983 682 2024; x_wconf 69' lang='grc' dir='ltr'>ε.</span> 
     </span>
    </p>
   </div>
   <div class='ocr_carea' id='block_1_30' title="bbox 3419 2167 3610 2182">
    <p class='ocr_par' dir='ltr' id='par_1_30' title="bbox 3419 2167 3610 2182">
     <span class='ocr_line' id='line_1_30' title="bbox 3419 2167 3610 2182; baseline 0.005 -5"><span class='ocrx_word' id='word_1_170' title='bbox 3419 2167 3610 2182; x_wconf 64' lang='lat'><strong>—</strong></span> 
     </span>
    </p>
   </div>
   <div class='ocr_carea' id='block_1_31' title="bbox 484 2305 3634 2396">
    <p class='ocr_par' dir='ltr' id='par_1_31' title="bbox 484 2305 3634 2396">
     <span class='ocr_line' id='line_1_31' title="bbox 484 2305 3634 2396; baseline -0.003 -19"><span class='ocrx_word' id='word_1_171' title='bbox 484 2317 924 2396; x_wconf 77' lang='lat' dir='ltr'><strong>Fragmentum</strong></span> <span class='ocrx_word' id='word_1_172' title='bbox 955 2317 1250 2396; x_wconf 77' lang='lat' dir='ltr'>Dionysii</span> <span class='ocrx_word' id='word_1_173' title='bbox 1279 2315 1708 2396; x_wconf 62' lang='lat' dir='ltr'><strong>Alexandrini</strong></span> <span class='ocrx_word' id='word_1_174' title='bbox 1737 2313 1933 2376; x_wconf 72' lang='lat' dir='ltr'><strong>multo</strong></span> <span class='ocrx_word' id='word_1_175' title='bbox 1972 2313 2232 2396; x_wconf 64' lang='lat' dir='ltr'><strong>longiue</strong></span> <span class='ocrx_word' id='word_1_176' title='bbox 2265 2319 2320 2372; x_wconf 90' lang='lat' dir='ltr'>et</span> <span class='ocrx_word' id='word_1_177' title='bbox 2347 2311 2598 2396; x_wconf 69' lang='lat' dir='ltr'><strong>plenius</strong></span> <span class='ocrx_word' id='word_1_178' title='bbox 2635 2318 2936 2396; x_wconf 53' lang='lat' dir='ltr'><strong>quainfst</strong></span> <span class='ocrx_word' id='word_1_179' title='bbox 2964 2310 3175 2396; x_wconf 58' lang='lat' dir='ltr'><strong>Greece</strong></span> <span class='ocrx_word' id='word_1_180' title='bbox 3207 2309 3276 2396; x_wconf 59' lang='lat' dir='ltr'>in</span> <span class='ocrx_word' id='word_1_181' title='bbox 3308 2305 3634 2396; x_wconf 71' lang='lat' dir='ltr'><strong>Gallandii</strong></span> 
     </span>
    </p>
   </div>
   <div class='ocr_carea' id='block_1_32' title="bbox 390 2386 3637 2475">
    <p class='ocr_par' dir='ltr' id='par_1_32' title="bbox 390 2386 3637 2475">
     <span class='ocr_line' id='line_1_32' title="bbox 390 2386 3637 2475; baseline -0.003 -18"><span class='ocrx_word' id='word_1_182' title='bbox 390 2386 776 2470; x_wconf 59' lang='lat' dir='ltr'><strong>Bibliotheca</strong></span> <span class='ocrx_word' id='word_1_183' title='bbox 807 2403 853 2457; x_wconf 90' lang='lat' dir='ltr'>t.</span> <span class='ocrx_word' id='word_1_184' title='bbox 884 2396 1054 2471; x_wconf 81' lang='lat' dir='ltr'>XIV,</span> <span class='ocrx_word' id='word_1_185' title='bbox 1078 2386 1348 2474; x_wconf 60' lang='lat' dir='ltr'><strong>afapend.</strong></span> <span class='ocrx_word' id='word_1_186' title='bbox 1377 2413 1446 2474; x_wconf 78' lang='grc' dir='ltr'>ρ.</span> <span class='ocrx_word' id='word_1_187' title='bbox 1480 2397 1598 2456; x_wconf 83' lang='grc'>115</span> <span class='ocrx_word' id='word_1_188' title='bbox 1625 2396 1871 2475; x_wconf 67' lang='lat' dir='ltr'><strong>(supra,</strong></span> <span class='ocrx_word' id='word_1_189' title='bbox 1906 2392 2048 2475; x_wconf 86' lang='lat' dir='ltr'><strong>col._</strong></span> <span class='ocrx_word' id='word_1_190' title='bbox 2065 2386 2782 2475; x_wconf 55' lang='lat' dir='ltr'>f589),_et&#39;_Lat_ineapud</span> <span class='ocrx_word' id='word_1_191' title='bbox 2813 2387 3354 2475; x_wconf 44' lang='grc' dir='ltr'>(Σπαρτιάτῃ-ραι.</span> <span class='ocrx_word' id='word_1_192' title='bbox 3387 2388 3456 2475; x_wconf 80' lang='lat' dir='ltr'>in</span> <span class='ocrx_word' id='word_1_193' title='bbox 3481 2386 3637 2447; x_wconf 85' lang='lat' dir='ltr'><strong>Luc.</strong></span> 
     </span>
    </p>
   </div>
   <div class='ocr_carea' id='block_1_33' title="bbox 388 2465 3636 2554">
    <p class='ocr_par' dir='ltr' id='par_1_33' title="bbox 388 2465 3636 2554">
     <span class='ocr_line' id='line_1_33' title="bbox 388 2465 3636 2554; baseline -0.003 -20"><span class='ocrx_word' id='word_1_194' title='bbox 388 2493 527 2552; x_wconf 86' lang='lat' dir='ltr'><strong>cap.</strong></span> <span class='ocrx_word' id='word_1_195' title='bbox 583 2465 737 2544; x_wconf 68' lang='lat' dir='ltr'>nu,</span> <span class='ocrx_word' id='word_1_196' title='bbox 798 2475 898 2546; x_wconf 49' lang='lat'>1‘2,</span> <span class='ocrx_word' id='word_1_197' title='bbox 945 2465 1230 2554; x_wconf 47' lang='lat' dir='ltr'><strong>seq&#39;.,&#39;n&#39;ec</strong></span> <span class='ocrx_word' id='word_1_198' title='bbox 1281 2465 1986 2554; x_wconf 10' lang='lat' dir='ltr'><strong>non_iapud‘Catenam_</strong></span> <span class='ocrx_word' id='word_1_199' title='bbox 2008 2465 2393 2554; x_wconf 57' lang='lat' dir='ltr'><strong>Lalin_.&#39;divi</strong></span> <span class='ocrx_word' id='word_1_200' title='bbox 2428 2465 2676 2530; x_wconf 62' lang='lat' dir='ltr'><strong>Thamar</strong></span> <span class='ocrx_word' id='word_1_201' title='bbox 2705 2468 2828 2530; x_wconf 86' lang='lat' dir='ltr'><strong>loc.</strong></span> <span class='ocrx_word' id='word_1_202' title='bbox 2889 2467 3002 2527; x_wconf 84' lang='lat' dir='ltr'><strong>cit.</strong></span> <span class='ocrx_word' id='word_1_203' title='bbox 3036 2468 3116 2528; x_wconf 91' lang='lat' dir='ltr'><strong>In</strong></span> <span class='ocrx_word' id='word_1_204' title='bbox 3151 2465 3282 2527; x_wconf 83' lang='lat' dir='ltr'><strong>illis</strong></span> <span class='ocrx_word' id='word_1_205' title='bbox 3336 2467 3636 2544; x_wconf 81' lang='lat' dir='ltr'><strong>enimper</strong></span> 
     </span>
    </p>
   </div>
   <div class='ocr_carea' id='block_1_34' title="bbox 388 2550 2310 2631">
    <p class='ocr_par' dir='ltr' id='par_1_34' title="bbox 388 2550 2310 2631">
     <span class='ocr_line' id='line_1_34' title="bbox 388 2550 2310 2631; baseline -0.001 -20"><span class='ocrx_word' id='word_1_206' title='bbox 388 2550 700 2631; x_wconf 68' lang='lat' dir='ltr'><strong>excerpta,</strong></span> <span class='ocrx_word' id='word_1_207' title='bbox 741 2553 807 2613; x_wconf 86' lang='lat' dir='ltr'>in</span> <span class='ocrx_word' id='word_1_208' title='bbox 833 2550 1053 2614; x_wconf 66' lang='grc' dir='ltr'>ποθεν-ὸ</span> <span class='ocrx_word' id='word_1_209' title='bbox 1090 2561 1290 2614; x_wconf 89' lang='lat' dir='ltr'><strong>autem</strong></span> <span class='ocrx_word' id='word_1_210' title='bbox 1317 2550 1528 2614; x_wconf 75' lang='lat' dir='ltr'><strong>codice</strong></span> <span class='ocrx_word' id='word_1_211' title='bbox 1552 2553 1790 2631; x_wconf 81' lang='lat' dir='ltr'><strong>integer</strong></span> <span class='ocrx_word' id='word_1_212' title='bbox 1827 2558 1914 2612; x_wconf 81' lang='lat' dir='ltr'><strong>est</strong></span> <span class='ocrx_word' id='word_1_213' title='bbox 1942 2550 2310 2628; x_wconf 81' lang='lat' dir='ltr'><strong>Dionysius.</strong></span> 
     </span>
    </p>
   </div>
   <div class='ocr_carea' id='block_1_35' title="bbox 858 2709 1956 2789">
    <p class='ocr_par' dir='ltr' id='par_1_35' title="bbox 858 2715 1956 2789">
     <span class='ocr_line' id='line_1_35' title="bbox 858 2715 1956 2789; baseline -0.001 -19"><span class='ocrx_word' id='word_1_214' title='bbox 858 2719 884 2789; x_wconf 18' lang='grc' dir='ltr'>η(</span> <span class='ocrx_word' id='word_1_215' title='bbox 908 2715 984 2772; x_wconf 83' lang='lat' dir='ltr'>Ex</span> <span class='ocrx_word' id='word_1_216' title='bbox 1017 2717 1204 2773; x_wconf 88' lang='lat' dir='ltr'><strong>codice</strong></span> <span class='ocrx_word' id='word_1_217' title='bbox 1232 2715 1354 2772; x_wconf 79' lang='lat' dir='ltr'><strong>Vat.</strong></span> <span class='ocrx_word' id='word_1_218' title='bbox 1395 2715 1554 2784; x_wconf 88' lang='grc'><strong>1611,</strong></span> <span class='ocrx_word' id='word_1_219' title='bbox 1593 2715 1688 2770; x_wconf 83' lang='lat' dir='ltr'><strong>fol.</strong></span> <span class='ocrx_word' id='word_1_220' title='bbox 1715 2715 1843 2781; x_wconf 73' lang='grc'><strong>291,</strong></span> <span class='ocrx_word' id='word_1_221' title='bbox 1875 2715 1956 2772; x_wconf 69' lang='lat' dir='ltr'><strong>ubi</strong></span> 
     </span>
    </p>
   </div>
   <div class='ocr_carea' id='block_1_36' title="bbox 2057 2709 3166 2789">
    <p class='ocr_par' dir='ltr' id='par_1_36' title="bbox 2062 2709 3166 2787">
     <span class='ocr_line' id='line_1_36' title="bbox 2062 2709 3166 2787; baseline -0.006 -17"><span class='ocrx_word' id='word_1_222' title='bbox 2062 2730 2200 2787; x_wconf 80' lang='lat' dir='ltr'><strong>agna</strong></span> <span class='ocrx_word' id='word_1_223' title='bbox 2230 2713 2431 2769; x_wconf 70' lang='lat' dir='ltr'><strong>Niceta:</strong></span> <span class='ocrx_word' id='word_1_224' title='bbox 2458 2712 2661 2768; x_wconf 87' lang='lat' dir='ltr'><strong>Catena</strong></span> <span class='ocrx_word' id='word_1_225' title='bbox 2696 2712 2750 2766; x_wconf 93' lang='lat' dir='ltr'>in</span> <span class='ocrx_word' id='word_1_226' title='bbox 2779 2709 2982 2768; x_wconf 90' lang='lat' dir='ltr'><strong>Lucam</strong></span> <span class='ocrx_word' id='word_1_227' title='bbox 3014 2710 3115 2782; x_wconf 92' lang='grc'><strong>(1).</strong></span> <span class='ocrx_word' id='word_1_228' title='bbox 3147 2710 3166 2781; x_wconf 96' lang='grc'>)</span> 
     </span>
    </p>
   </div>
   <div class='ocr_carea' id='block_1_37' title="bbox 468 2843 3646 2934">
    <p class='ocr_par' dir='ltr' id='par_1_37' title="bbox 468 2843 3646 2934">
     <span class='ocr_line' id='line_1_37' title="bbox 468 2843 3646 2934; baseline -0.002 -19"><span class='ocrx_word' id='word_1_229' title='bbox 468 2861 630 2915; x_wconf 82' lang='grc' dir='ltr'>Ἀλλά</span> <span class='ocrx_word' id='word_1_230' title='bbox 678 2861 850 2916; x_wconf 84' lang='grc' dir='ltr'>ταῦτα</span> <span class='ocrx_word' id='word_1_231' title='bbox 896 2863 994 2933; x_wconf 83' lang='grc' dir='ltr'>μὲν</span> <span class='ocrx_word' id='word_1_232' title='bbox 1031 2861 1270 2933; x_wconf 78' lang='grc' dir='ltr'>εἰρήσθω</span> <span class='ocrx_word' id='word_1_233' title='bbox 1308 2862 1438 2934; x_wconf 83' lang='grc' dir='ltr'>περί</span> <span class='ocrx_word' id='word_1_234' title='bbox 1473 2861 1568 2915; x_wconf 90' lang='grc' dir='ltr'>τοῦ</span> <span class='ocrx_word' id='word_1_235' title='bbox 1613 2860 1917 2933; x_wconf 88' lang='grc' dir='ltr'>θελήματος</span> <span class='ocrx_word' id='word_1_236' title='bbox 1939 2878 1952 2891; x_wconf 90' lang='grc'><strong>·</strong></span> <span class='ocrx_word' id='word_1_237' title='bbox 1987 2871 2028 2926; x_wconf 82' lang='grc' dir='ltr'><strong>Β</strong></span> <span class='ocrx_word' id='word_1_238' title='bbox 2055 2860 2248 2926; x_wconf 87' lang='grc' dir='ltr'>ελθεῖν,</span> <span class='ocrx_word' id='word_1_239' title='bbox 2295 2860 2410 2915; x_wconf 81' lang='grc' dir='ltr'>ἀλλ’</span> <span class='ocrx_word' id='word_1_240' title='bbox 2435 2861 2690 2931; x_wconf 82' lang='grc' dir='ltr'>ὑπεράνω</span> <span class='ocrx_word' id='word_1_241' title='bbox 2723 2857 2817 2912; x_wconf 91' lang='grc' dir='ltr'>τοῦ</span> <span class='ocrx_word' id='word_1_242' title='bbox 2849 2856 3162 2929; x_wconf 81' lang='grc' dir='ltr'>πειρασμοῦ</span> <span class='ocrx_word' id='word_1_243' title='bbox 3204 2858 3299 2912; x_wconf 77' lang='grc' dir='ltr'>καί</span> <span class='ocrx_word' id='word_1_244' title='bbox 3330 2856 3443 2927; x_wconf 85' lang='grc' dir='ltr'>μετ’</span> <span class='ocrx_word' id='word_1_245' title='bbox 3468 2843 3646 2910; x_wconf 71' lang='grc' dir='ltr'>αὐτὸν</span> 
     </span>
    </p>
   </div>
   <div class='ocr_carea' id='block_1_38' title="bbox 381 2951 1962 3026">
    <p class='ocr_par' dir='ltr' id='par_1_38' title="bbox 381 2951 1962 3026">
     <span class='ocr_line' id='line_1_38' title="bbox 381 2951 1962 3026; baseline 0.001 -21"><span class='ocrx_word' id='word_1_246' title='bbox 381 2952 444 3008; x_wconf 87' lang='grc' dir='ltr'>τό</span> <span class='ocrx_word' id='word_1_247' title='bbox 473 2971 536 3022; x_wconf 91' lang='grc' dir='ltr'>γε</span> <span class='ocrx_word' id='word_1_248' title='bbox 573 2953 670 3025; x_wconf 87' lang='grc' dir='ltr'>μὲν</span> <span class='ocrx_word' id='word_1_249' title='bbox 691 2952 1035 3022; x_wconf 75' lang='grc' dir='ltr'>Παρελθέτω</span> <span class='ocrx_word' id='word_1_250' title='bbox 1061 2953 1130 3007; x_wconf 83' lang='grc' dir='ltr'>τὸ</span> <span class='ocrx_word' id='word_1_251' title='bbox 1160 2953 1468 3022; x_wconf 77' lang='grc' dir='ltr'>ποτήριον,</span> <span class='ocrx_word' id='word_1_252' title='bbox 1511 2954 1613 3008; x_wconf 83' lang='grc' dir='ltr'>οὐκ</span> <span class='ocrx_word' id='word_1_253' title='bbox 1655 2953 1770 3007; x_wconf 78' lang='grc' dir='ltr'>ἐστι</span> <span class='ocrx_word' id='word_1_254' title='bbox 1805 2951 1962 3026; x_wconf 37' lang='grc' dir='ltr'>μηδὲ</span> 
     </span>
    </p>
   </div>
   <div class='ocr_carea' id='block_1_39' title="bbox 381 3044 1960 3118">
    <p class='ocr_par' dir='ltr' id='par_1_39' title="bbox 381 3044 1960 3118">
     <span class='ocr_line' id='line_1_39' title="bbox 381 3044 1960 3118; baseline 0.003 -22"><span class='ocrx_word' id='word_1_255' title='bbox 381 3044 724 3118; x_wconf 76' lang='grc' dir='ltr'>προσελθέτω</span> <span class='ocrx_word' id='word_1_256' title='bbox 759 3046 794 3118; x_wconf 82' lang='grc' dir='ltr'><strong>ἣ</strong></span> <span class='ocrx_word' id='word_1_257' title='bbox 836 3046 1108 3115; x_wconf 83' lang='grc' dir='ltr'>ὲγγισάτω</span> <span class='ocrx_word' id='word_1_258' title='bbox 1136 3063 1225 3118; x_wconf 88' lang='grc' dir='ltr'>μοι</span> <span class='ocrx_word' id='word_1_259' title='bbox 1244 3063 1258 3076; x_wconf 73' lang='grc' dir='ltr'><strong>ο</strong></span> <span class='ocrx_word' id='word_1_260' title='bbox 1288 3046 1350 3098; x_wconf 89' lang='grc' dir='ltr'>τὸ</span> <span class='ocrx_word' id='word_1_261' title='bbox 1377 3047 1488 3117; x_wconf 87' lang='grc' dir='ltr'>γὰρ</span> <span class='ocrx_word' id='word_1_262' title='bbox 1517 3046 1960 3118; x_wconf 84' lang='grc' dir='ltr'>παρερχόμενον,</span> 
     </span>
    </p>
   </div>
   <div class='ocr_carea' id='block_1_40' title="bbox 382 3135 1963 3210">
    <p class='ocr_par' dir='ltr' id='par_1_40' title="bbox 382 3135 1963 3210">
     <span class='ocr_line' id='line_1_40' title="bbox 382 3135 1963 3210; baseline 0 -18"><span class='ocrx_word' id='word_1_263' title='bbox 382 3135 599 3200; x_wconf 61' lang='grc' dir='ltr'>ςήντως</span> <span class='ocrx_word' id='word_1_264' title='bbox 627 3140 745 3190; x_wconf 84' lang='grc' dir='ltr'>κατ’</span> <span class='ocrx_word' id='word_1_265' title='bbox 778 3138 984 3192; x_wconf 80' lang='grc' dir='ltr'>ἐκεῖνον</span> <span class='ocrx_word' id='word_1_266' title='bbox 1011 3140 1219 3208; x_wconf 88' lang='grc' dir='ltr'>γίνεται</span> <span class='ocrx_word' id='word_1_267' title='bbox 1242 3139 1530 3210; x_wconf 83' lang='grc' dir='ltr'>πρότερον,</span> <span class='ocrx_word' id='word_1_268' title='bbox 1559 3139 1654 3192; x_wconf 79' lang='grc' dir='ltr'>καὶ</span> <span class='ocrx_word' id='word_1_269' title='bbox 1683 3139 1963 3208; x_wconf 87' lang='grc' dir='ltr'>πρόσεισιν</span> 
     </span>
    </p>
   </div>
   <div class='ocr_carea' id='block_1_41' title="bbox 382 3229 1961 3303">
    <p class='ocr_par' dir='ltr' id='par_1_41' title="bbox 382 3229 1961 3303">
     <span class='ocr_line' id='line_1_41' title="bbox 382 3229 1961 3303; baseline 0 -19"><span class='ocrx_word' id='word_1_270' title='bbox 382 3229 531 3302; x_wconf 77' lang='grc' dir='ltr'>αὑτῷ</span> <span class='ocrx_word' id='word_1_271' title='bbox 561 3231 695 3302; x_wconf 83' lang='grc' dir='ltr'>ὅπερ</span> <span class='ocrx_word' id='word_1_272' title='bbox 719 3231 1086 3302; x_wconf 83' lang='grc' dir='ltr'>παρέρχεται·</span> <span class='ocrx_word' id='word_1_273' title='bbox 1110 3234 1159 3286; x_wconf 92' lang='grc' dir='ltr'>εἰ</span> <span class='ocrx_word' id='word_1_274' title='bbox 1191 3231 1300 3303; x_wconf 90' lang='grc' dir='ltr'>γάρ</span> <span class='ocrx_word' id='word_1_275' title='bbox 1331 3230 1406 3302; x_wconf 86' lang='grc' dir='ltr'>μὴ</span> <span class='ocrx_word' id='word_1_276' title='bbox 1432 3230 1744 3301; x_wconf 76' lang='grc' dir='ltr'>πλησιάσαι,</span> <span class='ocrx_word' id='word_1_277' title='bbox 1765 3230 1872 3284; x_wconf 83' lang='grc' dir='ltr'>οὐδ’</span> <span class='ocrx_word' id='word_1_278' title='bbox 1895 3229 1961 3284; x_wconf 85' lang='grc' dir='ltr'>ἀν</span> 
     </span>
    </p>
   </div>
   <div class='ocr_carea' id='block_1_42' title="bbox 382 3320 1963 3397">
    <p class='ocr_par' dir='ltr' id='par_1_42' title="bbox 382 3320 1963 3397">
     <span class='ocr_line' id='line_1_42' title="bbox 382 3320 1963 3397; baseline 0.001 -25"><span class='ocrx_word' id='word_1_279' title='bbox 382 3320 643 3397; x_wconf 77' lang='grc' dir='ltr'>παρέλθοι</span> <span class='ocrx_word' id='word_1_280' title='bbox 664 3336 676 3350; x_wconf 71' lang='grc' dir='ltr'><strong><em>ο</em></strong></span> <span class='ocrx_word' id='word_1_281' title='bbox 712 3320 786 3382; x_wconf 86' lang='grc' dir='ltr'>ὡς</span> <span class='ocrx_word' id='word_1_282' title='bbox 810 3321 953 3390; x_wconf 90' lang='grc' dir='ltr'>γοῦν</span> <span class='ocrx_word' id='word_1_283' title='bbox 972 3323 1074 3394; x_wconf 73' lang='grc' dir='ltr'>ἢδη</span> <span class='ocrx_word' id='word_1_284' title='bbox 1101 3323 1366 3394; x_wconf 88' lang='grc' dir='ltr'>παρόντος</span> <span class='ocrx_word' id='word_1_285' title='bbox 1391 3321 1730 3392; x_wconf 87' lang='grc' dir='ltr'>αἰσθόμενος,</span> <span class='ocrx_word' id='word_1_286' title='bbox 1759 3321 1963 3392; x_wconf 74' lang='grc' dir='ltr'>ἤρξατο</span> 
     </span>
    </p>
   </div>
   <div class='ocr_carea' id='block_1_43' title="bbox 379 3408 1954 3483">
    <p class='ocr_par' dir='ltr' id='par_1_43' title="bbox 379 3408 1954 3483">
     <span class='ocr_line' id='line_1_43' title="bbox 379 3408 1954 3483; baseline 0 -19"><span class='ocrx_word' id='word_1_287' title='bbox 379 3408 667 3482; x_wconf 81' lang='grc' dir='ltr'>λυπεῖσθαι</span> <span class='ocrx_word' id='word_1_288' title='bbox 699 3411 794 3464; x_wconf 77' lang='grc' dir='ltr'>καὶ</span> <span class='ocrx_word' id='word_1_289' title='bbox 821 3411 1108 3483; x_wconf 85' lang='grc' dir='ltr'>ἀδημονεῖν</span> <span class='ocrx_word' id='word_1_290' title='bbox 1134 3413 1228 3466; x_wconf 76' lang='grc' dir='ltr'>καὶ</span> <span class='ocrx_word' id='word_1_291' title='bbox 1261 3410 1656 3482; x_wconf 76' lang='grc' dir='ltr'>ἐκθαμϐεῖσθαι</span> <span class='ocrx_word' id='word_1_292' title='bbox 1686 3411 1780 3469; x_wconf 78' lang='grc' dir='ltr'>καὶ</span> <span class='ocrx_word' id='word_1_293' title='bbox 1806 3412 1954 3481; x_wconf 81' lang='grc' dir='ltr'>ἀγω-</span> 
     </span>
    </p>
   </div>
   <div class='ocr_carea' id='block_1_44' title="bbox 380 3501 1960 3577">
    <p class='ocr_par' dir='ltr' id='par_1_44' title="bbox 380 3501 1960 3577">
     <span class='ocr_line' id='line_1_44' title="bbox 380 3501 1960 3577; baseline 0.001 -21"><span class='ocrx_word' id='word_1_294' title='bbox 380 3501 659 3568; x_wconf 69' lang='grc' dir='ltr'>νίζεσθαι·</span> <span class='ocrx_word' id='word_1_295' title='bbox 708 3503 802 3557; x_wconf 60' lang='grc' dir='ltr'>καί⁹</span> <span class='ocrx_word' id='word_1_296' title='bbox 838 3504 914 3568; x_wconf 81' lang='grc' dir='ltr'>ὡς</span> <span class='ocrx_word' id='word_1_297' title='bbox 954 3506 1121 3574; x_wconf 84' lang='grc' dir='ltr'>ὲγγὺς</span> <span class='ocrx_word' id='word_1_298' title='bbox 1160 3504 1255 3570; x_wconf 82' lang='grc' dir='ltr'>ὃν,</span> <span class='ocrx_word' id='word_1_299' title='bbox 1301 3506 1394 3558; x_wconf 76' lang='grc' dir='ltr'>καὶ</span> <span class='ocrx_word' id='word_1_300' title='bbox 1424 3504 1820 3577; x_wconf 86' lang='grc' dir='ltr'>προκείμενον,</span> <span class='ocrx_word' id='word_1_301' title='bbox 1861 3505 1960 3575; x_wconf 92' lang='grc' dir='ltr'>οὑχ</span> 
     </span>
    </p>
   </div>
   <div class='ocr_carea' id='block_1_45' title="bbox 379 3593 1958 3668">
    <p class='ocr_par' dir='ltr' id='par_1_45' title="bbox 379 3593 1958 3668">
     <span class='ocr_line' id='line_1_45' title="bbox 379 3593 1958 3668; baseline 0 -20"><span class='ocrx_word' id='word_1_302' title='bbox 379 3593 567 3658; x_wconf 79' lang='grc' dir='ltr'>ἁπλῶς</span> <span class='ocrx_word' id='word_1_303' title='bbox 591 3594 734 3664; x_wconf 68' lang='grc' dir='ltr'>φησι</span> <span class='ocrx_word' id='word_1_304' title='bbox 775 3594 834 3648; x_wconf 86' lang='grc' dir='ltr'>τὸ</span> <span class='ocrx_word' id='word_1_305' title='bbox 880 3597 1176 3668; x_wconf 77' lang='grc' dir='ltr'>τωτήριον,</span> <span class='ocrx_word' id='word_1_306' title='bbox 1221 3595 1360 3650; x_wconf 90' lang='grc' dir='ltr'>ἀλλά</span> <span class='ocrx_word' id='word_1_307' title='bbox 1403 3596 1641 3650; x_wconf 83' lang='grc' dir='ltr'>δείκνυσι</span> <span class='ocrx_word' id='word_1_308' title='bbox 1669 3595 1856 3649; x_wconf 81' lang='grc' dir='ltr'>τοῦτο·</span> <span class='ocrx_word' id='word_1_309' title='bbox 1883 3595 1958 3659; x_wconf 88' lang='grc' dir='ltr'>ὠς</span> 
     </span>
    </p>
   </div>
   <div class='ocr_carea' id='block_1_46' title="bbox 379 3673 1958 3760">
    <p class='ocr_par' dir='ltr' id='par_1_46' title="bbox 379 3673 1958 3760">
     <span class='ocr_line' id='line_1_46' title="bbox 379 3673 1958 3760; baseline -0.001 -21"><span class='ocrx_word' id='word_1_310' title='bbox 379 3681 474 3740; x_wconf 83' lang='grc' dir='ltr'>οῦν</span> <span class='ocrx_word' id='word_1_311' title='bbox 504 3687 565 3739; x_wconf 79' lang='grc' dir='ltr'>τὸ</span> <span class='ocrx_word' id='word_1_312' title='bbox 589 3687 1019 3760; x_wconf 87' lang='grc' dir='ltr'>παρερχόμενον,</span> <span class='ocrx_word' id='word_1_313' title='bbox 1052 3687 1176 3743; x_wconf 79' lang='grc' dir='ltr'>οὗτε</span> <span class='ocrx_word' id='word_1_314' title='bbox 1207 3688 1498 3760; x_wconf 88' lang='grc' dir='ltr'>ἀπρόσιτόν</span> <span class='ocrx_word' id='word_1_315' title='bbox 1528 3673 1676 3741; x_wconf 77' lang='grc' dir='ltr'>ἐστιν</span> <span class='ocrx_word' id='word_1_316' title='bbox 1699 3685 1825 3741; x_wconf 70' lang='grc' dir='ltr'>οὔτε</span> <span class='ocrx_word' id='word_1_317' title='bbox 1857 3703 1958 3739; x_wconf 81' lang='grc' dir='ltr'>κα·-</span> 
     </span>
    </p>
   </div>
   <div class='ocr_carea' id='block_1_47' title="bbox 277 3776 1960 3856">
    <p class='ocr_par' dir='ltr' id='par_1_47' title="bbox 277 3776 1960 3856">
     <span class='ocr_line' id='line_1_47' title="bbox 277 3776 1960 3856; baseline 0.002 -27"><span class='ocrx_word' id='word_1_318' title='bbox 277 3851 280 3856; x_wconf 81' lang='lat'><em>_</em></span> <span class='ocrx_word' id='word_1_319' title='bbox 353 3827 362 3836; x_wconf 76' lang='lat'><strong><em>,</em></strong></span> <span class='ocrx_word' id='word_1_320' title='bbox 381 3776 647 3850; x_wconf 78' lang='grc' dir='ltr'>ταμινον,</span> <span class='ocrx_word' id='word_1_321' title='bbox 686 3777 829 3833; x_wconf 80' lang='grc' dir='ltr'>οὕτω</span> <span class='ocrx_word' id='word_1_322' title='bbox 856 3779 951 3835; x_wconf 72' lang='grc' dir='ltr'>καὶ</span> <span class='ocrx_word' id='word_1_323' title='bbox 983 3782 1012 3834; x_wconf 88' lang='grc' dir='ltr'>ό</span> <span class='ocrx_word' id='word_1_324' title='bbox 1041 3780 1230 3852; x_wconf 83' lang='grc' dir='ltr'>Σωτὴρ</span> <span class='ocrx_word' id='word_1_325' title='bbox 1260 3780 1443 3852; x_wconf 79' lang='grc' dir='ltr'>ἠρέμα</span> <span class='ocrx_word' id='word_1_326' title='bbox 1481 3781 1576 3834; x_wconf 75' lang='grc' dir='ltr'>καὶ</span> <span class='ocrx_word' id='word_1_327' title='bbox 1606 3781 1666 3845; x_wconf 75' lang='grc' dir='ltr'><strong>ἐξ</strong></span> <span class='ocrx_word' id='word_1_328' title='bbox 1696 3779 1960 3850; x_wconf 75' lang='grc' dir='ltr'>ἐπιπολῆς</span> 
     </span>
    </p>
   </div>
   <div class='ocr_carea' id='block_1_48' title="bbox 379 3867 1959 3940">
    <p class='ocr_par' dir='ltr' id='par_1_48' title="bbox 379 3867 1959 3940">
     <span class='ocr_line' id='line_1_48' title="bbox 379 3867 1959 3940; baseline 0.004 -22"><span class='ocrx_word' id='word_1_329' title='bbox 379 3867 744 3938; x_wconf 87' lang='grc' dir='ltr'>προσελθόντα</span> <span class='ocrx_word' id='word_1_330' title='bbox 771 3870 862 3922; x_wconf 84' lang='grc' dir='ltr'>τὸν</span> <span class='ocrx_word' id='word_1_331' title='bbox 895 3870 1220 3940; x_wconf 86' lang='grc' dir='ltr'>πειρασμὸν,</span> <span class='ocrx_word' id='word_1_332' title='bbox 1252 3870 1349 3922; x_wconf 71' lang='grc' dir='ltr'>καὶ</span> <span class='ocrx_word' id='word_1_333' title='bbox 1373 3867 1590 3937; x_wconf 86' lang='grc' dir='ltr'>κούφως</span> <span class='ocrx_word' id='word_1_334' title='bbox 1621 3868 1959 3940; x_wconf 86' lang='grc' dir='ltr'>προσομιλή-</span> 
     </span>
    </p>
   </div>
   <div class='ocr_carea' id='block_1_49' title="bbox 367 3957 1955 4029">
    <p class='ocr_par' dir='ltr' id='par_1_49' title="bbox 367 3957 1955 4029">
     <span class='ocr_line' id='line_1_49' title="bbox 367 3957 1955 4029; baseline 0.001 -19"><span class='ocrx_word' id='word_1_335' title='bbox 367 3974 589 4023; x_wconf 85' lang='grc' dir='ltr'>σαντα,</span> <span class='ocrx_word' id='word_1_336' title='bbox 639 3957 995 4028; x_wconf 84' lang='grc' dir='ltr'>παρωσθῆναι</span> <span class='ocrx_word' id='word_1_337' title='bbox 1039 3959 1136 4029; x_wconf 82' lang='grc' dir='ltr'>τὴν</span> <span class='ocrx_word' id='word_1_338' title='bbox 1183 3957 1406 4028; x_wconf 82' lang='grc' dir='ltr'>πρώτην</span> <span class='ocrx_word' id='word_1_339' title='bbox 1443 3958 1616 4022; x_wconf 84' lang='grc' dir='ltr'>ἀξιοῖ·</span> <span class='ocrx_word' id='word_1_340' title='bbox 1660 3961 1754 4014; x_wconf 75' lang='grc' dir='ltr'>καὶ</span> <span class='ocrx_word' id='word_1_341' title='bbox 1796 3959 1955 4012; x_wconf 89' lang='grc' dir='ltr'>τοῦτο</span> 
     </span>
    </p>
   </div>
   <div class='ocr_carea' id='block_1_50' title="bbox 381 4044 1951 4122">
    <p class='ocr_par' dir='ltr' id='par_1_50' title="bbox 381 4044 1951 4122">
     <span class='ocr_line' id='line_1_50' title="bbox 381 4044 1951 4122; baseline 0 -18"><span class='ocrx_word' id='word_1_342' title='bbox 381 4049 594 4122; x_wconf 80' lang='grc' dir='ltr'>πρῶτον</span> <span class='ocrx_word' id='word_1_343' title='bbox 628 4044 766 4112; x_wconf 80' lang='grc' dir='ltr'>εἶδός</span> <span class='ocrx_word' id='word_1_344' title='bbox 804 4050 920 4103; x_wconf 78' lang='grc' dir='ltr'>ἐστι</span> <span class='ocrx_word' id='word_1_345' title='bbox 951 4049 1047 4102; x_wconf 88' lang='grc' dir='ltr'>τοῦ</span> <span class='ocrx_word' id='word_1_346' title='bbox 1085 4049 1158 4121; x_wconf 82' lang='grc' dir='ltr'>μὴ</span> <span class='ocrx_word' id='word_1_347' title='bbox 1203 4053 1283 4113; x_wconf 88' lang='grc' dir='ltr'>εἰς</span> <span class='ocrx_word' id='word_1_348' title='bbox 1323 4051 1626 4120; x_wconf 76' lang='grc' dir='ltr'>πειρασμὸν</span> <span class='ocrx_word' id='word_1_349' title='bbox 1657 4052 1951 4120; x_wconf 73' lang='grc' dir='ltr'>ἐμπεσεῖνο</span> 
     </span>
    </p>
   </div>
   <div class='ocr_carea' id='block_1_51' title="bbox 380 4140 1954 4215">
    <p class='ocr_par' dir='ltr' id='par_1_51' title="bbox 380 4140 1954 4215">
     <span class='ocr_line' id='line_1_51' title="bbox 380 4140 1954 4215; baseline 0.001 -20"><span class='ocrx_word' id='word_1_350' title='bbox 380 4143 517 4215; x_wconf 83' lang='grc' dir='ltr'>ὅπερ</span> <span class='ocrx_word' id='word_1_351' title='bbox 563 4140 916 4212; x_wconf 89' lang='grc' dir='ltr'>συμϐουλεύει</span> <span class='ocrx_word' id='word_1_352' title='bbox 953 4141 1048 4195; x_wconf 77' lang='grc' dir='ltr'>καὶ</span> <span class='ocrx_word' id='word_1_353' title='bbox 1077 4143 1190 4205; x_wconf 89' lang='grc' dir='ltr'>τοῖς</span> <span class='ocrx_word' id='word_1_354' title='bbox 1225 4141 1630 4211; x_wconf 84' lang='grc' dir='ltr'>ἀσθενεστέροις</span> <span class='ocrx_word' id='word_1_355' title='bbox 1658 4142 1954 4214; x_wconf 89' lang='grc' dir='ltr'>προσεύχε-</span> 
     </span>
    </p>
   </div>
   <div class='ocr_carea' id='block_1_52' title="bbox 380 4317 1955 4400">
    <p class='ocr_par' dir='ltr' id='par_1_52' title="bbox 380 4317 1955 4400">
     <span class='ocr_line' id='line_1_52' title="bbox 380 4317 1955 4400; baseline 0.001 -19"><span class='ocrx_word' id='word_1_356' title='bbox 380 4317 553 4382; x_wconf 80' lang='grc' dir='ltr'>ὲλθεῖν</span> <span class='ocrx_word' id='word_1_357' title='bbox 578 4328 647 4382; x_wconf 81' lang='grc' dir='ltr'>τὰ</span> <span class='ocrx_word' id='word_1_358' title='bbox 674 4327 975 4392; x_wconf 79' lang='grc' dir='ltr'>σκάνδαλα,</span> <span class='ocrx_word' id='word_1_359' title='bbox 999 4327 1196 4390; x_wconf 76' lang='grc' dir='ltr'>αὑτοὺς</span> <span class='ocrx_word' id='word_1_360' title='bbox 1236 4326 1291 4380; x_wconf 76' lang='grc' dir='ltr'>δὲ</span> <span class='ocrx_word' id='word_1_361' title='bbox 1322 4327 1396 4399; x_wconf 82' lang='grc' dir='ltr'>μὴ</span> <span class='ocrx_word' id='word_1_362' title='bbox 1427 4329 1507 4392; x_wconf 85' lang='grc' dir='ltr'>εἰς</span> <span class='ocrx_word' id='word_1_363' title='bbox 1530 4329 1622 4383; x_wconf 80' lang='grc' dir='ltr'>τὸν</span> <span class='ocrx_word' id='word_1_364' title='bbox 1650 4329 1955 4400; x_wconf 84' lang='grc' dir='ltr'>πειρασμὸν</span> 
     </span>
    </p>
   </div>
   <div class='ocr_carea' id='block_1_53' title="bbox 385 4418 1954 4492">
    <p class='ocr_par' dir='ltr' id='par_1_53' title="bbox 385 4418 1954 4492">
     <span class='ocr_line' id='line_1_53' title="bbox 385 4418 1954 4492; baseline -0.001 -19"><span class='ocrx_word' id='word_1_365' title='bbox 385 4422 599 4473; x_wconf 83' lang='grc' dir='ltr'>πεσεῖν’</span> <span class='ocrx_word' id='word_1_366' title='bbox 635 4423 663 4474; x_wconf 85' lang='grc' dir='ltr'><strong>ὁ</strong></span> <span class='ocrx_word' id='word_1_367' title='bbox 690 4420 745 4474; x_wconf 87' lang='grc' dir='ltr'>δὲ</span> <span class='ocrx_word' id='word_1_368' title='bbox 771 4421 1106 4483; x_wconf 84' lang='grc' dir='ltr'>τελειότατος</span> <span class='ocrx_word' id='word_1_369' title='bbox 1136 4418 1233 4472; x_wconf 89' lang='grc' dir='ltr'>τοῦ</span> <span class='ocrx_word' id='word_1_370' title='bbox 1268 4419 1342 4490; x_wconf 81' lang='grc' dir='ltr'>μὴ</span> <span class='ocrx_word' id='word_1_371' title='bbox 1365 4421 1445 4483; x_wconf 93' lang='grc' dir='ltr'>εἰς</span> <span class='ocrx_word' id='word_1_372' title='bbox 1473 4421 1780 4492; x_wconf 90' lang='grc' dir='ltr'>πειρασμόν</span> <span class='ocrx_word' id='word_1_373' title='bbox 1809 4423 1954 4474; x_wconf 75' lang='grc' dir='ltr'>ἐστιν</span> 
     </span>
    </p>
   </div>
   <div class='ocr_carea' id='block_1_54' title="bbox 176 4483 1956 4584">
    <p class='ocr_par' dir='ltr' id='par_1_54' title="bbox 176 4483 1956 4584">
     <span class='ocr_line' id='line_1_54' title="bbox 176 4483 1956 4584; baseline -0.001 -17"><span class='ocrx_word' id='word_1_374' title='bbox 176 4483 192 4488; x_wconf 30' lang='grc' dir='ltr'><strong><em>Ρ</em></strong></span> <span class='ocrx_word' id='word_1_375' title='bbox 267 4535 274 4540; x_wconf 58' lang='grc' dir='ltr'>ί</span> <span class='ocrx_word' id='word_1_376' title='bbox 379 4512 637 4567; x_wconf 71' lang='grc' dir='ltr'>εἰσελθεῖν</span> <span class='ocrx_word' id='word_1_377' title='bbox 652 4512 870 4583; x_wconf 86' lang='grc' dir='ltr'>τρόπος,</span> <span class='ocrx_word' id='word_1_378' title='bbox 884 4513 1050 4582; x_wconf 84' lang='grc' dir='ltr'>ὅνπερ</span> <span class='ocrx_word' id='word_1_379' title='bbox 1066 4514 1207 4566; x_wconf 84' lang='grc' dir='ltr'>αἰτεῖ</span> <span class='ocrx_word' id='word_1_380' title='bbox 1220 4483 1466 4584; x_wconf 75' lang='grc' dir='ltr'>δεύτερον</span> <span class='ocrx_word' id='word_1_381' title='bbox 1481 4483 1584 4584; x_wconf 72' lang='grc' dir='ltr'>οὐχ</span> <span class='ocrx_word' id='word_1_382' title='bbox 1593 4483 1776 4576; x_wconf 80' lang='grc' dir='ltr'>ἁπλῶς</span> <span class='ocrx_word' id='word_1_383' title='bbox 1794 4530 1807 4543; x_wconf 77' lang='grc' dir='ltr'><strong>ο</strong></span> <span class='ocrx_word' id='word_1_384' title='bbox 1830 4514 1956 4582; x_wconf 85' lang='grc' dir='ltr'>Οὐχ</span> 
     </span>
    </p>
   </div>
   <div class='ocr_carea' id='block_1_55' title="bbox 379 4603 1956 4676">
    <p class='ocr_par' dir='ltr' id='par_1_55' title="bbox 379 4603 1956 4676">
     <span class='ocr_line' id='line_1_55' title="bbox 379 4603 1956 4676; baseline 0 -19"><span class='ocrx_word' id='word_1_385' title='bbox 379 4603 458 4671; x_wconf 86' lang='grc' dir='ltr'>ὡς</span> <span class='ocrx_word' id='word_1_386' title='bbox 487 4603 602 4674; x_wconf 74' lang='grc' dir='ltr'>ἐγὼ</span> <span class='ocrx_word' id='word_1_387' title='bbox 634 4603 806 4669; x_wconf 77' lang='grc' dir='ltr'>θέλω,</span> <span class='ocrx_word' id='word_1_388' title='bbox 842 4605 980 4659; x_wconf 72' lang='grc' dir='ltr'>ἀλλ’</span> <span class='ocrx_word' id='word_1_389' title='bbox 1007 4606 1086 4672; x_wconf 87' lang='grc' dir='ltr'>ὡς</span> <span class='ocrx_word' id='word_1_390' title='bbox 1113 4605 1229 4659; x_wconf 73' lang='grc' dir='ltr'>σύο</span> <span class='ocrx_word' id='word_1_391' title='bbox 1259 4607 1288 4658; x_wconf 88' lang='grc' dir='ltr'><strong>ὁ</strong></span> <span class='ocrx_word' id='word_1_392' title='bbox 1325 4605 1434 4676; x_wconf 89' lang='grc' dir='ltr'>γάρ</span> <span class='ocrx_word' id='word_1_393' title='bbox 1470 4605 1602 4670; x_wconf 85' lang='grc' dir='ltr'>Θεὸς</span> <span class='ocrx_word' id='word_1_394' title='bbox 1626 4605 1956 4676; x_wconf 81' lang='grc' dir='ltr'>ἀπείραστός</span> 
     </span>
    </p>
   </div>
   <div class='ocr_carea' id='block_1_56' title="bbox 381 4681 1956 4768">
    <p class='ocr_par' dir='ltr' id='par_1_56' title="bbox 381 4681 1956 4768">
     <span class='ocr_line' id='line_1_56' title="bbox 381 4681 1956 4768; baseline -0.001 -18"><span class='ocrx_word' id='word_1_395' title='bbox 381 4697 497 4750; x_wconf 69' lang='grc' dir='ltr'>εστι</span> <span class='ocrx_word' id='word_1_396' title='bbox 541 4681 757 4752; x_wconf 75' lang='grc' dir='ltr'>κακῶν·</span> <span class='ocrx_word' id='word_1_397' title='bbox 794 4693 936 4748; x_wconf 89' lang='grc' dir='ltr'>θέλει</span> <span class='ocrx_word' id='word_1_398' title='bbox 974 4695 1032 4748; x_wconf 83' lang='grc' dir='ltr'>δὲ</span> <span class='ocrx_word' id='word_1_399' title='bbox 1082 4695 1153 4749; x_wconf 88' lang='grc' dir='ltr'>τά</span> <span class='ocrx_word' id='word_1_400' title='bbox 1194 4695 1374 4765; x_wconf 88' lang='grc' dir='ltr'>ἀγαθά</span> <span class='ocrx_word' id='word_1_401' title='bbox 1413 4695 1608 4750; x_wconf 83' lang='grc' dir='ltr'>διδόναι</span> <span class='ocrx_word' id='word_1_402' title='bbox 1651 4698 1783 4768; x_wconf 83' lang='grc' dir='ltr'>ἡμῖν</span> <span class='ocrx_word' id='word_1_403' title='bbox 1814 4696 1956 4768; x_wconf 86' lang='grc' dir='ltr'>ὑπὲρ</span> 
     </span>
    </p>
   </div>
   <div class='ocr_carea' id='block_1_57' title="bbox 379 4771 1957 4862">
    <p class='ocr_par' dir='ltr' id='par_1_57' title="bbox 379 4771 1957 4862">
     <span class='ocr_line' id='line_1_57' title="bbox 379 4771 1957 4862; baseline -0.002 -19"><span class='ocrx_word' id='word_1_404' title='bbox 379 4771 709 4862; x_wconf 52' lang='grc' dir='ltr'>εκῖπερισσοῦ</span> <span class='ocrx_word' id='word_1_405' title='bbox 742 4781 817 4843; x_wconf 86' lang='grc' dir='ltr'>ὧν</span> <span class='ocrx_word' id='word_1_406' title='bbox 849 4787 1144 4860; x_wconf 90' lang='grc' dir='ltr'>αἰτούμεθα</span> <span class='ocrx_word' id='word_1_407' title='bbox 1170 4791 1202 4860; x_wconf 81' lang='grc' dir='ltr'>ἢ</span> <span class='ocrx_word' id='word_1_408' title='bbox 1233 4789 1457 4860; x_wconf 79' lang='grc' dir='ltr'>νοοῦμεν</span> <span class='ocrx_word' id='word_1_409' title='bbox 1482 4807 1494 4819; x_wconf 93' lang='grc'><strong>·</strong></span> <span class='ocrx_word' id='word_1_410' title='bbox 1530 4789 1591 4843; x_wconf 75' lang='grc' dir='ltr'>τὸ</span> <span class='ocrx_word' id='word_1_411' title='bbox 1623 4790 1721 4860; x_wconf 88' lang='grc' dir='ltr'>μὲν</span> <span class='ocrx_word' id='word_1_412' title='bbox 1750 4784 1843 4842; x_wconf 81' lang='grc' dir='ltr'>οὖν</span> <span class='ocrx_word' id='word_1_413' title='bbox 1869 4787 1957 4840; x_wconf 86' lang='grc' dir='ltr'>θέ-</span> 
     </span>
    </p>
   </div>
   <div class='ocr_carea' id='block_1_58' title="bbox 376 4878 1949 4954">
    <p class='ocr_par' dir='ltr' id='par_1_58' title="bbox 376 4878 1949 4954">
     <span class='ocr_line' id='line_1_58' title="bbox 376 4878 1949 4954; baseline -0.001 -18"><span class='ocrx_word' id='word_1_414' title='bbox 376 4878 529 4954; x_wconf 83' lang='grc' dir='ltr'>λημα</span> <span class='ocrx_word' id='word_1_415' title='bbox 557 4879 719 4935; x_wconf 87' lang='grc' dir='ltr'>αὑτοῦ</span> <span class='ocrx_word' id='word_1_416' title='bbox 761 4881 822 4934; x_wconf 84' lang='grc' dir='ltr'>τὸ</span> <span class='ocrx_word' id='word_1_417' title='bbox 869 4881 1090 4946; x_wconf 87' lang='grc' dir='ltr'>τέλειον,</span> <span class='ocrx_word' id='word_1_418' title='bbox 1132 4882 1294 4947; x_wconf 80' lang='grc' dir='ltr'>αὐτὸς</span> <span class='ocrx_word' id='word_1_419' title='bbox 1341 4881 1620 4953; x_wconf 82' lang='grc' dir='ltr'>ἀγαπητὸς</span> <span class='ocrx_word' id='word_1_420' title='bbox 1655 4881 1949 4952; x_wconf 70' lang='grc' dir='ltr'>ἠπίστατο·</span> 
     </span>
    </p>
   </div>
   <div class='ocr_carea' id='block_1_59' title="bbox 379 4969 1954 5043">
    <p class='ocr_par' dir='ltr' id='par_1_59' title="bbox 379 4969 1954 5043">
     <span class='ocr_line' id='line_1_59' title="bbox 379 4969 1954 5043; baseline -0.002 -16"><span class='ocrx_word' id='word_1_421' title='bbox 379 4971 478 5027; x_wconf 78' lang='grc' dir='ltr'>καὶ</span> <span class='ocrx_word' id='word_1_422' title='bbox 508 4970 664 5024; x_wconf 89' lang='grc' dir='ltr'>τοῦτο</span> <span class='ocrx_word' id='word_1_423' title='bbox 691 4969 1006 5042; x_wconf 79' lang='grc' dir='ltr'>ἐληλυθέναι</span> <span class='ocrx_word' id='word_1_424' title='bbox 1039 4972 1298 5036; x_wconf 84' lang='grc' dir='ltr'>πολλάκις</span> <span class='ocrx_word' id='word_1_425' title='bbox 1328 4972 1462 5043; x_wconf 85' lang='grc' dir='ltr'>φησί</span> <span class='ocrx_word' id='word_1_426' title='bbox 1495 4972 1734 5043; x_wconf 84' lang='grc' dir='ltr'>ποιήσων</span> <span class='ocrx_word' id='word_1_427' title='bbox 1755 5011 1771 5037; x_wconf 91' lang='grc'>,</span> <span class='ocrx_word' id='word_1_428' title='bbox 1802 4972 1864 5025; x_wconf 85' lang='grc' dir='ltr'>οὐ</span> <span class='ocrx_word' id='word_1_429' title='bbox 1893 4971 1954 5024; x_wconf 86' lang='grc' dir='ltr'>τὺ</span> 
     </span>
    </p>
   </div>
   <div class='ocr_carea' id='block_1_60' title="bbox 379 5061 1955 5134">
    <p class='ocr_par' dir='ltr' id='par_1_60' title="bbox 379 5061 1955 5134">
     <span class='ocr_line' id='line_1_60' title="bbox 379 5061 1955 5134; baseline -0.002 -17"><span class='ocrx_word' id='word_1_430' title='bbox 379 5061 565 5125; x_wconf 90' lang='grc' dir='ltr'>αὑτοῦ,</span> <span class='ocrx_word' id='word_1_431' title='bbox 589 5062 832 5116; x_wconf 79' lang='grc' dir='ltr'>τουτέστι</span> <span class='ocrx_word' id='word_1_432' title='bbox 863 5063 926 5115; x_wconf 79' lang='grc' dir='ltr'>τὸ</span> <span class='ocrx_word' id='word_1_433' title='bbox 951 5062 1061 5116; x_wconf 84' lang='grc' dir='ltr'>τῶν</span> <span class='ocrx_word' id='word_1_434' title='bbox 1088 5061 1408 5134; x_wconf 87' lang='grc' dir='ltr'>ἀνθρώπων·</span> <span class='ocrx_word' id='word_1_435' title='bbox 1433 5062 1728 5116; x_wconf 82' lang='grc' dir='ltr'>οἰκειοῦται</span> <span class='ocrx_word' id='word_1_436' title='bbox 1759 5062 1868 5134; x_wconf 87' lang='grc' dir='ltr'>γὰρ</span> <span class='ocrx_word' id='word_1_437' title='bbox 1893 5061 1955 5114; x_wconf 80' lang='grc' dir='ltr'>τὸ</span> 
     </span>
    </p>
   </div>
   <div class='ocr_carea' id='block_1_61' title="bbox 378 5153 1948 5230">
    <p class='ocr_par' dir='ltr' id='par_1_61' title="bbox 378 5153 1948 5230">
     <span class='ocr_line' id='line_1_61' title="bbox 378 5153 1948 5230; baseline -0.003 -18"><span class='ocrx_word' id='word_1_438' title='bbox 378 5157 667 5230; x_wconf 79' lang='grc' dir='ltr'>πρόσωπον</span> <span class='ocrx_word' id='word_1_439' title='bbox 704 5155 812 5208; x_wconf 83' lang='grc' dir='ltr'>τῶν</span> <span class='ocrx_word' id='word_1_440' title='bbox 842 5154 1173 5227; x_wconf 84' lang='grc' dir='ltr'>ἀνθρώπων,</span> <span class='ocrx_word' id='word_1_441' title='bbox 1202 5157 1278 5219; x_wconf 84' lang='grc' dir='ltr'>ὡς</span> <span class='ocrx_word' id='word_1_442' title='bbox 1307 5154 1596 5226; x_wconf 85' lang='grc' dir='ltr'>γενόμενος</span> <span class='ocrx_word' id='word_1_443' title='bbox 1627 5153 1911 5226; x_wconf 82' lang='grc' dir='ltr'>ἄνθρωπος</span> <span class='ocrx_word' id='word_1_444' title='bbox 1934 5170 1948 5184; x_wconf 78' lang='grc'><strong><em>⁸</em></strong></span> 
     </span>
    </p>
   </div>
   <div class='ocr_carea' id='block_1_62' title="bbox 376 5244 1951 5318">
    <p class='ocr_par' dir='ltr' id='par_1_62' title="bbox 376 5244 1951 5318">
     <span class='ocr_line' id='line_1_62' title="bbox 376 5244 1951 5318; baseline -0.004 -15"><span class='ocrx_word' id='word_1_445' title='bbox 376 5247 561 5318; x_wconf 84' lang='grc' dir='ltr'>διόπερ</span> <span class='ocrx_word' id='word_1_446' title='bbox 584 5247 680 5300; x_wconf 73' lang='grc' dir='ltr'>καὶ</span> <span class='ocrx_word' id='word_1_447' title='bbox 703 5245 824 5299; x_wconf 86' lang='grc' dir='ltr'>τότε</span> <span class='ocrx_word' id='word_1_448' title='bbox 843 5284 858 5308; x_wconf 93' lang='grc'>,</span> <span class='ocrx_word' id='word_1_449' title='bbox 889 5246 951 5299; x_wconf 79' lang='grc' dir='ltr'>τὸ</span> <span class='ocrx_word' id='word_1_450' title='bbox 979 5247 1078 5316; x_wconf 87' lang='grc' dir='ltr'>μὲν</span> <span class='ocrx_word' id='word_1_451' title='bbox 1117 5245 1311 5300; x_wconf 79' lang='grc' dir='ltr'>ἑαυτοῦ</span> <span class='ocrx_word' id='word_1_452' title='bbox 1331 5286 1345 5310; x_wconf 93' lang='grc'>,</span> <span class='ocrx_word' id='word_1_453' title='bbox 1377 5244 1439 5299; x_wconf 81' lang='grc' dir='ltr'>τὸ</span> <span class='ocrx_word' id='word_1_454' title='bbox 1463 5245 1684 5300; x_wconf 73' lang='grc' dir='ltr'>ἔλαττον</span> <span class='ocrx_word' id='word_1_455' title='bbox 1704 5285 1718 5310; x_wconf 93' lang='grc'>,</span> <span class='ocrx_word' id='word_1_456' title='bbox 1748 5262 1951 5316; x_wconf 85' lang='grc' dir='ltr'>παραι-</span> 
     </span>
    </p>
   </div>
   <div class='ocr_carea' id='block_1_63' title="bbox 374 5336 1951 5411">
    <p class='ocr_par' dir='ltr' id='par_1_63' title="bbox 374 5336 1951 5411">
     <span class='ocr_line' id='line_1_63' title="bbox 374 5336 1951 5411; baseline -0.003 -17"><span class='ocrx_word' id='word_1_457' title='bbox 374 5340 548 5394; x_wconf 78' lang='grc' dir='ltr'>τεῖται</span> <span class='ocrx_word' id='word_1_458' title='bbox 567 5339 739 5391; x_wconf 79' lang='grc' dir='ltr'>ποιεῖν</span> <span class='ocrx_word' id='word_1_459' title='bbox 759 5353 773 5367; x_wconf 77' lang='grc' dir='ltr'><strong>ο</strong></span> <span class='ocrx_word' id='word_1_460' title='bbox 800 5339 942 5391; x_wconf 85' lang='grc' dir='ltr'>αἰτεῖ</span> <span class='ocrx_word' id='word_1_461' title='bbox 967 5339 1025 5392; x_wconf 86' lang='grc' dir='ltr'>δὲ</span> <span class='ocrx_word' id='word_1_462' title='bbox 1052 5337 1145 5392; x_wconf 87' lang='grc' dir='ltr'>τοῦ</span> <span class='ocrx_word' id='word_1_463' title='bbox 1174 5337 1386 5411; x_wconf 76' lang='grc' dir='ltr'>Πατρός</span> <span class='ocrx_word' id='word_1_464' title='bbox 1406 5339 1468 5392; x_wconf 84' lang='grc' dir='ltr'>τὸ</span> <span class='ocrx_word' id='word_1_465' title='bbox 1490 5339 1675 5410; x_wconf 82' lang='grc' dir='ltr'>μεῖζον</span> <span class='ocrx_word' id='word_1_466' title='bbox 1701 5336 1951 5406; x_wconf 88' lang='grc' dir='ltr'>γενέσθαι</span> 
     </span>
    </p>
   </div>
   <div class='ocr_carea' id='block_1_64' title="bbox 375 5428 1952 5502">
    <p class='ocr_par' dir='ltr' id='par_1_64' title="bbox 375 5428 1952 5502">
     <span class='ocr_line' id='line_1_64' title="bbox 375 5428 1952 5502; baseline 0 -20"><span class='ocrx_word' id='word_1_467' title='bbox 375 5431 437 5484; x_wconf 82' lang='grc' dir='ltr'>τὸ</span> <span class='ocrx_word' id='word_1_468' title='bbox 461 5429 638 5482; x_wconf 84' lang='grc' dir='ltr'>θεῖκδν</span> <span class='ocrx_word' id='word_1_469' title='bbox 669 5428 898 5500; x_wconf 85' lang='grc' dir='ltr'>θέλημα,</span> <span class='ocrx_word' id='word_1_470' title='bbox 929 5430 1066 5502; x_wconf 80' lang='grc' dir='ltr'>ὅπερ</span> <span class='ocrx_word' id='word_1_471' title='bbox 1092 5430 1309 5494; x_wconf 88' lang='grc' dir='ltr'>πάντως</span> <span class='ocrx_word' id='word_1_472' title='bbox 1332 5429 1474 5484; x_wconf 88' lang='grc' dir='ltr'>κατά</span> <span class='ocrx_word' id='word_1_473' title='bbox 1500 5429 1598 5500; x_wconf 83' lang='grc' dir='ltr'>τὴν</span> <span class='ocrx_word' id='word_1_474' title='bbox 1622 5428 1870 5499; x_wconf 71' lang='grc' dir='ltr'>θεότητα,</span> <span class='ocrx_word' id='word_1_475' title='bbox 1893 5428 1952 5482; x_wconf 83' lang='grc' dir='ltr'>ἓν</span> 
     </span>
    </p>
   </div>
   <div class='ocr_carea' id='block_1_65' title="bbox 310 5517 1950 5592">
    <p class='ocr_par' dir='ltr' id='par_1_65' title="bbox 310 5517 1950 5592">
     <span class='ocr_line' id='line_1_65' title="bbox 310 5517 1950 5592; baseline 0.002 -24"><span class='ocrx_word' id='word_1_476' title='bbox 310 5563 314 5568; x_wconf 87' lang='grc'><em>.</em></span> <span class='ocrx_word' id='word_1_477' title='bbox 379 5520 506 5592; x_wconf 70' lang='grc' dir='ltr'>θέλη</span> <span class='ocrx_word' id='word_1_478' title='bbox 516 5520 592 5590; x_wconf 89' lang='grc' dir='ltr'>μά</span> <span class='ocrx_word' id='word_1_479' title='bbox 614 5521 728 5571; x_wconf 78' lang='grc' dir='ltr'>εστι</span> <span class='ocrx_word' id='word_1_480' title='bbox 752 5518 812 5572; x_wconf 85' lang='grc' dir='ltr'>τὸ</span> <span class='ocrx_word' id='word_1_481' title='bbox 834 5517 997 5571; x_wconf 90' lang='grc' dir='ltr'>αὑτοῦ</span> <span class='ocrx_word' id='word_1_482' title='bbox 1023 5519 1233 5573; x_wconf 80' lang='grc' dir='ltr'>καὶτοῦ</span> <span class='ocrx_word' id='word_1_483' title='bbox 1261 5519 1472 5591; x_wconf 88' lang='grc' dir='ltr'>Πατρός</span> <span class='ocrx_word' id='word_1_484' title='bbox 1492 5536 1506 5549; x_wconf 90' lang='grc'><strong>·</strong></span> <span class='ocrx_word' id='word_1_485' title='bbox 1530 5519 1593 5572; x_wconf 81' lang='grc' dir='ltr'>τὸ</span> <span class='ocrx_word' id='word_1_486' title='bbox 1614 5517 1720 5590; x_wconf 83' lang='grc' dir='ltr'>γὰρ</span> <span class='ocrx_word' id='word_1_487' title='bbox 1744 5519 1950 5590; x_wconf 87' lang='grc' dir='ltr'>Πατρι-</span> 
     </span>
    </p>
   </div>
   <div class='ocr_carea' id='block_1_66' title="bbox 2063 2949 3635 3023">
    <p class='ocr_par' dir='ltr' id='par_1_66' title="bbox 2063 2949 3635 3023">
     <span class='ocr_line' id='line_1_66' title="bbox 2063 2949 3635 3023; baseline -0.001 -16"><span class='ocrx_word' id='word_1_488' title='bbox 2063 2953 2346 3020; x_wconf 84' lang='grc' dir='ltr'>γενέσθαι·</span> <span class='ocrx_word' id='word_1_489' title='bbox 2377 2953 2514 3016; x_wconf 82' lang='grc' dir='ltr'>ὅλως</span> <span class='ocrx_word' id='word_1_490' title='bbox 2541 2951 2597 3004; x_wconf 82' lang='grc' dir='ltr'>δὲ</span> <span class='ocrx_word' id='word_1_491' title='bbox 2621 2951 2742 3004; x_wconf 80' lang='grc' dir='ltr'>οὐδὲ</span> <span class='ocrx_word' id='word_1_492' title='bbox 2770 2950 3028 3005; x_wconf 82' lang='grc' dir='ltr'>ἀδύνατον</span> <span class='ocrx_word' id='word_1_493' title='bbox 3056 2949 3176 3004; x_wconf 82' lang='grc' dir='ltr'>οὑδὲ</span> <span class='ocrx_word' id='word_1_494' title='bbox 3205 2951 3484 3023; x_wconf 78' lang='grc' dir='ltr'>ἄπρακτον</span> <span class='ocrx_word' id='word_1_495' title='bbox 3524 2951 3635 3005; x_wconf 82' lang='grc' dir='ltr'>οὐδ’</span> 
     </span>
    </p>
   </div>
   <div class='ocr_carea' id='block_1_67' title="bbox 2063 3042 3642 3116">
    <p class='ocr_par' dir='ltr' id='par_1_67' title="bbox 2063 3042 3642 3116">
     <span class='ocr_line' id='line_1_67' title="bbox 2063 3042 3642 3116; baseline -0.001 -17"><span class='ocrx_word' id='word_1_496' title='bbox 2063 3047 2379 3100; x_wconf 84' lang='grc' dir='ltr'>ὑπεναντίον</span> <span class='ocrx_word' id='word_1_497' title='bbox 2417 3044 2496 3116; x_wconf 81' lang='grc' dir='ltr'>τῷ</span> <span class='ocrx_word' id='word_1_498' title='bbox 2539 3044 2840 3114; x_wconf 72' lang='grc' dir='ltr'>βουλήματι</span> <span class='ocrx_word' id='word_1_499' title='bbox 2877 3043 2971 3096; x_wconf 87' lang='grc' dir='ltr'>τοῦ</span> <span class='ocrx_word' id='word_1_500' title='bbox 3026 3042 3239 3113; x_wconf 77' lang='grc' dir='ltr'>Πατρός</span> <span class='ocrx_word' id='word_1_501' title='bbox 3283 3042 3374 3097; x_wconf 84' lang='grc' dir='ltr'>τὸν</span> <span class='ocrx_word' id='word_1_502' title='bbox 3411 3043 3642 3113; x_wconf 78' lang='grc' dir='ltr'>Σωτῆρα</span> 
     </span>
    </p>
   </div>
   <div class='ocr_carea' id='block_1_68' title="bbox 2061 3136 3640 3208">
    <p class='ocr_par' dir='ltr' id='par_1_68' title="bbox 2061 3136 3640 3208">
     <span class='ocr_line' id='line_1_68' title="bbox 2061 3136 3640 3208; baseline -0.004 -13"><span class='ocrx_word' id='word_1_503' title='bbox 2061 3143 2259 3194; x_wconf 81' lang='grc' dir='ltr'>αἰτεῖν·</span> <span class='ocrx_word' id='word_1_504' title='bbox 2305 3139 2420 3194; x_wconf 82' lang='grc' dir='ltr'>ἔστι</span> <span class='ocrx_word' id='word_1_505' title='bbox 2474 3140 2532 3193; x_wconf 86' lang='grc' dir='ltr'>δὲ</span> <span class='ocrx_word' id='word_1_506' title='bbox 2572 3138 2795 3191; x_wconf 84' lang='grc' dir='ltr'>δυνατὸν</span> <span class='ocrx_word' id='word_1_507' title='bbox 2820 3177 2835 3202; x_wconf 91' lang='grc'>,</span> <span class='ocrx_word' id='word_1_508' title='bbox 2871 3137 2946 3200; x_wconf 84' lang='grc' dir='ltr'>ὡς</span> <span class='ocrx_word' id='word_1_509' title='bbox 2989 3138 3018 3190; x_wconf 89' lang='grc' dir='ltr'>ό</span> <span class='ocrx_word' id='word_1_510' title='bbox 3063 3137 3289 3208; x_wconf 87' lang='grc' dir='ltr'>Μάρκος</span> <span class='ocrx_word' id='word_1_511' title='bbox 3319 3136 3640 3206; x_wconf 75' lang='grc' dir='ltr'>ἀπεμνημό-</span> 
     </span>
    </p>
   </div>
   <div class='ocr_carea' id='block_1_69' title="bbox 2060 3218 3641 3301">
    <p class='ocr_par' dir='ltr' id='par_1_69' title="bbox 2060 3218 3641 3301">
     <span class='ocr_line' id='line_1_69' title="bbox 2060 3218 3641 3301; baseline -0.006 -14"><span class='ocrx_word' id='word_1_512' title='bbox 2060 3250 2219 3290; x_wconf 78' lang='grc' dir='ltr'>νευσε</span> <span class='ocrx_word' id='word_1_513' title='bbox 2269 3218 2516 3301; x_wconf 83' lang='grc' dir='ltr'>λέγοντος</span> <span class='ocrx_word' id='word_1_514' title='bbox 2548 3229 2710 3285; x_wconf 82' lang='grc' dir='ltr'>αὐτοῦ</span> <span class='ocrx_word' id='word_1_515' title='bbox 2735 3246 2749 3259; x_wconf 92' lang='grc'><strong>·</strong></span> <span class='ocrx_word' id='word_1_516' title='bbox 2791 3228 2958 3282; x_wconf 62' lang='grc' dir='ltr'>Ἀϐϐλά</span> <span class='ocrx_word' id='word_1_517' title='bbox 2989 3230 3018 3282; x_wconf 84' lang='grc' dir='ltr'>ὁ</span> <span class='ocrx_word' id='word_1_518' title='bbox 3060 3228 3250 3298; x_wconf 82' lang='grc' dir='ltr'>Πατὴρ</span> <span class='ocrx_word' id='word_1_519' title='bbox 3274 3267 3289 3288; x_wconf 94' lang='grc'>,</span> <span class='ocrx_word' id='word_1_520' title='bbox 3332 3227 3509 3280; x_wconf 88' lang='grc' dir='ltr'>πάντα</span> <span class='ocrx_word' id='word_1_521' title='bbox 3557 3242 3641 3279; x_wconf 87' lang='grc' dir='ltr'>σοι</span> 
     </span>
    </p>
   </div>
   <div class='ocr_carea' id='block_1_70' title="bbox 2059 3317 3641 3390">
    <p class='ocr_par' dir='ltr' id='par_1_70' title="bbox 2059 3317 3641 3390">
     <span class='ocr_line' id='line_1_70' title="bbox 2059 3317 3641 3390; baseline -0.006 -12"><span class='ocrx_word' id='word_1_522' title='bbox 2059 3323 2262 3379; x_wconf 88' lang='grc' dir='ltr'>δυνατά</span> <span class='ocrx_word' id='word_1_523' title='bbox 2282 3341 2296 3354; x_wconf 73' lang='grc' dir='ltr'><strong>ο</strong></span> <span class='ocrx_word' id='word_1_524' title='bbox 2322 3324 2418 3377; x_wconf 76' lang='grc' dir='ltr'>καὶ</span> <span class='ocrx_word' id='word_1_525' title='bbox 2443 3320 2643 3377; x_wconf 83' lang='grc' dir='ltr'>δυνατὰ</span> <span class='ocrx_word' id='word_1_526' title='bbox 2662 3322 2710 3373; x_wconf 88' lang='grc' dir='ltr'>εἰ</span> <span class='ocrx_word' id='word_1_527' title='bbox 2737 3318 2996 3390; x_wconf 84' lang='grc' dir='ltr'>βούλοιτο,</span> <span class='ocrx_word' id='word_1_528' title='bbox 3016 3317 3092 3382; x_wconf 87' lang='grc' dir='ltr'>ὼς</span> <span class='ocrx_word' id='word_1_529' title='bbox 3119 3317 3332 3381; x_wconf 73' lang='grc' dir='ltr'>Λουκᾶς</span> <span class='ocrx_word' id='word_1_530' title='bbox 3356 3318 3522 3388; x_wconf 74' lang='grc' dir='ltr'>φησιν</span> <span class='ocrx_word' id='word_1_531' title='bbox 3549 3317 3641 3371; x_wconf 83' lang='grc' dir='ltr'>αὑ-</span> 
     </span>
    </p>
   </div>
   <div class='ocr_carea' id='block_1_71' title="bbox 2058 3410 3640 3488">
    <p class='ocr_par' dir='ltr' id='par_1_71' title="bbox 2058 3410 3640 3488">
     <span class='ocr_line' id='line_1_71' title="bbox 2058 3410 3640 3488; baseline -0.005 -16"><span class='ocrx_word' id='word_1_532' title='bbox 2058 3417 2150 3472; x_wconf 73' lang='grc' dir='ltr'>τὸν</span> <span class='ocrx_word' id='word_1_533' title='bbox 2180 3417 2494 3488; x_wconf 85' lang='grc' dir='ltr'>εἰρηκέναι·</span> <span class='ocrx_word' id='word_1_534' title='bbox 2521 3416 2704 3485; x_wconf 87' lang='grc' dir='ltr'>Πάτερ</span> <span class='ocrx_word' id='word_1_535' title='bbox 2724 3453 2739 3478; x_wconf 95' lang='grc'>,</span> <span class='ocrx_word' id='word_1_536' title='bbox 2772 3415 2820 3466; x_wconf 90' lang='grc' dir='ltr'>εἰ</span> <span class='ocrx_word' id='word_1_537' title='bbox 2855 3411 3061 3483; x_wconf 70' lang='grc' dir='ltr'>βούλει,</span> <span class='ocrx_word' id='word_1_538' title='bbox 3096 3411 3402 3484; x_wconf 81' lang='grc' dir='ltr'>παρένεγκε</span> <span class='ocrx_word' id='word_1_539' title='bbox 3437 3410 3500 3465; x_wconf 79' lang='grc' dir='ltr'>τὸ</span> <span class='ocrx_word' id='word_1_540' title='bbox 3541 3427 3640 3464; x_wconf 79' lang='grc' dir='ltr'>πο-</span> 
     </span>
    </p>
   </div>
   <div class='ocr_carea' id='block_1_72' title="bbox 2057 3499 3639 3581">
    <p class='ocr_par' dir='ltr' id='par_1_72' title="bbox 2057 3499 3639 3581">
     <span class='ocr_line' id='line_1_72' title="bbox 2057 3499 3639 3581; baseline -0.004 -20"><span class='ocrx_word' id='word_1_541' title='bbox 2057 3510 2246 3581; x_wconf 84' lang='grc' dir='ltr'>τήριον</span> <span class='ocrx_word' id='word_1_542' title='bbox 2275 3507 2433 3561; x_wconf 89' lang='grc' dir='ltr'>τοῦτο</span> <span class='ocrx_word' id='word_1_543' title='bbox 2461 3508 2556 3560; x_wconf 84' lang='grc' dir='ltr'>ἀπ’</span> <span class='ocrx_word' id='word_1_544' title='bbox 2588 3505 2721 3577; x_wconf 79' lang='grc' dir='ltr'>ἐμοῦ</span> <span class='ocrx_word' id='word_1_545' title='bbox 2741 3522 2756 3536; x_wconf 84' lang='lat'><strong><em>°</em></strong></span> <span class='ocrx_word' id='word_1_546' title='bbox 2779 3504 2840 3557; x_wconf 85' lang='grc' dir='ltr'>τὸ</span> <span class='ocrx_word' id='word_1_547' title='bbox 2870 3499 2960 3558; x_wconf 82' lang='grc' dir='ltr'>οὖν</span> <span class='ocrx_word' id='word_1_548' title='bbox 2983 3503 3206 3574; x_wconf 88' lang='grc' dir='ltr'>Πνεῦμα</span> <span class='ocrx_word' id='word_1_549' title='bbox 3233 3504 3384 3572; x_wconf 79' lang='grc' dir='ltr'>ἆγιον</span> <span class='ocrx_word' id='word_1_550' title='bbox 3414 3503 3493 3567; x_wconf 90' lang='grc' dir='ltr'>εἰς</span> <span class='ocrx_word' id='word_1_551' title='bbox 3513 3504 3639 3566; x_wconf 77' lang='grc' dir='ltr'>τοὺς</span> 
     </span>
    </p>
   </div>
   <div class='ocr_carea' id='block_1_73' title="bbox 2059 3592 3638 3670">
    <p class='ocr_par' dir='ltr' id='par_1_73' title="bbox 2059 3592 3638 3670">
     <span class='ocr_line' id='line_1_73' title="bbox 2059 3592 3638 3670; baseline -0.006 -16"><span class='ocrx_word' id='word_1_552' title='bbox 2059 3599 2451 3670; x_wconf 88' lang='grc' dir='ltr'>εὑαγγελιστάς</span> <span class='ocrx_word' id='word_1_553' title='bbox 2483 3597 2858 3670; x_wconf 83' lang='grc' dir='ltr'>κατανεμηθὲν</span> <span class='ocrx_word' id='word_1_554' title='bbox 2877 3637 2892 3660; x_wconf 98' lang='grc'>,</span> <span class='ocrx_word' id='word_1_555' title='bbox 2926 3596 3025 3667; x_wconf 82' lang='grc' dir='ltr'>τὴν</span> <span class='ocrx_word' id='word_1_556' title='bbox 3053 3598 3230 3650; x_wconf 76' lang='grc' dir='ltr'>πᾶσαν</span> <span class='ocrx_word' id='word_1_557' title='bbox 3257 3594 3350 3648; x_wconf 90' lang='grc' dir='ltr'>τοῦ</span> <span class='ocrx_word' id='word_1_558' title='bbox 3386 3592 3638 3662; x_wconf 79' lang='grc' dir='ltr'>Σωτῆρος</span> 
     </span>
    </p>
   </div>
   <div class='ocr_carea' id='block_1_74' title="bbox 2059 3686 3628 3764">
    <p class='ocr_par' dir='ltr' id='par_1_74' title="bbox 2059 3686 3628 3764">
     <span class='ocr_line' id='line_1_74' title="bbox 2059 3686 3628 3764; baseline -0.006 -16"><span class='ocrx_word' id='word_1_559' title='bbox 2059 3694 2215 3764; x_wconf 83' lang='grc' dir='ltr'>ἡμῶν</span> <span class='ocrx_word' id='word_1_560' title='bbox 2255 3693 2494 3747; x_wconf 85' lang='grc' dir='ltr'>διάθεσιν</span> <span class='ocrx_word' id='word_1_561' title='bbox 2545 3693 2608 3744; x_wconf 74' lang='grc' dir='ltr'>ὲκ</span> <span class='ocrx_word' id='word_1_562' title='bbox 2638 3691 2740 3761; x_wconf 79' lang='grc' dir='ltr'>τῆς</span> <span class='ocrx_word' id='word_1_563' title='bbox 2780 3689 3012 3744; x_wconf 79' lang='grc' dir='ltr'>ἑκάστου</span> <span class='ocrx_word' id='word_1_564' title='bbox 3061 3688 3241 3759; x_wconf 80' lang='grc' dir='ltr'>φωνῆς</span> <span class='ocrx_word' id='word_1_565' title='bbox 3289 3686 3628 3757; x_wconf 89' lang='grc' dir='ltr'>συντίθησιν·</span> 
     </span>
    </p>
   </div>
   <div class='ocr_carea' id='block_1_75' title="bbox 2057 3778 3636 3857">
    <p class='ocr_par' dir='ltr' id='par_1_75' title="bbox 2057 3778 3636 3857">
     <span class='ocr_line' id='line_1_75' title="bbox 2057 3778 3636 3857; baseline -0.004 -19"><span class='ocrx_word' id='word_1_566' title='bbox 2057 3784 2183 3838; x_wconf 75' lang='grc' dir='ltr'>οὔτε</span> <span class='ocrx_word' id='word_1_567' title='bbox 2206 3786 2316 3857; x_wconf 91' lang='grc' dir='ltr'>γάρ</span> <span class='ocrx_word' id='word_1_568' title='bbox 2340 3803 2394 3838; x_wconf 90' lang='grc' dir='ltr'>τι</span> <span class='ocrx_word' id='word_1_569' title='bbox 2421 3787 2655 3838; x_wconf 88' lang='grc' dir='ltr'>αἰτεῖται</span> <span class='ocrx_word' id='word_1_570' title='bbox 2683 3784 2836 3856; x_wconf 88' lang='grc' dir='ltr'>παρά</span> <span class='ocrx_word' id='word_1_571' title='bbox 2862 3781 2955 3837; x_wconf 91' lang='grc' dir='ltr'>τοῦ</span> <span class='ocrx_word' id='word_1_572' title='bbox 2985 3781 3196 3854; x_wconf 77' lang='grc' dir='ltr'>Πατρὺς</span> <span class='ocrx_word' id='word_1_573' title='bbox 3228 3780 3256 3833; x_wconf 85' lang='grc' dir='ltr'>ὃ</span> <span class='ocrx_word' id='word_1_574' title='bbox 3284 3781 3358 3849; x_wconf 86' lang='grc' dir='ltr'>μὴ</span> <span class='ocrx_word' id='word_1_575' title='bbox 3395 3781 3423 3832; x_wconf 90' lang='grc' dir='ltr'>ό</span> <span class='ocrx_word' id='word_1_576' title='bbox 3447 3778 3636 3850; x_wconf 80' lang='grc' dir='ltr'>Πατὴρ</span> 
     </span>
    </p>
   </div>
   <div class='ocr_carea' id='block_1_76' title="bbox 2060 3871 3639 3947">
    <p class='ocr_par' dir='ltr' id='par_1_76' title="bbox 2060 3871 3639 3947">
     <span class='ocr_line' id='line_1_76' title="bbox 2060 3871 3639 3947; baseline -0.005 -17"><span class='ocrx_word' id='word_1_577' title='bbox 2060 3876 2342 3947; x_wconf 85' lang='grc' dir='ltr'>βούλεται·</span> <span class='ocrx_word' id='word_1_578' title='bbox 2367 3876 2428 3928; x_wconf 85' lang='grc' dir='ltr'>τὸ</span> <span class='ocrx_word' id='word_1_579' title='bbox 2453 3875 2562 3946; x_wconf 80' lang='grc' dir='ltr'>γὰρ</span> <span class='ocrx_word' id='word_1_580' title='bbox 2579 3877 2630 3928; x_wconf 88' lang='grc' dir='ltr'>εὶ</span> <span class='ocrx_word' id='word_1_581' title='bbox 2647 3875 2883 3938; x_wconf 78' lang='grc' dir='ltr'>βούλει,</span> <span class='ocrx_word' id='word_1_582' title='bbox 2912 3874 3190 3942; x_wconf 81' lang='grc' dir='ltr'>ὑποταγῆς</span> <span class='ocrx_word' id='word_1_583' title='bbox 3221 3871 3315 3924; x_wconf 73' lang='grc' dir='ltr'>καὶ</span> <span class='ocrx_word' id='word_1_584' title='bbox 3339 3871 3639 3932; x_wconf 75' lang='grc' dir='ltr'>ἐπιεικείας</span> 
     </span>
    </p>
   </div>
   <div class='ocr_carea' id='block_1_77' title="bbox 2058 3957 3633 4034">
    <p class='ocr_par' dir='ltr' id='par_1_77' title="bbox 2058 3957 3633 4034">
     <span class='ocr_line' id='line_1_77' title="bbox 2058 3957 3633 4034; baseline -0.003 -13"><span class='ocrx_word' id='word_1_585' title='bbox 2058 3967 2238 4030; x_wconf 75' lang='grc' dir='ltr'>ἐστὶν,</span> <span class='ocrx_word' id='word_1_586' title='bbox 2285 3967 2384 4020; x_wconf 86' lang='grc' dir='ltr'>οὐκ</span> <span class='ocrx_word' id='word_1_587' title='bbox 2431 3967 2654 4033; x_wconf 76' lang='grc' dir='ltr'>ἀγνοίας</span> <span class='ocrx_word' id='word_1_588' title='bbox 2706 3965 2826 4017; x_wconf 83' lang='grc' dir='ltr'>οὐδὲ</span> <span class='ocrx_word' id='word_1_589' title='bbox 2888 3963 3216 4034; x_wconf 85' lang='grc' dir='ltr'>ἀμφιϐολίας</span> <span class='ocrx_word' id='word_1_590' title='bbox 3261 3957 3330 4031; x_wconf 79' lang='grc' dir='ltr'>ἦν</span> <span class='ocrx_word' id='word_1_591' title='bbox 3380 3961 3633 4032; x_wconf 73' lang='grc' dir='ltr'>δήλωμαο</span> 
     </span>
    </p>
   </div>
   <div class='ocr_carea' id='block_1_78' title="bbox 2056 4051 3632 4129">
    <p class='ocr_par' dir='ltr' id='par_1_78' title="bbox 2056 4051 3632 4129">
     <span class='ocr_line' id='line_1_78' title="bbox 2056 4051 3632 4129; baseline -0.006 -17"><span class='ocrx_word' id='word_1_592' title='bbox 2056 4059 2245 4129; x_wconf 82' lang='grc' dir='ltr'>ὥσπερ</span> <span class='ocrx_word' id='word_1_593' title='bbox 2273 4057 2370 4110; x_wconf 59' lang='grc' dir='ltr'>καί¹</span> <span class='ocrx_word' id='word_1_594' title='bbox 2395 4058 2554 4127; x_wconf 82' lang='grc' dir='ltr'>ἡμεῖς</span> <span class='ocrx_word' id='word_1_595' title='bbox 2593 4054 2862 4124; x_wconf 82' lang='grc' dir='ltr'>εἰώθαμεν</span> <span class='ocrx_word' id='word_1_596' title='bbox 2890 4053 3039 4124; x_wconf 86' lang='grc' dir='ltr'>παρὰ</span> <span class='ocrx_word' id='word_1_597' title='bbox 3069 4051 3278 4122; x_wconf 78' lang='grc' dir='ltr'>Πατρὸς</span> <span class='ocrx_word' id='word_1_598' title='bbox 3308 4051 3340 4122; x_wconf 86' lang='grc' dir='ltr'>ἣ</span> <span class='ocrx_word' id='word_1_599' title='bbox 3373 4051 3632 4121; x_wconf 81' lang='grc' dir='ltr'>ἄρχοντος</span> 
     </span>
    </p>
   </div>
   <div class='ocr_carea' id='block_1_79' title="bbox 2055 4137 3628 4222">
    <p class='ocr_par' dir='ltr' id='par_1_79' title="bbox 2055 4137 3628 4220">
     <span class='ocr_line' id='line_1_79' title="bbox 2055 4137 3628 4220; baseline -0.005 -18"><span class='ocrx_word' id='word_1_600' title='bbox 2055 4150 2088 4220; x_wconf 82' lang='grc' dir='ltr'><strong>ἥ</strong></span> <span class='ocrx_word' id='word_1_601' title='bbox 2133 4145 2451 4202; x_wconf 82' lang='grc' dir='ltr'>διδασκάλου</span> <span class='ocrx_word' id='word_1_602' title='bbox 2478 4145 2512 4215; x_wconf 87' lang='grc' dir='ltr'>ῆ</span> <span class='ocrx_word' id='word_1_603' title='bbox 2549 4144 2695 4207; x_wconf 87' lang='grc' dir='ltr'>τινὸς</span> <span class='ocrx_word' id='word_1_604' title='bbox 2738 4137 2813 4197; x_wconf 83' lang='grc' dir='ltr'>ὧν</span> <span class='ocrx_word' id='word_1_605' title='bbox 2863 4141 3234 4212; x_wconf 84' lang='grc' dir='ltr'>θεραπεύομεν</span> <span class='ocrx_word' id='word_1_606' title='bbox 3267 4141 3544 4207; x_wconf 75' lang='grc' dir='ltr'>ἀξιοῦντες</span> <span class='ocrx_word' id='word_1_607' title='bbox 3575 4159 3628 4194; x_wconf 75' lang='grc' dir='ltr'>τι</span> 
     </span>
    </p>
   </div>
   <div class='ocr_carea' id='block_1_80' title="bbox 288 4230 3634 4307">
    <p class='ocr_par' dir='ltr' id='par_1_80' title="bbox 288 4230 3634 4307">
     <span class='ocr_line' id='line_1_80' title="bbox 288 4230 3634 4307; baseline -0.001 -19"><span class='ocrx_word' id='word_1_608' title='bbox 288 4289 302 4300; x_wconf 64' lang='lat'><strong><em>,</em></strong></span> <span class='ocrx_word' id='word_1_609' title='bbox 381 4234 507 4289; x_wconf 88' lang='grc' dir='ltr'>σθαι</span> <span class='ocrx_word' id='word_1_610' title='bbox 531 4245 557 4266; x_wconf 64' lang='grc' dir='ltr'><strong>θ’</strong></span> <span class='ocrx_word' id='word_1_611' title='bbox 591 4234 675 4299; x_wconf 85' lang='grc' dir='ltr'>τὸ,</span> <span class='ocrx_word' id='word_1_612' title='bbox 719 4237 812 4289; x_wconf 87' lang='grc' dir='ltr'>τὸν</span> <span class='ocrx_word' id='word_1_613' title='bbox 857 4235 956 4305; x_wconf 82' lang='grc' dir='ltr'>μὲν</span> <span class='ocrx_word' id='word_1_614' title='bbox 997 4235 1302 4307; x_wconf 82' lang='grc' dir='ltr'>πειρασμὸν</span> <span class='ocrx_word' id='word_1_615' title='bbox 1337 4235 1654 4306; x_wconf 89' lang='grc' dir='ltr'>προσελθεῖν</span> <span class='ocrx_word' id='word_1_616' title='bbox 1673 4252 1687 4266; x_wconf 75' lang='grc' dir='ltr'>ο</span> <span class='ocrx_word' id='word_1_617' title='bbox 1727 4236 1809 4288; x_wconf 89' lang='grc' dir='ltr'>δεῖ</span> <span class='ocrx_word' id='word_1_618' title='bbox 1848 4235 1957 4307; x_wconf 87' lang='grc' dir='ltr'>γὰρ</span> <span class='ocrx_word' id='word_1_619' title='bbox 1984 4234 2025 4291; x_wconf 88' lang='lat' dir='ltr'><strong><em>C</em></strong></span> <span class='ocrx_word' id='word_1_620' title='bbox 2056 4237 2165 4291; x_wconf 85' lang='grc' dir='ltr'>τῶν</span> <span class='ocrx_word' id='word_1_621' title='bbox 2194 4234 2388 4306; x_wconf 74' lang='grc' dir='ltr'>ἐκείνῳ</span> <span class='ocrx_word' id='word_1_622' title='bbox 2418 4232 2766 4304; x_wconf 88' lang='grc' dir='ltr'>καταθυμίων</span> <span class='ocrx_word' id='word_1_623' title='bbox 2793 4231 2968 4300; x_wconf 87' lang='grc' dir='ltr'>λέγειν</span> <span class='ocrx_word' id='word_1_624' title='bbox 2991 4271 3007 4296; x_wconf 93' lang='grc'>,</span> <span class='ocrx_word' id='word_1_625' title='bbox 3041 4231 3107 4283; x_wconf 77' lang='grc' dir='ltr'>Εἰ</span> <span class='ocrx_word' id='word_1_626' title='bbox 3137 4249 3217 4284; x_wconf 89' lang='grc' dir='ltr'>σοι</span> <span class='ocrx_word' id='word_1_627' title='bbox 3242 4230 3414 4299; x_wconf 83' lang='grc' dir='ltr'>φίλον,</span> <span class='ocrx_word' id='word_1_628' title='bbox 3437 4231 3534 4303; x_wconf 79' lang='grc' dir='ltr'>οὐχ</span> <span class='ocrx_word' id='word_1_629' title='bbox 3559 4233 3634 4296; x_wconf 85' lang='grc' dir='ltr'>ὡς</span> 
     </span>
    </p>
   </div>
   <div class='ocr_carea' id='block_1_81' title="bbox 2055 4325 3631 4400">
    <p class='ocr_par' dir='ltr' id='par_1_81' title="bbox 2055 4325 3631 4400">
     <span class='ocr_line' id='line_1_81' title="bbox 2055 4325 3631 4400; baseline -0.004 -16"><span class='ocrx_word' id='word_1_630' title='bbox 2055 4326 2481 4400; x_wconf 86' lang='grc' dir='ltr'>ἀμφιγνοοῦντες</span> <span class='ocrx_word' id='word_1_631' title='bbox 2500 4343 2514 4356; x_wconf 90' lang='grc'><strong>·</strong></span> <span class='ocrx_word' id='word_1_632' title='bbox 2543 4325 2714 4389; x_wconf 73' lang='grc' dir='ltr'>οὕτως</span> <span class='ocrx_word' id='word_1_633' title='bbox 2735 4325 2828 4379; x_wconf 84' lang='grc' dir='ltr'>καὶ</span> <span class='ocrx_word' id='word_1_634' title='bbox 2849 4327 2876 4378; x_wconf 85' lang='grc' dir='ltr'>ό</span> <span class='ocrx_word' id='word_1_635' title='bbox 2896 4325 3084 4396; x_wconf 85' lang='grc' dir='ltr'>Σωτὴρ</span> <span class='ocrx_word' id='word_1_636' title='bbox 3105 4325 3289 4393; x_wconf 76' lang='grc' dir='ltr'>ἔλεγεν</span> <span class='ocrx_word' id='word_1_637' title='bbox 3313 4328 3366 4377; x_wconf 83' lang='grc' dir='ltr'>εὶ</span> <span class='ocrx_word' id='word_1_638' title='bbox 3381 4325 3594 4389; x_wconf 75' lang='grc' dir='ltr'>βούλει</span> <span class='ocrx_word' id='word_1_639' title='bbox 3614 4341 3631 4356; x_wconf 72' lang='grc' dir='ltr'><strong>ο</strong></span> 
     </span>
    </p>
   </div>
   <div class='ocr_carea' id='block_1_82' title="bbox 2055 4414 3631 4493">
    <p class='ocr_par' dir='ltr' id='par_1_82' title="bbox 2055 4414 3631 4493">
     <span class='ocr_line' id='line_1_82' title="bbox 2055 4414 3631 4493; baseline -0.003 -19"><span class='ocrx_word' id='word_1_640' title='bbox 2055 4422 2154 4493; x_wconf 88' lang='grc' dir='ltr'>οὑχ</span> <span class='ocrx_word' id='word_1_641' title='bbox 2187 4420 2373 4491; x_wconf 71' lang='grc' dir='ltr'>ἔτερόν</span> <span class='ocrx_word' id='word_1_642' title='bbox 2395 4437 2447 4472; x_wconf 87' lang='grc' dir='ltr'>τι</span> <span class='ocrx_word' id='word_1_643' title='bbox 2472 4418 2788 4490; x_wconf 85' lang='grc' dir='ltr'>βουλόμενον</span> <span class='ocrx_word' id='word_1_644' title='bbox 2816 4416 2970 4480; x_wconf 85' lang='grc' dir='ltr'>εἰδὼς</span> <span class='ocrx_word' id='word_1_645' title='bbox 2990 4455 3004 4480; x_wconf 95' lang='grc'>,</span> <span class='ocrx_word' id='word_1_646' title='bbox 3037 4414 3154 4470; x_wconf 77' lang='grc' dir='ltr'>εἶτα</span> <span class='ocrx_word' id='word_1_647' title='bbox 3177 4416 3333 4470; x_wconf 87' lang='grc' dir='ltr'>τοῦτο</span> <span class='ocrx_word' id='word_1_648' title='bbox 3364 4416 3631 4470; x_wconf 78' lang='grc' dir='ltr'>πυνθανό-</span> 
     </span>
    </p>
   </div>
   <div class='ocr_carea' id='block_1_83' title="bbox 2059 4508 3631 4584">
    <p class='ocr_par' dir='ltr' id='par_1_83' title="bbox 2059 4508 3631 4584">
     <span class='ocr_line' id='line_1_83' title="bbox 2059 4508 3631 4584; baseline -0.002 -18"><span class='ocrx_word' id='word_1_649' title='bbox 2059 4529 2217 4584; x_wconf 90' lang='grc' dir='ltr'>μενος</span> <span class='ocrx_word' id='word_1_650' title='bbox 2236 4552 2250 4576; x_wconf 95' lang='grc'>,</span> <span class='ocrx_word' id='word_1_651' title='bbox 2277 4511 2390 4564; x_wconf 85' lang='grc' dir='ltr'>ἀλλ’</span> <span class='ocrx_word' id='word_1_652' title='bbox 2420 4511 2666 4581; x_wconf 77' lang='grc' dir='ltr'>ἀκριϐῶς</span> <span class='ocrx_word' id='word_1_653' title='bbox 2698 4508 2853 4573; x_wconf 88' lang='grc' dir='ltr'>εἰδὼς</span> <span class='ocrx_word' id='word_1_654' title='bbox 2880 4509 2962 4562; x_wconf 82' lang='grc' dir='ltr'>ὅτι</span> <span class='ocrx_word' id='word_1_655' title='bbox 2993 4508 3238 4579; x_wconf 85' lang='grc' dir='ltr'>βούλεται</span> <span class='ocrx_word' id='word_1_656' title='bbox 3271 4513 3631 4581; x_wconf 81' lang='grc' dir='ltr'>παρενεγκεῖν</span> 
     </span>
    </p>
   </div>
   <div class='ocr_carea' id='block_1_84' title="bbox 2055 4602 3630 4677">
    <p class='ocr_par' dir='ltr' id='par_1_84' title="bbox 2055 4602 3630 4677">
     <span class='ocr_line' id='line_1_84' title="bbox 2055 4602 3630 4677; baseline -0.002 -17"><span class='ocrx_word' id='word_1_657' title='bbox 2055 4607 2150 4660; x_wconf 85' lang='grc' dir='ltr'>ἀπ’</span> <span class='ocrx_word' id='word_1_658' title='bbox 2179 4604 2342 4660; x_wconf 85' lang='grc' dir='ltr'>αὑτοῦ</span> <span class='ocrx_word' id='word_1_659' title='bbox 2370 4605 2433 4659; x_wconf 81' lang='grc' dir='ltr'>τὸ</span> <span class='ocrx_word' id='word_1_660' title='bbox 2464 4605 2755 4677; x_wconf 81' lang='grc' dir='ltr'>ποτήριον,</span> <span class='ocrx_word' id='word_1_661' title='bbox 2781 4602 3050 4675; x_wconf 73' lang='grc' dir='ltr'>ἠπίστατο</span> <span class='ocrx_word' id='word_1_662' title='bbox 3076 4602 3299 4667; x_wconf 89' lang='grc' dir='ltr'>δικαίως</span> <span class='ocrx_word' id='word_1_663' title='bbox 3325 4602 3354 4656; x_wconf 87' lang='grc' dir='ltr'><strong>ὂ</strong></span> <span class='ocrx_word' id='word_1_664' title='bbox 3383 4602 3630 4674; x_wconf 85' lang='grc' dir='ltr'>βούλεται</span> 
     </span>
    </p>
   </div>
   <div class='ocr_carea' id='block_1_85' title="bbox 2054 4693 3633 4767">
    <p class='ocr_par' dir='ltr' id='par_1_85' title="bbox 2054 4693 3633 4767">
     <span class='ocr_line' id='line_1_85' title="bbox 2054 4693 3633 4767; baseline -0.001 -17"><span class='ocrx_word' id='word_1_665' title='bbox 2054 4695 2277 4750; x_wconf 76' lang='grc' dir='ltr'>δυνατὸν</span> <span class='ocrx_word' id='word_1_666' title='bbox 2298 4694 2446 4766; x_wconf 87' lang='grc' dir='ltr'>αὑτῷ</span> <span class='ocrx_word' id='word_1_667' title='bbox 2464 4712 2478 4726; x_wconf 76' lang='grc'><strong><em>⁸</em></strong></span> <span class='ocrx_word' id='word_1_668' title='bbox 2500 4694 2589 4748; x_wconf 86' lang='grc' dir='ltr'>διὰ</span> <span class='ocrx_word' id='word_1_669' title='bbox 2606 4693 2816 4764; x_wconf 88' lang='grc' dir='ltr'>τοῦτοὴ</span> <span class='ocrx_word' id='word_1_670' title='bbox 2847 4693 3010 4765; x_wconf 80' lang='grc' dir='ltr'>ἑτέρα</span> <span class='ocrx_word' id='word_1_671' title='bbox 3025 4695 3215 4767; x_wconf 82' lang='grc' dir='ltr'>Γραφή</span> <span class='ocrx_word' id='word_1_672' title='bbox 3241 4711 3405 4766; x_wconf 84' lang='grc' dir='ltr'>φησι·</span> <span class='ocrx_word' id='word_1_673' title='bbox 3428 4694 3633 4749; x_wconf 81' lang='grc' dir='ltr'>Πάντα</span> 
     </span>
    </p>
   </div>
   <div class='ocr_carea' id='block_1_86' title="bbox 2054 4785 3631 4848">
    <p class='ocr_par' dir='ltr' id='par_1_86' title="bbox 2054 4785 3631 4848">
     <span class='ocr_line' id='line_1_86' title="bbox 2054 4785 3631 4848; baseline -0.001 -9"><span class='ocrx_word' id='word_1_674' title='bbox 2054 4785 2283 4840; x_wconf 79' lang='grc' dir='ltr'>δυνατά</span> <span class='ocrx_word' id='word_1_675' title='bbox 2305 4802 2405 4840; x_wconf 85' lang='grc' dir='ltr'>σοι</span> <span class='ocrx_word' id='word_1_676' title='bbox 2426 4803 2440 4817; x_wconf 72' lang='grc' dir='ltr'><strong>ο</strong></span> <span class='ocrx_word' id='word_1_677' title='bbox 2469 4787 2563 4840; x_wconf 79' lang='grc' dir='ltr'>καὶ</span> <span class='ocrx_word' id='word_1_678' title='bbox 2588 4786 2744 4839; x_wconf 87' lang='grc' dir='ltr'>τοῦτο</span> <span class='ocrx_word' id='word_1_679' title='bbox 2769 4785 2984 4848; x_wconf 87' lang='grc' dir='ltr'>πάντως</span> <span class='ocrx_word' id='word_1_680' title='bbox 3010 4785 3072 4838; x_wconf 82' lang='grc' dir='ltr'>τὸ</span> <span class='ocrx_word' id='word_1_681' title='bbox 3107 4785 3283 4839; x_wconf 80' lang='grc' dir='ltr'>εἰκτὺν</span> <span class='ocrx_word' id='word_1_682' title='bbox 3319 4785 3412 4838; x_wconf 82' lang='grc' dir='ltr'>καὶ</span> <span class='ocrx_word' id='word_1_683' title='bbox 3441 4796 3631 4838; x_wconf 83' lang='grc' dir='ltr'>ταπει-</span> 
     </span>
    </p>
   </div>
   <div class='ocr_carea' id='block_1_87' title="bbox 2057 4874 3624 4949">
    <p class='ocr_par' dir='ltr' id='par_1_87' title="bbox 2057 4874 3624 4949">
     <span class='ocr_line' id='line_1_87' title="bbox 2057 4874 3624 4949; baseline -0.002 -18"><span class='ocrx_word' id='word_1_684' title='bbox 2057 4877 2156 4946; x_wconf 89' lang='grc' dir='ltr'>νὸφ</span> <span class='ocrx_word' id='word_1_685' title='bbox 2163 4895 2253 4949; x_wconf 90' lang='grc' dir='ltr'>ρον</span> <span class='ocrx_word' id='word_1_686' title='bbox 2267 4880 2296 4931; x_wconf 89' lang='grc' dir='ltr'>ό</span> <span class='ocrx_word' id='word_1_687' title='bbox 2310 4877 2586 4941; x_wconf 88' lang='grc' dir='ltr'>Ματθαῖος</span> <span class='ocrx_word' id='word_1_688' title='bbox 2597 4876 2906 4948; x_wconf 86' lang='grc' dir='ltr'>διαγράφει,</span> <span class='ocrx_word' id='word_1_689' title='bbox 2919 4879 2973 4930; x_wconf 86' lang='grc' dir='ltr'>εἰ</span> <span class='ocrx_word' id='word_1_690' title='bbox 2985 4877 3246 4931; x_wconf 74' lang='grc' dir='ltr'>δυνατόν</span> <span class='ocrx_word' id='word_1_691' title='bbox 3256 4876 3408 4940; x_wconf 83' lang='grc' dir='ltr'>ἑστι,</span> <span class='ocrx_word' id='word_1_692' title='bbox 3423 4874 3595 4944; x_wconf 83' lang='grc' dir='ltr'>λέγων</span> <span class='ocrx_word' id='word_1_693' title='bbox 3611 4893 3624 4906; x_wconf 87' lang='grc'><strong>·</strong></span> 
     </span>
    </p>
   </div>
   <div class='ocr_carea' id='block_1_88' title="bbox 2055 4966 3627 5041">
    <p class='ocr_par' dir='ltr' id='par_1_88' title="bbox 2055 4966 3627 5041">
     <span class='ocr_line' id='line_1_88' title="bbox 2055 4966 3627 5041; baseline -0.002 -19"><span class='ocrx_word' id='word_1_694' title='bbox 2055 4970 2106 5022; x_wconf 91' lang='grc' dir='ltr'>εἰ</span> <span class='ocrx_word' id='word_1_695' title='bbox 2139 4969 2246 5041; x_wconf 84' lang='grc' dir='ltr'>γὰρ</span> <span class='ocrx_word' id='word_1_696' title='bbox 2275 4970 2354 5040; x_wconf 81' lang='grc' dir='ltr'>μὴ</span> <span class='ocrx_word' id='word_1_697' title='bbox 2385 4968 2558 5033; x_wconf 82' lang='grc' dir='ltr'>οὓτως</span> <span class='ocrx_word' id='word_1_698' title='bbox 2585 4969 2926 5041; x_wconf 89' lang='grc' dir='ltr'>ἀρμόσαιμεν</span> <span class='ocrx_word' id='word_1_699' title='bbox 2957 4969 3056 5040; x_wconf 85' lang='grc' dir='ltr'>τὴν</span> <span class='ocrx_word' id='word_1_700' title='bbox 3091 4968 3343 5031; x_wconf 86' lang='grc' dir='ltr'>διάνοιαν,</span> <span class='ocrx_word' id='word_1_701' title='bbox 3371 4966 3510 5038; x_wconf 86' lang='grc' dir='ltr'>τάχα</span> <span class='ocrx_word' id='word_1_702' title='bbox 3543 4985 3627 5020; x_wconf 90' lang='grc' dir='ltr'>τι-</span> 
     </span>
    </p>
   </div>
   <div class='ocr_carea' id='block_1_89' title="bbox 2055 5059 3627 5128">
    <p class='ocr_par' dir='ltr' id='par_1_89' title="bbox 2055 5059 3627 5128">
     <span class='ocr_line' id='line_1_89' title="bbox 2055 5059 3627 5128; baseline -0.001 -14"><span class='ocrx_word' id='word_1_703' title='bbox 2055 5060 2143 5124; x_wconf 86' lang='grc' dir='ltr'>νὲς</span> <span class='ocrx_word' id='word_1_704' title='bbox 2160 5060 2459 5128; x_wconf 79' lang='grc' dir='ltr'>έκδέξοιντο</span> <span class='ocrx_word' id='word_1_705' title='bbox 2479 5061 2690 5125; x_wconf 86' lang='grc' dir='ltr'>ἀσεϐῶς</span> <span class='ocrx_word' id='word_1_706' title='bbox 2713 5061 2795 5126; x_wconf 89' lang='grc' dir='ltr'>τό,</span> <span class='ocrx_word' id='word_1_707' title='bbox 2816 5064 2868 5116; x_wconf 83' lang='grc' dir='ltr'>εὶ</span> <span class='ocrx_word' id='word_1_708' title='bbox 2887 5061 3148 5116; x_wconf 79' lang='grc' dir='ltr'>δυνατόν</span> <span class='ocrx_word' id='word_1_709' title='bbox 3159 5061 3328 5114; x_wconf 75' lang='grc' dir='ltr'>ἐστιν</span> <span class='ocrx_word' id='word_1_710' title='bbox 3345 5076 3358 5089; x_wconf 87' lang='grc'><strong>·</strong></span> <span class='ocrx_word' id='word_1_711' title='bbox 3385 5059 3460 5124; x_wconf 87' lang='grc' dir='ltr'>ὡς</span> <span class='ocrx_word' id='word_1_712' title='bbox 3487 5060 3627 5123; x_wconf 75' lang='grc' dir='ltr'>τινος</span> 
     </span>
    </p>
   </div>
   <div class='ocr_carea' id='block_1_90' title="bbox 2053 5146 3624 5230">
    <p class='ocr_par' dir='ltr' id='par_1_90' title="bbox 2053 5146 3624 5230">
     <span class='ocr_line' id='line_1_90' title="bbox 2053 5146 3624 5230; baseline 0.001 -24"><span class='ocrx_word' id='word_1_713' title='bbox 2053 5152 2204 5217; x_wconf 75' lang='grc' dir='ltr'>ὄντος</span> <span class='ocrx_word' id='word_1_714' title='bbox 2240 5153 2504 5208; x_wconf 83' lang='grc' dir='ltr'>ἀδυνάτου</span> <span class='ocrx_word' id='word_1_715' title='bbox 2536 5153 2619 5230; x_wconf 59' lang='grc' dir='ltr'>τῷ</span> <span class='ocrx_word' id='word_1_716' title='bbox 2652 5154 2771 5226; x_wconf 85' lang='grc' dir='ltr'>Θεῷ</span> <span class='ocrx_word' id='word_1_717' title='bbox 2803 5155 3059 5226; x_wconf 84' lang='grc' dir='ltr'>ποιῆσαι,</span> <span class='ocrx_word' id='word_1_718' title='bbox 3095 5152 3233 5224; x_wconf 84' lang='grc' dir='ltr'>πλὴν</span> <span class='ocrx_word' id='word_1_719' title='bbox 3264 5152 3423 5222; x_wconf 84' lang='grc' dir='ltr'>μόνου</span> <span class='ocrx_word' id='word_1_720' title='bbox 3457 5146 3518 5206; x_wconf 81' lang='grc' dir='ltr'>οῦ</span> <span class='ocrx_word' id='word_1_721' title='bbox 3551 5154 3624 5223; x_wconf 78' lang='grc' dir='ltr'>μὴ</span> 
     </span>
    </p>
   </div>
   <div class='ocr_carea' id='block_1_91' title="bbox 2055 5242 3626 5317">
    <p class='ocr_par' dir='ltr' id='par_1_91' title="bbox 2055 5242 3626 5317">
     <span class='ocr_line' id='line_1_91' title="bbox 2055 5242 3626 5317; baseline 0 -20"><span class='ocrx_word' id='word_1_722' title='bbox 2055 5243 2331 5316; x_wconf 81' lang='grc' dir='ltr'>βούλεται⁶</span> <span class='ocrx_word' id='word_1_723' title='bbox 2365 5246 2468 5300; x_wconf 87' lang='grc' dir='ltr'>οὐκ</span> <span class='ocrx_word' id='word_1_724' title='bbox 2501 5246 2837 5301; x_wconf 84' lang='grc' dir='ltr'>αὐθέκαστον</span> <span class='ocrx_word' id='word_1_725' title='bbox 2862 5242 2955 5301; x_wconf 83' lang='grc' dir='ltr'>οὖν</span> <span class='ocrx_word' id='word_1_726' title='bbox 2978 5286 2993 5310; x_wconf 97' lang='grc'>,</span> <span class='ocrx_word' id='word_1_727' title='bbox 3023 5245 3146 5300; x_wconf 80' lang='grc' dir='ltr'>οὐδὲ</span> <span class='ocrx_word' id='word_1_728' title='bbox 3179 5245 3328 5316; x_wconf 82' lang='grc' dir='ltr'>αὐτῷ</span> <span class='ocrx_word' id='word_1_729' title='bbox 3360 5245 3507 5317; x_wconf 87' lang='grc' dir='ltr'>μόνῳ</span> <span class='ocrx_word' id='word_1_730' title='bbox 3547 5245 3626 5298; x_wconf 87' lang='grc' dir='ltr'>δο-</span> 
     </span>
    </p>
   </div>
   <div class='ocr_carea' id='block_1_92' title="bbox 2053 5337 3626 5412">
    <p class='ocr_par' dir='ltr' id='par_1_92' title="bbox 2053 5337 3626 5412">
     <span class='ocr_line' id='line_1_92' title="bbox 2053 5337 3626 5412; baseline 0.001 -21"><span class='ocrx_word' id='word_1_731' title='bbox 2053 5338 2252 5392; x_wconf 90' lang='grc' dir='ltr'>κοῦσαν</span> <span class='ocrx_word' id='word_1_732' title='bbox 2279 5337 2313 5410; x_wconf 81' lang='grc' dir='ltr'>ἤ</span> <span class='ocrx_word' id='word_1_733' title='bbox 2342 5339 2719 5411; x_wconf 83' lang='grc' dir='ltr'>ἀντικειμένην</span> <span class='ocrx_word' id='word_1_734' title='bbox 2747 5343 2813 5412; x_wconf 81' lang='grc' dir='ltr'>τῇ</span> <span class='ocrx_word' id='word_1_735' title='bbox 2845 5339 3005 5411; x_wconf 80' lang='grc' dir='ltr'>βουλῇ</span> <span class='ocrx_word' id='word_1_736' title='bbox 3031 5337 3125 5393; x_wconf 89' lang='grc' dir='ltr'>τοῦ</span> <span class='ocrx_word' id='word_1_737' title='bbox 3155 5338 3368 5412; x_wconf 84' lang='grc' dir='ltr'>Πατρὸς</span> <span class='ocrx_word' id='word_1_738' title='bbox 3394 5339 3626 5392; x_wconf 81' lang='grc' dir='ltr'>ἐποιεῖτο</span> 
     </span>
    </p>
   </div>
   <div class='ocr_carea' id='block_1_93' title="bbox 2052 5427 3622 5503">
    <p class='ocr_par' dir='ltr' id='par_1_93' title="bbox 2052 5427 3622 5503">
     <span class='ocr_line' id='line_1_93' title="bbox 2052 5427 3622 5503; baseline 0.004 -23"><span class='ocrx_word' id='word_1_739' title='bbox 2052 5427 2150 5498; x_wconf 85' lang='grc' dir='ltr'>τὴν</span> <span class='ocrx_word' id='word_1_740' title='bbox 2174 5427 2417 5494; x_wconf 82' lang='grc' dir='ltr'>ἀξίωσιν,</span> <span class='ocrx_word' id='word_1_741' title='bbox 2442 5429 2578 5483; x_wconf 91' lang='grc' dir='ltr'>ἀλλά</span> <span class='ocrx_word' id='word_1_742' title='bbox 2600 5430 2695 5482; x_wconf 73' lang='grc' dir='ltr'>καὶ</span> <span class='ocrx_word' id='word_1_743' title='bbox 2719 5429 2797 5501; x_wconf 83' lang='grc' dir='ltr'>τῷ</span> <span class='ocrx_word' id='word_1_744' title='bbox 2825 5430 2943 5501; x_wconf 83' lang='grc' dir='ltr'>Θεῷ</span> <span class='ocrx_word' id='word_1_745' title='bbox 2967 5429 3345 5485; x_wconf 85' lang='grc' dir='ltr'>συνδοκοῦσαν.</span> <span class='ocrx_word' id='word_1_746' title='bbox 3373 5431 3484 5485; x_wconf 74' lang='grc' dir='ltr'>Καὶ</span> <span class='ocrx_word' id='word_1_747' title='bbox 3515 5431 3622 5503; x_wconf 80' lang='grc' dir='ltr'>μὴν</span> 
     </span>
    </p>
   </div>
   <div class='ocr_carea' id='block_1_94' title="bbox 2053 5518 3622 5595">
    <p class='ocr_par' dir='ltr' id='par_1_94' title="bbox 2053 5518 3622 5595">
     <span class='ocr_line' id='line_1_94' title="bbox 2053 5518 3622 5595; baseline 0.004 -24"><span class='ocrx_word' id='word_1_748' title='bbox 2053 5518 2215 5588; x_wconf 83' lang='grc' dir='ltr'>φήσει</span> <span class='ocrx_word' id='word_1_749' title='bbox 2243 5520 2348 5586; x_wconf 88' lang='grc' dir='ltr'>τίς,</span> <span class='ocrx_word' id='word_1_750' title='bbox 2374 5522 2458 5575; x_wconf 84' lang='grc' dir='ltr'>ὅτι</span> <span class='ocrx_word' id='word_1_751' title='bbox 2491 5522 2860 5590; x_wconf 79' lang='grc' dir='ltr'>ἀναγκάζεται</span> <span class='ocrx_word' id='word_1_752' title='bbox 2887 5523 2980 5576; x_wconf 79' lang='grc' dir='ltr'>καὶ</span> <span class='ocrx_word' id='word_1_753' title='bbox 3013 5525 3292 5593; x_wconf 69' lang='grc' dir='ltr'>μετανοεῖ,</span> <span class='ocrx_word' id='word_1_754' title='bbox 3319 5524 3413 5577; x_wconf 75' lang='grc' dir='ltr'>καὶ</span> <span class='ocrx_word' id='word_1_755' title='bbox 3436 5523 3622 5595; x_wconf 77' lang='grc' dir='ltr'>ἕτερον</span> 
     </span>
    </p>
   </div>
   <div class='ocr_carea' id='block_1_95' title="bbox 379 5611 3623 5686">
    <p class='ocr_par' dir='ltr' id='par_1_95' title="bbox 379 5611 3623 5686">
     <span class='ocr_line' id='line_1_95' title="bbox 379 5611 3623 5686; baseline 0.001 -21"><span class='ocrx_word' id='word_1_756' title='bbox 379 5613 471 5672; x_wconf 72' lang='grc' dir='ltr'>κδν</span> <span class='ocrx_word' id='word_1_757' title='bbox 504 5612 734 5684; x_wconf 85' lang='grc' dir='ltr'>θέλημα,</span> <span class='ocrx_word' id='word_1_758' title='bbox 767 5612 828 5665; x_wconf 86' lang='grc' dir='ltr'>τὸ</span> <span class='ocrx_word' id='word_1_759' title='bbox 859 5611 949 5666; x_wconf 85' lang='grc' dir='ltr'>διά</span> <span class='ocrx_word' id='word_1_760' title='bbox 972 5612 1280 5684; x_wconf 89' lang='grc' dir='ltr'>πειρασμοῦ</span> <span class='ocrx_word' id='word_1_761' title='bbox 1311 5613 1514 5676; x_wconf 76' lang='grc' dir='ltr'>παντὸς</span> <span class='ocrx_word' id='word_1_762' title='bbox 1546 5611 1947 5683; x_wconf 70' lang='grc' dir='ltr'>ἐπισκήψαντος</span> <span class='ocrx_word' id='word_1_763' title='bbox 1980 5611 2025 5635; x_wconf 78' lang='grc' dir='ltr'><strong><em>υ</em></strong></span> <span class='ocrx_word' id='word_1_764' title='bbox 2053 5611 2215 5675; x_wconf 86' lang='grc' dir='ltr'>εὐθὺς</span> <span class='ocrx_word' id='word_1_765' title='bbox 2243 5613 2305 5666; x_wconf 89' lang='grc' dir='ltr'>οὑ</span> <span class='ocrx_word' id='word_1_766' title='bbox 2329 5613 2392 5665; x_wconf 87' lang='grc' dir='ltr'>τὺ</span> <span class='ocrx_word' id='word_1_767' title='bbox 2417 5613 2680 5686; x_wconf 86' lang='grc' dir='ltr'>πρότερον</span> <span class='ocrx_word' id='word_1_768' title='bbox 2711 5616 2882 5679; x_wconf 88' lang='grc' dir='ltr'>αἰτεῖ,</span> <span class='ocrx_word' id='word_1_769' title='bbox 2920 5615 3105 5669; x_wconf 77' lang='grc' dir='ltr'>οὐκέτι</span> <span class='ocrx_word' id='word_1_770' title='bbox 3137 5613 3196 5667; x_wconf 82' lang='grc' dir='ltr'>τὸ</span> <span class='ocrx_word' id='word_1_771' title='bbox 3222 5613 3389 5668; x_wconf 80' lang='grc' dir='ltr'>αὑτοῦ</span> <span class='ocrx_word' id='word_1_772' title='bbox 3422 5615 3623 5686; x_wconf 80' lang='grc' dir='ltr'>κρατύ-</span> 
     </span>
    </p>
   </div>
   <div class='ocr_carea' id='block_1_96' title="bbox 374 5702 1946 5775">
    <p class='ocr_par' dir='ltr' id='par_1_96' title="bbox 374 5702 1946 5775">
     <span class='ocr_line' id='line_1_96' title="bbox 374 5702 1946 5775; baseline -0.001 -19"><span class='ocrx_word' id='word_1_773' title='bbox 374 5703 598 5756; x_wconf 86' lang='grc' dir='ltr'>διελθεῖν</span> <span class='ocrx_word' id='word_1_774' title='bbox 614 5744 628 5767; x_wconf 92' lang='grc'>,</span> <span class='ocrx_word' id='word_1_775' title='bbox 676 5702 950 5772; x_wconf 82' lang='grc' dir='ltr'>διάγοντος</span> <span class='ocrx_word' id='word_1_776' title='bbox 977 5704 1140 5757; x_wconf 82' lang='grc' dir='ltr'>αὑτὸν</span> <span class='ocrx_word' id='word_1_777' title='bbox 1165 5703 1482 5775; x_wconf 87' lang='grc' dir='ltr'>θαυμασίως</span> <span class='ocrx_word' id='word_1_778' title='bbox 1524 5703 1687 5758; x_wconf 86' lang='grc' dir='ltr'>αὑτοῦ</span> <span class='ocrx_word' id='word_1_779' title='bbox 1713 5703 1809 5756; x_wconf 89' lang='grc' dir='ltr'>τοῦ</span> <span class='ocrx_word' id='word_1_780' title='bbox 1834 5704 1946 5756; x_wconf 86' lang='grc' dir='ltr'>Πα-</span> 
     </span>
    </p>
   </div>
   <div class='ocr_carea' id='block_1_97' title="bbox 371 5791 1944 5865">
    <p class='ocr_par' dir='ltr' id='par_1_97' title="bbox 371 5791 1944 5865">
     <span class='ocr_line' id='line_1_97' title="bbox 371 5791 1944 5865; baseline 0.001 -21"><span class='ocrx_word' id='word_1_781' title='bbox 371 5791 498 5863; x_wconf 71' lang='grc' dir='ltr'>τρδς</span> <span class='ocrx_word' id='word_1_782' title='bbox 522 5831 537 5856; x_wconf 96' lang='grc'>,</span> <span class='ocrx_word' id='word_1_783' title='bbox 573 5792 648 5864; x_wconf 78' lang='grc' dir='ltr'>μὴ</span> <span class='ocrx_word' id='word_1_784' title='bbox 684 5791 847 5864; x_wconf 86' lang='grc' dir='ltr'>μέχρι</span> <span class='ocrx_word' id='word_1_785' title='bbox 879 5791 968 5845; x_wconf 89' lang='grc' dir='ltr'>τοῦ</span> <span class='ocrx_word' id='word_1_786' title='bbox 1002 5793 1309 5864; x_wconf 88' lang='grc' dir='ltr'>πειρασμοῦ</span> <span class='ocrx_word' id='word_1_787' title='bbox 1332 5833 1347 5857; x_wconf 94' lang='grc'>,</span> <span class='ocrx_word' id='word_1_788' title='bbox 1378 5793 1511 5865; x_wconf 82' lang='grc' dir='ltr'>μηδὲ</span> <span class='ocrx_word' id='word_1_789' title='bbox 1537 5794 1616 5856; x_wconf 85' lang='grc' dir='ltr'>εἰς</span> <span class='ocrx_word' id='word_1_790' title='bbox 1643 5791 1802 5846; x_wconf 82' lang='grc' dir='ltr'>αὑτὸν</span> <span class='ocrx_word' id='word_1_791' title='bbox 1836 5793 1944 5845; x_wconf 78' lang='grc' dir='ltr'>εἰσ-</span> 
     </span>
    </p>
   </div>
   <div class='ocr_carea' id='block_1_98' title="bbox 441 5947 1615 6020">
    <p class='ocr_par' dir='ltr' id='par_1_98' title="bbox 441 5947 1615 6020">
     <span class='ocr_line' id='line_1_98' title="bbox 441 5947 1615 6020; baseline 0.004 -20"><span class='ocrx_word' id='word_1_792' title='bbox 441 5947 518 6020; x_wconf 85' lang='grc'>(1)</span> <span class='ocrx_word' id='word_1_793' title='bbox 559 5947 697 6012; x_wconf 69' lang='grc' dir='ltr'>Μλι,</span> <span class='ocrx_word' id='word_1_794' title='bbox 729 5948 1057 6004; x_wconf 77' lang='lat' dir='ltr'><strong>Bibliotheca</strong></span> <span class='ocrx_word' id='word_1_795' title='bbox 1091 5965 1242 6016; x_wconf 80' lang='lat' dir='ltr'><strong>nova,</strong></span> <span class='ocrx_word' id='word_1_796' title='bbox 1283 5948 1372 6015; x_wconf 81' lang='lat' dir='ltr'><strong>Vl,</strong></span> <span class='ocrx_word' id='word_1_797' title='bbox 1406 5965 1458 6019; x_wconf 87' lang='grc' dir='ltr'>ι,</span> <span class='ocrx_word' id='word_1_798' title='bbox 1496 5949 1615 6005; x_wconf 83' lang='grc'><strong>165.</strong></span> 
     </span>
    </p>
   </div>
   <div class='ocr_carea' id='block_1_99' title="bbox 2052 5703 3626 5780">
    <p class='ocr_par' dir='ltr' id='par_1_99' title="bbox 2052 5703 3626 5780">
     <span class='ocr_line' id='line_1_99' title="bbox 2052 5703 3626 5780; baseline 0.004 -25"><span class='ocrx_word' id='word_1_799' title='bbox 2052 5718 2132 5756; x_wconf 87' lang='grc' dir='ltr'>νει</span> <span class='ocrx_word' id='word_1_800' title='bbox 2150 5719 2162 5732; x_wconf 83' lang='grc'><strong>’</strong></span> <span class='ocrx_word' id='word_1_801' title='bbox 2197 5703 2259 5756; x_wconf 86' lang='grc' dir='ltr'>τὸ</span> <span class='ocrx_word' id='word_1_802' title='bbox 2290 5703 2348 5756; x_wconf 81' lang='grc' dir='ltr'>δὲ</span> <span class='ocrx_word' id='word_1_803' title='bbox 2373 5704 2469 5758; x_wconf 88' lang='grc' dir='ltr'>τοῦ</span> <span class='ocrx_word' id='word_1_804' title='bbox 2491 5705 2703 5777; x_wconf 86' lang='grc' dir='ltr'>Πατρὸς</span> <span class='ocrx_word' id='word_1_805' title='bbox 2731 5705 2909 5780; x_wconf 80' lang='grc' dir='ltr'>ἵστησι</span> <span class='ocrx_word' id='word_1_806' title='bbox 2939 5705 3185 5777; x_wconf 82' lang='grc' dir='ltr'>βούλημα</span> <span class='ocrx_word' id='word_1_807' title='bbox 3202 5723 3216 5736; x_wconf 74' lang='grc' dir='ltr'><strong><em>ο</em></strong></span> <span class='ocrx_word' id='word_1_808' title='bbox 3242 5705 3358 5760; x_wconf 90' lang='grc' dir='ltr'>ναί·</span> <span class='ocrx_word' id='word_1_809' title='bbox 3385 5706 3499 5759; x_wconf 83' lang='grc' dir='ltr'>ἀλλ’</span> <span class='ocrx_word' id='word_1_810' title='bbox 3519 5707 3626 5761; x_wconf 65' lang='grc' dir='ltr'>οὐκ</span> 
     </span>
    </p>
   </div>
   <div class='ocr_carea' id='block_1_100' title="bbox 2051 5795 3622 5874">
    <p class='ocr_par' dir='ltr' id='par_1_100' title="bbox 2051 5795 3622 5874">
     <span class='ocr_line' id='line_1_100' title="bbox 2051 5795 3622 5874; baseline 0.004 -25"><span class='ocrx_word' id='word_1_811' title='bbox 2051 5795 2165 5850; x_wconf 84' lang='grc' dir='ltr'>ἀνθ’</span> <span class='ocrx_word' id='word_1_812' title='bbox 2187 5795 2374 5868; x_wconf 78' lang='grc' dir='ltr'>ἑτέρου</span> <span class='ocrx_word' id='word_1_813' title='bbox 2406 5797 2581 5870; x_wconf 86' lang='grc' dir='ltr'>πάντη</span> <span class='ocrx_word' id='word_1_814' title='bbox 2605 5797 2928 5870; x_wconf 85' lang='grc' dir='ltr'>πράγματος</span> <span class='ocrx_word' id='word_1_815' title='bbox 2964 5799 3151 5874; x_wconf 79' lang='grc' dir='ltr'>ἑτέρου</span> <span class='ocrx_word' id='word_1_816' title='bbox 3188 5798 3583 5872; x_wconf 77' lang='grc' dir='ltr'>μεταλαμϐάνει</span> <span class='ocrx_word' id='word_1_817' title='bbox 3603 5835 3622 5856; x_wconf 81' lang='lat'>.</span> 
     </span>
    </p>
   </div>
  </div>
