4090 6398
491 418 627 473 ηιυὸ

1943 416 2284 472 ΑΒῡΕΝΒΑ.

3610 406 3739 462 ιδιλι

1028 662 1409 775 ACTO
1449 663 1739 828 RUM
1834 660 2354 776 SANCT'I
2460 659 3235 774 HlPPOLYTl

1342 874 1554 935 Graece
1593 879 1654 935 et
1691 874 1912 935 Latine
1943 871 2113 935 infra
2150 871 2170 952 (
2203 871 2324 935 col.
2355 871 2497 948 5&7)
2561 870 2878 934 editorum

1719 1038 2158 1134 VERSIO
2233 1037 2598 1132 NOVA.

1078 1350 1491 1406 PROOEMIUM.

555 1442 597 1498 Ι.
625 1441 954 1514 lmperatore
979 1441 1208 1498 Claudio
1246 1459 1370 1497 cum
1411 1454 1557 1499 esset
1596 1444 1836 1500 vicarius
1875 1443 2066 1516 Ulpius

484 1535 770 1597 Romulus.
789 1535 1080 1590 vehemens
1100 1536 1303 1590 exarsit
1321 1538 1371 1589 in
1385 1535 1728 1592 Christianos
1744 1540 2062 1607 persecutio.

481 1624 618 1680 Nam
632 1625 964 1680 Censorinus
977 1626 1230 1696 magister
1244 1626 1541 1682 ciliciorum
1553 1672 1566 1695 ,
1585 1630 1795 1684 occulte
1810 1630 2070 1687 Christia-

484 1731 590 1771 nus
623 1732 687 1771 ac
712 1715 908 1772 timens
936 1715 1124 1781 Deum,
1144 1718 1475 1786 apraesentia
1506 1719 1721 1787 quidem
1755 1730 2068 1790 conspectu-

484 1825 591 1878 que
609 1808 950 1878 imperatoris
961 1808 1172 1863 Claudii
1195 1824 1299 1862 non
1315 1809 1626 1877 recedebat;
1653 1811 1698 1866 si
1719 1827 1857 1882 quos
1880 1821 2063 1869 tamen

484 1900 712 1956 vidisset
736 1916 766 1954 e
789 1899 1118 1955 Christianis
1150 1900 1218 1954 ad
1244 1910 1474 1954 mortem
1507 1902 1590 1956 vel
1616 1917 1888 1958 carcerem
1915 1904 2062 1968 duci,

484 1992 624 2048 clam
656 2007 751 2047 eos
783 1991 1177 2058 conﬁrmabat,
1222 2001 1278 2046 et
1319 1993 1498 2062 quoad
1551 2004 1763 2063 poterat
1808 1995 2066 2051 alimenta

486 2086 572 2141 his
601 2085 695 2156 qui
736 2086 789 2139 in
829 2085 1075 2141 custodia
1105 2093 1159 2139 et
1191 2086 1424 2142 vinculis
1451 2096 1607 2142 erant
1633 2089 2012 2158 suppeditabat
2046 2103 2062 2142 :

483 2179 615 2248 quin
665 2179 828 2232 etiam
877 2179 1282 2235 catechumenis
1347 2188 1546 2250 praesto
1596 2190 1714 2235 erat
1757 2181 2064 2237 ministerio

485 2269 658 2324 verbi.
693 2271 812 2337 Quo
851 2271 1036 2342 agnito
1064 2270 1324 2325 Claudius
1353 2270 1536 2326 Caesar
1562 2271 1736 2326 iratus
1762 2271 1938 2343 ipsum
1968 2289 2064 2342 ap-

485 2359 784 2428 prehendi,
831 2369 886 2415 et
928 2360 1029 2416 sibi
1081 2375 1264 2416 coram
1320 2360 1435 2416 sisti
1485 2359 1639 2431 jubet
1681 2379 1694 2415 :
1741 2370 2062 2432 praesentem

482 2465 615 2505 vero
646 2450 734 2506 his
759 2467 927 2521 prope
953 2451 1134 2506 verbis
1166 2453 1434 2507 allocutus
1463 2460 1548 2508 est
1583 2471 1595 2506 :
1633 2451 1713 2506 Tu
1757 2467 1816 2508 es
1854 2453 1938 2506 vir
1973 2452 2063 2508 ille

481 2541 708 2597 deorum
743 2531 952 2608 cultor,
991 2554 1301 2614 nostraeque
1334 2543 1634 2614 majestatis
1662 2559 1841 2614 praeco
1873 2559 2064 2615 perpe-

481 2634 650 2690 tuus?
687 2634 950 2706 Equidem
980 2646 1165 2691 nostra
1197 2637 1482 2693 clementia
1513 2638 1786 2694 neminem
1818 2654 2060 2708 unquam

2095 1364 2139 1418 Α
2169 1353 2408 1424 luptates
2453 1358 2868 1420 temporaneas,
2925 1358 3090 1420 atque
3137 1351 3414 1421 agnoscite
3459 1348 3746 1405 Dominum

2171 1457 2415 1504 nostrum
2459 1444 2646 1502 Jesum
2671 1444 2974 1510 Christum,
3022 1454 3342 1515 perpetuum
3390 1458 3608 1514 regem,
3653 1448 3748 1513 qui

2168 1547 2285 1596 erat
2312 1548 2438 1594 ante
2469 1536 2688 1602 saecula,
2719 1535 2814 1605 qui
2837 1535 3000 1590 etiam
3025 1535 3204 1589 veniet
3223 1535 3569 1604 judicaturus
3599 1535 3752 1588 vivos

2168 1637 2223 1685 et
2253 1637 2521 1694 mortuos,
2563 1635 2618 1681 et
2649 1624 2906 1680 sarculum
2934 1624 3079 1679 istud
3109 1638 3206 1694 per
3234 1624 3434 1694 ignem.
3477 1619 3748 1689 Quoniam

2167 1720 2464 1791 pertransit
2493 1725 2739 1774 nostrum
2763 1731 2962 1780 aevum,
2993 1726 3048 1770 et
3078 1715 3275 1771 coelum
3305 1730 3370 1770 ac
3403 1723 3545 1770 terra
3569 1723 3752 1767 trans-

2169 1813 2328 1868 ibunt
2363 1829 2376 1865 :
2414 1810 2682 1864 Dominus
2713 1817 2893 1863 autem
2945 1815 3130 1862 uoster
3175 1804 3334 1861 Jesus
3375 1805 3629 1860 Christus
3669 1812 3754 1859 est

2169 1919 2418 1974 semper,
2459 1910 2624 1971 atque
2666 1899 2808 1954 idem
2844 1898 2967 1953 erit.
3009 1897 3279 1953 Custodes
3320 1911 3450 1951 vero
3496 1895 3754 1950 dixerunt

2166 1997 2326 2051 beato
2365 1993 2605 2048 Maximo
2644 1991 2959 2062 presbytero
2996 2009 3009 2044 :
3049 1988 3115 2044 Et
3158 1988 3291 2060 quid
3334 1987 3601 2044 faciemus
3642 1986 3749 2056 pro

2166 2087 2309 2152 isto,
2352 2100 2515 2156 quem
2557 2093 2616 2139 tu
2645 2082 3013 2154 depraedicas,
3061 2096 3225 2150 quem
3273 2080 3525 2135 novimus
3561 2093 3657 2148 per
3684 2091 3750 2132 ea

2165 2197 2288 2252 qua:
2326 2196 2358 2236 a
2404 2189 2459 2235 te
2499 2179 2644 2234 dicta
2675 2186 2824 2244 sunt,
2853 2192 2917 2232 ac
2946 2191 3043 2247 per
3069 2176 3224 2246 signa
3264 2175 3380 2245 ipsa
3417 2173 3472 2228 in
3498 2173 3616 2244 ejus
3645 2188 3747 2226 no~

2164 2274 2312 2328 mine
2338 2279 2572 2343 patrata,
2609 2269 2829 2341 quando
2863 2268 3036 2338 ipsius
3065 2266 3329 2338 potentia,
3365 2265 3584 2334 tuisque
3614 2278 3744 2334 pre-

2165 2365 2321 2421 cibus
2351 2363 2568 2418 vincula
2607 2360 3056 2432 disrumpuntur?
3093 2359 3291 2415 Beatus
3323 2358 3603 2429 presbyter
3637 2355 3753 2411 Ma-

2164 2457 2348 2512 ximus
2378 2439 2659 2526 respondit
2687 2473 2700 2509 :
2730 2453 3046 2524 Baptizetur
3069 2451 3454 2522 unusquisque
3481 2458 3750 2513 vestrum,

2163 2557 2220 2604 et.
2263 2547 2452 2604 credat
2502 2547 2558 2601 in
2609 2545 2888 2601 Christum
2947 2541 3146 2599 Filium
3185 2542 3280 2598 Dei
3321 2560 3336 2596 :
3377 2541 3474 2597 sed
3514 2550 3569 2596 et
3607 2554 3753 2594 vana

2165 2640 2308 2696 idola
2338 2639 2683 2708 derelinquat
2723 2645 2778 2692 et
2813 2635 3112 2707 poeniteat;
3157 2649 3223 2688 eo
3254 2632 3400 2703 quod
3433 2631 3748 2703 ignorantes

481 2727 864 2785 administrum
902 2729 1090 2800 rejecit
1119 2747 1132 2784 :
1165 2729 1276 2784 imo
1313 2745 1441 2785 vero
1488 2730 1555 2785 ad
1598 2745 1788 2786 eorum
1831 2729 2060 2788 famula-
2092 2726 2136 2781 B
2165 2732 2586 2802 hlasphemastis
2629 2743 2832 2784 nomen
2881 2726 3075 2798 ipsius,
3116 2733 3488 2796 praetereaque
3527 2732 3749 2778 sanctos

485 2828 599 2874 tum
630 2835 732 2874 nos
767 2819 986 2874 omnino
1022 2819 1418 2889 rempublicam
1457 2821 1788 2892 dirigentes,
1833 2819 2062 2877 feliciter

481 2911 870 2982 gubernamus.
913 2910 1051 2966 Tum
1076 2915 1409 2972 Censorinus
1437 2914 1717 2984 reapondit
1752 2932 1766 2970 :
1812 2912 1928 2986 Ego
1983 2925 2062 2970 te-

481 3003 800 3060 stimonium
851 3003 1030 3058 dicam
1077 3002 1145 3058 de
1194 3003 1423 3059 Domino
1473 3019 1596 3058 meo
1636 3003 1763 3060 Jesu
1799 3005 2058 3075 Christo;

481 3093 740 3164 quoniam
775 3093 890 3163 ipse
936 3103 1017 3149 est
1057 3108 1221 3149 verus
1267 3092 1444 3161 Deus,
1495 3095 1590 3165 qui
1628 3095 1962 3164 cruciﬁxus,
2009 3106 2064 3152 et

481 3183 727 3254 sepultus
757 3182 877 3249 fuit,
907 3194 961 3239 et
993 3183 1292 3240 resurrexit
1323 3185 1478 3240 tertia
1503 3185 1609 3251 die,
1639 3185 2062 3257 advigilantibus

479 3277 575 3348 qui
597 3293 722 3333 eum
753 3277 902 3333 cruci
924 3275 1254 3332 sutIixerant.
1280 3276 1330 3334 Is
1355 3287 1711 3350 posteaquam
1741 3281 2059 3349 resurrexit,

481 3370 598 3426 suis
640 3371 892 3442 apparuit
937 3370 1140 3426 sanctis
1186 3371 1490 3441 discipulis,
1542 3372 1720 3443 iisque
1749 3373 2061 3428 videntibus

481 3461 727 3516 ascendit
757 3460 823 3516 ad
855 3461 1044 3516 caelos.
1078 3459 1176 3515 Hic
1205 3461 1407 3516 nostris
1442 3463 1777 3532 temporibus
1807 3464 2063 3535 dignatus

479 3563 564 3605 est
583 3550 835 3605 advenire
862 3566 892 3604 a
914 3549 1074 3603 Patre
1099 3564 1222 3614 suo,
1247 3559 1301 3604 et
1322 3553 1474 3605 nasci
1505 3566 1535 3605 e
1564 3561 1753 3606 ventre
1781 3550 2017 3622 Virginis
2045 3571 2060 3607 :

483 3654 548 3694 ac
576 3639 691 3709 ipse
724 3638 941 3708 quidem
973 3639 1255 3692 descendit
1282 3639 1335 3693 in
1365 3649 1563 3694 terram
1593 3641 1874 3696 hominum
1905 3658 2061 3698 amo-

481 3747 562 3797 re,
594 3731 764 3786 caelos
795 3745 903 3785 non
927 3730 1326 3802 derelinquens.
1359 3732 1440 3786 Ad
1466 3731 1583 3787 haec
1613 3732 1782 3788 iratus
1802 3733 2064 3791 Claudius

482 3823 621 3878 dixit
653 3841 666 3877 :
700 3821 932 3887 Insanis,
957 3821 1260 3878 Censorine
1292 3843 1305 3878 :
1339 3835 1392 3880 et
1419 3823 1706 3880 confestim
1730 3825 1922 3882 abduci
1943 3827 2063 3898 jus-

483 3917 557 3971 sit
599 3932 694 3987 per
727 3917 926 3971 milites
968 3915 1036 3971 ad
1083 3916 1388 3972 Ostiensem
1433 3918 1740 3984 civitatem,
1786 3919 1969 3991 ibique
2007 3920 2062 3976 in

483 4011 730 4067 custodia
784 4011 1036 4067 detineri.
1084 4010 1161 4067 Eo
1205 4026 1329 4066 cum
1374 4020 1519 4066 esset
1565 4011 1835 4069 abductus
1861 4055 1876 4080 ,
1915 4014 2060 4068 haud

487 4105 678 4174 procul
701 4105 768 4161 ab
797 4107 932 4161 urbe
962 4105 1160 4168 Roma,
1194 4107 1288 4161 sed
1318 4104 1572 4175 passibus
1601 4105 1772 4162 ferme
1802 4123 1871 4161 xv
1904 4107 2064 4162 milli-

485 4197 628 4256 bus.
682 4212 900 4252 carcere
945 4206 1001 4253 et
1036 4197 1273 4251 vinculis
1324 4196 1657 4252 constrictus
1701 4197 1889 4253 laudes
1949 4197 2061 4255 Deo

486 4289 840 4346 submittebat
866 4289 954 4345 die
983 4302 1278 4360 noctuque.

560 4381 623 4436 ll.
662 4381 718 4436 ln
746 4383 934 4437 eodem
976 4382 1099 4438 loco
1132 4397 1298 4452 pr0pe
1327 4381 1502 4452 ipsam
1534 4381 1840 4438 Ostiensem
1871 4383 2063 4439 civita—

487 4483 619 4537 tem,
659 4475 907 4544 princeps
933 4475 1177 4546 quaedam
1219 4475 1348 4529 hera
1386 4474 1780 4543 diversabatur,
1827 4477 2063 4546 impera-

487 4564 631 4619 torio
660 4579 873 4634 genere,
905 4565 1125 4620 nomine
1154 4565 1396 4636 Chryse,
1434 4580 1557 4635 quae
1589 4566 1773 4635 plures
1807 4581 2061 4636 perpessa

409 4703 412 4708 .
489 4655 892 4725 persecutiones
918 4697 932 4722 ,
979 4665 1030 4710 et
1073 4655 1468 4720 condemnata,
1521 4673 1646 4712 cum
1683 4657 1788 4726 piis
1833 4657 1964 4714 viris
2010 4673 2065 4712 et

489 4746 791 4818 virginibus
834 4747 888 4801 in
941 4762 1042 4803 suo
1070 4748 1270 4816 praedio
1302 4747 1402 4803 sibi
1429 4748 1532 4818 ipsi
1562 4750 1806 4804 vacabat.
1851 4748 1976 4806 Haec
2002 4747 2060 4806 S.

487 4838 788 4894 Censorino
813 4855 844 4894 e
870 4839 1034 4893 domo
1061 4854 1158 4893 sua
1189 4840 1432 4908 quotidie
1457 4843 1658 4896 victum
1685 4840 2014 4912 largiebatur
2046 4861 2059 4896 :

490 4933 770 5002 ipsiusque
795 4932 1011 4986 vincula
1039 4933 1274 5002 propriis
1304 4933 1556 4989 manibus
1581 4933 1832 4997 abluens,
1876 4933 2064 4990 oculos

491 5034 546 5078 et
575 5022 766 5079 faciem
821 5025 1080 5095 tergebat.
1122 5023 1290 5080 Erant
1335 5025 1390 5078 in
1425 5026 1614 5080 eodem
1646 5026 1766 5082 loco
1793 5025 2064 5081 Maximus

493 5116 776 5188 presbyter
805 5118 1206 5182 sanctissimus,
1247 5129 1299 5172 et
1327 5117 1631 5172 Archelaus
1658 5118 1942 5184 diaconus,
1971 5119 2063 5189 qui

494 5209 726 5279 singulis
764 5209 956 5264 diebus
991 5209 1100 5264 Deo
1136 5210 1400 5266 sacriﬁcia
1427 5209 1725 5265 oﬁ‘erehant
1754 5226 1877 5265 cum
1911 5211 2066 5281 hym-

497 5300 581 5354 nis
613 5311 666 5355 et
698 5301 969 5357 laudibus.
1028 5304 1121 5358 Ac
1154 5303 1501 5357 beatissimus
1531 5304 1750 5373 quidem
1783 5303 2066 5374 presbyter

495 5388 764 5447 Maximus
822 5393 878 5447 in
914 5393 1129 5448 Domini
1191 5398 1360 5449 nostri
1413 5394 1541 5450 Jesu
1594 5395 1796 5450 Christi
1849 5396 2067 5451 nomine
2104 5435 2147 5476 η

2100 5473 2143 5492 υ

495 5482 811 5540 admiranda
839 5501 1081 5555 eousque
1109 5487 1457 5556 operabatur.
1506 5496 1565 5540 ut
1612 5484 1908 5555 aliquando
1935 5499 2068 5540 con-

497 5576 722 5632 veniens
748 5578 1130 5643 Censorinum,
1173 5578 1354 5633 subito
1391 5577 1536 5631 illius
1585 5577 1798 5631 vincula
1835 5592 1865 5630 e
1897 5577 2070 5629 mani-

499 5668 601 5722 bus
646 5668 974 5737 pedibusque
1017 5667 1464 5723 dissolverentur.
1516 5666 1671 5722 Tunc
1719 5665 1967 5736 aperiens
2009 5682 2071 5721 os

499 5775 658 5814 suum
685 5761 1031 5815 beatissimus
1056 5761 1357 5830 presbyter,
1387 5775 1684 5816 conversus
1711 5760 1777 5815 ad
1810 5758 1988 5829 ipsum
2021 5768 2074 5815 et

501 5853 754 5907 custodes
774 5893 787 5919 ,
829 5853 903 5908 ait
935 5871 947 5905 :
981 5852 1218 5919 Fratres,
1266 5854 1555 5915 reliuuuitc
1585 5855 1859 5911 daemones
1890 5862 1943 5910 et
1972 5867 2070 5909 vo-

2089 4067 2137 4128 C

2164 2825 2460 2880 atﬁixistis.
2499 2821 2653 2878 Tunc
2685 2835 2795 2876 una
2830 2827 3012 2874 mente
3038 2832 3231 2873 omnes
3257 2858 3272 2884 ,
3325 2831 3520 2887 nempe
3562 2814 3715 2870 Felix
3736 2855 3752 2877 ,

2163 2919 2456 2984 Maximus,
2487 2913 2807 2978 Faustinus,
2849 2909 3231 2977 Herculianus,
3261 2907 3576 2974 Numerius,
3623 2905 3755 2962 Sto-

2164 3011 2422 3075 racinus,
2466 3007 2688 3071 Menas,
2738 3004 3126 3069 Commodius,
3177 3001 3438 3068 Hermes,
3487 2999 3752 3064 Maurus.

2165 3101 2457 3166 Eusebius,
2493 3098 2793 3164 Rustieius,
2817 3095 3156 3162 Monacrius,
3183 3092 3544 3158 Amandinus,
3566 3090 3756 3162 Olym-

2164 3196 2289 3266 pius
2313 3234 2328 3258 ,
2363 3193 2628 3265 Cyprius,
2666 3206 2790 3247 cum
2828 3188 3121 3244 Theodoro
3165 3186 3422 3251 tribuno,
3475 3184 3542 3240 ad
3587 3183 3754 3264 pedes

2165 3286 2468 3343 beatissimi
2510 3281 2810 3355 presbyteri
2860 3279 3080 3334 Maximi
3109 3278 3274 3335 simul
3312 3291 3370 3332 se
3411 3275 3752 3346 abiecerunt,

2162 3378 2524 3449 postulantes,
2576 3375 2655 3429 uti
2682 3381 2874 3429 sancto
2899 3371 3227 3442 baptismate
3264 3369 3460 3438 dignos
3486 3377 3752 3423 censeret.

2164 3468 2258 3524 llle
2285 3468 2354 3522 ad
2382 3467 2519 3532 hzec,
2546 3479 2647 3536 pro
2682 3471 2943 3520 consueto
2964 3461 3073 3516 ritu
3101 3475 3227 3516 cum
3259 3461 3547 3514 universos
3578 3455 3758 3527 perfo-

2165 3559 2352 3623 cisset,
2380 3554 2626 3612 vestibus
2677 3568 2709 3606 a
2759 3552 2918 3606 beata
2951 3550 3160 3622 Chryse
3203 3549 3506 3617 adornatis,
3533 3547 3757 3604 eadem-

2163 3665 2270 3720 que
2324 3647 2527 3703 cibaria
2561 3645 2629 3700 ad
2660 3645 2865 3700 victum
2913 3643 3401 3710 subministrante;
3440 3637 3756 3712 baptizavit

2165 3755 2355 3795 omnes
2384 3740 2438 3793 in
2471 3737 2691 3792 nomine
2716 3735 2918 3804 Patris,
2947 3743 3002 3790 et
3022 3733 3167 3800 Filii,
3188 3743 3242 3790 et
3272 3733 3510 3804 Spiritus
3537 3733 3750 3814 sancti:

2167 3831 2460 3886 illuminati
2487 3829 2724 3899 denique
2751 3842 2938 3884 secum
2969 3827 3273 3882 retulerunt
3303 3827 3532 3898 gratiam
3563 3823 3749 3880 omni-

2166 3922 2405 3995 potentis
2437 3921 2555 3978 Dei.
2600 3919 2913 3976 Adveniens
2954 3927 3136 3974 autem
3183 3929 3351 3974 noctu
3398 3917 3759 3973 beatissimus

2165 4016 2429 4089 Cyriaeus
2455 4015 2746 4086 cpiscopus
2773 4054 2788 4081 ,
2847 4013 2997 4084 ipsos
3032 4027 3341 4084 pertingens
3374 4011 3582 4066 Christi
3617 4009 3767 4065 chri-

2167 4118 2340 4164 smate
2374 4106 2641 4180 signavit,
2674 4105 3042 4176 erudiensque
3073 4106 3128 4161 in
3154 4105 3401 4161 doctrina
3431 4103 3575 4171 ﬁdei,
3606 4110 3764 4174 post—

2167 4215 2335 4272 quam
2369 4199 2562 4266 abluit,
2591 4197 2936 4267 consignavit
2957 4197 3112 4267 signo
3146 4196 3350 4253 crucis.

2191 4334 2193 4336 -
2239 4291 2326 4348 lll.
2366 4291 2579 4348 Interea
2617 4290 2822 4346 sutoris
2851 4290 3160 4360 cujusdam,
3199 4289 3291 4361 qui
3321 4289 3509 4344 eodem
3540 4289 3597 4344 in
3633 4288 3759 4343 loco

2168 4387 2524 4452 morabatur,
2562 4385 2706 4440 ﬁlius
2749 4383 3036 4439 defunctus
3081 4391 3186 4447 est,
3239 4397 3303 4437 ac
3343 4381 3759 4437 transeuntibus

2170 4479 2345 4536 beatis
2374 4479 2604 4550 Cyriaco
2631 4485 2688 4531 et
2717 4475 2956 4532 Maximo
2988 4493 3114 4532 cum
3149 4478 3304 4534 beata
3334 4475 3564 4546 Chryse,
3596 4475 3762 4544 ipsis-

2169 4587 2276 4642 que
2314 4570 2478 4626 etiam
2527 4567 2732 4625 sanctis
2769 4567 2974 4625 Christi
3020 4569 3322 4634 militibus,
3357 4566 3761 4622 lamentahatur

2171 4673 2326 4718 sutor
2357 4671 2585 4718 mortem
2620 4663 2716 4716 ﬁlii
2746 4662 2854 4719 sui.
2903 4660 3060 4718 Tunc
3104 4661 3456 4717 beatissimus
3486 4658 3760 4714 Maximus

2170 4756 2452 4827 presbyter
2477 4755 2649 4810 sutori
2675 4755 2811 4810 dixit
2847 4773 2861 4808 :
2893 4753 3067 4810 Crede
3093 4755 3146 4808 in
3177 4751 3473 4807 Dominum
3506 4759 3756 4805 nostrum

2170 4847 2353 4906 Jcsum
2378 4848 2656 4905 Christum
2693 4850 2746 4903 in
2780 4859 3079 4918 conspectu
3113 4847 3357 4901 omnium
3391 4854 3661 4906 nostrum,
3694 4859 3760 4898 ac

2172 4951 2227 4996 tu
2274 4943 2456 5008 vives,
2506 4950 2562 4996 et
2603 4941 2774 4995 tilium
2819 4949 2974 4994 tuum
3015 4938 3264 5008 recipies.
3305 4938 3399 4991 llle
3449 4951 3580 4991 vero
3629 4951 3758 4990 cum

2171 5034 2427 5106 lacrymis
2460 5051 2476 5086 :
2509 5031 2566 5086 ln
2604 5048 2766 5102 quem
2817 5029 3073 5087 credam?
3125 5029 3240 5082 ait:
3269 5028 3323 5082 in
3357 5043 3481 5082 eum
3528 5025 3756 5091 scilicet,

2172 5127 2259 5182 cui
2317 5127 2386 5181 ab
2434 5125 2798 5184 adolescentia
2845 5139 2968 5178 mea
3027 5137 3176 5176 nunc
3217 5136 3394 5189 usque
3452 5118 3758 5172 maledixi?

2172 5217 2441 5273 Maximus
2497 5217 2781 5286 presbyter
2838 5213 2976 5268 dixit
3024 5233 3035 5268 :
3081 5209 3466 5266 Poenitendum
3526 5209 3622 5264 tibi
3672 5214 3759 5261 est

2172 5325 2361 5367 eorum
2393 5324 2514 5378 qua:
2547 5307 2746 5372 fecisti,
2775 5305 3220 5377 quandoquidem
3261 5302 3644 5372 poenitentium
3673 5308 3760 5356 est

2173 5401 2317 5457 Deus
2352 5409 2556 5466 noster,
2604 5415 2714 5454 non
2766 5399 2996 5455 reddens
3037 5397 3336 5452 secundum
3388 5405 3608 5464 peccata
3655 5407 3758 5448 no-

2171 5503 2304 5555 stra,
2334 5492 2426 5548 sed
2464 5491 2670 5547 faciens
2699 5490 2997 5546 secundum
3029 5505 3280 5560 magnam
3324 5484 3757 5543 misericordiam

2173 5596 2350 5635 suam.
2400 5580 2472 5633 At
2521 5589 2676 5634 sutor
2722 5580 2858 5635 dixit
2888 5599 2904 5634 ι
2937 5578 3078 5649 Ergo
3128 5579 3398 5649 baptizata
3436 5592 3524 5631 me
3563 5576 3616 5628 in
3653 5589 3758 5628 no-

2173 5671 2319 5725 mine
2369 5669 2575 5738 ipsius,
2623 5677 2686 5722 ut
2731 5669 2969 5722 credam.
3014 5667 3170 5723 Tunc
3219 5667 3529 5736 baptizatus
3571 5673 3655 5717 est
3697 5663 3758 5717 in

2172 5763 2394 5817 nomine
2446 5771 2647 5818 sancta:
2677 5760 2958 5816 Trinitatis
2985 5801 2998 5826 ,
3051 5761 3337 5829 factusque
3373 5757 3755 5820 Christianus,

2174 5862 2528 5914 Dosteauuam
2576 5852 2816 5910 suscepit
2856 5853 3071 5912 sianum
3126 5851 3366 5909 Christi.
3417 5848 3757 5946 Raudcns(et
