4090 6398
342 393 365 447 Ι
376 393 481 449 605

338 609 617 680 conspexit
662 609 928 666 Maximus
975 611 1274 682 presbyter,
1311 629 1418 666 non
1483 614 1601 668 sine
1652 614 1906 686 lacrymis

337 703 475 757 dixit
510 720 524 757 :
561 702 785 758 Domine
823 701 952 759 Jesu
997 704 1231 766 Christe.
1272 707 1364 776 qui
1392 707 1644 776 dignatus
1691 723 1750 764 es
1796 708 1906 764 for-

338 810 482 850 mam
515 795 657 851 servi
686 797 951 866 accipere,
980 806 1041 851 ut
1092 813 1122 852 a
1173 799 1431 854 servitute
1471 801 1670 855 diaboli
1717 817 1816 857 nos
1847 802 1908 856 li-

340 887 580 952 berares;
611 889 820 958 respice
863 888 917 947 in
961 903 1098 960 Opus
1143 906 1401 946 manuum
1439 902 1675 956 tuarum,
1708 902 1768 948 ut
1812 909 1906 950 co-

327 971 564 1049 'gnoseat
591 991 642 1036 te
672 981 978 1036 effectorem
1006 991 1059 1038 et
1087 991 1483 1052 procreatoi'em
1517 1001 1699 1041 suum.
1751 982 1906 1043 Tunc

336 1071 685 1128 beatissimus
716 1073 977 1145 Cyriacus
1007 1075 1297 1146 episcopus
1330 1075 1470 1131 dixit
1505 1095 1519 1132 :
1558 1076 1805 1144 Domine,
1850 1080 1905 1134 in

337 1173 432 1220 tuo
481 1165 702 1220 nomine
757 1181 931 1237 genua
992 1177 1178 1222 nostra
1230 1168 1446 1238 ﬁgimus
1484 1188 1497 1224 :
1535 1185 1768 1240 cumque
1807 1171 1899 1227 diu

337 1266 616 1322 orassent,
665 1257 740 1310 ait
805 1257 1000 1312 iterum
1046 1259 1106 1313 Β.
1143 1259 1450 1330 Cyriacus:
1497 1260 1723 1316 Domine
1773 1261 1902 1318 Jesu

336 1346 570 1411 Christe,
607 1347 700 1416 qui
746 1357 966 1416 propter
998 1348 1404 1404 miserationem
1453 1350 1775 1405 immensam
1819 1360 1903 1404 at-

336 1454 442 1508 que
481 1439 760 1492 hominum
796 1433 1022 1495 s‘alutem
1054 1441 1156 1495 sub
1182 1439 1376 1495 Pontio
1403 1439 1577 1495 Pilato
1607 1442 1903 1498 cruciﬁxus

336 1544 416 1590 es,
445 1529 536 1599 qui
567 1529 828 1585 Lazarum
861 1531 1162 1596 suscitasti,
1194 1541 1247 1587 et
1281 1533 1500 1588 unicum
1531 1533 1708 1589 vidua:
1733 1534 1900 1590 ﬁlium

336 1619 403 1671 ad
451 1618 618 1673 vitam
674 1623 960 1686 revocasti,
1007 1623 1228 1678 ostende
1251 1623 1412 1678 etiam
1442 1640 1588 1680 nunc
1634 1627 1902 1682 mirabilia

336 1718 428 1764 tua
463 1709 514 1764 in
552 1711 656 1767 isto
685 1710 888 1769 famulo
912 1721 1026 1778 tuo,
1084 1725 1143 1770 ut
1191 1727 1482 1786 cognoscat
1527 1727 1577 1773 te
1605 1717 1773 1774 Deum
1823 1721 1905 1775 vi-

336 1815 462 1853 vum
493 1810 546 1856 et
576 1817 761 1856 verum
800 1803 855 1858 in
889 1805 1240 1859 renovatione
1265 1821 1384 1873 sua,
1427 1807 1555 1877 quia
1587 1819 1900 1877 procreator

332 1907 395 1948 es
428 1894 691 1961 omnium,
721 1904 773 1950 et
801 1910 996 1967 regnas
1027 1898 1080 1951 in
1119 1898 1313 1954 saecula
1348 1902 1694 1957 saeculorum.
1729 1902 1902 1958 Cum-
1935 1882 1978 1937 Β

335 1999 441 2054 que
494 1986 731 2042 universi
784 1988 1228 2058 respondissent,
1272 1991 1475 2060 Amen,
1514 1994 1710 2048 revixit
1761 2010 1904 2050 mor-

335 2087 462 2132 tuus
485 2119 500 2144 ,
543 2087 704 2149 atque
730 2080 843 2136 haac
881 2080 1029 2150 loqui
1057 2083 1220 2152 cmpit
1258 2101 1272 2138 :
1308 2083 1420 2156 Ego
1470 2085 1581 2140 vidi
1611 2085 1901 2142 Dominum

333 2167 517 2225 Jcsum
547 2171 824 2228 Christum
857 2175 1201 2230 reducentem
1247 2192 1332 2231 me
1363 2193 1394 2232 a
1429 2178 1668 2236 tenebris
1712 2180 1779 2236 ad
1824 2181 1903 2236 lu-

332 2278 471 2318 cem.
510 2262 646 2318 Tum
676 2281 805 2320 vero
835 2281 930 2337 per
961 2268 1288 2324 catechesim
1313 2269 1556 2338 edoctus,
1592 2273 1899 2343 baptizatus

331 2365 416 2412 est
461 2355 518 2410 in
565 2357 785 2413 nomine
815 2357 1014 2424 Patris,
1063 2368 1117 2415 et
1161 2360 1305 2428 Filii,
1333 2372 1388 2418 et
1417 2365 1590 2421 sancti
1624 2365 1899 2437 Spiritus,

331 2449 669 2519 signaculum
699 2451 932 2521 Spiritus
971 2466 1296 2512 consecutus
1327 2474 1341 2511 :
1373 2473 1536 2528 quem
1576 2459 1740 2515 etiam
1777 2475 1901 2518 sus-

331 2542 472 2610 cepit
517 2542 673 2597 beata
720 2543 947 2615 Chryse,
997 2561 1194 2602 nomen
1245 2548 1347 2618 ipsi
1414 2549 1738 2620 imponens,
1798 2568 1898 2609 vo-

329 2646 570 2701 cansque
620 2632 980 2701 Faustinum,
1031 2652 1157 2692 cum
1208 2648 1354 2695 esset
1401 2655 1668 2698 annorum
1731 2659 1898 2716 prope

331 2723 637 2781 duodecim.
693 2726 847 2782 Haud
891 2730 1062 2784 multo
1118 2741 1241 2800 post
1289 2742 1470 2789 autem
1527 2739 1894 2793 renuntiatum

328 2825 415 2873 est
449 2819 758 2888 imperatori
802 2819 1061 2886 Claudio,
1109 2837 1334 2893 puerum
1385 2828 1710 2883 exstinctum
1756 2831 1898 2884 revi-

329 2909 476 2964 xisse
504 2925 535 2964 a
567 2911 818 2975 mortuis,
844 2927 940 2981 per
963 2918 1262 2970 orationem
1285 2915 1564 2972 beatorum
1592 2919 1896 2975 hominum.

328 3001 398 3054 At
424 3000 684 3058 Claudius
717 3019 732 3056 :
767 3001 902 3070 Hoc,
949 3003 1146 3075 inquit,
1195 3008 1333 3062 nihil
1363 3020 1447 3065 est
1478 3009 1623 3066 aliud
1658 3011 1762 3066 nisi
1807 3027 1896 3068 ars

331 3092 579 3162 magica;
613 3093 880 3166 jussoqu'e
924 3098 1180 3154 accersiri
1230 3099 1434 3156 vicario
1483 3103 1633 3158 urbis
1673 3103 1892 3170 Romae,

330 3185 550 3239 nomine
582 3183 738 3256 Ulpio
773 3185 1028 3254 Romulo,
1071 3190 1196 3247 huic
1229 3195 1484 3264 praecepit
1517 3213 1529 3248 :
1565 3193 1890 3267 Sacrilegum

324 3274 608 3348 Cbrysem,
643 3278 853 3348 dicens,
887 3298 1007 3352 quae
1033 3281 1340 3340 obscuravit
1384 3302 1553 3356 genus
1601 3289 1894 3359 imperato-

324 3366 424 3422 ria:
450 3384 564 3424 suae
589 3372 906 3439 nobilitatis,
950 3390 1183 3446 cumque
1217 3377 1391 3448 magis
1435 3379 1735 3436 artiﬁcibus
1764 3396 1895 3436 con-

327 3458 481 3515 tinuo
511 3464 659 3532 cupit
683 3479 802 3520 esse
826 3481 890 3521 ac
917 3467 1200 3532 diversari,
1231 3470 1400 3525 variis
1427 3481 1484 3525 tu
1515 3472 1689 3540 pinnis
1716 3473 1891 3544 adige,

325 3565 622 3623 quousque.
641 3557 1020 3627 obtemperans
1052 3570 1344 3619 veneretur,
1367 3562 1498 3617 deos
1524 3563 1782 3634 deasque.
1815 3565 1896 3619 Ac

327 3643 614 3714 siquidem
670 3651 946 3717 paruerit,
983 3652 1175 3706 vivet:
1217 3653 1346 3722 quin
1401 3655 1562 3708 etiam
1613 3655 1894 3726 inscriptio

323 3747 431 3802 qua
465 3735 720 3791 damnata
764 3747 868 3802 est,
901 3740 1262 3796 rescindatur.
1301 3741 1356 3796 Si
1396 3744 1488 3814 qui
1528 3759 1656 3799 vero
1694 3744 1896 3800 fuerint

309 3839 449 3904 cum
477 3826 592 3897 ipsa
624 3829 968 3898 deprehensi,
997 3833 1166 3888 variis
1199 3833 1501 3905 plectentur
1538 3837 1891 3893 cruciatibus.

810 3967 1157 4025 INCIPIUNT
1190 3972 1393 4029 ACTA.

391 4099 432 4156 l.
473 4102 608 4159 Cum
654 4105 890 4163 venisset
919 4107 1110 4179 Ulpius
1156 4109 1421 4167 Romulus
1459 4113 1696 4171 vicarius
1724 4114 1779 4170 in
1815 4116 1894 4172 ci-

321 4198 538 4253 vitatem
565 4197 892 4266 Ostiensem,
928 4212 1147 4258 sanctos
1174 4203 1242 4258 ad
1269 4220 1436 4260 unum
1469 4207 1664 4262 abduci
1695 4209 1748 4262 in
1775 4224 1890 4264 car-

319 4303 498 4343 cerem
544 4289 729 4360 jussit.
784 4291 939 4348 Mane
999 4303 1182 4350 autem
1225 4311 1454 4368 surgens
1492 4300 1784 4370 praecepit,
1833 4309 1894 4355 ut

323 4377 603 4435 sisteretur
632 4382 784 4437 beata
811 4383 1038 4456 Chryse,
1065 4401 1226 4455 quam
1267 4387 1350 4442 bis
1388 4404 1555 4459 prope
1593 4389 1772 4445 verbis
1800 4405 1894 4445 ex-

321 4471 465 4541 cepit
496 4490 510 4527 :
549 4471 594 4528 Ο
630 4474 840 4530 insania
871 4477 1094 4548 magica:
1139 4478 1292 4540 artis,
1321 4497 1441 4549 qua:
1475 4482 1527 4535 in
1567 4491 1617 4536 te
1641 4482 1805 4552 viget,
1834 4491 1894 4538 ut

323 4565 520 4635 perdas
551 4567 958 4635 imperatorium
994 4569 1180 4633 decus,
1216 4570 1565 4641 natalitiaque
1589 4581 1679 4626 tua
1711 4573 1891 4641 splen-
1922 4598 1969 4654 ι)

323 4657 449 4713 dida
500 4659 779 4716 obscures.
830 4661 967 4716 Tum
1023 4661 1179 4716 beata
1233 4662 1440 4733 Chryse
1495 4664 1833 4733 respondens
1875 4683 1888 4720 :

321 4750 436 4822 Ego
460 4755 663 4825 potius,
707 4753 905 4824 inquit,
949 4754 1235 4810 obscuravi
1268 4756 1562 4820 daemones,
1608 4757 1700 4827 qui
1735 4757 1892 4814 vobis

322 4844 592 4911 illudunt,
627 4860 692 4900 ac
739 4847 969 4902 desertis
1011 4846 1266 4902 inanibus
1311 4847 1473 4903 idolis
1523 4848 1890 4917 manuiactis,

318 4940 546 5009 cognovi
576 4955 744 4995 unum
776 4939 944 4996 Deum
987 4941 1192 5007 vivum,
1222 4949 1276 4995 et
1313 4955 1523 5002 verum.
1562 4949 1616 4994 et
1648 4941 1892 5010 unigeni-

321 5043 434 5088 tum
462 5031 658 5087 Filium
708 5019 827 5102 ejus
860 5032 1145 5087 Dominum
1196 5041 1442 5087 nostrum
1498 5031 1685 5086 Jesum
1729 5034 1890 5088 Chri-

320 5134 488 5187 stum.
519 5125 614 5196 qui
655 5127 852 5193 veniet,
898 5135 958 5180 ut
996 5124 1203 5193 judicet
1237 5125 1387 5178 vivos
1430 5133 1484 5178 et
1526 5134 1793 5188 mortuos,
1825 5141 1890 5180 ac

318 5227 528 5290 patrem
571 5225 726 5272 tuum
759 5215 1036 5273 diabolum
1083 5231 1188 5270 una
1222 5232 1346 5270 cum
1392 5215 1620 5270 Claudio
1653 5217 1890 5286 impera-

319 5321 437 5367 tore
469 5310 521 5364 in
561 5311 810 5365 tenebras
853 5309 1183 5364 amandabit.
1214 5306 1405 5378 Ulpius
1433 5307 1698 5364 Romulus
1739 5308 1888 5363 vica-

318 5403 434 5459 rius
466 5402 602 5457 dixit
635 5420 649 5457 :
677 5400 907 5471 Decepta
951 5409 1035 5457 est
1081 5401 1183 5455 ista
1231 5415 1324 5470 per
1376 5399 1642 5468 magicam
1693 5409 1883 5469 artem,

320 5494 530 5565 ipsique
557 5494 634 5549 ait
663 5512 677 5548 :
711 5493 1034 5563 Derelinque
1081 5492 1294 5547 tandem
1343 5490 1658 5560 hujusmodi
1688 5507 1882 5563 nugas,

317 5599 372 5646 et
401 5591 623 5647 consule
668 5593 849 5662 generi
895 5600 1006 5646 tuo.
1048 5591 1116 5646 At
1157 5592 1311 5646 beata
1339 5589 1546 5662 Chryse
1591 5589 1887 5644 insuﬁlavit

280 5686 283 5690 '
318 5682 374 5739 iu
419 5683 613 5739 faciem
651 5686 829 5750 illius,
874 5685 1063 5740 dicens
1100 5702 1112 5738 :
1147 5683 1310 5738 Miser
1335 5723 1349 5748 ,
1401 5683 1448 5738 si
1492 5697 1683 5737 nosses
1717 5681 1884 5737 Deum

316 5775 620 5832 eﬁ'ectorem
670 5778 792 5833 caeli
837 5785 891 5832 et
915 5786 1090 5840 terrae,
1135 5792 1243 5831 non
1275 5777 1460 5846 utique
1489 5791 1583 5831 ore
1617 5785 1710 5829 tuo
1744 5775 1888 5830 blas-

216 5883 219 5885 '
317 5867 585 5938 phemiam
637 5869 972 5941 protulisse-3.
1024 5869 1177 5924 Tunc
1227 5884 1356 5925 vero
1413 5868 1582 5924 iratus
1626 5868 1881 5936 vicarius,

1253 393 1584 452 ACTORUM
1628 393 1685 450 S.
1730 391 2096 450 lllPPOLYTl
2141 396 2390 456 VERSIO
2431 399 2641 458 NOV'A.

163 512 170 518 ’
251 528 274 562 ι·
337 517 616 571 exsultans
651 532 901 573 reversus
944 527 1027 572 est
1059 517 1124 570 ad
1174 518 1340 573 ﬁlium
1372 535 1554 574 suum.
1600 519 1768 584 Qua-in
1815 519 1904 571 ubi
1936 527 1980 578 Α
2012 519 2183 587 ipsam
2237 522 2292 576 in
2338 533 2453 578 rota
2499 524 2758 594 suspendi
2807 525 2994 594 jussit.
3042 525 3178 581 Dum
3232 536 3414 583 autem
3465 529 3588 599 ejus

3449 409 3585 464 1606

2014 614 2161 668 nervi
2189 615 2647 681 distraherentur,
2693 617 2946 674 alacriter
2976 619 3064 673 illa
3098 629 3152 674 et
3185 620 3588 690 speciosissime

2013 706 2162 761 vultu
2217 707 2364 778 loqui
2417 708 2582 776 cuspit
2623 725 2636 761 :
2682 708 2894 764 Gratias
2943 710 3038 764 tibi
3089 710 3304 778 refero,
3360 709 3589 767 Domine

2010 795 2138 851 Jesu
2171 796 2384 853 Christe
2409 840 2424 865 ,
2468 799 2561 869 qui
2599 816 2685 855 me
2715 815 2782 854 ex
2817 801 3009 856 inferis
3039 801 3108 856 ad
3140 802 3384 858 caelestia
3417 804 3588 858 subli-

2011 890 2120 942 mia
2173 889 2426 960 dignatus
2454 906 2513 946 es
2546 891 2776 947 elevare.
2823 893 2903 946 Ad
2941 908 3104 963 quam
3133 893 3370 949 vicarius
3398 893 3534 949 dixit
3567 910 3585 948 :

2015 978 2306 1037 Videamus
2332 996 2400 1035 an
2430 982 2653 1038 veniens
2690 983 2944 1040 Christus
2976 993 3102 1039 tuus
3150 993 3200 1039 te
3231 984 3440 1040 liberet.
3481 983 3590 1040 Re-

2011 1072 2231 1140 spondit
2268 1072 2422 1127 beata
2465 1072 2674 1145 Chryse
2719 1092 2733 1128 :
2769 1072 2887 1128 Non
2930 1089 3031 1145 ego
3074 1074 3292 1144 quidem
3338 1091 3458 1130 sum
3499 1074 3586 1130 di-

2011 1179 2136 1232 gna,
2181 1164 2275 1219 sed
2321 1165 2408 1219 ille
2439 1165 2534 1234 qui
2560 1180 2628 1219 ex
2661 1164 2888 1236 caligine
2917 1165 3106 1220 mundi
3145 1166 3307 1236 hujus
3334 1182 3422 1221 me
3453 1167 3589 1222 libe-

2010 1271 2133 1311 rare
2153 1256 2406 1327 dignatus
2423 1266 2526 1323 est,
2557 1265 2738 1326 potest
2761 1256 2924 1310 etiam
2951 1267 3003 1312 te
3034 1273 3099 1312 ac
3122 1267 3272 1312 tuum
3295 1257 3584 1313 Claudium

2009 1347 2255 1417 perdere.
2289 1347 2427 1404 Dum
2473 1349 2589 1403 haec
2620 1349 2961 1418 loqueretur,
3005 1349 3185 1403 subito
3223 1359 3340 1404 rota
3368 1349 3586 1405 confra-

2010 1447 2096 1493 cta
2124 1447 2227 1503 est,
2266 1439 2499 1508 indeque
2527 1438 2613 1492 illa
2643 1448 2942 1510 asportata,
2969 1441 3213 1495 constitit
3244 1456 3398 1496 sana.
3430 1441 3587 1498 Man-

2009 1531 2155 1586 davit
2181 1547 2309 1602 ergo
2339 1531 2605 1588 Romulus
2648 1532 2818 1602 ipsam
2852 1532 3085 1589 fustibus
3115 1535 3270 1600 caedi,
3316 1534 3418 1590 sub
3453 1551 3585 1592 voce

2010 1624 2274 1692 prazconis
2306 1623 2652 1680 inclamantis
2687 1645 2700 1679 :
2743 1625 3015 1695 Sacrilega
3049 1624 3275 1697 Chryse,
3303 1642 3425 1697 qua:
3451 1627 3584 1684 deos

2007 1715 2427 1786 blasphemavit,
2480 1726 2535 1772 et
2579 1717 2866 1788 imperium
2911 1718 3138 1773 rectoris
3171 1727 3372 1774 nostrae
3419 1719 3584 1774 liber-

2008 1809 2136 1864 tatis
2173 1808 2388 1865 Claudii
2447 1810 2809 1880 contempsit,
2866 1812 3100 1882 vapulet.
3151 1811 3351 1867 Sancta
3398 1821 3580 1868 autem

2009 1901 2162 1970 virgo
2210 1902 2498 1969 clamabat,
2540 1902 2732 1958 dicens
2782 1921 2796 1957 :
2847 1902 3168 1958 Benedictus
3210 1919 3306 1971 es,
3353 1902 3583 1960 Domine

2007 1991 2133 2048 Jesu
2159 1992 2394 2060 Christe,
2430 2010 2590 2064 quem
2631 2009 2732 2065 ego
2777 1995 3162 2064 propemodum
3201 1995 3436 2050 intueor.
3471 1993 3582 2051 Ro-

2011 2087 2189 2141 mulus
2231 2087 2469 2143 vicarius
2497 2087 2634 2142 dixit
2668 2106 2682 2142 :
2712 2086 3009 2144 Admovete
3033 2089 3308 2158 lampades
3330 2089 3582 2145 ardentes

2007 2178 2074 2232 ad
2116 2177 2285 2232 latera
2313 2177 2451 2247 ejus.
2484 2176 2556 2231 Ut
2580 2186 2763 2233 autem
2807 2177 3188 2245 admoverunt,
3221 2178 3407 2235 hilaris
3435 2179 3581 2234 clara

2004 2285 2138 2324 voce
2185 2277 2346 2339 atque
2393 2283 2488 2324 ore
2538 2269 2904 2339 pulcherrimo
2951 2270 3042 2325 illa
3077 2289 3089 2324 :
3124 2269 3242 2325 Non
3293 2281 3344 2326 te
3394 2272 3579 2341 pudet,

2006 2359 2219 2429 inquit,
2276 2373 2311 2414 ο
2355 2357 2578 2426 infelix,
2625 2360 2678 2414 in
2723 2360 2964 2415 membra
3010 2361 3254 2432 corporis
3301 2361 3584 2418 intendere

2006 2452 2152 2507 illius
2181 2466 2304 2522 quae
2355 2460 2407 2507 te
2457 2453 2684 2521 genuit,
2734 2468 2897 2522 quam
2939 2452 3034 2508 tibi
3078 2469 3261 2508 coram
3308 2456 3584 2511 statuisti?

2007 2543 2198 2613 Ulpius
2228 2542 2515 2610 Romulus,
2551 2545 2776 2599 adversa
2811 2553 2902 2598 tua
2932 2543 3169 2611 fortuna,
3197 2547 3352 2613 dixit,
3379 2547 3581 2617 hujus-

2005 2635 2150 2692 modi
2181 2638 2588 2708 consequetur:
2618 2652 2740 2707 qua:
2786 2637 3122 2694 immortales
3160 2637 3293 2694 deos
3338 2649 3578 2704 nostros,

2003 2743 2125 2798 quae
2150 2728 2552 2798 imperatoriam
2593 2727 2908 2796 dignitatem
2937 2727 3246 2795 deseruisti,
3279 2745 3402 2799 qua:
3426 2729 3575 2784 abuti

2003 2834 2286 2888 magorum
2316 2818 2522 2874 artibus
2554 2819 2842 2899 exoptasti.
2878 2820 2946 2873 At
2971 2820 3060 2874 illa
3088 2820 3236 2874 humi
3271 2835 3394 2876 cum
3423 2837 3586 2892 appa-
3631 2873 3634 2876 .

2002 2921 2147 2968 reret
2178 2913 2460 2977 semiassa,
2491 2911 2544 2966 in
2585 2927 2860 2968 carcerem
2893 2913 3097 2968 rctrudi
3129 2913 3370 2982 jubetur.

2072 3003 2133 3057 ll.
2160 3003 2296 3058 Tum
2331 3004 2520 3059 beatos
2546 3003 2692 3058 viros
2716 3003 2939 3074 produci
2969 3004 3262 3070 mandavit,
3292 3004 3584 3062 Maximum

2000 3095 2394 3166 presbyterum,
2426 3103 2481 3149 et
2503 3094 2826 3150 Archelaum
2853 3094 3140 3151 diaconum
3169 3115 3182 3150 :
3214 3112 3354 3167 quos
3396 3099 3468 3152 ita
3499 3109 3585 3154 est

2001 3187 2268 3241 allocutus
2296 3202 2309 3237 :
2333 3184 2539 3256 Ecquid
2566 3184 2787 3240 nomina
2815 3186 3083 3255 majorum
3106 3186 3331 3242 deorum
3361 3201 3456 3257 per
3486 3203 3585 3245 ves

2000 3280 2476 3349 blasphemantur,
2511 3287 2566 3333 et
2591 3278 2896 3348 pervertitis
2931 3278 3179 3334 homines
3207 3294 3274 3333 ne
3317 3279 3448 3349 ipsis
3474 3296 3587 3336 crc-

2000 3372 2165 3427 dant?
2207 3370 2269 3426 B.
2321 3370 2605 3442 presbyter
2644 3368 2912 3426 Maximus
2958 3371 3279 3440 respondit:
3321 3369 3431 3428 Nos
3469 3375 3586 3443 qui-

2001 3463 2123 3519 dem
2163 3463 2436 3518 neminem
2483 3463 2868 3532 pervertimus,
2901 3471 2957 3516 at
2993 3463 3173 3532 pctius
3219 3479 3313 3533 per
3354 3465 3580 3534 gratiam

2000 3555 2217 3611 Domini
2252 3554 2424 3610 nostri
2452 3552 2579 3610 Jesu
2610 3554 2818 3610 Christi
2850 3570 3042 3610 omnes
3075 3556 3368 3611 liberamus
3397 3556 3466 3611 ab
3491 3571 3580 3610 cr-

2003 3665 2127 3705 rore
2175 3649 2464 3705 idolorum.
2514 3647 2688 3704 iratus
2737 3647 3004 3704 Romulus
3046 3648 3184 3703 dixit
3235 3667 3249 3704 :
3301 3648 3390 3705 lsti
3436 3657 3582 3704 certe

2002 3741 2152 3814 digni
2190 3750 2319 3798 sunt
2365 3749 2584 3796 morte:
2616 3740 2979 3811 praecepitque
3027 3741 3244 3795 beatum
3291 3741 3581 3796 diaconum

2002 3835 2329 3890 Archelaum
2380 3833 2507 3889 duci
2566 3833 2634 3888 ad
2671 3849 2860 3889 arcum
2907 3843 3034 3888 ante
3085 3833 3377 3896 theatrum,
3401 3833 3582 3903 ibique

2001 3927 2196 3997 capitis
2225 3941 2440 3997 poenam
2472 3926 2772 3992 sustinere;
2804 3925 2889 3979 cui
2929 3925 3112 3979 cervix
3144 3923 3337 3980 eodem
3375 3925 3427 3978 in
3462 3925 3580 3980 loco

2001 4019 2243 4074 abscissa
2281 4027 2382 4074 est.
2427 4010 2650 4072 Beatum
2698 4032 2828 4070 vero
2858 4015 3153 4070 Maximum
3196 4017 3263 4072 ad
3303 4031 3577 4072 carcerem

2000 4109 2206 4179 rejecit.
2236 4107 2410 4164 Noctu
2444 4117 2623 4162 autem
2655 4105 2718 4160 B.
2749 4107 3032 4177 presbyter
3059 4104 3328 4161 Eusebius
3364 4102 3578 4176 collegit

1999 4217 2198 4272 corpus
2224 4201 2368 4256 beati
2395 4198 2669 4264 Archelai,
2700 4207 2754 4252 et
2784 4200 2836 4252 in
2871 4213 3001 4269 agro
3033 4197 3296 4268 sepelivit.
3333 4198 3413 4253 Ad
3439 4199 3576 4263 hate,

2000 4292 2201 4347 milites
2245 4293 2409 4346 etiam
2446 4291 2540 4360 qui
2596 4305 2760 4360 Opera
2808 4288 2870 4343 Β.
2925 4288 3144 4343 Maximi
3188 4290 3248 4344 in
3297 4290 3574 4346 Christum

1953 4401 1960 4414 κ
2000 4385 2384 4448 crediderant,
2439 4381 2556 4453 pari
2607 4382 2798 4436 mortis
2839 4397 3036 4452 genere
3081 4384 3388 4452 consumpti
3424 4393 3572 4440 sunt.

2001 4475 2158 4545 Quod
2197 4491 2321 4531 cum
2372 4474 2574 4530 factum
2621 4474 2920 4544 accepisset
2971 4473 3274 4540 Romulus,
3321 4478 3576 4547 praecepit

1999 4569 2182 4625 statim
2230 4576 2290 4624 ut
2341 4569 2512 4624 sancti
2559 4577 2824 4637 martyres
2877 4565 3147 4621 Maximus
3199 4567 3477 4640 presbyter
3521 4578 3576 4625 et

1999 4661 2262 4733 Cyriacus
2305 4661 2595 4732 episcopus
2643 4661 2698 4714 in
2742 4675 2959 4715 carcere
2988 4660 3164 4730 capite
3187 4661 3350 4732 plexi,
3382 4679 3572 4718 eorum

1999 4769 2228 4824 corpora
2250 4753 2305 4808 in
2333 4768 2485 4808 mare
2515 4752 2934 4824 projicerentur.
2964 4751 3096 4819 Qua:
3124 4769 3246 4808 cum
3281 4755 3576 4812 invenisset

1998 4845 2192 4901 beatus
2221 4845 2490 4902 Eusebius
2518 4845 2819 4916 presbyter,
2851 4845 3040 4900 sedulo
3062 4845 3293 4918 collegit,
3313 4857 3474 4918 atque
3504 4849 3573 4904 ad

1998 4939 2167 4994 maris
2198 4939 2350 4994 littus
2383 4953 2551 5009 prope
2577 4936 2879 4994 Ostiensem
2911 4938 3101 4992 urbem
3135 4938 3188 4990 in
3222 4954 3352 5008 agro
3380 4940 3574 5010 sepeli-

1995 5030 2098 5095 vit,
2136 5030 2363 5099 ipsaque
2392 5029 2444 5082 in
2474 5029 2662 5084 eadem
2693 5029 2889 5083 vicinia
2921 5029 2974 5082 in
3013 5037 3198 5098 crypta
3235 5030 3488 5099 deposuit
3516 5049 3567 5085 τι.

1995 5121 2050 5176 d.
2083 5137 2138 5176 v1
2183 5119 2260 5176 ld.
2307 5119 2538 5191 Augusti
2589 5121 2670 5173 via
2719 5117 2977 5175 Ostiensi.
3012 5117 3312 5174 Taurinum
3348 5135 3478 5174 vero
3517 5131 3573 5176 et

1995 5212 2383 5268 Herculianum
2431 5211 2484 5265 in
2525 5209 2691 5265 Portu
2726 5210 2971 5264 Romano
3001 5210 3324 5265 recondidit.
3363 5210 3569 5277 Quarto

1993 5303 2339 5374 postmodum
2377 5301 2462 5355 die
2492 5300 2700 5356 invenit
2735 5315 2965 5370 corpora
3001 5310 3319 5354 cancrorum
3351 5310 3570 5357 sancto-

1993 5414 2115 5454 rum
2145 5397 2212 5451 ad
2243 5395 2410 5450 maris
2449 5393 2602 5447 littus
2632 5391 2824 5461 ejecta,
2872 5399 2926 5446 et
2961 5391 3173 5446 beatum
3222 5391 3569 5449 Theodorum

1993 5491 2274 5546 tribunum
2307 5484 2556 5555 deposuit
2602 5483 2655 5537 in
2699 5483 3016 5538 testudine:
3053 5483 3216 5539 simul
3259 5495 3439 5540 autem
3482 5501 3569 5539 re-

1993 5583 2172 5653 iiquos
2205 5593 2395 5634 omnes
2422 5577 2654 5647 collegit,
2686 5592 2888 5646 eosque
2913 5577 3068 5648 juxta
3106 5587 3294 5634 sancta
3338 5591 3570 5648 corpora

1993 5683 2292 5745 martyrum
2327 5670 2624 5732 sociorum,
2660 5667 2874 5738 Cyriaci
2901 5678 2954 5724 et
2986 5669 3227 5732 Maximi,
3256 5670 3528 5738 deposuit.

2063 5768 2152 5821 lll.
2193 5765 2395 5833 Quinto
2424 5771 2605 5817 autem
2629 5760 2716 5816 die
2743 5764 2995 5833 pmepit
3033 5763 3301 5817 Romulus
3334 5771 3390 5817 ut
3419 5763 3566 5816 exhi-

1992 5864 2206 5920 beretur
2243 5862 2396 5916 beata
2427 5856 2650 5926 Chryse,
2698 5871 2818 5926 qua;
2864 5865 2924 5910 ut
2957 5857 3009 5910 in
3043 5865 3386 5927 conspectum
3421 5869 3561 5926 pra:-
