4090 6400
506 389 646 442 1807

1213 374 1997 437 ADDENDA.—-—ACTORUM
2041 375 2099 428 S.
2143 369 2503 427 HIPPOLYTI
2541 364 2790 422 VERSlO
2829 363 3035 420 NOVA.

3601 361 3738 418 1608

504 508 637 561 sidis
664 506 831 568 venit,
873 483 1066 559 alacris
1105 503 1284 557 dixit:
1321 501 1502 566 Miser,
1542 515 1710 571 quare
1739 498 1918 567 perdis
1955 495 2072 548 dies
2105 525 2139 570 Α
2175 507 2298 545 cum
2337 504 2444 543 non
2481 487 2695 548 habere,
2751 483 2846 537 sed
2900 498 3073 552 neque
3115 489 3442 536 vo.untatem
3491 475 3741 534 flet-tendi

502 599 670 653 tuos?
714 598 958 667 Agnosce
1008 595 1220 650 tandem
1271 601 1666 664 procreatorem
1713 601 1862 645 tuum
1909 586 2068 642 Chri-

506 700 673 751 stum,
701 691 979 745 deﬁnitum
1011 689 1176 743 Deum
1203 703 1344 750 esse,
1388 702 1488 740 nec
1517 686 1708 740 adores
1748 683 1952 751 lapides
1983 679 2068 734 vel

506 784 799 838 simulacra
830 798 895 836 ex
939 796 1065 845 aere,
1112 795 1267 844 auro,
1315 787 1604 848 argentove
1657 775 1924 839 conﬂata;
1973 771 2067 828 sed

506 877 671 930 adora
705 875 990 928 Dominum
1022 889 1203 928 meum
1229 871 1413 926 Jesnm
1442 870 1717 925 Christum
1748 868 2066 923 cruciﬁxum

508 967 610 1020 sub
649 965 843 1020 Pontio
884 965 1074 1028 Pilato,
1102 965 1194 1034 qui
1230 963 1524 1018 resurrexit
1557 977 1589 1014 a
1627 961 1856 1015 mortuis
1890 959 2070 1014 triduo

507 1066 793 1126 postquam
837 1056 1011 1111 fuerat
1034 1057 1295 1126 sepultus,
1323 1054 1565 1110 ascendit
1594 1053 1660 1107 ad
1691 1053 1888 1115 caelos,
1927 1051 2071 1106 unde

505 1147 700 1201 iterum
747 1148 925 1202 veniet
958 1148 1022 1201 ad
1053 1147 1401 1217 jttdicandum
1433 1145 1584 1199 vivos
1613 1153 1666 1198 et
1695 1152 1938 1197 mortuos
1963 1182 1977 1203 ,
2015 1148 2071 1195 et

505 1240 763 1293 saeculum
797 1239 939 1292 istud
969 1255 1062 1308 per
1089 1239 1288 1308 ignem.
1313 1236 1413 1291 Cui
1449 1235 1713 1290 Romulus
1742 1233 2020 1302 respondit
2053 1251 2065 1286 :

506 1330 666 1386 Modo
715 1330 920 1386 videbis
965 1331 1241 1385 Christum
1285 1338 1434 1384 tuum
1461 1369 1476 1392 ,
1526 1328 1630 1382 nisi
1680 1326 2070 1382 sacriﬁcaveris

506 1424 905 1479 immortalibus
945 1423 1068 1478 diis.
1115 1422 1313 1478 Sancta
1343 1422 1549 1492 Chryse
1588 1421 1722 1475 dixit
1758 1434 1771 1473 :
1803 1417 1944 1474 Bene
1981 1429 2067 1484 tu,

507 1517 834 1578 miserande,
891 1517 1102 1570 locutus
1140 1531 1220 1579 es,
1268 1529 1332 1569 ac
1373 1513 1456 1568 vel
1491 1527 1613 1568 sero
1650 1511 1926 1566 veritatem
1971 1511 2070 1564 ali-

506 1609 724 1678 quando
748 1625 814 1664 ex
843 1624 938 1662 ore
969 1619 1061 1662 tuo
1093 1605 1391 1676 protulisti,
1432 1604 1638 1669 dicens,
1669 1618 1786 1668 me,
1826 1603 1930 1656 n'isi
1962 1603 2071 1656 da:-

508 1701 709 1755 moniis
758 1699 1176 1760 sacriﬁcavcro,
1233 1699 1474 1753 visuram
1536 1696 1809 1751 Christum
1864 1710 2064 1748 meum.

509 1792 662 1848 Tunc
695 1794 774 1846 ira
803 1807 1098 1847 succensus
1130 1790 1391 1846 Romulus
1434 1803 1500 1844 eo
1531 1789 1677 1857 quod
1723 1786 1868 1840 illius
1892 1785 2070 1840 verbis

508 1885 684 1939 vietus
706 1881 902 1946 fuerat,
951 1881 1220 1951 lapidibus
1256 1881 1430 1935 malas
1456 1878 1575 1948 ejus
1599 1876 1856 1932 contundi
1881 1876 2070 1942 jussit.
2109 1905 2146 1960 Β

511 1972 711 2027 Sancta
737 1981 914 2026 autem
942 1972 1147 2042 Chryse
1177 1985 1371 2041 magna
1396 1983 1527 2023 voce
1554 1968 1823 2024 clamabat
1851 1988 1861 2021 :
1888 1966 2070 2022 Gloria

510 2063 631 2130 tibi,
663 2062 893 2117 Domine
923 2063 997 2118 mi
1022 2061 1150 2118 Jesu
1190 2061 1423 2127 Christe,
1473 2061 1599 2130 quia
1631 2075 1718 2114 me
1743 2059 1960 2130 dignam
1991 2057 2072 2112 fe-

509 2155 653 2220 cisti,
688 2164 746 2209 ut
796 2154 968 2209 servis
997 2163 1050 2208 et
1078 2152 1290 2208 ancillis
1324 2154 1432 2208 tuis
1455 2167 1799 2207 annumerer.
1853 2149 1921 2206 At
1964 2149 2071 2205 Ro-

511 2246 692 2300 mulus
718 2245 783 2299 ad
824 2245 998 2314 ipsam
1048 2262 1062 2298 :
1110 2243 1374 2314 Agedum,
1402 2242 1623 2298 consule
1656 2241 1921 2311 prosapiae
1949 2249 2072 2303 tuae,

508 2351 575 2389 ac
606 2344 858 2410 venerata
902 2334 1036 2388 deos
1082 2341 1319 2398 nostros,
1369 2331 1500 2399 ipsis
1551 2329 1829 2391 sacriﬁca,
1875 2326 2078 2396 tibique

510 2441 668 2483 sume
705 2414 880 2480 virum
909 2441 1008 2495 pro
1041 2422 1349 2480 conditione
1384 2432 1496 2476 tua.
1546 2419 1716 2486 Quem
1747 2419 1914 2474 libere
1943 2419 2077 2474 allo-

509 2533 706 2587 quens,
725 2514 978 2572 clamavit
993 2521 1177 2570 sancta
1193 2511 1367 2582 virgo,
1384 2511 1624 2583 dixitque
1638 2519 1891 2568 contenta
1906 2526 2035 2568 voce
2059 2525 2073 2562 :

511 2605 624 2676 Ego
669 2605 782 2676 jam
829 2604 1004 2658 virum
1035 2603 1207 2657 habeo
1234 2609 1631 2672 procreatorem
1664 2599 1786 2656 caeli
1827 2613 1891 2655 ac
1919 2609 2079 2654 terra:

511 2696 696 2753 Jesum
742 2695 1018 2751 Christum
1054 2693 1248 2747 Filium
1307 2691 1400 2746 Dei
1427 2692 1571 2759 vivi,
1609 2709 1770 2762 quem
1817 2702 1876 2748 tu
1918 2705 2080 2747 nosse

510 2789 728 2854 renuis;
775 2798 828 2841 at
860 2787 1038 2856 potius
1071 2787 1344 2841 daemones
1371 2785 1534 2849 nosti,
1568 2785 1662 2854 qui
1695 2798 1790 2838 cor
1821 2793 1972 2838 tuum
2007 2781 2080 2836 fe-

509 2879 630 2933 rina
662 2879 812 2932 rabie
841 2877 1197 2948 repleverunt.
1241 2875 1432 2930 Subito
1465 2886 1644 2930 autem
1689 2875 1945 2930 incensus
1972 2873 2079 2926 Ro-

512 2971 698 3025 mulus
743 2971 996 3038 praecepit
1057 2968 1457 3038 apparitoribus
1503 2977 1564 3022 ut
1617 2967 1908 3036 plumbatis
1955 2981 2075 3020 eam

510 3060 777 3114 crederent
809 3077 821 3112 :
867 3074 989 3127 quae
1042 3059 1271 3112 multum
1321 3057 1600 3112 verberata
1625 3097 1640 3121 ,
1678 3056 1851 3126 magis
1883 3055 2077 3110 conﬁr-

512 3151 782 3204 mabatur.
821 3148 1019 3203 lterum
1055 3164 1184 3204 vero
1208 3149 1375 3219 jussit
1402 3149 1672 3219 ingentem
1699 3147 1928 3218 lapidem
1959 3147 2078 3216 ejus

2173 598 2311 653 genu
2345 595 2526 635 coram
2561 576 2738 632 idolis.
2790 574 2914 628 llrec
2962 574 3155 642 hisque
3186 572 3384 627 similia
3418 587 3541 626 cum
3574 570 3742 626 dixis-

2174 684 2256 729 set
2295 673 2355 726 Β.
2405 671 2752 733 Sabinianus,
2789 667 3043 721 efferatus
3073 665 3336 720 Romulus
3363 664 3614 734 praecepit
3647 679 3744 732 ap-

2174 761 2524 833 paritoribus,
2547 767 2607 813 ut
2631 759 2802 828 ipsius
2830 755 3091 812 cervicem
3115 755 3408 826 plumbatis
3441 754 3743 809 contunde-

2175 864 2311 910 rent.

2246 943 2310 998 V.
2353 941 2408 997 1d
2434 957 2556 997 cum
2587 938 2929 1008 cognovisset
2955 937 3305 993 beatissimus
3335 952 3497 992 senex
3538 934 3742 1006 Hippo-

2175 1037 2316 1108 lytus
2337 1077 2351 1101 ,
2385 1033 2677 1088 adveniens
2725 1045 2908 1084 coram
2939 1027 3172 1082 Romulo
3217 1029 3363 1083 stetit
3412 1037 3572 1097 atque
3605 1028 3742 1082 elata

2176 1145 2304 1184 voce
2327 1127 2464 1183 dixit
2493 1149 2502 1180 :
2527 1123 2570 1180 Ο
2593 1123 2776 1187 miser,
2809 1122 2852 1177 si
2883 1137 3071 1176 nosses
3098 1121 3372 1176 Christum
3407 1121 3499 1177 Dei
3523 1120 3745 1186 Filium,

2177 1222 2320 1275 haud
2349 1220 2508 1290 plane
2545 1226 2855 1272 sanctorum
2886 1213 3004 1282 ejus
3036 1212 3274 1267 cervices
3302 1213 3406 1268 hoc
3435 1214 3597 1266 modo
3634 1221 3744 1266 tor~

2175 1327 2403 1383 queres,
2449 1318 2506 1364 ut
2551 1309 2854 1364 subdantur
2907 1305 3157 1359 inanibus
3203 1304 3396 1359 vestris
3441 1305 3636 1371 idolis;
3692 1295 3746 1358 al

2176 1404 2356 1474 potius
2385 1412 2436 1458 te
2467 1401 2644 1471 ipsum
2680 1399 2939 1454 subderes
2971 1395 3238 1452 conditori
3270 1411 3335 1450 ac
3362 1393 3605 1452 eﬂcctori
3632 1395 3745 1449 uni-

2176 1509 2456 1550 versorum
2485 1533 2500 1558 ,
2555 1502 2608 1547 et
2639 1493 2814 1546 servis
2860 1491 3019 1560 ejus;
3079 1503 3253 1557 neque
3300 1503 3467 1541 vanos
3519 1487 3742 1557 lapides,

2176 1598 2354 1641 mutos
2380 1593 2434 1640 et
2461 1582 2729 1639 inanimes
2754 1581 2980 1636 coleres.
3017 1576 3113 1632 llis
3136 1578 3355 1643 auditis,
3379 1577 3641 1632 Romulus
3665 1577 3745 1631 ira

2175 1679 2521 1732 vehementer
2551 1674 2870 1740 excanduit,
2900 1673 3173 1743 jussitque
3204 1671 3431 1739 pedibus
3460 1669 3715 1723 manibus
3740 1697 3745 1701 -

2176 1782 2282 1836 que
2327 1767 2510 1837 ligatis
2559 1765 2887 1835 praecipitem
2927 1763 2979 1816 in
3027 1761 3190 1814 altam
3227 1758 3436 1813 foveant
3483 1757 3744 1827 demergi.

2177 1857 2342 1912 Beato
2375 1867 2554 1911 autem
2596 1855 2881 1926 Hippolyto
2907 1852 3138 1922 dejecto,
3169 1861 3228 1906 ut
3253 1849 3365 1904 fors
3395 1849 3537 1912 tulit,
3586 1848 3639 1902 in
3667 1848 3748 1902 la-

2175 1965 2370 2005 cunam
2405 1958 2610 2018 portus,
2638 1947 2730 2018 qui
2764 1946 2981 2016 proprio
3011 1944 3271 2000 vocabulo
3300 1941 3494 1996 Portus
3523 1940 3744 2004 dicitur,

2176 2039 2460 2094 confestim
2498 2055 2598 2094 vox
2629 2039 2808 2094 audita
2841 2046 2945 2103 est,
2975 2036 3138 2092 unius
3167 2035 3334 2089 ferme
3373 2033 3519 2086 horae
3551 2033 3746 2100 spatio,

2175 2131 2342 2185 veluti
2381 2129 2732 2199 puerulorum
2769 2130 2972 2201 gratias
3008 2127 3119 2182 Deo
3161 2126 3507 2180 referentium
3543 2142 3558 2175 :
3591 2123 3782 2186 dum-,

2175 2237 2280 2292 que
2310 2221 2422 2275 haec
2464 2222 2793 2288 dicerentur,
2847 2222 2934 2276 ille
2981 2219 3231 2291 spiritum
3264 2216 3495 2272 Domino
3523 2217 3751 2272 reddidit

2176 2330 2227 2367 a.
2265 2313 2320 2368 d.
2352 2329 2403 2366 xi
2431 2311 2549 2367 Kal.
2587 2315 2939 2384 Septembris.

2251 2424 2332 2480 Vl.
2377 2425 2642 2482 Romulus
2687 2441 2816 2481 vero
2864 2427 3045 2481 dixit:
3079 2424 3203 2481 Haec
3252 2425 3462 2481 insania
3501 2438 3622 2478 esse
3664 2420 3749 2474 di-

2175 2517 2458 2586 gnoscitur
2490 2517 2710 2587 magica
2734 2517 2885 2570 artis.
2919 2515 3200 2585 Cmpitque
3227 2515 3483 2569 iracunde
3511 2512 3748 2566 clamare.

2177 2623 2241 2662 ac
2269 2608 2448 2668 dicere
2477 2626 2490 2661 :
2522 2607 2853 2662 Sabinianus
2896 2607 2999 2660 isle
3044 2622 3140 2677 per
3186 2607 3450 2676 magicam
3484 2605 3628 2677 illius
3658 2619 3751 2657 ar-

2176 2709 2281 2754 tem
2317 2708 2507 2770 captus
2560 2709 2662 2765 est,
2703 2699 2909 2770 argenti
2951 2698 3264 2767 cupiditate,
3301 2706 3356 2751 et
3397 2696 3750 2766 pecuniarum

2177 2792 2477 2859 illecebris;
2523 2792 2666 2847 hunc
2695 2808 2725 2845 e
2753 2792 2984 2861 vestigio
3010 2792 3258 2846 divellam
3294 2791 3362 2844 ab
3384 2790 3578 2844 insano
3604 2787 3754 2857 ejus-

2179 2883 2321 2936 tnodi
2361 2881 2562 2949 studio,
2607 2883 2712 2937 nisi
2742 2884 2927 2936 adoret
2957 2897 3022 2936 ac
3065 2882 3332 2938 sacriﬁcet
3365 2879 3620 2934 maximis
3653 2892 3756 2930 no-

2176 2977 2304 3032 stris
2328 2978 2452 3033 diis.
2501 2976 2633 3044 Quae
2677 2978 2890 3047 aliaque
2926 2977 2994 3032 ad
3019 2976 3165 3031 hunc
3189 2975 3408 3030 modum
3434 2989 3556 3027 cum
3584 2971 3753 3027 dixis-

2176 3075 2277 3131 set,
2325 3067 2501 3135 ipsum
2549 3065 2783 3121 fustibus
2815 3067 2946 3121 caedi
2969 3066 3156 3136 jussit,
3189 3065 3292 3119 sub
3322 3078 3454 3118 voce
3486 3061 3753 3131 praeconia

2178 3158 2522 3213 inclamantis
2567 3176 2580 3210 :
2629 3157 2812 3213 Redde
2858 3158 3144 3212 thesauros
3188 3155 3605 3226 imperatoribus
3655 3169 3760 3206 no-

509 3247 650 3301 collo
672 3246 948 3315 suspendi,
980 3256 1140 3316 atque
1170 3247 1242 3300 ita
1273 3247 1327 3300 in
1356 3262 1503 3302 mare
1532 3246 1874 3317 praecipitari.
1907 3245 2076 3315 Cujus
2103 3263 2143 3318 ο
2179 3252 2308 3306 stris
2331 3292 2348 3317 ,
2400 3261 2562 3320 atque
2604 3251 2766 3306 adora
2814 3253 3210 3322 omnipotentes
3253 3252 3384 3308 deos
3410 3293 3424 3317 ,
3477 3266 3572 3320 per
3614 3265 3758 3319 quos

510 3339 728 3407 quidem
763 3353 977 3394 sacrum
1019 3353 1220 3409 corpus
1246 3339 1313 3394 ad
1347 3340 1497 3394 littus
1528 3340 1761 3404 devenit,
1793 3339 2081 3408 ipsumque

509 3434 858 3490 beatissimus
879 3431 1088 3499 Nonus,
1119 3436 1212 3504 qui
1243 3445 1297 3490 et
1326 3435 1641 3505 Hippolytus
1667 3433 2079 3503 cognominatus

507 3537 611 3585 est,
647 3533 856 3590 avexit,
894 3541 958 3580 ac
988 3527 1040 3579 in
1071 3527 1289 3596 proprio
1331 3528 1476 3583 illius
1503 3526 1692 3593 fundo,
1738 3526 1828 3582 ubi
1871 3535 1926 3580 et
1967 3540 2079 3579 mo-

509 3617 752 3680 rabatur,
783 3616 1047 3686 sepelivit,
1075 3626 1228 3671 extra
1252 3632 1440 3672 muros
1470 3615 1738 3672 Ostiensis
1763 3615 1914 3670 urbis
1939 3629 1989 3669 a.
2020 3615 2074 3668 d.

511 3723 602 3762 nx
637 3705 754 3761 Kal.
784 3705 1138 3775 Septembris.

580 3798 670 3853 ιν.
722 3798 876 3853 Tunc
947 3799 1186 3855 vicarius
1247 3799 1655 3870 comprehendit
1720 3797 2076 3853 Sabinianum

508 3891 825 3962 quemdam,
860 3901 1171 3946 curatorem
1205 3889 1356 3945 fundi
1398 3889 1564 3957 illius,
1602 3899 1657 3944 et
1683 3889 1967 3959 exquirere
2009 3889 2078 3942 ab

509 3998 573 4037 eo
607 3981 773 4050 erepit
817 3997 931 4036 rem
983 3980 1303 4036 familiarem
1338 3983 1506 4036 beatae
1541 3982 1795 4052 Cbryses,
1836 3979 2023 4033 dicens
2060 3997 2072 4032 :

510 4072 780 4142 Sacrilega
813 4071 1040 4143 Chryse,
1085 4087 1207 4142 quae
1243 4081 1461 4142 propter
1490 4073 1753 4143 magicam
1803 4085 1957 4126 suam
1990 4085 2077 4122 ar-

509 4172 614 4217 tem
663 4163 823 4230 elegit
885 4163 1062 4232 potius
1110 4174 1338 4217 mortem
1396 4179 1556 4232 quam
1609 4163 1816 4229 vitam,
1861 4162 2078 4218 divitias

510 4256 708 4308 multas
749 4255 1079 4324 possidebat.
1111 4252 1285 4323 Ipsius
1332 4269 1463 4325 ergo
1499 4255 1785 4309 thesauros
1815 4265 1870 4307 et
1909 4269 2074 4307 mun-

507 4345 635 4400 dum
681 4345 999 4399 muliebrem
1037 4345 1100 4398 ad
1134 4360 1232 4398 nos
1275 4344 1439 4411 affer;
1481 4346 1724 4400 sacriﬁca
1751 4344 1914 4400 etiam
1947 4345 2073 4410 diis,

506 4445 561 4489 et
586 4436 722 4500 vive,
760 4436 1139 4504 obtemperans
1161 4436 1350 4490 edictis
1378 4436 1784 4505 imperatorum.
1827 4433 2077 4490 Sabinia-

509 4541 611 4578 nus
658 4526 794 4578 dixit
830 4545 842 4578 :
873 4525 984 4596 Ego
1045 4526 1098 4579 in
1164 4525 1418 4580 omnibus
1477 4527 1644 4580 animi
1689 4526 2071 4582 demissionem

2182 3342 2383 3413 regitur
2427 3344 2693 3398 universa:
2735 3343 3044 3414 reipublicae
3089 3352 3288 3398 nostra:
3333 3341 3754 3396 administratio.

2179 3433 2376 3489 Beatus
2402 3450 2532 3490 vero
2568 3435 2897 3490 Sabinianus
2945 3445 3128 3505 aperto
3154 3450 3250 3489 ore
3279 3435 3455 3488 aiebat
3489 3451 3502 3486 :
3536 3431 3753 3486 Gratias

2178 3526 2278 3579 tibi
2313 3542 2436 3596 ago,
2471 3526 2698 3582 Domine
2727 3527 2800 3581 mi
2829 3525 2959 3581 Jesu
2999 3526 3236 3592 Christe,
3267 3525 3362 3597 qui
3399 3525 3652 3592 dignatus
3695 3539 3753 3579 es

2179 3633 2265 3670 tne
2293 3619 2434 3672 inter
2461 3633 2649 3673 servos
2684 3627 2806 3672 tuos
2852 3633 3161 3672 numerare.
3210 3615 3281 3672 Ut
3319 3625 3498 3670 autem
3532 3617 3624 3670 diu
3654 3631 3751 3668 va-

2179 3708 2406 3776 pulavit,
2436 3709 2592 3762 ﬁrmo
2620 3719 2737 3763 erat
2774 3719 2936 3777 atque
2959 3709 3126 3763 alacri
3152 3709 3336 3775 vultu;
3364 3709 3500 3763 adeo
3535 3707 3749 3777 quidem

2181 3810 2241 3854 ut
2275 3800 2474 3857 ardens
2507 3801 2787 3856 iracundia
2827 3798 3094 3855 Romulus
3123 3801 3461 3872 praaceperit,
3489 3800 3662 3870 ipsum
3695 3798 3753 3850 in

2177 3897 2408 3965 equuleo
2437 3896 2715 3966 suspendi.
2759 3895 2967 3951 Interea
2999 3895 3128 3951 dum
3169 3897 3414 3966 corporis
3444 3894 3592 3950 nervi
3636 3892 3753 3948 dis-

2178 3989 2496 4052 trahuntur,
2539 3988 2804 4058 praeconis
2839 4003 2972 4043 voce
3015 3988 3192 4043 adhuc
3230 3996 3587 4058 personante,
3637 3986 3756 4055 ipse

2177 4078 2313 4132 nihil
2355 4077 2500 4132 aliud
2544 4078 2838 4144 eﬁ'erebat,
2889 4078 2991 4133 nisi
3044 4095 3057 4132 :
3115 4078 3331 4132 Gratias
3373 4091 3473 4146 ago
3523 4059 3755 4130 Domino

2178 4185 2299 4224 meo
2328 4168 2456 4224 Jesu
2484 4169 2723 4224 Christo.
2762 4170 3009 4224 Vicarius
3033 4178 3213 4224 autem
3239 4169 3541 4224 astantibus
3567 4167 3703 4222 dixit
3737 4185 3752 4222 :

2178 4261 2276 4316 Hic
2306 4261 2506 4316 insanit
2549 4269 2711 4331 atque
2755 4276 2978 4316 securus
3002 4270 3085 4315 est
3113 4260 3444 4330 magiearum
3479 4258 3780 4318 consultao-~

2177 4352 2420 4418 tionum;
2464 4351 2733 4422 jussitque
2772 4350 2985 4407 facibus
3030 4352 3205 4421 ipsum
3242 4351 3420 4406 aduri.
3456 4351 3595 4406 Dum
3623 4365 3754 4406 vero

2177 4445 2324 4499 faces
2356 4443 2499 4498 beati
2532 4442 2813 4497 Sabiniani
2857 4442 3115 4498 lateribus
3170 4443 3604 4506 admoverentur,
3645 4441 3755 4494 Ro-

2177 4535 2358 4589 mulus
2387 4535 2693 4589 exclamare
2731 4535 2896 4604 coepit
2933 4549 2996 4588 ac
3030 4534 3210 4589 dicere
3243 4551 3258 4589 :
3296 4532 3503 4599 Infelix,
3530 4534 3753 4588 consule

508 4615 670 4671 didici
717 4631 748 4668 a
802 4628 986 4670 sancta
1025 4617 1229 4686 virgine
1259 4616 1482 4689 Chryse,
1511 4634 1633 4688 quae
1679 4627 1734 4672 et
1781 4633 1866 4673 me
1894 4617 2077 4672 docuit
2108 4623 2151 4679 D
2181 4622 2299 4688 tibi,
2341 4630 2396 4678 et
2433 4623 2597 4678 redde
2650 4625 2956 4688 thesauros,
3007 4639 3146 4693 quos
3174 4624 3425 4679 novimus
3451 4639 3572 4678 esse
3607 4623 3752 4692 apud

507 4708 753 4764 conﬁteri
796 4725 958 4762 unum
1009 4708 1176 4763 Deum
1235 4709 1522 4764 Dominum
1581 4719 1828 4764 nostrum
1883 4707 2071 4764 Jesum

507 4799 803 4865 Christum,
855 4809 1038 4854 natum
1069 4801 1136 4855 de
1165 4799 1366 4870 Spiritu
1394 4814 1605 4869 sancto,
1653 4818 1718 4856 ex
1749 4800 1919 4856 Maria
1950 4799 2072 4855 Vir-

506 4892 630 4961 gine
666 4910 680 4947 :
718 4892 944 4961 ideoque
989 4907 1094 4946 non
1136 4909 1329 4947 aurum
1376 4894 1556 4959 nobis,
1609 4909 1718 4948 non
1763 4902 2068 4965 argentum,

509 4998 685 5054 neque
733 4984 1038 5053 margarita:
1085 4994 1230 5038 sunt.
1279 4984 1543 5040 Romulus
1573 5001 1703 5039 vero
1739 4985 1804 5040 ad
1839 4986 2016 5054 ipsum
2053 5003 2068 5038 :

509 5070 748 5138 Festina,
787 5073 980 5143 inquit,
1012 5086 1064 5129 et
1091 5074 1435 5129 absconditos
1465 5074 1748 5130 thesauros
1775 5075 1937 5130 redde
1969 5074 2074 5128 im-

510 5164 889 5232 peratoribus,
934 5165 1159 5236 diisque-
1187 5166 1456 5222 sacriﬁca.
1512 5165 1842 5220 Sabinianus
1886 5165 2023 5221 dixit
2055 5184 2070 5219 :

508 5255 625 5309 Non
654 5255 902 5324 equidem
932 5270 1050 5310 sum
1080 5257 1298 5328 dignus,
1333 5265 1392 5310 ut
1420 5271 1518 5327 pro
1543 5256 1680 5312 meis
1711 5256 1946 5327 peccatis
1975 5258 2074 5311 ali-

509 5347 643 5416 quid
690 5345 954 5418 perferam
984 5389 1000 5413 ,
1032 5348 1138 5403 nisi
1173 5361 1436 5420 quantum
1497 5349 1758 5404 Dominus
1813 5363 1878 5403 ac
1932 5350 2073 5404 Deus

511 5456 665 5497 meus
698 5456 947 5497 annuens
983 5441 1168 5512 largiri
1205 5443 1334 5497 tnihi
1366 5442 1618 5514 dignatus
1657 5441 1853 5508 fuerit;
1883 5458 2072 5512 quem-

505 5530 801 5588 admodum
835 5532 1046 5591 conﬁdo
1081 5549 1093 5586 :
1129 5534 1257 5590 hinc
1295 5549 1458 5591 nosce
1481 5576 1497 5604 ,
1550 5550 1638 5591 me
1686 5549 1878 5590 aurum
1906 5535 2071 5591 cadu-

2175 4722 2229 4768 te
2256 4713 2618 4768 absconditos.
2643 4713 2712 4767 At
2750 4713 2940 4768 beatus
2969 4712 3318 4778 Sabinianus,
3361 4726 3566 4784 martyr
3593 4713 3753 4767 Chri-

2177 4805 2276 4871 sti,
2311 4804 2511 4874 gratias
2543 4791 2772 4859 Domino
2809 4805 3036 4876 agebat,
3078 4805 3263 4860 dicens
3297 4823 3310 4858 :
3350 4803 3573 4860 Domine
3610 4808 3752 4863 Deus

2177 4895 2288 4961 mi,
2343 4896 2556 4965 suscipe
2601 4909 2631 4948 a
2665 4911 2750 4950 me
2779 4897 3029 4965 spiritum
3070 4912 3251 4952 meum
3289 4912 3304 4950 :
3346 4896 3541 4966 hisque
3567 4898 3748 4962 dictis,

2173 4989 2356 5044 emisit
2404 4989 2458 5042 in
2513 5004 2646 5059 pace
2701 4990 2951 5060 spiritum
2987 5007 3001 5043 :
3033 5005 3232 5059 corpus
3258 5005 3386 5044 vero
3425 4990 3513 5045 ille
3554 5007 3751 5060 praece-

2178 5082 2258 5151 pit
2282 5081 2338 5134 in
2365 5089 2584 5150 puteum
2618 5090 2676 5136 ut
2704 5082 3078 5152 projiceretur.
3125 5080 3228 5136 Per
3250 5080 3389 5136 idem
3424 5092 3634 5152 tempus
3658 5099 3750 5137 ve-

2179 5176 2335 5230 niens
2368 5174 2588 5244 quidam
2632 5176 2912 5246 presbyter
2935 5215 2949 5241 ,
2983 5174 3215 5228 Cordius
3263 5173 3503 5238 nomine,
3548 5189 3750 5244 corpus

2181 5273 2340 5318 noctu
2387 5265 2623 5318 extraxit
2652 5280 2683 5318 e
2723 5275 2915 5334 puteo,
2964 5263 3202 5334 illudque
3247 5265 3551 5336 composuit
3589 5265 3745 5334 juxta

2181 5356 2392 5409 beatam
2409 5355 2667 5427 Chrysem
2703 5373 2752 5410 a.
2787 5357 2838 5411 d.
2871 5373 2902 5408 ν
2935 5355 3053 5412 Kal.
3092 5353 3443 5428 Septembris,
3487 5366 3746 5428 regnante

2180 5443 2409 5501 Domino
2443 5457 2629 5503 nostro
2655 5447 2778 5505 Jesu
2799 5448 3036 5514 Christo,
3075 5451 3162 5504 cui
3188 5460 3271 5506 est
3295 5450 3463 5523 gloria
3492 5458 3546 5506 et
3575 5451 3744 5522 impe-

2178 5536 2322 5592 rium
2352 5537 2408 5592 in
2433 5538 2629 5594 srecula
2661 5539 3001 5595 saeculorum.
3034 5539 3227 5596 Amen.
