4090 6294
391 347 529 404 1615

450 461 616 513 XXIV.
643 491 701 500 —
729 464 782 513 S.
827 459 1084 524 Hippolyti
1122 473 1449 510 marmoreum
1481 464 1869 524 monumentum
1891 461 1963 524 Ain

389 540 509 586 agro
529 526 726 588 Verano
769 521 920 588 prope
933 521 1054 579 eius
1078 525 1429 588 remmeterinm
1452 521 1514 588 ab
1538 523 1754 588 antiquis
1788 521 1968 588 Christi

388 583 620 636 ﬁdelibus
655 583 962 641 collocatum,
988 587 1235 646 antiquam
1258 584 1543 634 I’ortuensis
1563 583 1796 632 Ecclesiae
1821 583 1971 646 tradi-

391 651 580 698 tionem
600 650 805 696 mirilice
828 644 1130 708 comprobat.
1876 644 1971 692 552

449 731 598 782 XXV.
619 759 681 768 —-
707 731 930 790 Moynius
951 727 1240 778 Portuensis
1285 727 1524 776 Ecclesia
1546 726 1888 790 antiquitatem
1914 725 1967 790 S_.

387 794 645 856 Hippolyti
671 787 1038 853 aavotequalem
1059 803 1322 852 perperam
1344 791 1566 852 negavit.
1666 787 1682 789 7
1877 787 1970 836 551

449 877 689 927 XXVI.—-
721 875 901 934 Moynii
925 872 1162 922 divinatio
1195 873 1259 922 de
1297 874 1497 934 antiqua
1537 872 1718 922 Portus
1761 870 1969 934 Romani

388 943 520 990 aeris
554 933 902 987 insalubritate
925 936 1062 997 rejici
1071 941 1167 983 tur.
1422 933 1430 934 7
1876 933 1972 981 556

451 1019 641 1069 XXVII.
665 1045 726 1056 --
753 1019 805 1067 S.
834 1018 1089 1079 Hippolyti
1113 1017 1292 1068 natalis
1311 1015 1419 1066 dies
1437 1029 1660 1078 quaenam
1677 1018 1804 1079 apud
1827 1025 1971 1079 vete-

390 1095 472 1130 res
493 1081 658 1140 fuerit,
682 1077 1001 1141 expenditur.
1022 1077 1029 1078 7
1454 1077 1469 1078 7
1710 1077 1723 1079 7
1877 1077 1970 1126 559

450 1165 663 1215 XXVIII.
687 1192 747 1200 —
771 1164 865 1213 Die
887 1164 948 1212 22
968 1166 1094 1226 Aug.
1119 1163 1262 1211 modo
1283 1162 1343 1212 ab
1365 1163 1603 1226 Ecclesia,
1623 1169 1675 1212 et
1695 1164 1743 1211 in
1767 1163 1970 1211 dimcesi

389 1227 653 1277 Portuensi
675 1227 727 1276 S.
758 1226 1015 1288 Hippolyti
1054 1225 1281 1288 episcOpi
1319 1226 1428 1274 dies
1464 1225 1622 1274 festus
1667 1227 1966 1288 celebrator.

1876 1285 1970 1334 542

446 1372 568 1421 Acta
582 1372 749 1421 Latina
769 1371 821 1419 S.
834 1371 1107 1434 Hippolyti.
1877 1367 1971 1416 515

446 1456 568 1505 Acta
605 1456 769 1506 Graeca
792 1456 1032 1518 ejusdem.
1875 1453 1966 1502 517

447 1537 709 1590 Monitum.
1876 1535 1968 1584 517

446 1625 582 1674 Acta.
1879 1619 1967 1669 551

445 1708 752 1757 Testimonia
776 1713 1003 1756 veterum
1027 1707 1092 1756 de
1117 1707 1170 1755 S.
1217 1705 1486 1768 Hippolyto
1510 1706 1744 1768 episcopo
1765 1709 1818 1754 et
1843 1717 1972 1768 mar;

387 1774 517 1830 tyre.
1285 1764 1300 1768 7
1319 1764 1334 1768 7
1403 1764 1416 1768 7
1544 1764 1556 1768 7
1682 1764 1697 1767 7
1877 1764 1970 1815 569

445 1872 708 1924 OPERUM
733 1873 784 1924 S.
805 1872 1149 1924 HIPPULYTI
1175 1871 1320 1932 QUE
1349 1872 1744 1923 SUPERSUNT.

448 1959 614 2026 PARS
638 1976 675 2026 Ι.
702 2003 768 2013 -
792 1975 1064 2041 Exegctica.

449 2062 745 2123 Fragmenta
765 2061 814 2111 in
833 2061 1198 2112 Hexaemeron.
1331 2121 1334 2123 λ
1879 2063 1971 2112 585

448 2145 746 2206 Fragmenta
769 2145 819 2193 in
843 2144 1077 2194 Genesin.
1878 2144 1974 2194 585

449 2228 506 2278 In
527 2227 772 2277 Numeros
796 2235 850 2277 et
876 2228 1060 2290 Reges.
1876 2229 1973 2279 605

449 2313 504 2360 In
530 2311 767 2360 Psalmos.
1879 2311 1972 2360 607

449 2391 503 2440 In
529 2392 814 2443 Proverbia.
1876 2395 1974 2445 615

449 2479 506 2526 In
532 2477 785 2528 Canticum
809 2481 1126 2528 canticorum.
1877 2478 1971 2528 627

449 2558 506 2609 In
529 2557 702 2609 Isaiam
726 2561 1036 2624 prophetam.
1875 2562 1970 2611 629

449 2643 504 2692 In
529 2645 796 2694 Jeremiam
816 2651 869 2694 et
889 2644 1224 2694 Ezechielem.
1881 2645 1972 2694 651

450 2725 506 2774 In
536 2727 816 2777 Danielem.
1257 2742 1266 2747 ·
1879 2728 1976 2778 655

449 2809 649 2859 Scholia
671 2811 722 2859 in
744 2807 1023 2860 Danielem.
1877 2811 1971 2860 669

453 2893 751 2956 Fragmenta
769 2893 822 2942 in
847 2893 1137 2945 Susannam.
1879 2895 1976 2944 68:9

452 2976 750 3037 Fragmenta
774 2977 889 3026 alia.
1881 2977 1973 3026 697

452 3060 510 3110 In
537 3059 839 3109 Hatthtenm.
1883 3062 1978 3112 699

454 3144 510 3191 In
534 3142 733 3193 Lucam.
1881 3146 1978 3196 699

451 3225 507 3275 In
531 3227 733 3277 Joannis
756 3228 1078 3290 Evangelium
1105 3235 1158 3278 et
1183 3227 1518 3292 Apocalypsin
1885 3231 1973 3281 701

453 3311 754 3374 Fragmenta
777 3312 925 3363 dubia
952 3314 1003 3362 in
1026 3314 1439 3364 Pentateuchum.
1887 3317 1975 3365 701

457 3393 516 3443 In
539 3395 780 3444 Psalmos.
1888 3399 1973 3448 711

453 3476 754 3539 Fragmenta
779 3479 876 3527 alia
899 3480 950 3526 in
970 3478 1208 3529 Psalmos.
1889 3483 1978 3531 721

454 3559 620 3610 PARS
643 3559 704 3609 II.
731 3587 794 3597 —
819 3560 1100 3625 Dogmatica
1129 3567 1174 3614 et
1194 3559 1442 3613 historica.

454 3643 826 3694 Demonstratio
846 3645 910 3693 de
929 3643 1125 3694 Christo
1146 3649 1200 3694 et
1221 3645 1542 3694 Antichristo.
1889 3649 1985 3699 723

455 3725 827 3776 Demonstratio
850 3728 1086 3776 adversus
1106 3727 1321 3777 Judaeos.
1882 3732 1982 3781 787

459 3810 613 3861 Liber
632 3811 868 3861 adversus
887 3812 1098 3862 Graecos.
1893 3815 1987 3864 795

457 3895 637 3948 Contra
655 3895 870 3944 haeresin
891 3894 1038 3944 Νοειὶ
1063 3895 1329 3958 cujusdam.
1892 3897 1986 3945 805

457 3980 636 4032 Contra
661 3980 908 4030 Beronem
932 3985 986 4027 et
1009 3979 1319 4029 Heliconem.
1891 3979 1988 4029 829

461 4064 638 4114 Sermo
661 4065 711 4113 in
733 4070 897 4113 sancta
921 4063 1256 4126 Theophania.
1893 4065 1984 4114 851

461 4147 762 4208 Fragmenta
789 4159 1069 4195 sermonum
1093 4147 1200 4195 sive
1223 4146 1551 4196 homiliarum.
1893 4148 1984 4198 861

465 4231 765 4293 Fragmenta
789 4244 852 4279 ex
875 4231 988 4280 aliis
1009 4231 1225 4292 scriptis.
1894 4232 1985 4281 867

405 4314 748 4436 “Apostolica
769 4313 833 4362 de
871 4313 1248 4363 cliarismatlbus
1291 4314 1490 4363 traditio
1530 4314 1844 4377 (memoratur

459 4389 507 4424 m
537 4413 546 4423 .

459 4389 546 4424 m1.

438 4458 695 4569 tlfiarratio
713 4459 778 4506 de
801 4459 992 4520 virgine
1027 4457 1334 4508 Corinthiaca
1380 4463 1434 4505 et
1475 4460 1538 4507 de
1583 4460 1794 4520 quodam
1834 4457 1991 4568 Magn-l-

459 4533 609 4569 riano.
1939 4535 1952 4569 ι

407 4533 609 4569 ιιι-ωηο.
1898 4533 1952 4569 δι

471 4604 631 4654 Canon
651 4602 894 4665 paschalis
933 4609 988 4653 et
1031 4603 1286 4665 catalogus
1309 4617 1516 4665 operum
1557 4604 1781 4665 ejusdem
1821 4605 1872 4654 S.
1900 4604 1994 4652 Pa-

431 4667 516 4714 ris.
1902 4665 1997 4714 875

409 4671 432 4716 7
472 4748 941 4797 Animadversiones
962 4747 1140 4808 Egidii
1166 4748 1397 4797 Bucherii
1419 4751 1467 4797 in
1491 4747 1542 4796 S.
1558 4747 1816 4809 Hippolyti
1835 4746 1995 4798 Cano-

412 4822 530 4860 nem
550 4809 850 4871 paschalem.
1903 4809 1998 4858 885

472 4893 513 4943 Ι.
539 4918 601 4928 -
620 4895 663 4943 A
683 4906 782 4954 quo
807 4906 939 4942 anno
957 4891 1120 4943 Canon
1139 4892 1473 4955 Hippolyteus
1496 4892 1716 4953 incipiat.
1903 4892 1998 4942 885

474 4974 540 5025 II.
567 4975 746 5038 -7Cur
785 4975 1085 5037 Hippolytus
1129 4976 1488 5025 octaeteridem
1535 4976 1775 5038 geminet.
1831 4974 1999 5038 Potuit

414 5036 628 5100 simplici
646 5036 953 5088 octaeteride
980 5044 1242 5087 contentus
1275 5051 1408 5086 esse.
1542 5036 1558 5038 7
1905 5037 2000 5085 886

483 5119 564 5168 III.
582 5144 646 5182 _-
672 5120 1000 5181 Parergorum
1025 5121 1168 5182 primi
1194 5121 1420 5169 laterculi
1455 5121 1738 5182 explicatio.
1765 5120 1863 5170 Cur
1883 5121 2001 5170 sub-

416 5183 535 5231 inde
580 5180 684 5229 bini
720 5180 1248 5242 dies7quartzedecimae
1297 5185 1427 5230 lunae
1462 5180 1808 5244 designentur.
1907 5183 1999 5231 887

482 5261 563 5310 IV.
593 5289 656 5298 —-
692 5262 860 5312 Tertia
904 5262 1069 5312 tabula
1113 5264 1326 5324 paschali
1369 5263 1665 5311 Victorianae
1707 5262 2005 5312 conformior

419 5325 727 5386 proponitur.
753 5325 1003 5386 Hippolyti
1024 5325 1187 5376 Canon
1211 5328 1259 5374 in
1281 5326 1546 5375 Victoriam
1566 5330 1734 5387 typum
1754 5324 2005 5435 τρόχιεὲξὲ

487 5463 549 5534 V.
571 5491 632 5500 -—
655 5465 964 5534 Hippolytus
991 5467 1248 5534 paschales
1288 5467 1573 5516 Latinorum
1609 5469 1762 5534 primi
1801 5469 2006 5534 generis

424 5528 644 5592 rationes
664 5530 907 5592 sequitur.
929 5528 1097 5577 Primo
1136 5533 1267 5578 enim
1295 5537 1442 5590 caput
1463 5528 1650 5578 mensis
1696 5528 1939 5592 paschalis
1977 5543 2005 5578 a

426 5587 639 5658 liﬂarlii
655 5587 860 5638 orditur.
886 5590 1114 5640 Secundo
1152 5593 1318 5642 lunam
1343 5587 1622 5654 paschalem
1643 5607 1671 5641 a
1696 5587 1785 5640 ἰνι
1822 5593 1872 5640 in
1910 5604 2006 5658 ξειμ

429 5650 677 5698 dilI'undit.
1343 5650 1358 5654 7
1916 5652 2004 5701 891

491 5732 570 5780 Vl.
596 5759 657 5770 —-
679 5733 741 5783 Et
763 5735 1062 5786 Dominicam
1083 5739 1362 5800 paschalem
1393 5735 1550 5787 Martii
1577 5737 1638 5786 20
1661 5738 1890 5787 admittit.
1915 5736 2008 5785 895

495 5815 602 5868 VII.
622 5844 683 5854 -—
706 5816 962 5881 Nunquam
982 5821 1157 5882 limitis
1175 5836 1200 5872 a
1220 5822 1408 5880 synodo
1429 5820 1718 5872 Caesariensi
1754 5817 2010 5871 constituti

1775 337 1961 393 0RDO
2008 336 2252 395 RERUM

3506 339 3647 394 1616

2069 460 2459 582 gggirgoexcedit.
2480 457 2615 521 Cycli
2635 458 2923 522 Hippolytei
2945 459 2998 510 ln
3012 458 3310 510 Kalendario
3331 459 3529 509 Iuliano

2133 604 2328 652 VIII.—
2345 604 2578 662 Qutestio.
2602 604 2677 652 An
2696 606 2963 653 octaeteris
2985 605 3230 665 paschalis
3247 603 3424 664 passim
3446 617 3650 665 usurpa-

2070 671 2117 714 ta
2137 667 2250 728 sit_a
2276 667 2446 726 primis
2464 665 2766 715 Christianis.
2817 664 3185 728 Octaeteridem
3211 667 3464 728 Hippolyti
3494 664 3565 713 Sc.
3589 666 3624 712 li

2070 741 2162 788 ger
2182 725 2438 775 absurdam
2458 733 2601 789 putat
2625 743 2636 775 :
2660 741 2772 789 quae
2813 734 2973 776 tamen
2997 725 3291 776 Latinorum
3302 725 3518 775 rationes
3540 741 3639 789 ser;

2071 787 2169 838 vat.
2460 787 2473 789 7
2678 787 2692 789 7
3556 787 3647 836 897

2132 871 2214 920 IX.
2248 898 2309 908 -
2331 870 2610 920 Octaeteris
2629 870 2853 932 Dionysii
2878 871 3195 921 Alexandrini
3217 872 3453 935 episcopi.
3552 870 3648 919 897

2136 954 2192 1004 Χ.
2229 981 2289 989 -
2322 953 2442 1004 Julii
2466 953 2697 1004 Africani.
3555 954 3650 1002 898

2133 1039 2214 1088 XI.
2239 1067 2302 1076 —
2325 1039 2742 1088 Montanistarum.
3544 1039 3639 1088 898

2134 1121 2239 1174 ΧΠ.
2269 1149 2332 1160 —-
2346 1122 2700 1171 Audianorum.
3553 1121 3651 1171 899

2133 1205 2259 1256 XIII.
2283 1233 2342 1242 —
2362 1207 2586 1256 Aliorum
2610 1207 2738 1267 apud
2762 1206 2964 1256 Bedam.
3554 1206 3650 1255 900

2133 1289 2259 1339 XIV.
2282 1289 2458 1340 —Cur
2494 1290 2878 1341 Christianorum
2919 1291 3244 1352 antiquissimi
3295 1290 3650 1340 octacteridem

2070 1374 2235 1434 potius
2266 1387 2411 1435 quam
2445 1371 2976 1424 enneadecaeteridem
2999 1374 3305 1424 suffecerint.
3553 1372 3650 1422 900

2133 1456 2237 1506 XV.
2260 1483 2322 1492 —-
2354 1456 2685 1507 Octaeteridis
2706 1459 3026 1509 incommoda.
3553 1456 3643 1506 901

2134 1535 2457 1602 APPENDIX
2483 1541 2542 1587 ad
2582 1545 2772 1600 partem
2809 1537 2850 1588 I-I
2895 1541 3024 1602 Opp.
3068 1540 3122 1591 S.
3175 1536 3446 1601 Hippolyti,
3501 1535 3648 1602 dubia

2073 1603 2129 1645 et
2148 1597 2462 1660 supposititia
2486 1597 2840 1662 complectens.
2942 1597 2956 1602 7
2974 1597 2990 1602 7
3239 1597 3255 1601 7
3273 1597 3287 1600 7
3360 1597 3368 1598 7
3555 1597 3646 1647 901

2133 1681 2365 1731 Censura?
2414 1680 2630 1730 virorum
2671 1684 2928 1732 doctorum
2971 1684 3035 1732 de
3075 1682 3250 1732 libello
3283 1684 3418 1732 edito
3464 1683 3556 1733 sub
3592 1683 3645 1731 S.

2071 1741 2325 1811 Hippolyti
2337 1745 2564 1811 nomine.
2593 1746 2673 1793 cui
2699 1743 2908 1794 titulus:
2937 1745 3006 1796 De
3045 1743 3448 1796 consummatione
3479 1741 3650 1811 mundi

2070 1815 2129 1851 ac
2150 1803 2212 1852 de
2234 1803 2551 1854 Antia/arista.
3554 1806 3642 1854 901

2132 1883 2303 1948 oratio
2348 1886 2400 1934 S.
2426 1886 2682 1948 Hippolyti
2709 1887 2770 1936 de
2814 1889 3232 1937 consummatione
3262 1887 3451 1948 mundi,
3490 1899 3546 1937 ac
3584 1889 3649 1938 de

2071 1946 2403 2056 ΐὲἑξξῧνῐειο,
2453 1946 2507 1996 et
2531 1946 2760 1998 secundo
2804 1950 3019 1998 adventu
3079 1947 3280 2000 Domini
3325 1952 3480 2000 nostri
3526 1951 3652 2059 1ξὸιέ

2132 2090 2210 2140 De
2237 2091 2494 2142 duodecim
2517 2094 2770 2155 apostolis.
3555 2092 3648 2143 951

2136 2174 2211 2224 De
2233 2189 2329 2224 us
2359 2177 2614 2239 apostolis.
3557 2177 3653 2229 953

2136 2256 2302 2319 Capita
2326 2271 2564 2308 canonum
2586 2260 2812 2310 Abuiidis
2833 2261 2940 2310 sive
2981 2260 3238 2323 Hippolyti
3255 2259 3433 2323 quibus
3459 2260 3655 2323 Ethio:

2074 2330 2164 2378 pes
2187 2327 2407 2369 utuntur.
3049 2320 3098 2323 77
3169 2320 3179 2322 7
3271 2320 3286 2323 7
3559 2320 3654 2370 957

2137 2400 2362 2451 Canones
2383 2403 2619 2454 Ecclesiae
2639 2403 3006 2454 Alexandrina.
3559 2404 3655 2454 959

2136 2485 2406 2536 Chronicon
2426 2486 2677 2548 cujusdam
2700 2489 2945 2548 anonymi.
3559 2488 3650 2540 961

2075 2597 2132 2646 S.
2187 2596 2561 2647 GREGORIUS
2611 2595 3219 2648 NEOCESARIENSIS
3274 2595 3655 2648 EPISCOPUS

2341 2677 2796 2728 COGNOMENTO
2826 2677 3400 2728 THAUMATURGUS.

2139 2779 2417 2831 NOTITIA.

2136 2883 2179 2934 I.
2202 2913 2263 2948 -τ-
2285 2885 2572 2948 Gregorius,
2597 2891 2743 2935 antea
2763 2885 3072 2948 Theodorus,
3103 2884 3283 2942 Graecis
3327 2876 3654 2947 Romanisin

2077 2946 2347 3008 disciplinis
2372 2946 2601 2996 excultus
2621 2985 2634 3007 ,
2661 2949 2920 3008 episcopus
2944 2947 3357 2996 Neocaesariensis
3395 2946 3661 2998 consecra-

2079 3015 2176 3056 tur.
2204 3007 2313 3068 Quo
2340 3014 2564 3071 tempore
2587 3007 2874 3070 supremum
2892 3009 3025 3057 diem
3049 3008 3246 3058 obierit.
3563 3007 3661 3057 965

2139 3091 2201 3140 11.
2231 3119 2291 3131 ι-
2312 3090 2612 3156 S._Gregorii
2635 3087 2886 3156 Espositio
2925 3089 3044 3156 ﬁdei
3064 3092 3299 3156 divinitus
3331 3092 3527 3142 dictata.
3557 3089 3660 3156 Ve:

2081 3157 2245 3202 terum
2276 3151 2573 3202 testimoniis
2596 3153 2883 3203 authentica
2904 3151 3017 3203 esse
3040 3151 3350 3215 perhibetur.
3565 3151 3664 3202 965

2147 3235 2230 3299 III.
2257 3261 2319 3272 —-
2337 3235 2661 3299 Metaphrasis
2683 3233 2734 3299 in
2760 3233 3090 3299 Ecclesiasten,
3120 3236 3171 3285 S.
3212 3235 3454 3298 Gregorio
3479 3239 3662 3299 asserit

2082 3303 2178 3346 tur.
2199 3296 2273 3347 De
2299 3299 2394 3347 hoc
2413 3296 2568 3360 opere
2590 3298 2707 3361 quid
2740 3299 2942 3358 Billius,
2977 3298 3096 3360 quid
3123 3296 3410 3360 Bengelius.
3566 3297 3666 3348 966

2145 3380 2223 3443 IV.
2246 3406 2312 3443 _-—
2332 3380 2382 3428 S.
2409 3381 2634 3443 Gregorii
2667 3379 2879 3442 Epistola
2904 3379 3246 3443 canorticarqua
3269 3386 3415 3430 aetate
3442 3387 3662 3443 exarata.

2083 3441 2208 3499 Quid
2229 3441 2291 3488 de
2316 3443 2401 3491 illa
2423 3441 2685 3492 concilium
2705 3441 3078 3502 Quinisextum.
3121 3442 3198 3493 An
3232 3443 3523 3493 undecimus
3555 3442 3664 3500 ejus

2082 3515 2236 3550 canon
2261 3504 2501 3552 sincerus.
3571 3503 3663 3556 967

2145 3581 2201 3628 ν.
2227 3609 2288 3650 έ
2304 3583 2382 3650 _De
2411 3584 2462 3633 S.
2486 3585 2716 3650 gregarii
2744 3581 2972 3634 Oratione
2994 3583 3044 3634 in
3068 3582 3326 3647 Origenem
3345 3582 3661 3650 panegyrista.

2086 3642 2280 3701 Quanto
2300 3644 2349 3692 in
2370 3645 2532 3706 pretio
2551 3642 2737 3695 habita.
3157 3642 3180 3647 7
3345 3642 3356 3648 7
3470 3642 3527 3650 77
3571 3645 3667 3694 968

2147 3726 2235 3791 VI.
2253 3725 2451 3791 —_H:ec
2477 3732 2667 3791 tantum
2687 3741 2834 3788 supra
2865 3732 3132 3775 memorata
3153 3726 3378 3791 G_regorii
3407 3725 3667 3791 heat-tesa-
3690 3766 3711 3791 ,

2085 3788 2264 3835 riensis
2287 3789 2475 3836 sincera
2504 3786 2783 3837 litterarum
2807 3795 3137 3837 monumenta.
3180 3786 3390 3839 Reliqua
3413 3793 3491 3837 vel
3517 3789 3668 3839 dubia

2085 3801 2264 3835 rIeHSIs
2287 3801 2475 3836 Sincera
2504 3801 2783 3837 litterarum
2807 3801 3137 3837 monumenta.
3182 3801 3292 3837 neu
3331 3803 3390 3836 ua
3413 3801 3491 3837 vel
3517 3801 3668 3839 auma

2085 3850 2165 3897 vel
2181 3850 2760 3922 pseudotepigrapha.—
2775 3848 3020 3922 {Expositio
3043 3848 3178 3922 fidei
3208 3801 3451 3922 proiixior
3474 3851 3669 3922 Apolli-

2085 3913 2216 4020 ἔξει-11,
2238 3923 2350 3960 esse
2372 3910 2756 3961 demonstratur.
2783 3910 2909 3962 Item
2947 3910 3262 3961 sentiendum
3287 3912 3351 3961 de
3374 3910 3670 4022 Δηαιήειέιὲὁ

2107 3985 2262 4022 ramis.

2087 3978 2262 4022 11817118.

2149 4055 2255 4104 VII.
2281 4084 2342 4092 —
2363 4056 2589 4106 Virorum
2615 4056 2922 4106 eruditorum
2943 4057 3191 4106 sententia
3217 4057 3280 4103 de
3302 4052 3531 4106 Homiliis
3550 4068 3596 4103 iv
3614 4064 3671 4106 et

2089 4117 2153 4167 de
2183 4115 2370 4168 Animw
2397 4115 2721 4181 disputatione
2743 4126 2914 4168 sancto
2936 4117 3070 4167 Patri
3094 4116 3362 4167 attributis.
3569 4117 3662 4167 971

2149 4201 2279 4251 VIII.
2314 4229 2372 4239 -
2398 4202 2482 4273 De
2502 4201 2742 4273 Otigenis
2756 4203 2971 4273 epistola
3005 4203 3264 4273 Gregorio"
3284 4208 3453 4273 nostro
3493 4201 3670 4273 inscri-

2090 4270 2191 4326 pta,
2236 4277 2426 4312 necnon
2453 4265 2518 4312 de
2540 4262 2676 4313 illius
2697 4262 2808 4314 vita7
2838 4262 3194 4326 perqsanctum
3232 4264 3522 4326 Gregorium
3545 4262 3673 4326 Nysj-

2090 4317 2284 4374 senum.
2313 4326 2575 4375 Sinistrum
2598 4317 2855 4376 Dodwelii
2861 4323 3100 4388 judicium
3117 4317 3382 4374 refellitur.
3577 4322 3667 4374 971

2153 4409 2457 4460 Testimonia
2482 4417 2708 4458 veterum
2731 4411 2793 4458 de
2812 4409 2866 4458 S.
2894 4409 3154 4470 Gregorio.
3573 4406 3670 4456 975

2155 4515 2420 4566 OPERUM
2449 4515 2612 4565 PARS
2637 4514 2675 4562 Ι.
2701 4540 2763 4551 -—
2784 4511 3086 4562 GENUINA.

2155 4617 2416 4680 Expositio
2441 4617 2573 4666 ﬁdei.
3576 4611 3672 4662 983

2159 4700 2483 4762 Metaphrasis
2507 4701 2558 4748 in
2582 4697 2918 4749 Ecclesiasten
2946 4697 3235 4748 Salomonis.
3576 4696 3672 4746 987

2155 4783 2392 4846 Epistolis
2416 4783 2675 4833 canonice.
3548 4779 3670 4830 1019

2158 4866 2328 4917 Oratio
2347 4864 2726 4929 prosphonetica
2747 4877 2802 4915 ac
2825 4864 3121 4928 panegyrica
3143 4864 3196 4912 in
3222 4861 3511 4924 Origenem.
3549 4861 3677 4911 1019

2159 4971 2414 5023 OPERUM
2432 4970 2596 5021 PARS
2620 4970 2760 5021 II.—-
2782 4970 3048 5023 SCRIPTA
3071 4965 3673 5024 NONNULLISIDUBIA.

2158 5055 2418 5118 Expositio
2439 5055 2554 5104 ﬁdei
2568 5093 2582 5115 ,
2606 5068 2718 5118 quae
2742 5054 2891 5106 Fides
2929 5055 3191 5105 secundum
3214 5058 3402 5117 partem
3425 5051 3681 5159 dictaietsot3

2165 5199 2516 5258 Fragmentum
2542 5197 2775 5260 Ejusdem
2794 5197 3122 5259 expositionis
3144 5196 3276 5245 fidei.
3559 5195 3682 5243 1125

2167 5282 2518 5345 Fragmentum
2541 5295 2605 5331 ex
2632 5293 2866 5330 sermone
2888 5280 2951 5329 de
2973 5277 3233 5329 Trinitate.
3558 5280 3678 5329 1123

2165 5364 2386 5426 Capitula
2413 5364 2672 5414 duodecim
2697 5365 2760 5414 de
2782 5365 2900 5413 fide.
3559 5362 3681 5411 1127

2167 5449 2445 5512 Disputatio
2465 5448 2528 5496 de
2552 5448 2713 5496 anima
2733 5447 2793 5496 ad
2810 5445 3086 5495 Tatianum.
3558 5443 3675 5492 1137

2169 5527 2398 5577 Homilia
2416 5534 2640 5590 quatuor.

2170 5610 2381 5661 Homilia
2402 5609 2440 5659 I.
2465 5637 2525 5647 —
2547 5610 2600 5660 In
2620 5609 3010 5661 Annuntiatione
3048 5613 3229 5658 sanctae
3253 5606 3471 5670 Virginis
3500 5605 3688 5714 litanias

3630 5683 3651 5711 4

2171 5758 2384 5809 Homilia
2409 5757 2470 5808 II.
2495 5785 2558 5798 -
2581 5757 2634 5810 In
2654 5756 3042 5811 Annuntistions
3068 5761 3248 5805 sancta
3268 5751 3484 5816 Virginis
3504 5750 3689 5861 11³1νῖξέ
