3990 6214
409 277 466 328 Η
1676 273 1729 327 S.
1764 273 2124 329 ZEPllYRlNl
2165 274 2362 330 ΡΛΡᾹΕ
3566 278 3629 329 12

1498 590 2001 686 ΝΟΤΙΤΙΑ
2083 592 2577 693 ALTERA.

1194 783 1560 843 (D.Cousrs1vr,
1594 780 1824 846 Epistolas
1850 783 1989 832 Rom.
2017 783 2181 842 Pont.,
2204 787 2320 834 tom.
2344 781 2367 831 Ι
2388 788 2442 832 et
2461 784 2611 842 uuic.,
2631 798 2680 846 p.
2708 784 2838 847 107.)

478 928 627 984 Licet
657 928 820 999 hujus
846 926 1113 997 pontiﬁcis
1144 943 1336 982 nomen
1361 928 1413 981 in
1446 927 1783 982 Bucheriano
1814 937 1965 982 eata—
1998 932 2039 989 Α
2073 941 2218 981 anno
2245 943 2303 981 re
2336 928 2452 997 ipsa
2482 927 2622 982 idem
2666 926 2930 983 Eusebius
2959 930 3013 983 in
3058 928 3314 984 Chronico
3339 926 3622 985 Callistum

408 1018 532 1088 lngo
575 1017 929 1081 desideretur,
974 1017 1028 1071 in
1077 1032 1143 1072 eo
1187 1025 1367 1071 tamen
1415 1026 1647 1087 tempus,
1671 1031 1780 1087 quo
1820 1017 1971 1071 illum

409 1109 665 1165 Ecclesiae
717 1106 1002 1179 praefuisse
1051 1107 1347 1162 arbitratus
1398 1116 1481 1161 est
1532 1106 1760 1177 catalogi
1808 1106 1971 1176 hujus

411 1200 662 1269 scriptor,
700 1199 804 1254 sub
832 1197 1068 1253 Victoris
1116 1198 1336 1251 nomine
1366 1195 1657 1262 indicatur,
1700 1196 1905 1251 scilicet
1940 1213 1974 1249 a

410 1292 685 1346 consulatu
709 1290 982 1346 Saturnini
1009 1300 1057 1344 et
1084 1287 1225 1344 Galli
1249 1305 1409 1359 usque
1436 1288 1693 1344 Prwseute
1721 1297 1771 1342 et
1791 1287 1974 1342 Extri-

409 1394 547 1449 cato,
581 1383 685 1437 hoc
718 1392 802 1436 est
842 1381 910 1435 ab
945 1395 1089 1435 anno
1115 1379 1318 1435 Christi
1350 1378 1453 1434 198
1495 1380 1561 1434 ad
1606 1378 1731 1435 217.
1775 1378 1973 1433 Eadem

409 1470 686 1527 consulari
717 1478 845 1524 nota
895 1467 1154 1523 mendose
1180 1482 1435 1537 expressa
1477 1467 1691 1521 initium
1718 1482 1783 1522 ac
1812 1466 1973 1522 ﬁnem

409 1561 754 1632 pontiﬁcatus
775 1558 1063 1630 Zephyrini
1092 1559 1230 1613 liber
1259 1557 1594 1613 Pontiﬁealis
1619 1557 1881 1627 designat.
1916 1555 1973 1611 In

410 1654 636 1723 antiquo
684 1651 1031 1706 Corbeiensis
1077 1651 1279 1705 codicis
1308 1651 1554 1720 catalogo
1608 1664 1771 1701 annos
1816 1663 1970 1712 xvm,

409 1759 607 1797 menses
634 1757 729 1806 vu,
760 1741 870 1794 dies
899 1756 954 1805 x,
989 1739 1195 1795 sedisse
1217 1741 1528 1794 adnotatur.
1558 1738 1821 1793 Eusebius
1846 1752 1973 1792 vero

410 1833 507 1887 lib.
533 1848 567 1885 v
593 1830 761 1896 Hist.,
789 1846 837 1886 c.
864 1829 954 1895 28,
987 1845 1109 1885 eum
1139 1828 1313 1884 Severi
1338 1830 1671 1900 imperatoris
1706 1845 1841 1882 anno
1871 1828 1976 1881 cir~

412 1925 542 1978 citer
574 1939 730 1986 nono,
766 1924 869 1977 hoc
900 1930 984 1977 est
1027 1921 1230 1977 Christi
1269 1922 1486 1977 circiter
1514 1921 1623 1976 202
1663 1921 1972 1976 ordinatum

412 2016 636 2071 scribit:
667 2024 782 2070 tum
817 2014 911 2069 lib.
936 2030 1011 2078 vi,
1053 2029 1104 2070 c.
1136 2014 1225 2079 21,
1258 2014 1530 2081 eumdem,
1562 2029 1679 2067 cum
1699 2028 1789 2082 per
1811 2028 1973 2066 annos

413 2109 698 2163 octodecim
737 2107 1095 2162 sacerdotium
1142 2105 1471 2173 obtinuisset,
1514 2107 1683 2175 primo
1723 2104 1973 2158 Antonini

414 2199 750 2270 Heliogabali
772 2199 900 2267 imp.
930 2213 1070 2250 anno
1098 2197 1208 2252 vita
1231 2196 1477 2253 functum
1506 2180 1689 2252 tradit.
1719 2195 1872 2251 Unde
1890 2210 1975 2251 se-

414 2291 621 2360 quitur,
654 2299 712 2344 ut
740 2305 890 2345 mors
917 2290 1038 2360 ejus
1069 2305 1213 2344 anno
1242 2290 1444 2346 Christi
1468 2289 1572 2344 219
1599 2297 1692 2342 aut
1717 2286 1843 2352 220,
1873 2300 1980 2357 quo
2011 2284 2054 2339 Β

2050 1018 2125 1072 ἐἰ
2160 1019 2489 1074 successisse
2520 1025 2689 1081 notat,
2729 1017 2977 1087 illiganda
3007 1019 3097 1074 sit.
3148 1017 3252 1073 Sed
3293 1019 3345 1072 in
3378 1019 3480 1073 hoc
3507 1022 3625 1089 ipso

2075 1109 2330 1165 Chronico
2357 1113 2567 1179 primus
2598 1108 2925 1177 Heliogabali
2966 1111 3093 1180 imp.
3125 1126 3301 1166 annus
3321 1111 3388 1164 ad
3421 1126 3622 1165 annum

2072 1202 2271 1256 Christi
2320 1201 2425 1255 218
2460 1200 2709 1255 refertur.
2759 1199 2825 1252 Et
2868 1215 2988 1253 eum
3018 1201 3229 1270 quidem
3280 1201 3310 1253 7
3351 1201 3438 1255 die
3477 1200 3624 1256 Junii

2073 1293 2311 1361 praedicti
2346 1293 2473 1347 anni
2502 1292 2605 1347 218
2638 1293 3015 1361 imperatorem
3058 1294 3422 1347 renuntiatum
3456 1293 3625 1349 fuisse

2073 1384 2291 1438 aliunde
2321 1394 2508 1437 notum
2541 1393 2641 1438 est.
2667 1381 2911 1453 Denique
2944 1381 3226 1453 Zephyrini
3258 1400 3403 1438 mors
3424 1383 3478 1437 in
3503 1382 3625 1439 Hie-

2071 1475 2282 1546 ronymi
2316 1475 2543 1545 aliisque
2572 1475 2971 1544 antiquioribus
2997 1472 3384 1544 Martyrologiis
3412 1476 3625 1531 Decem-

2072 1568 2185 1622 bris
2210 1567 2282 1621 20
2310 1568 2415 1632 die,
2445 1568 2499 1622 in
2533 1568 2742 1622 caeteris
2766 1566 2835 1621 26
2874 1564 3126 1636 Augusti,
3156 1579 3266 1635 quo
3301 1582 3442 1620 nunc
3482 1568 3622 1623 cele-

2072 1657 2259 1713 bratur
2293 1660 2465 1729 ipsius
2510 1659 2793 1721 festivitas,
2827 1660 3105 1714 recolitur.
3143 1657 3199 1713 Si
3244 1659 3405 1730 igitur
3447 1660 3620 1729 ipsum

2073 1762 2197 1802 cum
2222 1746 2453 1802 Eusebio
2475 1747 2730 1802 Antonini
2757 1745 3086 1817 lleliogabali
3116 1748 3247 1817 imp.
3271 1748 3445 1818 primo
3463 1764 3623 1814 anno,

2073 1847 2279 1893 etcum
2325 1838 2717 1893 vetustioribus
2764 1837 3156 1909 Martyrologiis
3206 1839 3276 1891 20
3321 1838 3628 1895 Decembris

2073 1930 2161 1985 die
2210 1930 2413 1984 obiisse
2445 1945 2735 1999 ponamus,
2777 1930 2879 1984 sub
2909 1932 3110 1985 exitum
3149 1932 3278 1985 anni
3324 1931 3431 1985 218
3474 1947 3623 1987 mors

2074 2019 2192 2089 ejus
2221 2019 2584 2090 consignanda
2608 2018 2727 2073 erit.

2145 2110 2224 2165 Ad
2251 2111 2370 2181 ejus
2383 2107 2790 2183 epistolasquod
2802 2108 3013 2173 attinet,
3030 2107 3165 2162 nihil
3191 2109 3243 2163 in
3268 2109 3347 2164 eis
3371 2117 3455 2165 est
3473 2124 3572 2164 cur
3598 2124 3627 2164 a

2078 2202 2302 2272 reliquis
2329 2201 2522 2257 Isidori
2550 2201 2822 2257 mercibus
2844 2210 3181 2271 separentur.

1053 2641 1211 2799 S.
1303 2636 2012 2794 ZEPHYI

2080 2635 2352 2788 ΙΝΙ
2464 2627 3006 2787 ΡΑΡᾸΕ

1592 2924 2443 3055 ΕΡΙΞΤΟΙΑΈ.
3052 2933 3061 2942 ’

862 3328 880 3360 ¹
914 3320 1250 3382 EPISTULA
1294 3319 1530 3375 PRIMA.

717 3455 780 3494 ιι)
816 3452 1095 3493 EPlSCOPOS
1132 3450 1303 3490 OINES
1340 3443 1678 3488 SICILIENSES.

425 3578 499 3632 De
508 3575 727 3647 judiciis
748 3573 1124 3647 episcoporum,
1142 3577 1191 3647 e_t_
1219 3562 1506 3647 majoribus
1532 3560 1777 3647 Ecclesia
1808 3559 1983 3614 causis

748 3633 804 3697 in
827 3633 945 3697 sede
967 3638 1258 3710 apostolica
1286 3633 1647 3690 terminandis.

491 3781 749 3834 Romanae
776 3776 927 3831 urbis
954 3772 1397 3841 archiepiscopus
1421 3767 1777 3831 levaremus,
1808 3764 1984 3820 omni-

426 3867 530 3925 bus
564 3884 659 3939 per
694 3866 939 3922 Siciliam
977 3863 1289 3919 constitutis
1337 3861 1608 3932 episcopis
1654 3860 1706 3914 in
1755 3855 1985 3914 Domino

422 3961 679 4016 salutem.

494 4050 699 4107 Divinae
716 4050 862 4105 circa
892 4063 992 4104 nos
1019 4048 1206 4118 gratiae
1227 4060 1498 4101 memores
1519 4059 1641 4100 esse
1664 4043 1923 4099 debemus
1939 4046 1981 4108 ⁸,

424 4158 545 4213 quae
574 4158 677 4197 nos
699 4158 793 4212 per
818 4136 1149 4211 dignationis
1179 4151 1293 4190 suae
1318 4134 1765 4197 misericordiam,
1792 4133 1862 4186 ob
1880 4132 1985 4186 hoc

424 4232 494 4287 ad
530 4231 803 4301 fastigium
843 4228 1177 4287 sacerdotale
1211 4226 1286 4297 (4)
1324 4224 1592 4295 provexit,
1617 4232 1678 4278 ut
1713 4221 1983 4277 mandatis

423 4324 596 4395 ipsius
632 4324 975 4390 inhaerentes,
1011 4329 1067 4376 et
1109 4320 1164 4374 in
1199 4318 1434 4389 quadam
1489 4315 1827 4373 sacerdotum
1864 4314 1980 4383 ejus

424 4417 794 4488 speculatione
830 4412 1134 4477 constituti,
1163 4412 1550 4480 prohibeamus
1589 4408 1775 4462 illicita
1804 4414 1857 4461 et
1891 4420 1981 4460 se-

423 4512 639 4579 quend‘a
663 4507 974 4563 doceamus.
1005 4504 1161 4560 Sicut
1182 4502 1372 4559 stellas
1404 4501 1528 4557 coeli
1550 4514 1658 4555 non
1690 4498 1985 4568 exstinguit

425 4615 536 4655 nox
560 4600 603 4663 ³,
636 4600 715 4654 sic
735 4606 944 4652 mentes
968 4596 1234 4658 ﬁdelium,
1254 4594 1591 4648 ﬁrmamento
1621 4588 1942 4643 inhaerentes
1961 4588 1983 4618 δ

2004 3324 2048 3381 c
2081 3311 2392 3383 impletores
2418 3308 2745 3380 appareatis.

2151 3403 2477 3458 Patriarchae
2508 3416 2636 3456 vero
2662 3399 2745 3455 vel
2794 3399 3069 3468 primates,
3102 3409 3415 3455 accusatum
3443 3400 3629 3455 discu-

2083 3497 2279 3552 tientes
2305 3495 2618 3565 episcopum
2648 3494 2690 3558 °,
2720 3507 2829 3545 non
2856 3501 2981 3547 ante
3012 3493 3333 3548 sententiam
3358 3494 3593 3562 proferat
3617 3505 3638 3548 t

2083 3588 2368 3653 ﬁnitivam,
2416 3602 2580 3656 quam
2630 3584 2919 3654 apostolica
2959 3582 3078 3638 fulti
3142 3586 3485 3649 auctoritate,
3543 3592 3638 3638 aut

2085 3696 2239 3735 reum
2274 3679 2509 3748 seipsum
2553 3676 2896 3739 conﬁteatur,
2942 3683 3034 3728 aut
3079 3690 3173 3743 per
3223 3674 3535 3729 innocentes
3584 3685 3637 3728 et

2083 3766 2406 3845 regulariter
2452 3769 2788 3825 examinatus
2838 3767 3190 3821 convincatur
3235 3772 3399 3819 testes
3432 3766 3487 3829 ";
3537 3765 3631 3834 qui

2085 3864 2280 3920 minori
2334 3877 2439 3918 non
2492 3862 2600 3916 sint
2648 3875 2893 3926 numero,
2928 3872 3090 3929 quam
3125 3856 3198 3910 illi
3232 3856 3479 3925 discipuli
3516 3855 3634 3912 fuc—

2084 3962 2234 4021 runt,
2279 3967 2417 4022 quos
2463 3950 2724 4006 Dominus
2755 3950 2819 4004 ad
2853 3948 3221 4017 adjumentum
3265 3946 3635 4013 apostolorum

2085 4044 2210 4114 eligi
2255 4042 2530 4113 praecepit,
2564 4041 2616 4094 id
2667 4048 2770 4101 est,
2812 4035 3147 4107 septuaginta
3180 4034 3310 4089 duo.
3355 4033 3637 4090 Detracto-

2082 4151 2171 4188 res
2199 4147 2415 4203 quoque
2453 4132 2545 4195 Μ,
2591 4130 2682 4199 qui
2730 4129 2911 4182 divina
2961 4130 3281 4183 auctoritate
3326 4127 3636 4183 eradicandi

2084 4232 2229 4287 sunt,
2283 4233 2335 4277 et
2386 4228 2636 4275 auctores
2688 4220 3052 4284 inimicorum,
3084 4220 3152 4274 ab
3184 4221 3477 4291 episcopali
3508 4221 3639 4276 sub-

2083 4330 2363 4371 movemus
2408 4313 2753 4368 accusatione
2798 4312 2879 4367 vel
2940 4313 3299 4367 testimonio:
3335 4329 3432 4368 nec
3486 4329 3637 4368 sum-

2082 4421 2296 4461 morum
2329 4405 2596 4474 quispiam
2631 4403 2903 4457 minorum
2938 4405 3377 4459 accusationibus
3409 4405 3638 4474 impeta-

2084 4507 2171 4552 tur
2213 4504 2306 4551 aut
2354 4494 2711 4565 dispereat“.
2759 4492 2942 4563 Neque
2994 4495 3048 4548 in
3097 4512 3155 4550 re
3202 4496 3453 4560 dubia“,
3487 4505 3634 4550 certa

2082 4587 2352 4656 iudicetur
2383 4586 2685 4651 sententia;
2718 4600 2818 4640 nec
2840 4586 3007 4639 ullum
3035 4586 3323 4657 judicium,
3348 4587 3453 4641 nisi
3484 4588 3637 4642 ordi~

426 4656 627 4749 sanctae
658 4688 973 4759 Scripturas,
1016 4702 1126 4741 non
1170 4656 1428 4740 obscurat
1473 4678 1746 4735 mundana
1780 4675 1982 4746 iniqui-
2009 4656 2059 4716 Ῑ)
2088 4679 2339 4734 nabiliter
2389 4677 2633 4732 habitum
2681 4684 2944 4732 teneatur.
2997 4656 3207 4734 Absens
3250 4693 3378 4733 vero
3402 4679 3446 4712 “
3478 4694 3640 4734 nemo

426 4793 512 4840 tas
543 4784 586 4837 ⁵.
619 4781 825 4837 Idcirco
853 4779 1098 4835 meditari
1128 4792 1228 4832 vos
1248 4783 1478 4847 oportet,
1509 4781 1564 4828 et
1595 4771 1904 4841 Scripturas
1932 4777 1986 4824 et
2073 4770 2373 4840 judicetur,
2417 4769 2545 4839 quia
2593 4778 2648 4824 et
2695 4769 2891 4825 divina:
2919 4778 2973 4825 et
3003 4770 3255 4825 humanae
3296 4771 3402 4826 hoc
3449 4771 3642 4841 prohi-

427 4881 695 4945 praecepta
728 4871 908 4927 divina
933 4886 1055 4941 quae
1076 4869 1130 4923 in
1162 4866 1457 4937 Scripturis
1487 4863 1835 4919 continentur
1866 4860 1987 4916 dili-
2086 4858 2217 4915 bent
2256 4860 2420 4931 leges.
2473 4862 2829 4915 Accusatores
2874 4868 3055 4915 autem
3100 4876 3311 4927 eorum,
3346 4862 3497 4917 omni
3550 4879 3640 4918 ca-

427 4976 613 5038 genter
654 4964 948 5029 attendere,
998 4977 1066 5016 ne
1099 4969 1529 5029 transgressores
1566 4953 1700 5024 legis
1742 4952 1859 5018 Dei,
1888 4951 1983 5008 sed
2085 4959 2241 5005 reant
2271 4951 2581 5020 suspicione
2613 4951 2677 5016 ‘3,
2710 4952 2838 5022 quia
2886 4952 3166 5007 columnas
3219 4968 3345 5008 suas
3379 4952 3641 5009 Dominus

500 5105 520 5135 ί
558 5102 683 5158 Haec
704 5117 825 5158 cum
856 5116 970 5170 seq.
1000 5099 1139 5170 Ant.
1159 5095 1558 5170 Aug._aliisq_u_e
1585 5093 1718 5170 viris
1754 5089 1981 5170 eruditis
2011 5086 2348 5170 supposititia
2368 5157 2383 5170 Δ
2404 5085 2648 5170 habetur.
2766 5083 2989 5170 ‘_H'i‘lari
3042 5100 3193 5165 papae
3231 5084 3641 5170 sanctinlj‘eonis

431 5153 963 5241 successorisepfsj.
1003 5153 1035 5154 Π
1123 5153 1436 5241 ‘Diétinqt.
1470 5153 1584 5241 5’18;
1624 5162 1777 5218 Sicut
1831 5153 2014 5241 stellas
2043 5153 2235 5241 caeli."
2344 5156 2717 5241 Adhaerentes.
2792 5156 2813 5186 ⁸
2837 5153 3362 5241 .Prospelr_ilsentent'3
3405 5154 3544 5241 1‘29,
3575 5169 3642 5206 ex

431 5224 1037 5312 STAu‘gTi—n‘l’s.xcttt.
1148 5239 1169 5269 ⁸
1201 5237 1257 5291 2.
1282 5252 1349 5312 q._
1375 5236 1451 5312 l_:
1479 5233 1701 5312 Erlmat.
1736 5238 2007 5312 accusata;
2035 5239 2088 5282 et
2112 5228 2165 5281 in
2196 5226 2389 5312 [felicis
2414 5225 2432 5277 l
2457 5233 2552 5312 ;_et
2576 5224 2627 5278 in
2647 5226 2796 5312 .dec'r.
2824 5224 3004 5312 llvon.,
3055 5225 3147 5278 lib.
3197 5242 3270 5280 tv.
3343 5227 3362 5257 "
3398 5224 3643 5312 Augurinus

1057 5308 1149 5362 lib.
1204 5322 1260 5360 Ix
1300 5290 1442 5360 'Cod.
1478 5303 1683 5374 Theod.
1757 5302 1826 5334 θ’*
1863 5290 2109 5374 Adrian”
2150 5298 2294 5374 colln
2318 5296 2385 5374 08
2415 5314 2429 5362 ;
2465 5296 2517 5348 5.
2552 5310 2606 5363 q.
2635 5295 2669 5348 4
2695 5312 2707 5348 :
2737 5294 3336 5374 Detractorestutoque.
3460 5292 3502 5322 ¹⁹
3541 5290 3645 5346 De-

1912 5370 1955 5400 “
1994 5369 2046 5423 ὖ.
2071 5385 2124 5438 q.
2152 5366 2185 5420 9
2220 5385 2231 5418 :
2268 5366 2475 5420 Absens
2500 5379 2647 5418 vero.
2736 5364 2779 5395 ¹³
2815 5364 3037 5419 Adrian.
3080 5367 3203 5420 eoll.
3234 5364 3343 5418 ⁷15.

2093 5477 2183 5532 hic
2219 5486 2367 5532 recte
2401 5475 2766 5546 pontiﬁcatum
2813 5490 2972 5530 suum
3004 5472 3329 5531 sacerdotale
3368 5468 3644 5546 fastigium

2095 5548 2369 5611 nominat,
2399 5540 2556 5615 cujus
2588 5546 2945 5616 sacerdotium
2964 5588 2978 5609 ,
3006 5547 3260 5616 dignitate
3295 5548 3348 5616 et
3373 5540 3547 5595 ollicio
3571 5543 3646 5596 si-

2095 5617 2242 5681 mul,
2281 5632 2441 5685 supra
2466 5611 2753 5685 'omniunr
2790 5611 3128 5672 sacerdotum
3170 5622 3223 5668 et
3263 5611 3643 5682 episcoporum

2095 5688 2253 5758 longe
2284 5683 2534 5742 emineat.
2570 5683 2694 5740 Ssv.
2726 5683 2842 5738 Bm.

432 5391 633 5450 speret.
742 5372 782 5413 “
825 5372 1095 5452 Greg.ep.
1129 5376 1231 5444 '50,
1254 5376 1348 5431 lib.
1380 5391 1507 5437 vni,
1534 5383 1587 5429 et
1612 5372 1699 5438 52,
1734 5386 1810 5424 χι.

503 5493 581 5562 (4)
617 5492 699 5563 Ad
735 5492 1007 5563 fastigium
1036 5486 1375 5563 sacerdotale.
1417 5485 1798 5563 Pontiﬁcatum
1843 5496 1988 5560 sum-

432 5551 582 5636 murn
612 5551 888 5636 intelligit:
906 5562 993 5616 cui
1020 5561 1179 5616 simul
1207 5572 1337 5636 oves
1364 5567 1417 5611 et
1449 5556 1571 5636 agni
1605 5555 1693 5636 (id
1721 5561 1842 5636 est,
1870 5551 1989 5636 epit

432 5632 615 5701 scopi,
646 5624 902 5685 utPa'tres
932 5630 1250 5701 exponunt),
1283 5643 1407 5701 cum
1440 5624 1660 5694 reliquis
1705 5624 1914 5701 clericis
1937 5629 1991 5674 et

433 5692 547 5757 tota'
579 5692 733 5772 plebe
763 5692 1039 5758 commissi
1082 5692 1243 5761 sunt,
1273 5695 1430 5752 Joan.
1464 5692 1582 5765 cap'.
1620 5710 1727 5750 xxi.
1762 5692 1990 5762 Ideoque
