3990 6214
322 326 369 377 l3
1621 316 1997 373 EPISTOLzE.
3415 324 3429 370 t
3455 323 3476 373 ι

320 440 485 492 ﬁrmiter
532 444 669 487 stare
716 434 883 487 voluit
909 474 923 491 ,
974 447 1078 485 non
1128 447 1157 484 a
1208 432 1537 501 quibuslibet
1585 435 1800 501 agitari.
1835 441 1878 495 Α
1908 436 2009 488 rita
2038 435 2275 503 virtutis,
2309 440 2451 508 quod
2485 438 2819 509 propositum
2855 453 2961 491 non
2993 438 3153 491 \iolat
3174 438 3471 508 religionis.

314 530 471 583 h‘uflvm
514 541 737 594 namque
783 540 970 577 eorum
1018 525 1307 588 sententia,
1344 541 1449 578 non
1483 541 1585 580 suo
1622 527 1803 595 judice

302 624 410 674 dicta
440 622 494 677 “.
525 618 885 685 constringat,
919 616 1046 684 quia
1076 624 1129 669 et
1161 616 1305 685 leges
1342 618 1527 671 saeculi
1565 617 1799 687 idipsum

296 712 382 766 ﬁeri
416 710 726 780 prazcipiunt.
784 706 1075 761 Duodecim
1107 708 1252 761 enim
1284 707 1498 776 judiees
1538 710 1601 773 ’³,
1636 710 1801 779 ψιὶΙίο

293 804 363 856 bet
403 803 661 871 episcopus
710 800 1086 864 accusatus“,
1122 800 1165 853 si
1217 814 1441 855 necesse
1485 801 1665 865 fuerit,
1699 803 1797 856 eli-

288 905 376 964 gat,
404 910 428 945 a
458 892 644 961 quibus
675 892 792 959 ejus
826 904 992 944 causa
1020 890 1168 957 juste
1194 889 1488 958 judicetur.
1514 889 1624 945 Nec
1650 893 1803 961 prius

286 983 514 1044 audiatur,
536 990 627 1032 aut
658 980 1180 1040 neommunicetur,
1206 979 1288 1033 vel
1318 980 1610 1048 judicetur,
1636 998 1798 1051 quam

284 1076 367 1143 ipsi
394 1089 475 1141 per
504 1088 559 1126 se
586 1073 875 1138 eligantur,
901 1081 954 1125 et
986 1072 1306 1140 regulariter
1335 1082 1547 1135 vocato,
1574 1073 1640 1127 ad
1675 1089 1803 1128 suo-

280 1181 379 1217 rum
407 1164 564 1232 primo
608 1173 936 1217 conventum
978 1164 1356 1231 episcoporum
1378 1204 1393 1227 ,
1426 1179 1522 1231 per
1554 1179 1650 1218 eos
1683 1165 1803 1233 ejus

276 1272 415 1308 causa
443 1255 576 1323 juste
606 1255 882 1315 audiatur,
916 1264 973 1307 et
1014 1254 1407 1307 rationabiliter
1437 1254 1799 1309 discernatur.

276 1347 401 1400 Finis
429 1360 544 1399 vero
578 1346 699 1411 ejus
732 1359 913 1399 causa:
946 1344 1010 1397 ad
1048 1345 1229 1398 sedem
1265 1345 1618 1414 apostolicam
1652 1346 1802 1400 defe-

272 1450 414 1497 ratur.
468 1447 523 1489 ut
577 1438 780 1490 ibidem
836 1436 1179 1490 terminetur.
1216 1434 1326 1490 Nec
1366 1446 1523 1491 antea
1558 1438 1797 1505 finiatur,

270 1529 383 1583 sicut
420 1528 486 1581 ab
537 1529 801 1597 apostolis
840 1528 924 1581 vel
970 1528 1381 1583 successoribus
1432 1545 1619 1583 eorum
1672 1532 1800 1585 olim

267 1628 500 1672 statutum
545 1630 648 1685 est,
682 1636 839 1688 quam
891 1621 1011 1689 ejus
1043 1619 1369 1674 auctoritate
1415 1618 1687 1674 fulciatur.
1720 1622 1801 1675 Ad

264 1726 361 1763 eam
390 1725 605 1781 quoque
636 1712 701 1765 ab
729 1713 984 1767 omnibus
1020 1713 1083 1777 ⁸⁷,
1116 1711 1351 1765 maxime
1382 1718 1562 1764 tamen
1598 1712 1666 1765 ab
1698 1726 1799 1780 op-

263 1804 467 1871 pressis,
512 1805 879 1873 appellandum
927 1814 1033 1866 est,
1079 1811 1132 1857 et
1175 1804 1611 1857 concurrendum
1645 1802 1802 1872 quasi
1836 1787 1875 1841 Β

264 1896 313 1949 ad
345 1904 581 1959 matrem.
616 1907 671 1951 ut
702 1897 822 1967 ejus
874 1897 1134 1951 uberibus
1178 1896 1514 1959 nutriantur,
1561 1896 1804 1949 auctori--

263 1996 355 2040 tate
384 1988 756 2053 defendamur,
782 1998 835 2044 et
868 2004 898 2043 a
931 1989 1047 2043 suis
1077 1987 1525 2057 oppressionibus
1556 1988 1800 2042 releveno

262 2087 358 2137 tur,
385 2080 500 2147 quia
532 2097 631 2132 non
668 2090 841 2149 potest
876 2095 975 2133 nec
1019 2080 1179 2133 debet
1233 2089 1400 2132 mater
1449 2078 1689 2132 oblivisci
1730 2079 1799 2148 ﬁ-

267 2170 382 2222 lium
407 2189 539 2224 suum
562 2173 623 2224 ιε.
646 2171 859 2226 Judieia
909 2173 1055 2227 enim
1099 2173 1503 2241 episcoporum,
1541 2171 1804 2240 majores-

269 2276 357 2330 que
396 2264 635 2317 Ecclesia:
681 2279 883 2328 causae,
916 2279 947 2317 a
982 2263 1108 2318 sede
1160 2264 1478 2333 apostolica,
1510 2272 1564 2317 et
1596 2278 1705 2316 non
1736 2262 1804 2316 ab

267 2351 369 2415 alia,
415 2353 545 2406 sicut
598 2354 839 2423 apostoli
895 2360 951 2407 et
1002 2353 1174 2407 sancti
1221 2368 1569 2408 successores
1614 2368 1804 2407 eorum

263 2451 553 2508 statuerunt,
576 2460 704 2499 cum
729 2445 851 2500 aliis
883 2445 1154 2514 episcopis
1178 2446 1220 2477 ³⁸
1252 2454 1382 2501 sunt
1414 2446 1800 2500 terminandae:

261 2535 369 2603 quia
415 2536 532 2591 licet
564 2537 621 2589 in
677 2536 812 2591 alios
865 2536 1261 2592 transferantur
1299 2536 1607 2606 episcopos,
1643 2537 1805 2591 beato

262 2634 415 2681 tamen
444 2629 693 2697 apostolo
724 2629 885 2684 Petro
921 2630 1125 2684 dictum
1157 2638 1241 2685 est
1268 2648 1281 2683 :
1307 2628 1641 2699 Quaecunque
1671 2629 1813 2699 liga-

263 2723 372 2773 veris
400 2739 546 2791 super
568 2733 792 2790 terram,
820 2733 975 2777 erunt
1009 2724 1175 2793 ligata
1203 2733 1251 2776 et
1285 2723 1338 2775 in
1373 2722 1513 2776 cmlis
1532 2739 1550 2787 ;
1581 2732 1629 2776 et
1661 2739 1805 2793 quaa-

263 2827 431 2880 cunque
480 2814 701 2868 solveris
764 2830 920 2883 super
966 2823 1184 2877 terram,
1237 2822 1389 2866 erunt
1439 2813 1615 2867 soluta
1656 2823 1705 2866 et
1750 2814 1805 2866 in

264 2904 383 2956 ratis
411 2905 472 2958 ε’.
504 2903 569 2958 Et
606 2905 819 2973 reliqua
854 2903 1154 2974 privilegia,
1206 2918 1328 2973 qua:
1373 2903 1470 2958 soli
1508 2904 1636 2957 huic
1669 2918 1798 2957 san-

264 3003 343 3047 ctaz
365 2996 465 3049 sedi
497 3012 764 3052 concessa
828 3005 975 3062 sunt,
1009 3006 1062 3051 et
1106 2995 1490 3065 injconstitutis
1526 2996 1802 3065 apostolo-

415 3088 439 3101 ε.

266 3102 365 3139 rum
393 3088 486 3157 (5),
532 3103 845 3159 eorumque
895 3103 1300 3154 successorum,
1334 3089 1564 3157 aliisque
1616 3104 1803 3158 quam-
1830 3130 1872 3189 ϐ

263 3176 478 3243 plurimis
516 3195 648 3233 cum
682 3181 762 3236 eis
802 3180 1237 3244 concinentibus,
1274 3180 1543 3233 habentur
1576 3180 1799 3234 inserta.

265 3264 579 3341 Septuaginta
630 3275 672 3303 ²¹
722 3273 866 3326 enim
929 3271 1161 3341 apostoli
1211 3271 1507 3326 sententias
1562 3271 1804 3340 prteﬁxe-

264 3374 370 3416 runt
395 3366 482 3432 (6),
514 3381 646 3420 cum
680 3366 801 3420 aliis
832 3366 1247 3435 quamplurimis
1281 3363 1571 3434 episcopis,
1606 3372 1660 3417 et
1690 3378 1804 3418 ser-

266 3455 435 3509 vandas
462 3467 815 3511 censuerunt.
850 3456 926 3511 De
959 3458 1190 3512 occultis
1240 3458 1384 3511 enim
1420 3455 1578 3509 alieni
1616 3454 1802 3509 cordis

274 3552 439 3599 temere
455 3548 783 3617 judicare”,
812 3558 1091 3617 peccatum
1123 3556 1233 3613 est;
1271 3556 1321 3601 et
1353 3562 1477 3602 cum
1507 3546 1668 3615 cujus
1692 3560 1801 3598 non

272 3634 481 3692 ridentur
514 3656 685 3710 opera
735 3640 841 3694 nisi
888 3641 1050 3705 bona,
1099 3641 1344 3710 iniquum
1395 3648 1479 3695 est
1526 3655 1591 3692 ex
1626 3637 1803 3705 suspi-

263 3728 396 3782 cione
422 3732 836 3799 reprehendere,
886 3748 1009 3785 cum
1058 3747 1270 3797 eorum,
1316 3748 1438 3802 qua:
1486 3732 1802 3786 hominibus

264 3830 365 3875 sunt
416 3823 716 3894 incognita,
773 3825 926 3879 solus
966 3824 1108 3879 Deus
1150 3825 1317 3894 judex
1364 3824 1452 3879 sit.
1512 3821 1629 3892 Ipse
1674 3836 1802 3875 vero

268 3913 383 3965 novit
421 3915 745 3969 abscondita
794 3913 976 3969 cordis
995 3916 1060 3980 ’³,
1110 3924 1164 3968 et
1224 3929 1332 3967 non
1386 3913 1545 3967 alius.
1596 3910 1799 3980 lnjusta

262 4004 377 4056 enim
414 4006 625 4074 judicia
676 4007 743 4060 ab
782 4007 1038 4061 omnibus
1077 4005 1312 4061 cavenda
1375 4013 1532 4069 sunt;
1568 4003 1803 4057 maxime

260 4102 410 4148 tamen
441 4113 471 4149 a
503 4098 686 4152 servis
733 4096 845 4151 Dei.
881 4096 1097 4151 Servum
1131 4107 1305 4150 autem
1336 4095 1433 4149 Dei
1465 4112 1567 4150 non
1604 4103 1803 4165 oportet

258 4184 435 4255 litigare
458 4190 523 4252 ",
548 4204 658 4242 nec
691 4205 1014 4258 quemquam
1048 4189 1329 4244 damnare.
1365 4188 1617 4258 Episcopi
1648 4202 1802 4240 nam-

257 4289 341 4342 que
368 4293 395 4330 a
426 4279 686 4347 plebibus
716 4290 769 4333 et
799 4282 965 4345 clero,
1001 4289 1055 4333 et
1084 4279 1292 4334 domini
1329 4295 1359 4332 a
1393 4279 1565 4333 servis
1596 4276 1802 4332 ferendi

1909 527 2271 597 Satagendum
2313 541 2393 585 est
2439 533 2612 597 vobis,
2669 548 2733 584 ne
2778 532 2975 600 aliquis
3011 530 3236 583 fratrum
3268 539 3476 584 vestro-

1907 612 2027 675 rum
2092 623 2326 691 graviter
2384 624 2652 678 laceretur
2708 624 2792 677 vel
2873 631 3077 692 pereat.
3144 620 3476 677 Succurrere

1906 728 2033 783 ergo
2066 729 2161 769 vos
2194 725 2402 783 oportet
2430 718 2723 785 Oppressis,
2748 726 2801 770 et
2832 716 3065 769 liberare
3095 730 3190 769 eos
3220 716 3287 769 de
3309 731 3476 770 manu

1907 811 2367 878 persequentium,
2406 820 2465 865 ut
2511 826 2632 865 cum
2679 812 2834 864 beato
2879 810 2980 863 Job
3034 811 3269 865 dicatis:
3304 811 3472 864 Bene-

1905 900 2068 955 dictio
2098 904 2323 971 perituri
2352 921 2507 973 super
2538 922 2617 957 me
2660 905 2910 967 veniebat,
2948 916 2995 959 et
3029 924 3118 958 cor
3140 907 3311 961 vidum
3345 924 3474 959 con-

1906 995 2108 1047 solatus
2140 1012 2274 1049 sum.
2308 995 2783 1051 Iustitia-indutus
2818 1015 2955 1059 sum,
2988 1009 3035 1051 et
3070 1001 3250 1052 vestiri
3284 1018 3361 1053 me
3393 1016 3475 1053 t'e-

1906 1088 2149 1141 alimento
2180 1098 2226 1140 et
2259 1089 2578 1153 diademate,
2606 1090 2811 1159 judicio
2854 1091 3191 1145 meo.0cnlus
3215 1092 3293 1160 fui
3316 1108 3474 1157 circa,

1905 1190 1950 1233 et
1982 1196 2069 1249 pes
2113 1180 2323 1234 claudo.
2370 1182 2532 1235 Pater
2601 1200 2743 1236 eram
2790 1200 3098 1253 pauperum,
3132 1195 3179 1237 et
3230 1202 3472 1251 causam,

1905 1289 2062 1342 quam
2107 1275 2415 1333 nesciebam.
2451 1275 2847 1345 diligentissime
2892 1278 3290 1347 investigationi.
3327 1278 3472 1331 Con-

1906 1365 2132 1418 terebam
2167 1366 2331 1419 molas
2366 1368 2571 1437 iniqui,
2625 1376 2674 1421 et
2724 1369 2786 1421 de
2816 1368 3057 1422 dentibus
3090 1370 3236 1422 illius
3273 1370 3477 1439 aufere-

1907 1456 2025 1509 bam
2058 1459 2290 1524 prwdam
2326 1461 2371 1489 ’θ
2407 1478 2418 1512 :
2455 1470 2507 1513 ct
2542 1461 2772 1529 reliqua.
2815 1460 2921 1517 Vos
2954 1478 3105 1534 ergo,
3139 1464 3229 1533 qui
3264 1464 3318 1517 in
3353 1480 3475 1534 spe-

1905 1550 2024 1602 cula
2056 1565 2085 1602 a
2114 1549 2341 1604 Domino
2371 1552 2501 1606 estis
2530 1554 2710 1621 positi,
2746 1555 3103 1623 comprimere
3132 1566 3184 1610 et
3212 1557 3475 1627 repellere

1904 1655 1997 1697 eos
2029 1658 2373 1711 summopere
2408 1645 2634 1707 debetis,
2660 1647 2751 1715 qui
2788 1646 3047 1703 fratribus
3081 1648 3304 1705 insidias
3336 1666 3476 1719 prte-

1904 1744 2119 1803 parant,
2170 1745 2263 1789 aut
2314 1737 2366 1789 in
2420 1753 2516 1791 eos
2568 1739 2859 1793 seditiones
2907 1751 2960 1794 et
3019 1742 3274 1795 scandala
3323 1744 3474 1797 exci—

1906 1833 2022 1877 tant
2043 1826 2107 1879 ²⁷.
2145 1825 2322 1881 Facile
2352 1836 2435 1881 est
2464 1827 2606 1881 enim
2638 1830 2800 1883 verbo
2833 1829 3014 1884 fallere
3033 1831 3327 1897 hominem,
3361 1850 3471 1887 non

1905 1928 2083 1972 tamen
2122 1917 2289 1972 Deum
2313 1920 2376 1974 ".
2415 1918 2541 1973 ldco
2584 1920 2681 1974 hos
2729 1922 3005 1990 repellere,
3056 1930 3109 1977 et
3148 1924 3217 1977 ab
3251 1925 3334 1981 his
3374 1943 3473 1981 vos

1904 2026 2095 2066 cavere
2126 2021 2357 2080 Oportet,
2393 2020 2665 2080 quatenus
2695 2013 2961 2067 exstincta
3007 2012 3255 2071 funditus
3284 2017 3475 2086 hujus-

1905 2102 2047 2156 modi
2073 2102 2320 2173 caligine,
2356 2101 2571 2157 Lucifer
2614 2104 2693 2157 eis
2729 2104 3076 2172 resplendeat
3098 2107 3167 2172 ’³,
3200 2116 3253 2161 et
3284 2108 3470 2163 laetitia

1903 2194 2130 2259 oriatur,
2178 2194 2511 2249 sanctissimi
2546 2194 2761 2250 fratres.
2820 2195 2953 2250 Data
2999 2196 3327 2253 duodecimo
3362 2199 3471 2253 Κει-

1904 2284 2045 2339 lend.
2085 2282 2361 2350 Octobris,
2397 2285 2693 2341 Saturnino
2724 2295 2779 2341 et
2806 2285 3084 2343 Gallicano
3105 2289 3149 2321 ³⁸
3183 2290 3317 2345 viris
3347 2292 3462 2347 cla-

1903 2378 2133 2435 rissimis
2161 2380 2481 2435 consulibus
2508 2380 2551 2411 ³⁸
2568 2404 2583 2422 ·

2463 2554 2799 2611 EPISTOLA
2841 2556 2904 2611 ll.

2202 2686 2267 2724 AD
2303 2686 2509 2725 EGYPTI
2548 2687 2841 2726 PROVINCIE
2880 2687 3178 2729 EPISCOPOS.

1972 2802 2327 2861 Charissimis
2389 2806 2651 2861 fratribus
2721 2823 2816 2877 per
2879 2807 3171 2880 Egyptum
3242 2809 3473 2869 Domino

1903 2897 2261 2954 militantibus
2309 2900 2642 2959 Zspuvnmus
2696 2901 2956 2959 Romana:
3004 2905 3155 2960 urbis
3205 2907 3474 2976 archiepi-

1906 3004 2121 3058 scopus.

1976 3079 2204 3136 Tantam
2238 3098 2267 3137 a
2302 3082 2554 3149 Domino,
2581 3085 2746 3155 hujus
2774 3096 2975 3143 sancta:
3006 3089 3149 3144 sedis
3177 3100 3229 3145 et
3257 3101 3474 3160 aposto-

1907 3173 2025 3227 licae
2076 3173 2331 3229 Ecclesia:
2382 3175 2687 3243 fundatore,
2738 3188 2791 3233 et
2838 3180 2997 3234 beato
3030 3181 3191 3235 Petro
3233 3184 3475 3253 principe

1907 3264 2298 3332 apostolorum,
2332 3266 2640 3333 accepimus
2671 3266 2920 3320 fiduciam
2946 3268 3010 3330 δ’,
3046 3276 3103 3322 ιιι
3126 3285 3224 3337 pro
3260 3271 3474 3323 univer-

1910 3353 2011 3407 sali
2058 3353 2260 3408 Christi
2306 3356 2569 3425 sanguine
2612 3356 2887 3428 redempta
2928 3357 3191 3424 Ecclesia,
3244 3360 3475 3431 impigro

1912 3445 2223 3501 laboremus
2250 3446 2444 3501 affectu
2480 3448 2544 3513 ³³,
2573 3458 2626 3503 et
2658 3450 2911 3505 omnibus
2948 3450 3176 3506 Domino
3207 3451 3475 3506 famulan-

1910 3538 2056 3591 tibus
2080 3554 2488 3604 succurramus,
2510 3550 2562 3594 et
2581 3542 2793 3595 cunctis
2823 3543 2909 3611 pie
2924 3542 3228 3598 viventibus
3252 3557 3473 3615 aposto-

1910 3629 2011 3683 lica
2072 3631 2393 3686 auctoritate
2465 3648 2620 3703 opem
2682 3633 2943 3689 feramus.
3007 3634 3209 3692 Omnes
3264 3639 3356 3708 qui
3420 3641 3473 3694 in

1907 3722 2127 3777 Christo
2158 3724 2345 3779 volunt
2375 3726 2461 3794 pie
2504 3727 2683 3781 vivere
2710 3728 2776 3793 “,
2823 3743 3045 3784 necesse
3070 3740 3151 3785 est
3182 3740 3239 3785 ut
3268 3733 3337 3788 ab
3369 3735 3469 3787 im-

1908 3816 2012 3885 piis
2037 3824 2091 3869 et
2133 3815 2486 3870 dissimilibus
2535 3818 2809 3885 patiantur
2852 3822 3170 3889 opprobria,
3205 3831 3261 3878 et
3290 3826 3472 3895 deSpi-

1908 3907 2122 3961 ciantur
2153 3917 2412 3975 tauquam
2464 3908 2612 3961 stulti
2659 3918 2713 3962 et
2765 3908 2964 3977 insani,
3009 3919 3067 3965 ut
3119 3913 3370 3970 meliores
3419 3926 3474 3970 et

1906 4001 2248 4071 purgatiores
2292 3999 2590 4055 efficiantur
2645 4002 2737 4071 qui
2779 4003 2925 4057 bona
2978 4004 3294 4074 temporalia
3351 4021 3476 4075 per-

1908 4092 2067 4155 dunt,
2101 4102 2160 4145 ut
2189 4092 2492 4163 percipiant
2538 4100 2757 4148 aeterna.
2793 4092 2995 4149 Eorum
3035 4111 3163 4150 vero
3199 4096 3473 4166 despectio

1908 4192 1961 4238 et
2012 4183 2193 4237 irrisio
2250 4183 2305 4237 in
2377 4185 2525 4253 ipsos
2578 4186 2982 4255 retorquebitur
3036 4187 3129 4255 qui
3188 4202 3283 4241 eos
3339 4188 3474 4242 atlli-

1909 4285 2042 4347 gunt
2060 4285 2112 4331 et
2134 4277 2477 4332 contumeliis
2507 4276 2766 4345 alliciunt,
2794 4294 2917 4333 cum
2941 4290 2993 4333 et
3017 4280 3347 4335 abundantia
3382 4297 3471 4336 θον

257 4378 359 4420 sunt
378 4371 439 4436 ",
476 4380 535 4424 ut
565 4371 671 4423 sub
697 4373 1083 4425 exercitatione
1115 4372 1436 4438 tolerantiae,
1495 4372 1804 4426 sustinean-
1836 4353 1878 4406 ί)
1907 4384 2029 4423 rum
2064 4367 2119 4421 in
2151 4378 2464 4439 egestatem,
2506 4379 2559 4424 et
2590 4370 2847 4439 superbia
2890 4371 3167 4426 transierit
3198 4371 3251 4426 in
3282 4372 3476 4429 confu-

256 4466 325 4511 tur
351 4461 695 4531 temporalia,
729 4474 1011 4532 sperentur
1044 4472 1265 4519 :eterna.
1302 4463 1477 4534 Auget
1508 4464 1652 4517 enim
1690 4478 1804 4517 me—

292 4616 327 4646 “
355 4617 883 4682 Cod.const.unica,
918 4621 955 4674 l.
998 4636 1069 4681 tv,
1100 4622 1182 4674 tit.
1218 4621 1304 4676 {6.

259 4686 380 4750 q.6:
410 4690 489 4742 Ad
526 4689 827 4743 Romanam
864 4691 1179 4745 Ecclesiam.
1282 4691 1323 4721 ³⁸
1363 4689 1487 4745 lsai.
1520 4686 1677 4753 xitx,
1713 4690 1796 4743 15.

262 4754 324 4808 l9.
393 4759 435 4789 ¹¹
480 4760 571 4812 Al.
599 4762 895 4829 sexaginta,
924 4762 1055 4814 utin
1095 4776 1198 4817 ins.
1255 4759 1429 4825 Just.;
1464 4761 1534 4813 al.
1567 4758 1989 4829 quinquaginta,
2025 4761 2151 4816 dist.
2191 4754 2294 4813 16:
2334 4754 2619 4828 sexaginta
2680 4761 2992 4815 sententias.

262 4836 371 4878 sent.
398 4828 489 4883 2|.
518 4845 588 4883 ex
616 4830 672 4882 8.
700 4830 837 4883 Ana.
876 4833 928 4883 in
958 4830 1048 4883 Ps.
1072 4846 1256 4883 cxvm.
1335 4831 1379 4861 ’³
1418 4830 1509 4883 Ps.
1536 4846 1690 4883 mu.
1725 4830 1815 4883 2‘2.
1893 4833 1937 4860 ”
1969 4828 2013 4882 ll
2048 4831 2189 4883 Tim.
2221 4847 2282 4883 ιι.
2312 4830 2403 4883 24.
2480 4831 2525 4862 ³⁸
2558 4829 2808 4883 Prosneri
2833 4838 2971 4883 sent.

2097 4847 2189 4883 im.
2221 4847 2282 4893 ll,
2312 4847 2403 4885 24.

259 4836 371 4899 sent.
398 4828 489 4891 2|,
518 4845 588 4883 ex
616 4830 672 4882 8.
700 4828 837 4899 Aug.
876 4833 928 4884 in
958 4830 1048 4885 Ps.
1072 4846 1256 4884 cxvut.

259 4894 299 4946 in
325 4894 408 4951 Ps.
436 4916 624 4953 cxxrv.

259 4961 491 5041 Dorensis
531 4970 763 5041 consult.
791 4971 826 5023 Ξ
848 5012 862 5034 ,
888 4987 1006 5041 syn.
1034 4961 1217 5041 Later.
1268 4961 1369 5025 sub
1406 4969 1642 5041 Μαι·ζίηο
1678 4969 1709 5021 l.

258 5047 332 5087 an.
368 5038 505 5101 198,
551 5040 760 5095 vivente
803 5038 981 5095 adhuc
1033 5039 1266 5097 Victore.

259 5103 305 5157 in
323 5104 406 5163 Ps.
427 5124 599 5163 cun.

320 5248 390 5317 (3)
430 5248 502 5327 (Et
550 5250 601 5302 in
643 5251 947 5327 constitutis
993 5251 1369 5327 apostolorum.
1418 5250 1484 5304 75
1527 5247 1802 5327 Canonem

262 5320 613 5391 apostolorum
642 5321 906 5391 intelligit,
933 5320 1040 5390 quo
1071 5324 1420 5377 constitutum
1445 5329 1571 5391 est.
1604 5320 1803 5391 utepi-

264 5390 487 5454 scopales
521 5406 697 5444 causa:
732 5388 836 5444 noti
859 5388 965 5445 nisi
992 5395 1059 5446 ab
1096 5393 1364 5460 episcopis
1396 5388 1799 5460 superioribus,

264 5460 525 5532 conciliis,
559 5469 652 5513 aut
694 5460 936 5532 Romano
974 5454 1227 5532 pontifice
1261 5454 1641 5529 diiudicentur.
1674 5454 1803 5510 Vide

267 5529 637 5602 gyediximus
675 5531 749 5584 ibi
793 5532 845 5584 in
887 5529 1030 5587 notis
1071 5532 1137 5586 ad
1182 5534 1497 5602 praedictum
1540 5542 1799 5583 canonem

267 5592 343 5647 75.
369 5596 494 5650 Sev.
524 5600 635 5654 BIN.
1182 5592 1199 5602 ’
1414 5646 1423 5651 .

328 5668 399 5727 (‘5)
439 5667 773 5746 Septuaginta
806 5672 939 5746 enim
981 5672 1204 5746 apostoli
1240 5672 1520 5746 sententias
1559 5667 1799 5746 prce/ire-

271 5746 396 5809 tunt.
450 5742 555 5790 Aha
591 5738 835 5809 qinedam
887 5738 1043 5797 lectio
1090 5744 1289 5803 habet,
1339 5742 1651 5808 sexaginta,
1696 5738 1801 5790 alia

274 5807 667 5878 quinquaginta;
711 5814 900 5880 quovis
953 5814 1111 5868 tnodu
1170 5814 1406 5877 legatur,
1447 5807 1631 5869 verum,
1688 5818 1801 5875 cst,

1384 4621 1425 4651 ³³
1466 4620 1518 4674 5.
1552 4628 1743 4690 quzest.
1778 4620 1810 4672 4
1843 4618 2173 4690 :Duodecim
2199 4619 2430 4689 judices.

1335 4831 1379 4861 ’³
1418 4830 1509 4884 Ps.
1536 4846 1690 4893 xuii,
1725 4830 1815 4883 2‘2.

726 4902 770 4931 ’³
802 4900 903 4954 Job
936 4917 1060 4970 xxix
1083 4901 1193 4964 ,15
1222 4916 1374 4970 seqq.
1398 4916 1462 4970 es
1502 4917 1644 4955 vers.
1667 4900 1906 4970 vulgata.

1798 4971 1817 4999 3

1342 4973 1369 5023 b
1406 4969 1642 5023 Μαι·ιίηο
1678 4969 1709 5021 l.
1798 4971 1842 5000 ³ο
1878 4969 2051 5024 Gallo.
2178 4972 2218 5002 ³¹
2259 4970 2585 5026 Saturninus
2645 4972 2734 5026 hic
2791 4981 2844 5026 et
2869 4969 3054 5025 Gallus
3078 4986 3219 5025 coss.
3257 4970 3470 5023 fuerqu

1342 5042 1383 5072 ³³
1426 5040 1481 5093 8.
1534 5039 1680 5103 Leo,
1712 5055 1798 5108 ep.
1827 5040 1916 5093 9.4.
1984 5043 2026 5073 ³³
2061 5041 2283 5097 Effectu.
2353 5043 2396 5072 ³⁵
2432 5040 2489 5096 8.
2516 5042 2767 5110 Prosperi
2800 5049 2938 5096 sent.
2974 5042 3062 5107 52,
3109 5058 3174 5095 ex
3221 5040 3277 5093 S.
3333 5041 3471 5109 Aug.

1912 4461 2143 4515 sionem.

2506 4619 2549 4649 ¹⁶
2591 4635 2641 4672 tv
2671 4619 2893 4685 Carth.,
2922 4620 3079 4680 lO,et
3103 4635 3190 4683 ιιι,
3221 4620 3272 4673 7.
3352 4620 3393 4650 ¹⁷
3418 4619 3471 4672 2.

3001 4691 3044 4720 ²⁰
3101 4689 3289 4743 Matth.
3342 4706 3468 4753 xw,

2490 4759 2619 4827 ginta
2680 4761 2992 4815 sententias.
3136 4762 3181 4792 ³⁸
3222 4758 3469 4827 Prosperi

2480 4831 2525 4862 ³⁸
2558 4829 2808 4899 Prosperi
2833 4838 2971 4885 sent.
3003 4830 3071 4884 54
3093 4873 3107 4897 ,
3138 4845 3200 4885 ex
3242 4830 3297 4883 S.
3333 4831 3469 4896 Aug.

2024 4902 2067 4932 '7
2106 4900 2381 4955 Nutriunt.
2495 4901 2540 4932 ’⁸
2575 4899 2709 4955 Sixti
2757 4910 2894 4955 sent.
2955 4900 3076 4955 176.
3188 4904 3231 4932 ⁸⁸
3284 4899 3469 4967 Steph.

2178 4972 2218 5002 ³¹
2259 4970 2585 5026 Saturninus
2645 4972 2734 5026 hic
2791 4981 2844 5026 et
2869 4969 3054 5025 Gallus
3078 4986 3219 5025 coss.
3257 4970 3470 5023 fuerqu

1908 4691 1949 4722 ¹⁹
1992 4688 2140 4754 Vox,
2206 4688 2489 4757 episcopis.
2531 4690 2681 4744 abest
2721 4705 2751 4743 a
2790 4706 2892 4743 ms.

1907 5248 2051 5316 quod
2084 5263 2177 5315 per
2210 5247 2308 5301 has
2347 5247 2642 5302 sententias
2666 5288 2682 5311 ,
2712 5261 2949 5301 canones
2985 5244 3353 5315 apostolorum
3390 5246 3474 5299 in-

1909 5319 2150 5385 telligat;
2193 5334 2423 5387 quorum
2472 5334 2765 5383 numerus,
2810 5319 2938 5371 licet
2977 5317 3475 5384 quinquagenarius

1906 5397 2111 5442 tantum
2161 5388 2341 5453 fuerit,
2409 5397 2466 5441 ut
2526 5404 2689 5457 supra
2734 5390 2788 5443 in
2834 5387 2978 5443 notis
3026 5388 3229 5440 nostris
3280 5387 3475 5457 ibidem

1905 5460 2263 5521 ostendimus,
2307 5470 2520 5522 tamen,
2565 5456 2693 5528 quia
2734 5476 2841 5512 uno
2880 5471 3088 5528 canone
3148 5456 3475 5528 quandoque

1905 5530 2083 5606 plures
2118 5531 2397 5584 sententia:
2415 5526 2980 5606 comprehemluntur,
3018 5526 3095 5606 60.
3126 5537 3217 5581 aut
3257 5527 3322 5580 70
3354 5544 3477 5606 scrt-

1905 5600 2193 5652 tcntiarum
2220 5598 2639 5668 a-postolicarum
2675 5614 2935 5653 numerus
2955 5637 2967 5660 ,
3007 5598 3473 5666 (utinquagcnariu

1909 5670 2275 5737 apostolorum
2325 5686 2593 5725 canonum
2644 5685 2906 5735 numero,
2966 5669 3099 5723 nihil
3157 5669 3335 5722 obstat
3387 5677 3477 5719 aut

1911 5740 2242 5809 pt'tejudicat.
2280 5738 2361 5797 ID.
