3990 6214
303 379 367 435 1⁸1
1281 377 1485 437 CAIUS
1513 380 1906 436 PRESBYTEE

1969 382 2311 441 ROMANUS.
2340 415 2412 425 —
2437 372 2735 441 ΝΟΤΙΤΙΑ.
3477 389 3542 443 ts

1054 486 1122 541 ll.

343 602 417 655 De
445 602 795 657 ordinatione
820 600 1240 672 presbyterorum
1269 610 1425 671 atque
1461 602 1826 658 diaconorum.

358 715 758 772 Ordinationes
785 732 913 771 vero
934 716 1375 787 presbyterorum
1399 717 1443 748 '"
1467 725 1521 771 et
1546 716 1873 783 Levitarum,

289 819 543 878 uapore
584 824 831 879 congruo
881 818 932 863 et
978 809 1166 863 multis
1197 822 1380 862 coram
1428 810 1750 874 astantibus,
1784 826 1876 865 so-

290 901 552 956 lemnizer
585 902 752 969 agite,
779 909 831 955 et
864 900 1173 970 probabiles
1205 908 1257 954 et
1283 900 1471 956 doctos
1500 902 1647 955 viros
1677 903 1742 957 ad
1773 902 1877 957 hoc

294 1006 440 1061 opus
471 991 756 1061 provehite
784 991 859 1057 ⁵⁸,
908 1000 968 1045 ut
1004 991 1073 1045 de
1111 1006 1300 1044 eorum
1335 991 1592 1046 societate
1629 1001 1681 1047 et
1722 993 1877 1063 adjue

368 1131 416 1202 ’ζ
448 1129 697 1202 Distinet.
734 1129 822 1186 75.
849 1128 1232 1185 Ordinationes
1260 1130 1718 1202 presbyterorum.
1774 1133 1818 1164 ⁸⁸
1845 1129 2189 1189 Constituite.

300 1200 344 1235 ⁸⁸
376 1198 557 1254 Gallo.

1906 504 2167 594 Amento
2219 496 2513 565 plurimum
2574 497 2871 568 gaudeatis.
2931 497 3119 554 Ponite
3180 498 3542 556 indesinenter

1983 585 2149 640 corda
2180 598 2357 641 vestra
2389 588 2441 642 in
2476 588 2676 645 virtute
2724 588 2815 644 Dei
2849 591 2915 655 '9,
2968 601 3023 645 et
3068 601 3318 647 enarrate
3352 592 3464 647 haac
3491 602 3546 648 et

1982 685 2173 732 caetera
2212 679 2394 733 divina
2428 681 2590 735 verba
2632 681 2685 735 in
2725 682 3010 753 progenies
3039 684 3256 751 alteras,
3298 686 3543 755 quoniam

1981 769 2064 821 hic
2093 779 2170 823 est
2212 770 2352 824 Deus
2416 783 2589 825 uoster
2616 774 2669 826 in
2705 785 2957 828 wternum
2983 817 2998 841 ,
3030 786 3081 829 et
3122 778 3231 845 ipse
3277 785 3413 847 reget
3437 794 3541 847 nos

1984 862 2036 913 in
2065 862 2262 915 sazcula
2294 863 2359 918 °°.
2394 862 2527 918 Data
2562 864 2592 917 '7
2624 864 2748 921 ldus
2768 864 3107 934 Novembris,
3148 868 3443 924 Saturnino
3491 878 3545 925 et

1980 948 2258 1006 Gallieano
2293 953 2334 991 σί
2369 954 2500 1009 viris
2531 956 2847 1013 clarissimis
2874 961 3206 1016 consulibus.

2292 1136 2336 1167 ⁸⁹
2368 1134 2640 1203 Gelasius,
2680 1153 2765 1209 ep.
2798 1138 2852 1193 9.
2951 1140 2993 1170 ⁶⁰
3022 1139 3220 1195 Psalm.
3257 1156 3419 1206 xnvn,
3452 1140 3538 1196 15.

322 1346 3532 1388 W

1578 1523 1746 1566 ANNO
1794 1521 2023 1566 DOMINI
2066 1522 2272 1566 CCXIV.

1514 1703 2368 1923 CAIUS

839 2064 1974 2223 PRESBYTER
2060 2063 2724 2225 ROMAN
2731 2067 2962 2228 US

1591 2505 2238 2621 NOTITIA.

1157 2725 1427 2789 (ϐψω,
1464 2724 1692 2780 Biblioth.
1716 2728 1939 2790 Patrum,
1963 2734 2081 2780 tom.
2107 2728 2172 2791 II,
2199 2728 2419 2794 Proleg.,
2444 2743 2495 2795 p.
2521 2728 2713 2793 smn.)

358 3028 404 3084 Ι.
433 3027 631 3099 Caius.
653 3026 826 3081 sancti
855 3022 1052 3099 [reneri
1086 3026 1496 3099 contubernalis,
1529 3044 1597 3082 an
1626 3026 2119 3099 domoCorintbius
2141 3028 2165 3082 ?
2190 3026 2438 3082 Ecclesia:
2462 3027 2716 3099 Romanae
2750 3025 3019 3097 presbyter
3046 3036 3098 3081 et
3117 3028 3387 3099 episcopus
3411 3045 3537 3099 gen-

290 3100 449 3154 tium.
487 3098 566 3151 De
593 3098 715 3153 Caii
747 3097 1111 3168 presbyteratu
1141 3104 1191 3151 et
1218 3098 1522 3169 episcopatu
1569 3098 1866 3154 Dodwellus
1900 3108 1950 3154 et
1993 3098 2275 3152 Fabricius
2314 3099 2491 3152 minus
2525 3098 2655 3152 belle
2680 3099 2877 3169 opinati
2902 3115 3012 3153 esse
3037 3098 3297 3156 videntur.
3328 3097 3536 3154 Rectius

286 3170 638 3225 Bacchinius.

356 3240 425 3293 ll.
472 3240 592 3304 Quo
627 3249 858 3307 tempore
884 3236 1081 3309 claruit
1116 3246 1333 3305 auctor,
1367 3238 1448 3292 vir
1487 3238 1891 3294 disertissimus.
1932 3239 2357 3309 Disputationem
2382 3238 2595 3308 scripsit
2623 3238 2871 3292 adversus
2904 3236 3195 3309 Proculum
3229 3237 3533 3308 Cataphry-

285 3328 478 3380 garum
525 3306 861 3363 sectatorem.
925 3307 1010 3363 Ex
1052 3318 1283 3362 veterum
1336 3320 1385 3363 et
1442 3311 1790 3364 recentiorum
1840 3306 2097 3365 sententia
2153 3306 2281 3380 Opus
2332 3306 2501 3363 eidem
2557 3310 2855 3375 asseritur,
2904 3306 3113 3364 Parvus
3169 3306 3535 3382 Labyrinthus

284 3383 625 3450 inscriptum.

356 3447 462 3507 ιιι.’
484 3450 779 3519 Scripsisse
794 3465 997 3519 quoque
1031 3447 1192 3503 Caius
1228 3449 1301 3504 De
1328 3448 1556 3504 Canone
1583 3465 1863 3504 sacrarum
1901 3448 2308 3518 Scripturarum
2332 3448 2670 3502 existimatur
2697 3462 2715 3501 :
2742 3448 2797 3502 in
2824 3466 2886 3504 ea
2920 3448 3146 3517 fortasse
3180 3447 3537 3519 disputatione

292 3540 453 3592 quam
474 3518 670 3574 habuit
686 3518 941 3573 adversus
974 3519 1263 3592 Proculum
1306 3520 1709 3592 Montanistam.
1738 3519 1973 3592 Hujusce
2005 3522 2311 3592 argumenti
2325 3520 2674 3592 fragmentum
2702 3520 3030 3592 acepltalum,
3065 3520 3206 3592 haud
3230 3521 3307 3572 ita
3333 3518 3535 3592 pridem

295 3589 585 3660 uulgatum,
632 3591 961 3653 adducitur;
1007 3591 1207 3661 ipsique
1256 3592 1419 3647 variis
1477 3590 1791 3661 conjecturis
1838 3589 2093 3645 tribuitur
2141 3592 2204 3644 ab
2250 3590 2450 3645 editore
2495 3590 2792 3643 Murutorio
2849 3589 2909 3646 V.
2965 3591 3051 3654 (3.,

288 3662 584 3716 exhibetur.

3100 3589 3249 3658 cujus
3281 3590 3537 3643 monitum

360 3732 453 3788 IV.
490 3731 903 3789 Observationes
932 3730 1202 3786 nonnullce
1227 3739 1337 3785 tum
1373 3732 1429 3784 in
1456 3729 1682 3784 allatum
1713 3730 2085 3801 fragmentum,
2113 3739 2223 3782 tum
2254 3733 2308 3783 in
2342 3730 2599 3783 monitum
2632 3728 3059 3784 Muralorianum
3089 3731 3462 3800 subjiciuntur.

347 3848 395 3905 1.
426 3849 623 3912 Caius,
694 3848 781 3901 vel
834 3846 1025 3915 Gaius,
1075 3864 1184 3903 una
1239 3863 1363 3902 cum
1429 3857 1618 3903 sancto
1666 3850 1870 3902 Irenaeo

286 3949 647 3996 conversatus
691 3939 893 4004 fuisse,
936 3938 995 4002 ὃς
1040 3938 1136 3991 καὶ
1166 3937 1648 3991 συνεπολιτεύσατο
1676 3938 1754 4008 τῷ
1781 3939 1871 3990 Ei-

280 4034 513 4103 ρηναίῳ,
555 4048 624 4085 ex
660 4030 1065 4099 subscriptione
1094 4029 1352 4085 Actorum
1378 4030 1626 4101 martyrii
1673 4029 1730 4083 S.
1762 4028 1867 4083 Po-

272 4122 485 4196 lycarpi
514 4123 870 4178 existimatur
893 4122 957 4177 δ’.
988 4120 1069 4176 Ex
1092 4138 1197 4193 qua
1225 4122 1445 4193 quidem
1470 4122 1872 4191 subscriptione

1975 3846 2128 3900 νῶνε
2161 3846 2295 3900 adeo
2320 3854 2397 3911 ut,
2426 3846 2528 3900 hac
2562 3846 2789 3900 lectione
2819 3846 3047 3901 ﬁdenter
3078 3848 3333 3913 admissa,
3367 3847 3536 3902 fuisse

1972 3937 2164 3993 Caium
2217 3937 2601 3993 Atheniensem
2650 3938 2966 4008 episcopum
3016 3952 3241 3994 securus
3289 3954 3535 4008 pronun-

1974 4031 2090 4084 tiet.
2122 4028 2257 4095 Quis
2301 4044 2464 4099 porro
2510 4028 2717 4083 nesciat
2761 4028 2831 4084 ab
2887 4029 3041 4085 initio
3083 4030 3161 4085 rei
3214 4030 3537 4087 Christiana:

1977 4120 2033 4174 in
2065 4136 2214 4175 more
2245 4121 2483 4192 positum
2528 4120 2885 4190 institutoque
2925 4122 3192 4191 maiorum
3236 4121 3438 4188 fuisse,
3475 4132 3535 4177 ut

276 4217 449 4271 fuisse
494 4215 688 4284 ipsum
740 4214 899 4269 domo
936 4213 1279 4269 Corinthium
1307 4255 1322 4281 ,
1373 4223 1429 4270 et
1484 4229 1609 4269 cum
1661 4213 1865 4269 Irenaeo
1895 4210 1937 4265 Β
1966 4213 2204 4283 epiSCOpi
2234 4221 2547 4268 crearentur
2571 4213 2663 4282 qui
2697 4214 2828 4267 nulli
2860 4224 3021 4268 certa
3053 4212 3311 4268 Ecclesia:
3342 4217 3532 4285 praesi-

276 4306 514 4360 Romam
554 4302 859 4374 profectum
889 4304 1113 4373 conjieit
1147 4303 1455 4375 Moynius“
1490 4321 1503 4359 :
1542 4303 1636 4359 sed
1676 4311 1870 4373 praeter

274 4415 414 4466 rem,
450 4407 518 4453 ut
559 4407 789 4452 censent
812 4397 1007 4453 eruditi
1049 4395 1306 4451 Historia:
1340 4396 1618 4451 litterariw
1649 4395 1870 4451 Gallica:

277 4502 539 4545 auctores
562 4490 630 4543 “.
668 4488 799 4543 lllud
831 4489 1034 4544 certius
1056 4503 1124 4542 ex
1151 4488 1350 4544 Photio
1376 4488 1443 4556 ⁸³,
1480 4488 1648 4544 fuisse
1676 4488 1869 4541 Caium

280 4585 549 4639 Romanae
596 4580 855 4636 Ecclesiae
896 4579 1309 4651 presbyterumf,
1351 4579 1771 4648 ordinatumque
1817 4587 1870 4633 et

282 4680 527 4747 gentium
570 4674 911 4744 episcopum.
960 4672 1160 4724 Τοῦτον
1201 4672 1292 4724 τὸν
1320 4672 1479 4725 Γάϊον
1504 4671 1869 4743 πρεσϐύτερόν

285 4786 412 4837 91m
436 4764 772 4836 γεγενῆσθαι
795 4765 893 4835 τῆς
931 4762 1076 4837 me
1108 4762 1326 4835 Ῥώμην
1369 4765 1692 4836 Ἐκκλησίας
1714 4783 1729 4797 ·
1758 4782 1870 4836 χει-

282 4860 642 4931 ρητονηϐἧναι
685 4857 743 4911 δὲ
779 4857 938 4911 αὑτὸν
970 4833 1077 4910 ἑῶν
1115 4853 1282 4909 ἐθνῶν
1315 4856 1627 4910 ἐπίσκοπον.
1671 4856 1866 4914 Mirum

278 4967 411 5006 sane
431 4948 772 5003 Dodvrellum
805 4946 1145 5017 conjectasse
1170 4944 1237 5009 ⁸⁸,
1262 4944 1452 5001 Caium
1485 4945 1743 5001 Romana:
1768 4946 1868 5003 Ec-

281 5044 467 5098 clesia:
490 5042 870 5110 presbyterum,
916 5045 1139 5109 propter
1180 5037 1331 5108 ipsas
1378 5038 1688 5092 traditiones
1730 5055 1866 5108 quas

280 5134 651 5196 conservarit,
694 5132 1022 5201 appellatum
1055 5149 1069 5185 :
1106 5145 1231 5185 eum
1275 5140 1470 5201 praeter
1500 5129 1679 5185 Photii
1717 5131 1869 5185 testi"

282 5227 562 5287 monium,
609 5222 872 5280 Eusebius
916 5238 1135 5293 quoque
1201 5223 1373 5277 virum
1431 5221 1878 5290 ecclesiasticum,

281 5315 738 5388 ἐκκλησιαστικὸν
761 5316 951 5387 ἄνδρα,
986 5315 1137 5369 illum
1165 5313 1413 5368 nominet
1437 5313 1503 5366 ⁸⁷.
1547 5311 1733 5383 Neque
1764 5314 1867 5368 mi-

281 5426 386 5464 nus
427 5408 625 5464 mirari
669 5407 817 5462 subit
867 5407 1049 5463 visum
1100 5405 1274 5463 fuisse
1316 5404 1567 5461 Fabricio
1606 5406 1672 5473 ⁸⁸,
1722 5406 1865 5475 apud

278 5500 541 5556 Pbotium
573 5515 674 5571 pro
702 5498 870 5553 ἐθνῶν
895 5498 1193 5552 ἐπίσκοπον
1224 5498 1509 5570 legendum
1545 5511 1665 5552 esse
1709 5496 1867 5569 Ἀθη-

352 5614 397 5643 ⁶²
432 5609 572 5665 Vide
604 5620 735 5666 tom.
762 5609 809 5664 ν
849 5620 1026 5667 nostr.
1081 5610 1340 5665 Biblioth.

278 5683 329 5736 ia
360 5681 592 5748 France,
616 5692 761 5752 tom.
796 5682 836 5746 1,
874 5692 1014 5751 part.
1040 5698 1077 5745 ι,
1104 5682 1367 5752 pag.356.

281 5754 324 5784 "
353 5752 562 5807 Euseb.
614 5750 751 5808 Hist.
798 5750 959 5815 eccl.,
998 5750 1197 5817 “1).”,
1235 5767 1354 5821 cap.
1400 5751 1491 5807 25.

282 5824 559 5879 hierarcll.
614 5824 989 5895 origin.,part.
1027 5841 1067 5887 ι,
1092 5838 1212 5893 cap.
1246 5823 1299 5891 3,
1336 5822 1365 5893 §
1399 5824 1484 5891 l9,
1514 5840 1636 5898 pag.
1654 5825 1777 5881 266.

1492 5610 1857 5691 i'bioynz‘ad
1891 5612 2029 5691 Var.
2072 5633 2213 5691 sacr.
2272 5634 2427 5691 pagg.
2473 5621 2606 5689 937,
2654 5623 2777 5679 940.

1481 5682 1523 5714 ⁸⁸
1550 5682 1708 5739 Phot.
1731 5683 1893 5745 Bibl.,
1934 5687 2050 5742 cod.
2077 5688 2166 5744 48.

1568 5755 1613 5787 ⁸⁸
1644 5753 2116 5837 {abrimBibLGn
2137 5802 2155 5829 ,
2177 5769 2309 5817 tom.
2343 5760 2411 5829 ν,
2460 5780 2587 5837 pag.
2619 5764 2747 5827 267.

1970 4306 2183 4362 derent?
2218 4324 2237 4357 ι
2281 4304 2339 4361 In
2374 4304 2633 4360 Ecclesiis
2663 4320 2728 4359 ex
2768 4306 3017 4375 gentibus
3054 4314 3259 4359 tantum
3299 4306 3529 4363 fundan-

1970 4398 2053 4454 dis
2076 4399 2259 4469 (verba
2291 4405 2419 4454 sunt
2444 4394 2801 4453 BaccbiniiV.
2835 4396 2972 4466 (1.“)
3009 4396 3225 4452 Petrum
3245 4414 3528 4471 successo-

1970 4506 2167 4561 resque
2202 4490 2485 4561 pontilices
2512 4488 2743 4559 priores,
2798 4488 2851 4542 id
2900 4504 3147 4546 servasse
3170 4500 3526 4561 compertum,

1971 4590 2031 4635 ut
2061 4581 2301 4651 episcOpi
2332 4588 2668 4646 crearentur,
2712 4588 3003 4651 antequam
3059 4582 3287 4653 gentiles
3334 4583 3532 4652 quibus

1970 4673 2045 4727 illi
2084 4688 2319 4744 praeesse
2352 4672 2641 4737 debebant,
2693 4683 3156 4729 converterentur.
3190 4676 3248 4729 Id
3281 4691 3344 4729 ex
3384 4687 3533 4730 vete-

1968 4765 2119 4819 ribus
2149 4773 2203 4819 et
2242 4763 2634 4819 sincerioribus
2661 4761 3026 4819 Ecelesiarum
3058 4769 3427 4823 monumentis
3466 4768 3531 4821 li-

1969 4857 2135 4927 quido
2171 4863 2403 4911 constat.
2438 4854 2588 4910 Missi
2627 4864 2754 4911 sunt
2787 4857 2968 4926 plures
3007 4860 3307 4930 episcopali
3340 4862 3529 4915 chara-

1969 4956 2115 5001 ctere
2159 4946 2400 5018 insigniti
2436 4962 2468 5003 a
2509 4946 2669 5003 Petro
2710 4956 2765 5003 et
2804 4951 3215 5009 successoribus
3253 4953 3304 5006 in
3340 4952 3507 5008 Italia:

1968 5038 2396 5110 Hispaniarum,
2484 5041 2827 5109 Britanniae,
2911 5042 3149 5112 Africae,
3224 5044 3523 5101 Galliarum

1968 5132 2239 5201 regiones,
2271 5132 2364 5202 qui
2399 5130 2674 5188 Ecclesiis
2717 5133 2822 5189 sibi
2866 5136 3275 5203 constituerent,
3309 5138 3526 5207 gentili-

1968 5223 2069 5279 bus
2117 5224 2183 5277 ad
2216 5224 2459 5281 veritatis
2504 5225 2688 5280 lumen
2739 5228 3035 5283 conversis.
3072 5228 3147 5283 Ita
3203 5229 3256 5283 in
3310 5228 3529 5286 Oriente
3614 5280 3616 5283 .

1966 5316 2059 5371 ubi
2101 5314 2269 5372 Judaei
2316 5317 2626 5390 frequentes
2675 5320 2961 5393 degebant,
3005 5323 3388 5379 conversisex
3422 5327 3530 5380 cir-

1965 5409 2300 5467 cumcisione
2343 5420 2395 5465 ct
2432 5414 2696 5483 pra2putio
2727 5414 2837 5471 dati
2871 5425 2997 5471 sunt
3020 5416 3261 5491 epiSCOpi
3291 5437 3304 5473 :
3332 5419 3384 5474 in
3419 5417 3531 5476 Oc-

1965 5503 2200 5571 cidcnte,
2239 5505 2330 5561 ubi
2371 5503 2541 5562 Judaei
2577 5508 2661 5564 vel
2704 5510 2813 5565 rari
2854 5512 2936 5567 vel
2969 5527 3153 5568 eorum
3183 5515 3385 5585 nullus,
3415 5519 3527 5588 epi-

2952 5628 2996 5661 °"
3049 5629 3181 5686 Hist.
3233 5633 3396 5692 littér.
3463 5638 3531 5693 de

2279 5691 2540 5777 "yodw.
2598 5692 2823 5777 [Essem
2857 5697 2899 5777 gr
2918 5697 3123 5777 ξοπιες
3158 5704 3349 5777 31,7p.
3386 5691 3528 5763 72874.

2858 5770 2902 5805 ⁸⁸
2932 5770 3240 5847 Βδοειῦη.,’
3264 5770 3339 5833 σε
3390 5781 3531 5836 eccl.
