3990 6214
358 381 423 436 19
1552 381 1755 436 CAIUS
1790 378 2189 433 PRESBYTER
2225 373 2576 436 ROMANUS.
3500 381 3564 439 ξι)

352 494 499 565 scopi
536 496 699 551 creati
728 497 819 566 qui
847 497 1072 567 gentiles
1110 507 1504 554 converterent.
1542 499 1623 554 lbi
1654 498 1908 553 Ecclesia:
1935 500 1977 553 Α
2008 499 2110 552 tari
2145 513 2253 551 non
2277 497 2454 551 debet.
2491 498 2749 564 Quamvis
2778 498 2921 552 enim
2952 497 3221 555 Eusebius
3242 514 3341 555 nec
3367 515 3561 555 nomen

353 587 638 657 episcopos
676 599 999 659 receperunt
1038 610 1051 644 :
1086 590 1174 646 hic
1204 592 1465 661 episcopi,
1494 606 1631 661 quas
1661 601 1907 661 regerent

354 678 621 735 Ecclesias
664 679 981 736 fundarunt.
1032 680 1324 739 Ordinatos
1372 693 1655 753 propterea
1713 682 1907 753 primis

348 768 604 825 Ecclesia:
630 772 966 841 temporibus
992 773 1045 827 in
1071 772 1382 842 Occidente,
1414 790 1522 830 non
1555 775 1714 829 modo
1746 780 1909 829 certae

348 860 523 931 gentis
548 879 669 933 quae
699 863 753 918 in
786 865 889 919 lide
918 865 1122 920 erudiri
1153 866 1393 930 deberet,
1434 867 1528 922 sed
1555 867 1719 922 etiam
1765 880 1911 921 crea-

349 964 433 1007 tos
457 968 565 1008 non
611 965 771 1011 certa:
809 957 985 1026 gentis
1027 973 1128 1014 nec
1156 967 1318 1013 certae.
1364 958 1604 1030 regionis
1625 959 1908 1028 episcopos

350 1041 619 1108 novimus,
645 1044 737 1113 qui
771 1045 1020 1114 gentibus
1044 1046 1415 1115 praedicantes,
1440 1046 1529 1101 ubi
1551 1047 1910 1101 consisterent

347 1134 423 1189 ibi
455 1144 656 1190 certam
703 1136 806 1192 sibi
839 1138 1019 1192 sedem
1058 1137 1368 1193 fundareut.
1415 1137 1545 1209 Ejus
1578 1139 1677 1202 rei,
1705 1147 1759 1193 et
1786 1147 1909 1208 post

348 1228 647 1294 apostolica
670 1236 911 1297 tempora
936 1230 987 1282 in
1020 1230 1264 1285 moribus
1296 1230 1501 1299 positae,
1524 1239 1577 1284 et
1597 1230 1665 1284 ab
1691 1238 1910 1299 aposto-

347 1319 415 1372 lis
454 1321 640 1388 procnl
671 1320 837 1375 dubio
863 1321 1113 1385 fluentis,
1156 1331 1362 1376 certum
1396 1322 1782 1377 documentum
1814 1336 1909 1376 ex-

348 1410 495 1464 hibet
526 1409 754 1467 Photius
786 1411 962 1468 "...ld
992 1428 1183 1483 nempe
1209 1414 1276 1468 ab
1308 1414 1462 1468 initio
1490 1414 1815 1477 obtinuerat,
1849 1422 1909 1469 ut

345 1501 662 1571 hujusmodi
707 1501 986 1574 Evangelii
1012 1505 1331 1569 emissariis,
1368 1504 1516 1559 orbis
1536 1505 1817 1575 gentilium
1840 1506 1907 1561 ad

345 1591 621 1648 Christum
676 1604 1100 1661 converteretur,
1154 1596 1247 1665 qui
1306 1594 1562 1651 Romana:
1591 1597 1745 1667 [sedis
1789 1609 1911 1651 tan-

2009 590 2251 647 auctoris
2274 605 2371 645 nec
2403 590 2525 644 libri
2556 590 2768 645 titulum
2797 606 2861 644 ex
2888 607 2998 661 quo
3022 601 3273 660 excerpta
3302 593 3561 646 verbatim

2009 682 2372 751 transcripsit,
2411 692 2813 742 commemoret.
2844 682 3059 737 titulum
3102 693 3280 737 tamen
3314 683 3438 737 libri
3464 699 3561 739 co-

2009 771 2326 842 gnoscimus
2366 770 2579 839 μικρὸν
2616 771 2980 838 Λαϐύρινθον
3030 771 3215 826 fuisse.
3269 770 3402 826 Nam
3454 788 3560 827 non

2008 871 2219 918 tantum
2237 859 2574 930 Nicephorus
2594 860 2822 915 allii-mat
2845 862 2913 926 ⁸ο,
2932 861 3021 917 τὸν
3035 862 3252 931 μικρὸν
3280 864 3563 934 εἰρημένον

2014 955 2388 1022 Λαϐύρινθον
2402 951 2740 1020 redarguisse
2763 953 3151 1008 absurditatcm
3176 955 3483 1009 Artemonis
3512 966 3566 1008 et

2010 1042 2299 1105 Theodoti,
2338 1057 2500 1112 quam
2547 1042 2735 1094 beatus
2765 1039 2951 1096 Victor
2987 1043 3354 1114 depugnavit;
3390 1045 3482 1099 sed
3510 1053 3564 1098 et

2012 1133 2386 1190 Theodoretus
2413 1134 2458 1164 ’“
2494 1133 2658 1187 trium
2693 1133 3067 1203 pericoparum
3101 1152 3130 1189 a
3226 1134 3565 1190 lEusebium

2011 1240 2281 1282 summam
2311 1241 2380 1279 ex
2412 1241 2571 1295 parvo
2587 1223 2908 1294 Labyrintho
2939 1225 3173 1291 deducit,
3205 1229 3272 1284 de
3290 1227 3566 1284 Theodoto

2010 1333 2194 1388 agens.
2252 1316 2479 1372 Parvum
2520 1325 2703 1372 autem
2753 1317 2900 1372 hunc
2940 1316 3318 1387 Labyrinthum
3339 1320 3566 1377 Photius

2010 1410 2170 1464 Γαΐου
2199 1409 2419 1481 πόνημα
2450 1410 2694 1481 agnoscit
2724 1410 2769 1442 ⁸³
2792 1451 2808 1476 ,
2842 1413 2907 1483 τῇ
2939 1410 3163 1484 ἀληθείᾳ
3186 1414 3346 1468 αὑτοῦ
3378 1432 3564 1468 συντε-

2013 1499 2259 1570 ταχότος,
2297 1498 2436 1569 quod
2466 1515 2520 1553 re
2549 1515 2670 1553 vera
2701 1499 2790 1554 ille
2831 1502 3137 1570 composuit,
3170 1505 3262 1571 qui
3292 1514 3345 1559 et
3389 1505 3564 1559 διάλε-

2011 1593 2092 1657 ξιν
2120 1600 2310 1647 contru
2333 1591 2625 1646 Proculum
2659 1590 3044 1649 Montanistam
3094 1595 3279 1649 edidit.
3309 1615 3328 1648 ι
3383 1597 3568 1654 Hacte-

346 1698 510 1749 quam
539 1685 856 1754 metropolis
876 1686 1118 1741 colonias
1137 1684 1424 1741 Iundarent
1446 1687 1499 1741 in
1521 1685 1829 1754 Occidente,
1843 1688 1909 1742 de
2010 1699 2114 1739 nus
2144 1685 2229 1738 vir
2260 1683 2523 1739 eruditus.
2555 1682 2706 1739 Haud
2735 1684 2892 1739 velim
2919 1693 3100 1740 tamen
3132 1688 3351 1744 omittas
3373 1707 3489 1760 quae
3512 1692 3566 1746 iu

346 1773 544 1841 quibus
573 1772 919 1830 Innocentius
958 1775 980 1829 ι
1025 1778 1185 1846 epist.
1218 1777 1287 1832 ad
1332 1776 1645 1833 Decentium
1675 1778 1910 1851 Eugubi-
2010 1777 2254 1830 eamdem
2284 1775 2610 1831 sententiam
2648 1775 2942 1830 observant
2966 1776 3272 1832 doctissimi
3304 1779 3427 1843 viri,
3460 1780 3569 1834 Til-

346 1879 477 1917 num
512 1865 628 1920 haec
660 1866 821 1922 habet
862 1884 876 1922 :
921 1866 1120 1939 Legant
1163 1870 1210 1923 si
1242 1871 1297 1923 in
1322 1871 1403 1923 his
1442 1873 1723 1940 provinciis
1767 1873 1905 1928 alia;
1938 1868 1982 1927 Β
2009 1867 2300 1922 lemontius
2314 1867 2382 1931 ⁸⁸,
2412 1865 2663 1919 Historia:
2688 1866 2966 1921 litterariae
2988 1866 3207 1923 Gallica:
3239 1871 3569 1937 auctores”,

348 1958 707 2026 apostolorum
741 1961 1024 2025 invenitur,
1056 1971 1148 2014 aut
1180 1962 1370 2032 tegitur
1391 1965 1648 2019 docuisse.
1681 1965 1832 2030 Quod
1861 1967 1908 2021 si

346 2065 450 2102 non
484 2049 681 2119 legant,
727 2052 850 2120 quia
880 2068 1137 2121 nusquam
1158 2054 1450 2120 invenitur,
1479 2065 1676 2125 oportet
1699 2072 1784 2110 eos
1812 2057 1907 2111 hoc

347 2141 493 2208 sequi
526 2141 663 2209 quod
693 2139 930 2195 Romana
955 2140 1193 2197 Ecclesia
1226 2146 1475 2210 custodit,
1509 2163 1541 2199 a
1568 2163 1672 2214 qua
1697 2164 1783 2201 eos
1802 2149 1907 2202 ini-

349 2232 477 2284 tium
522 2234 781 2301 accepisse
827 2251 926 2288 non
956 2236 1171 2289 dubium
1212 2246 1308 2291 est.
1350 2257 1368 2291 ι
1399 2237 1672 2293 Hactenus
1704 2239 1785 2293 vir
1810 2240 1909 2294 do-

348 2329 501 2375 ctus.
518 2318 623 2376 Sed
649 2321 749 2377 hac
773 2323 840 2378 de
859 2339 917 2377 re
940 2322 1343 2379 Tillemontium
1363 2340 1578 2396 quoque
1593 2325 1904 2382 consulas“

346 2408 529 2464 velim.

417 2497 479 2553 II.
513 2498 720 2557 Claruit
744 2500 928 2569 Caius,
970 2504 1051 2557 vir
1098 2504 1529 2572 disertissimus,
1586 2504 1909 2575 λογιώτατος

347 2592 488 2663 ἀνήρ
513 2593 581 2658 ⁷³,
613 2594 714 2649 sub
736 2593 1043 2667 Zephyrino
1082 2595 1341 2652 Romanae
1376 2598 1526 2653 urbis
1544 2592 1819 2667 episcopo,
1849 2608 1911 2654 ut

347 2693 470 2751 post
495 2681 793 2740 Eusebium
827 2686 872 2718 ⁷³
895 2688 1058 2743 tradit
1079 2697 1303 2745 sanctus
1335 2687 1693 2760 Hieronymus
1717 2689 1785 2757 ⁷³,
1807 2678 1925 2744 Αιι-’

348 2774 536 2831 ιοιιὶιιο
566 2774 844 2833 Caracalla
877 2778 1194 2849 imperante,
1242 2780 1296 2834 id
1322 2789 1423 2845 est,
1455 2780 1652 2836 saeculo
1708 2796 1771 2834 ιιι
1824 2781 1911 2835 in—

347 2875 529 2933 eunte,
557 2867 670 2922 sive
683 2868 826 2923 circa
850 2884 972 2925 aera)
991 2869 1225 2940 vulgaris
1251 2884 1451 2924 annum
1474 2870 1597 2925 212.
1625 2869 1770 2926 Inter
1792 2871 1911 2941 ejus

351 2959 553 3028 scripta
607 2958 912 3015 celebratur
965 2960 1266 3031 Disputatio
1323 2962 1582 3018 adversus
1618 2961 1909 3019 Proculum

350 3048 591 3104 Montani
618 3060 960 3116 sectatorem,
1012 3068 1175 3123 quam
1222 3054 1372 3108 ualde
1412 3056 1667 3126 insignem
1707 3053 1911 3109 Doctor

354 3141 645 3208 maximus;
663 3154 989 3209 accuratam,
1009 3145 1319 3209 σπουδαίαν,
1335 3145 1562 3201 Photius
1580 3146 1812 3216 appellat
1825 3146 1874 3177 "
1893 3164 1906 3199 :

355 3233 512 3303 cujus
542 3232 841 3305 fragmenta
869 3249 937 3289 ex
961 3234 1193 3290 Eusebio
1212 3236 1618 3306 descripsimus.

429 3324 639 3396 Stylum
670 3326 799 3380 item
835 3326 1121 3382 strinxisse
1152 3326 1315 3383 Caius
1358 3328 1620 3383 adversus
1668 3329 1888 3382 Artemo

356 3418 442 3473 nis
470 3417 742 3482 haeresim,
778 3432 1043 3488 suamque
1070 3419 1505 3475 lucubrationem
1536 3436 1754 3491 parvum
1804 3418 1899 3473 La-

2009 1973 2109 2013 nec
2143 1974 2251 2013 non
2283 1957 2671 2028 Wesselingius
2700 1958 2766 2011 ⁸⁸.

2081 2047 2168 2103 lII.
2199 2047 2401 2104 Tribus
2429 2049 2658 2116 hujusce
2687 2048 2869 2118 operis
2925 2052 3195 2120 excerptis
3249 2051 3572 2108 Eusebianis

2010 2156 2133 2212 quae
2161 2156 2286 2196 cum
2317 2140 2463 2195 notis
2492 2138 2689 2195 Valesii
2720 2148 2773 2193 et
2796 2139 3076 2196 Coutantii
3098 2141 3443 2210 protulimus,
3470 2141 3573 2196 fra-

2009 2241 2282 2301 gmentum
2305 2231 2621 2301 acephalum
2654 2231 2717 2283 de
2738 2230 2950 2285 Conone
2975 2247 3247 2286 sacrarum
3272 2231 3575 2302 Scriptura-

1974 2358 1979 2363 ο
2010 2338 2127 2376 rum
2157 2322 2484 2387 addidimus,
2519 2321 2665 2376 haud
2710 2322 2785 2375 ita
2822 2322 3031 2392 pridem
3086 2339 3117 2377 a
3170 2325 3237 2379 cl.
3272 2323 3574 2380 Muratorio

2009 2411 2352 2481 evulgatum:
2395 2411 2552 2480 cujus
2607 2411 2834 2481 proinde
2886 2412 3148 2466 monitum
3183 2413 3273 2469 hic
3302 2430 3575 2484 apponere

2009 2518 2187 2574 operae
2210 2502 2443 2573 pretium
2474 2503 2872 2558 existimamus.
2895 2501 2987 2559 Sic
3014 2513 3195 2558 autem
3222 2519 3279 2559 se
3308 2504 3469 2560 habet
3487 2508 3534 2540 ⁸⁸
3559 2527 3571 2560 :

2016 2612 2036 2645 ‹
2069 2594 2325 2649 Asservat
2372 2592 2730 2648 Ambrosiaua
2783 2591 3201 2650 Mediolanensis
3248 2595 3575 2652 bibliotheca

2010 2687 2487 2741 membranaceum
2516 2685 2778 2753 codicem,
2808 2701 2839 2740 e
2867 2685 3120 2742 Bobiensi
3149 2697 3450 2757 acceptum,
3479 2705 3575 2743 cu-

2008 2778 2100 2848 jus
2128 2778 2428 2847 antiquitas
2454 2792 2604 2847 prene
2633 2777 2701 2832 ad
2753 2793 2927 2833 annos
2982 2778 3130 2833 mille
3156 2780 3411 2835 accedere
3440 2782 3572 2835 mihi

2014 2871 2131 2925 visa
2161 2879 2263 2925 est.
2297 2868 2543 2939 Scriptus
2574 2868 2719 2924 enim
2773 2867 2875 2922 fuit
2925 2869 3122 2925 litteris
3161 2870 3478 2940 majusrulis
3523 2881 3576 2925 et

2015 2957 2314 3032 quadratis.
2356 2960 2572 3016 Titulus
2631 2960 2884 3030 praeﬁxus
2938 2961 3120 3016 omnia
3152 2962 3339 3017 tribuit
3381 2960 3577 3017 Joanni

2013 3054 2522 3126 Chrysostomo,sed
2540 3053 2830 3107 immerito.
2856 3051 3102 3108 Mutilum
3120 3054 3172 3107 in
3193 3054 3456 3123 principio
3484 3069 3577 3109 co-r

2014 3145 2188 3200 dicem
2214 3144 2565 3215 deprehendi.
2588 3185 2601 3197 .
2625 3184 2637 3197 .
2658 3184 2672 3198 .
2709 3144 2789 3198 Ex
2822 3145 2925 3200 hoc
2951 3161 3081 3216 ergo
3124 3146 3311 3201 codice
3341 3160 3443 3217 ego
3479 3146 3575 3202 de-

2015 3237 2191 3306 cerpsi
2220 3236 2582 3307 fragmentum
2611 3236 3075 3305 antiquissimum,
3104 3237 3171 3291 ad
3199 3237 3474 3293 Canonem
3493 3238 3577 3293 di-

2018 3326 2268 3383 vinarum
2295 3326 2695 3397 Scripturarum
2715 3336 2988 3397 spectans.
3014 3326 3157 3382 Nulli
3184 3328 3473 3400 diligentiae
3492 3344 3580 3400 pe-

2025 3419 2175 3491 perci
2230 3427 2290 3473 ut
2336 3418 2455 3489 ejus
2488 3427 2768 3473 auctorem
2802 3418 3108 3490 detegerem
3141 3461 3157 3487 ,
3192 3421 3464 3492 simulque
3489 3437 3578 3477 re-

356 3507 659 3578 byrinthum
712 3507 1080 3579 inscripsisse,
1131 3526 1197 3565 ex
1249 3520 1492 3567 veterum
1551 3511 1918 3568 monumentis
2017 3511 2212 3566 scirem
2248 3526 2374 3565 num
2404 3510 2667 3565 hactenus
2694 3510 2899 3565 editum
2929 3510 3111 3566 fuerit.
3163 3510 3281 3568 Nisi
3312 3529 3400 3568 me
3425 3512 3581 3569 fefel-

358 3599 686 3669 perhihetur.
721 3599 896 3671 Hujus
923 3599 1141 3670 quidem
1170 3600 1357 3671 scripti
1391 3601 1495 3656 tria
1529 3600 1768 3672 insignia
1809 3600 1921 3656 fra-
2018 3600 2196 3655 lerunt
2241 3600 2407 3664 oculi,
2443 3609 2540 3655 aut
2590 3601 2956 3671 complurium
3012 3603 3277 3658 librorum
3334 3604 3581 3661 defectus

356 3703 572 3762 gmenta
601 3693 757 3749 nobis
778 3695 1009 3750 servavit
1036 3693 1305 3750 Eusebius
1332 3694 1415 3758 V‘;
1455 3693 1548 3765 qui
1588 3702 1768 3749 tamen
1803 3702 1917 3748 tum
2019 3708 2180 3763 quem
2215 3709 2323 3748 non
2351 3693 2520 3748 semel
2550 3692 2733 3760 doleo,
2764 3709 3035 3762 nusquam
3074 3696 3399 3764 deprehendi
3426 3697 3579 3751 evul-

356 3784 598 3841 auctoris
626 3799 846 3851 nomen,
871 3793 983 3840 tum
1031 3786 1211 3857 operis
1254 3783 1469 3839 titulum
1527 3785 1735 3842 reticet.
1782 3783 1920 3840 Hinc
2020 3793 2234 3857 gatum;
2263 3798 2328 3839 ac
2354 3795 2637 3856 propterea
2661 3800 2784 3855 spes
2821 3785 2956 3840 mihi
2985 3796 3252 3855 superest,
3281 3785 3396 3842 fore
3428 3798 3487 3841 ut
3509 3788 3577 3841 li-

360 3877 607 3932 nonnulli
630 3877 774 3947 apud
810 3876 1214 3932 Thcodoretum
1242 3878 1287 3909 '”
1318 3874 1537 3949 Origeni
1559 3893 1698 3948 opus
1726 3859 1922 3947 perpe-
2024 3877 2242 3932 bentius
2271 3892 2301 3932 a
2339 3878 2638 3934 lectoribus
2666 3877 2989 3947 excipiatur,
3046 3891 3110 3931 ac
3138 3877 3404 3946 praecipue
3432 3880 3580 3949 quod

358 3982 476 4021 ram
510 3967 766 4024 tribuisse
798 3978 1120 4023 noscuntur.
1153 3966 1245 4023 Sic
1271 3967 1414 4022 enim
1466 3967 1588 4021 ille:
1637 3967 1795 4023 Κατὰ
1824 3967 1925 4037 τῆς
2026 3969 2401 4038 antiquitatem
2427 3968 2666 4023 redoleat
2694 3968 2930 4022 maxime
2950 3967 3331 4022 venerabilem.
3366 3966 3421 4021 Si
3447 3985 3578 4023 cou-

355 4058 560 4114 τούτων
587 4060 846 4131 αἱρέσεως
885 4062 916 4113 ὁ
944 4058 1191 4128 σμικρὸς
1212 4057 1519 4129 συνετράφη
1542 4058 1909 4126 Λαόὐέπινθος⁴

2020 4057 2286 4127 jecturam
2317 4073 2492 4112 meam
2509 4072 2760 4113 exserere
2786 4056 2870 4111 fas
2896 4065 2997 4122 est,
3025 4056 3079 4110 in
3102 4057 3247 4111 illam
3270 4058 3578 4128 opinionem

359 4153 418 4205 ὃν
444 4169 586 4216 τινες
629 4151 929 4223 Ὠριγένους
984 4150 1418 4220 ὑπολαμϐάνουσι
1462 4149 1710 4219 πόνημα·
1762 4148 1909 4201 ἀλλί

2025 4147 2192 4213 feror,
2230 4149 2512 4203 tribuenda
2544 4149 2659 4203 haec
2685 4164 2805 4203 esse
2861 4147 2992 4202 Caio
3041 4146 3291 4204 Ecclesia:
3334 4148 3582 4203 Romana!

362 4243 648 4316 χαρακτὴρ
678 4242 889 4314 ἐλέγχει
915 4242 1041 4305 τοὺς
1067 4240 1341 4309 λέγοντας.
1390 4259 1409 4291 ι
1447 4238 1650 4294 Contra
1696 4239 1909 4294 istoruu

2025 4239 2340 4310 presbytero,
2378 4240 2468 4310 qui
2493 4239 2586 4292 sub
2619 4238 2823 4294 Victore
2841 4250 2889 4294 et
2912 4239 3203 4311 Zcpliyrino
3227 4242 3581 4313 pontiﬁcibus,

363 4334 700 4406 (Ar-temonis
730 4344 785 4390 et
814 4333 1079 4389 Theodoti
1128 4332 1368 4402 coriarii)
1413 4332 1659 4386 haeresim
1689 4331 1930 4386 conscri—
2027 4340 2160 4387 teste
2189 4330 2383 4386 Photio
2415 4332 2482 4398 ⁸⁷,
2516 4332 2621 4387 hoc
2651 4340 2754 4396 est,
2782 4334 2877 4402 qui
2917 4334 3131 4388 circiter
3169 4349 3370 4387 annum
3421 4333 3581 4387 Chri-

362 4438 488 4499 ptus
511 4436 595 4483 est
608 4443 799 4496 parvus
817 4425 1375 4498 Labyrinthus,quem
1398 4422 1645 4478 nonnulli
1677 4420 1928 4492 Origenis
2029 4425 2100 4479 sti
2130 4423 2230 4478 l96
2259 4422 2459 4478 ﬂoruit.
2497 4422 2928 4494 Disputationem
2963 4425 3082 4481 Caii
3135 4427 3314 4491 istius,
3347 4424 3584 4478 disertis—

363 4535 505 4590 0pus
526 4534 646 4575 esse
671 4527 894 4589 putant:
928 4519 1022 4575 sed
1046 4535 1141 4575 eos
1166 4519 1260 4590 qui
1281 4520 1385 4573 hoc
1406 4517 1611 4580 dicunt,
1638 4515 1810 4586 stylus
1837 4529 1922 4569 re—
1952 4533 1998 4588 ι)
2028 4516 2151 4569 simi
2175 4515 2295 4581 viri,
2320 4514 2553 4570 habitam
2584 4514 2765 4570 Romae
2816 4515 3130 4584 temporibus
3172 4515 3453 4586 Zcpltyrini
3486 4515 3568 4567 ad.

366 4614 602 4685 darguit.
629 4632 648 4665 ι
669 4611 854 4683 Neque
885 4612 1041 4667 aliter
1067 4612 1316 4668 Photius.
1346 4610 1595 4679 Plerique
1635 4618 1813 4663 tamen
1840 4623 1929 4662 re-
2027 4624 2206 4662 versus
2254 4606 2503 4661 Proclum
2553 4609 2829 4677 quemdam
2878 4606 3332 4679 Cataphrggarum
3374 4611 3587 4664 hwresis

366 4703 669 4760 centiorum
702 4701 997 4774 genuinum
1038 4700 1181 4756 fetus
1214 4711 1492 4772 parentem
1520 4699 1712 4754 Caium
1735 4712 1933 4768 agnos—
2029 4709 2490 4770 propugnatorem,
2534 4706 2803 4752 memorat
2830 4696 3099 4754 Eusebius
3128 4698 3476 4756 Caesariensis
3508 4702 3586 4769 ⁸⁸;

368 4805 522 4851 cunt.
571 4794 800 4865 Jamque
852 4809 965 4849 rem
1010 4791 1310 4849 confecisse
1353 4794 1567 4848 videtur
1597 4790 1933 4846 Pearsonius
2032 4792 2089 4846 in
2121 4807 2227 4862 qua
2258 4790 2346 4845 ille
2370 4790 2498 4844 dum
2530 4790 2965 4847 adversariorum
2993 4791 3047 4845 in
3078 4795 3464 4862 componendis
3486 4810 3588 4849 uo-

370 4889 456 4943 his
482 4887 661 4943 verbis
679 4888 754 4941 7’:
785 4904 804 4937 ι
829 4885 970 4952 Quin
987 4885 1221 4955 scriptor
1245 4884 1337 4954 qui
1354 4883 1614 4938 adversus
1627 4881 1935 4935 Artemonis
2033 4886 2115 4937 vis
2139 4881 2435 4951 Scripturis
2453 4880 2810 4935 temeritatem
2833 4890 2887 4933 et
2916 4881 3198 4937 audaciam
3220 4883 3458 4954 sugillat,
3485 4886 3591 4938 τῶν

371 4980 620 5036 haeresim
655 4978 757 5034 sub
801 4975 1105 5048 Zephyrino
1152 4975 1391 5045 scripsit,
1427 4973 1568 5029 idem
1610 4972 1772 5027 fuerit
1806 4987 1909 5027 cun

2034 4976 2128 5028 τοῦ
2182 4971 2325 5045 ἱεροῦ
2366 4972 2683 5025 Ἀποστόλου
2730 4972 3025 5044 δεκατριῶν
3073 4973 3246 5043 μόνων
3300 4975 3591 5029 ἐπιστολῶν

376 5087 445 5129 eo
491 5073 584 5143 qui
635 5071 736 5127 sub
780 5071 1058 5124 Antonino
1115 5066 1299 5123 Severi
1342 5066 1452 5121 tilio
1502 5066 1909 5136 disputationerr

2034 5064 2375 5141 μνημονεύει,
2417 5066 2516 5137 τὴν
2579 5065 2714 5137 πρὸς
2755 5064 3034 5134 Ἐὕραίους
3065 5066 3139 5138 μὴ
3191 5068 3590 5141 συναριθμήσας

374 5181 499 5219 cum
530 5158 762 5220 Proculo
798 5161 1124 5217 Montanista
1159 5160 1301 5225 iniit,
1328 5173 1521 5228 nempe
1548 5155 1736 5222 Caius,
1768 5157 1909 5211 dubi

2030 5162 2149 5222 ταῖς
2178 5159 2413 5221 λοιπαῖς·
2447 5156 2568 5210 ἐπεὶ
2594 5158 2686 5210 καὶ
2716 5158 2795 5220 εἰς
2817 5156 2975 5229 δεῦρο
3016 5157 3165 5230 παρὰ
3209 5159 3487 5230 Ῥωμαίων
3513 5174 3591 5209 τι·

471 5323 516 5355 "
562 5321 721 5377 Phot.
774 5319 911 5374 Bibl.
995 5318 1119 5374 cod.
1161 5316 1252 5382 48,
1310 5315 1399 5371 ubi
1448 5315 1515 5370 de
1560 5315 1712 5380 Caio,
1766 5316 1925 5384 cujus
1978 5314 2083 5370 loci
2114 5314 2304 5367 'verba
2367 5313 2539 5384 modo,
2588 5313 2891 5384 retulimus.
3034 5314 3079 5346 τί
3128 5313 3363 5375 Tillem.,
3424 5310 3588 5366 Mem.

376 5403 513 5448 tom.
574 5384 619 5446 sl
652 5433 667 5453 ,
718 5407 839 5461 pag.
895 5388 1003 5444 2'55
1036 5429 1051 5455 ,
1106 5396 1210 5442 art.
1238 5381 1348 5461 25f,
1373 5403 1510 5461 __su_r
1561 5386 1611 5440 la
1670 5381 2276 5461 persecut.__d'Adrieu.
2344 5384 2474 5461 HA"
2502 5383 2702 5461 Euseb.
2746 5381 2893 5461 _Hist.
2972 5384 3106 5461 ccc].
3160 5385 3253 5461 lib.
3303 5397 3413 5461 ivi,
3471 5398 3593 5453 cap.

374 5464 466 5518 20.
542 5462 589 5493 "
618 5448 693 5515 Id.
719 5448 859 5515 'ibi'd.
889 5460 981 5513 lib.
1014 5448 1073 5525 ti,
1100 5474 1217 5527 cap.
1247 5448 1419 5527 (ἰδέ-⁷⁸
1448 5448 1690 5527 Hieron;
1722 5454 1800 5527 De
1828 5458 1929 5511 vir.
1963 5455 2182 5527 illus_tr.,
2203 5453 2429 5527 cap_._59.
2449 5454 2552 5527 __'i
2565 5453 2786 5527 I’liot._l.
2827 5469 2876 5507 c.
2916 5454 3022 5527 [ξ
3036 5453 3251 5515 Ειιεοί).,
3302 5448 3441 5509 Hist.
3478 5448 3593 5508 ccc.

377 5534 470 5588 lib.
498 5547 554 5599 v,
585 5546 703 5599 cap.
747 5532 838 5586 28.
915 5530 958 5563 "
978 5598 987 5599 ί
1008 5522 1695 5599 Theodor.,AH;eret.__t'ab._
1721 5526 1903 5599 lib._u,
1936 5540 2052 5594 cap.
2075 5524 2224 5599 _5,__p.
2248 5522 2375 5578 200.
2448 5524 2493 5556 ⁷⁸
2516 5522 2843 5599 fhot.._l._c.
2915 5524 2960 5599 ’ζ’
2992 5523 3268 5599 Pearson.,
3303 5532 3597 5599 opppost.

380 5592 609 5658 Dzssert.
641 5592 697 5670 2,
727 5616 848 5669 cap.
884 5601 936 5664 1,
969 5598 1074 5670 §'5,
1098 5615 1229 5670 pag.
1247 5596 1365 5670 1558.
1440 5596 1484 5628 ⁸⁰
1517 5594 1763 5670 Niceph_._,
1789 5594 1935 5670 Hist.
1958 5592 2108 5670 ccc].
2140 5592 2234 5670 lib.
2263 5609 2336 5670 iv,
2352 5609 2482 5670 cap.
2512 5593 2601 5647 20.
2676 5595 2719 5626 ⁸⁸
2757 5592 3048 5670 Theodon,
3101 5594 3138 5647 Ι.
3189 5606 3238 5645 c.
3356 5592 3595 5670 fifhot.

381 5674 417 5728 l.
452 5689 500 5727 c.
575 5670 622 5701 ⁸³
653 5661 885 5734 ΤὶΙιθῐιι.,
912 5661 1116 5731 Mein..-
1150 5661 1193 5723 ιῖ
1216 5667 1307 5733 ιιι,
1365 5661 1665 5736 βιιιζΛἹϋδ
1710 5666 1756 5697 δ”
1785 5665 1922 5720 Hist.
1958 5665 2119 5719 littér.
2150 5666 2216 5719 de
2269 5665 2316 5718 la
2351 5661 2581 5746 France,
2641 5672 2772 5718 tom.
2818 5663 2860 5728 I,
2922 5670 3059 5731 part.
3120 5676 3158 5726 ι,
3199 5675 3319 5785 pag.
3355 5661 3478 5715 559.
3548 5663 3597 5745 δι’

381 5742 733 5785 ψ.»ςςιι1ιιιςι,-
762 5739 856 5785 lib.
894 5739 1159 5785 Prababil-
1196 5755 1312 5785 can-
1340 5737 1429 5785 2|-
1466 5752 1619 5785 naua-
1659 5736 1776 5785 I73.
1813 5736 1931 5785 I77.
1965 5736 2012 5767 ⁸⁸
2041 5734 2258 5785 Murat..
2289 5741 2504 5785 Annua.
2536 5733 2649 5785 Ital.
2676 5733 2815 5785 med.
2862 5748 2982 5785 ων..
3010 5740 3143 5785 tom.
3174 5732 3190 5784 I
3222 5730 3261 5785 I.
3318 5747 3440 5785 trag.
3493 5732 3591 5785 8M

381 5730 1159 5809 Wessellugvlib.'I’robabit.
1196 5730 1312 5809 cap.
1340 5730 1619 5809 2'l,':pagg.
1659 5736 1776 5809 I75,
1813 5736 1909 5790 177

2010 5734 2258 5809 ⁵Μαι-ιιιη
2289 5735 2504 5809 Antiqq.
2536 5733 2649 5790 Ital.
2676 5733 2815 5790 med.
2862 5730 2982 5798 rei,
3010 5740 3143 5787 tom.
3174 5730 3291 5797 III,’
3318 5747 3440 5803 pag.
3493 5732 3591 5787 851

386 5830 547 5887 seqq.
627 5806 876 5873 "Phot"
900 5806 1035 5864 Bibl.
1062 5810 1179 5864 cod.
1213 5806 1297 5864 48.
1377 5810 1421 5841 ⁸⁸
1449 5806 1670 5878 Euscb.,
1693 5806 1825 5864 Ilist.
1859 5823 1909 5863 ρ(

2022 5806 2117 5861 lib.
2147 5820 2221 5871 γι,
2251 5820 2369 5875 cap.
2402 5807 2489 5861 ‘20.
