3990 6214
403 312 475 366 ἳι
1895 296 1962 352 Μ

2067 292 2193 345 ιΊΑ.
3571 286 3642 335 ‘39-

422 430 515 484 :‘zv,
542 423 595 475 οὐ
626 424 917 493 νομίζεται
944 421 1037 473 τοῦ
1091 419 1405 471 Ἀποστὸλου
1458 413 1772 483 τυγχάνεινε
1811 409 1962 461 trede-

2080 402 2321 456 veniunt.
2354 399 2618 453 Eusebius
2638 396 2781 451 enim
2803 392 3172 463 Apocalypsim
3210 391 3353 446 Petri
3384 394 3522 447 inter
3546 395 3645 447 du-

409 524 502 570 cit:
553 526 769 569 tantum
806 515 970 568 dit-ini
993 513 1232 581 Apostoli
1282 518 1501 564 recenset
1536 504 1822 573 Epistolas,
1854 516 1970 553 eam

399 629 519 680 qla’
544 612 616 662 ad
646 608 902 662 Hebntos
936 608 1188 674 inscripta
1219 614 1314 659 est.
1344 619 1461 655 cum
1503 599 1711 667 reliquis
1739 611 1838 648 non
1870 594 1971 646 ad-

398 714 713 751 numerans.
748 695 889 749 Sane
913 696 1023 748 hinc
1049 694 1271 762 epistola
1284 690 1581 744 Etiamnum
1610 704 1641 739 a
1660 686 1971 756 quibusdam

400 788 663 841 Romanis
691 789 931 855 Apostoli
952 802 1062 839 esse
1087 801 1187 837 non
1217 782 1466 837 creditur.
1520 778 1751 832 Sanctus
1781 775 1970 828 Hier0~

402 894 608 947 nymus
642 878 869 931 totidem
897 878 1008 931 fere
1032 856 1231 937 verbis,
1262 873 1328 927 de
1357 870 1490 925 Caio
1520 870 1621 923 isto
1645 869 1871 937 loquens
1904 866 1968 927 8°,

402 969 645 1022 reddidit
674 978 811 1024 senr
836 969 996 1022 uiam
1024 966 1238 1021 Eusebii
1261 984 1273 1018 :
1300 964 1401 1018 nisi
1427 962 1570 1032 quod
1602 960 1769 1018 addit,
1789 960 1968 1024 dispu-

405 1061 664 1112 tationem
697 1076 727 1111 a
752 1058 883 1111 Caio
914 1057 1146 1109 habitam
1173 1056 1263 1106 sub
1294 1053 1581 1120 Zep/tyrino
1614 1050 1865 1101 Romani?
1892 1062 1975 1097 ur-

404 1155 489 1204 bis
510 1150 856 1219 episcopog'id
881 1160 956 1201 est
980 1152 1073 1201 sub
1101 1146 1361 1198 Antonino
1385 1142 1554 1197 Severi
1579 1141 1689 1208 ﬁlio
1709 1161 1728 1205 ,-
1756 1154 1817 1193 ac
1844 1154 1971 1207 pro-

406 1253 593 1313 pterea
616 1240 919 1296 secundum
951 1240 1104 1292 illum
1126 1238 1290 1292 Caius
1320 1237 1435 1290 haec
1460 1234 1735 1303 scripserit
1760 1232 1971 1287 circiter

407 1348 614 1385 annum
640 1331 881 1399 vulgaris
905 1328 1123 1397 epocha:
1151 1327 1276 1379 2I2.
1302 1325 1464 1379 Addit
1494 1325 1654 1378 etiam
1689 1324 1754 1376 de
1784 1321 1967 1374 eadem

400 1424 655 1491 cpistola:
678 1422 782 1475 Sed
799 1432 846 1474 et
869 1420 998 1481 apud
1021 1417 1281 1471 Romanos
1304 1433 1461 1484 usque
1483 1415 1632 1467 hodie
1647 1413 1796 1482 quasi
1812 1408 1975 1462 Pauli

400 1515 654 1581 .tpostoli
710 1530 813 1565 non
858 1510 1109 1572 habetur;
1154 1524 1277 1562 cum
1335 1516 1516 1560 tamen
1561 1505 1826 1559 Eusebius
1858 1512 1972 1555 tan-

403 1617 527 1658 tum
552 1603 835 1673 scripserit
863 1603 997 1669 apud
1016 1601 1269 1669 quosdam
1288 1597 1566 1651 Romanos.
1594 1595 1821 1648 Photius
1843 1609 1973 1662 quo-

400 1712 517 1765 que
548 1697 586 1751 Ι.
624 1712 671 1750 c.
697 1703 881 1748 auctor
908 1702 1022 1756 est,
1058 1691 1249 1746 Caium
1273 1691 1517 1745 tredecim
1540 1690 1801 1741 duntaxat
1830 1686 1967 1738 beati

2076 493 2194 547 bios
2214 492 2429 561 quidem
2463 491 2629 543 libros
2680 496 2926 542 recenset
2957 485 3023 549 9‘,
3050 500 3166 556 .non
3224 493 3402 538 tamen
3455 485 3641 553 abjicit

2077 586 2220 639 velut
2254 584 2625 638 haereticorum
2656 580 2842 634 letum.
2899 578 3096 632 Eodem
3144 592 3359 647 quoque
3390 587 3637 641 testante,

2076 676 2325 729 Clemens
2352 672 2753 727 Alexandrinus
2782 670 2969 725 eadem
3019 670 3342 739 Apocalypsi
3372 679 3454 723 est
3486 687 3637 733 usus,

2077 785 2182 821 non
2214 783 2371 822 secus
2402 780 2463 818 ac
2492 763 2732 832 Epistula
2783 764 3066 817 Barnabaa.
3104 760 3441 816 Sozomenus
3497 763 3642 831 pari-

2076 868 2155 910 ter
2181 872 2280 910 nos
2306 855 2515 908 monuit
2549 855 2615 917 95,
2648 854 2788 905 hanc
2810 853 3188 923 Apocalypsin]
3227 854 3279 903 in
3325 853 3639 921 quibusdam

2078 945 2329 999 Ecclesiis
2366 945 2671 998 l’alwslina’
2712 960 2869 1011 usque
2915 944 3085 995 adhuc
3134 943 3354 1011 singulis
3386 944 3537 995 annis
3562 960 3641 996 se—

2077 1040 2176 1091 mel
2212 1039 2331 1107 legi.

2152 1150 2168 1179 (
2213 1128 2574 1199 Temporibus
2607 1128 2773 1181 etiam
2807 1125 2922 1180 Caii
2959 1126 3129 1194 ipsius
3159 1126 3641 1181 circumferebatur

2074 1221 2299 1290 epistola
2333 1220 2513 1289 spuria
2542 1218 2694 1271 Pauli
2720 1218 2949 1287 apostoli
2968 1218 3035 1269 ad
3058 1216 3426 1283 Luodicenses,
3456 1234 3485 1270 a
3518 1233 3642 1271 san-

2074 1322 2160 1367 cto
2192 1312 2519 1381 Hieronymo
2551 1320 2604 1363 et
2638 1308 2974 1363 Theodoreto
3020 1309 3257 1377 explosa,
3286 1324 3448 1377 quam
3501 1309 3644 1363 Illar-

2076 1404 2194 1458 cion
2229 1402 2587 1457 ha'resiarcha
2624 1403 2677 1455 in
2711 1401 3020 1456 subsidium
3056 1401 3139 1455 sui
3169 1401 3343 1454 delirii
3374 1402 3641 1468 adhibuit,

2073 1498 2149 1550 uti
2182 1512 2280 1550 nos
2307 1497 2463 1550 docet
2486 1505 2708 1549 sanctus
2732 1494 3068 1564 Epiphanius
3091 1495 3154 1546 9“.
3190 1495 3255 1547 At
3280 1505 3473 1563 pneter
3502 1495 3642 1549 hanc

2072 1605 2137 1643 ex
2169 1589 2285 1657 ipso
2331 1587 2631 1657 fragmento
2660 1603 2802 1641 nunc
2860 1587 3150 1651 discimus,
3205 1588 3429 1641 alteram
3472 1585 3642 1640 Paulo

2074 1680 2408 1749 suppositam
2448 1680 2640 1744 fuisse,
2690 1694 2889 1747 nempe
2942 1680 3009 1731 ad
3042 1678 3451 1743 Alexandrinos,
3485 1680 3642 1748 cujus

404 1787 581 1841 Pauli
607 1786 866 1851 Epistolas
888 1800 1238 1848 enumerasse,
1270 1800 1369 1836 non
1416 1796 1617 1852 recepta
1665 1786 1717 1838 in
1758 1802 1962 1839 censum

2069 1770 2252 1825 nescio
2280 1787 2347 1823 an
2368 1769 2658 1839 quisquam
2683 1770 2823 1823 alius
2849 1769 3173 1822 meminerit.
3194 1770 3331 1823 Cum
3353 1786 3479 1823 vero
3505 1772 3641 1838 Apu-

400 1898 536 1949 quc
564 1890 639 1932 est
660 1880 726 1930 ad
756 1877 1026 1931 Hebraeos.
1077 1875 1169 1929 Ille
1194 1892 1408 1944 quoque
1454 1876 1565 1929 lucc
1614 1876 1679 1929 ab
1732 1876 1962 1932 Eusebio

401 1971 612 2025 hausit.
650 1968 914 2023 Ceeterum
943 1982 1046 2019 non
1078 1975 1163 2019 est
1187 1965 1348 2032 hujus
1386 1964 1490 2017 loci
1514 1979 1813 2027 recensere,
1840 1964 1963 2033 qui-

402 2063 507 2115 bus
537 2062 865 2116 auctoribus
887 2071 942 2112 et
964 2058 1263 2111 rationibus
1298 2057 1351 2108 iu
1379 2056 1653 2113 Canoncm
1685 2072 1962 2109 sacrarum

418 2151 818 2219 Scripturarum
868 2149 1057 2204 merito
1104 2156 1324 2216 recepta
1363 2146 1553 2200 deinde
1602 2145 1670 2199 ab
1711 2148 1965 2200 omnibus

413 2244 573 2297 fuerit
603 2242 853 2312 Epistula
891 2242 956 2294 ad
982 2239 1256 2301 Hebrtcos,
1292 2238 1359 2292 de
1391 2254 1498 2306 qua
1552 2238 1689 2290 idem
1743 2251 1965 2292 sanctus

402 2334 763 2402 Hieronymus
825 2333 891 2384 ad
939 2329 1226 2399 Evagrium
1273 2328 1535 2393 scribens,
1584 2328 1745 2382 dicit:
1794 2327 1965 2392 Quam

397 2442 575 2477 omnes
600 2423 771 2477 (ἓνωεὶ
790 2423 1047 2492 recipiunt
1064 2433 1109 2476 et
1124 2422 1359 2475 nonnulli
1380 2420 1705 2473 Latinorum.
1727 2421 1802 2474 Ita
1819 2436 1966 2489 qua:—

395 2519 633 2571 stionem
662 2517 803 2570 hanc
827 2516 941 2585 jam
967 2515 1059 2569 ditt
1090 2524 1375 2571 versarunt
1403 2529 1467 2568 ac
1496 2514 1836 2568 illustrarunt
1865 2515 1963 2567 viri

390 2610 728 2672 doctissimi,
757 2618 817 2662 ut
845 2624 1041 2664 rursus
1074 2610 1317 2665 eamdem
1358 2611 1560 2680 agitare
1589 2608 1743 2674 velle,
1772 2622 1961 2678 super-

394 2716 701 2756 vacaneum
728 2701 883 2755 foret.
1866 2758 1877 2769 ,

472 2811 491 2843 ι
514 2792 651 2845 Illud
669 2792 811 2861 quod
830 2792 898 2847 ad
916 2808 1000 2847 me
1015 2802 1241 2864 spectat,
1260 2792 1478 2862 arripio.
1498 2790 1812 2862 Hippolytus
1827 2805 1963 2860 quo-

392 2899 500 2951 que
530 2882 857 2938 Portuensis
885 2884 1194 2954 episcopus,
1223 2885 1337 2939 Caii
1370 2900 1533 2953 supra
1553 2885 1753 2938 laudati
1780 2898 1963 2951 requa-

389 2973 483 3036 lis,
518 2972 719 3028 Pbotio
744 2984 883 3029 teste
909 2974 976 3037 ’°,
1003 2974 1475 3043 sensitEpistolam
1497 2975 1565 3026 ad
1588 2973 1833 3027 Ilebrteos
1861 2988 1961 3025 non

390 3081 502 3117 esse
564 3064 729 3118 Pauli
778 3066 1025 3135 apostoli.
1082 3065 1195 3120 lmo
1236 3081 1305 3119 ne
1364 3066 1697 3135 temporibus
1742 3065 1959 3135 quidem

2066 1862 2318 1931 calypsim
2342 1860 2520 1922 Pauli,
2554 1860 2930 1929 abAugustino
2956 1869 3010 1913 et
3044 1860 3346 1915 Sozomeno
3372 1876 3642 1915 memora-

2067 1963 2200 2018 tam,
2237 1953 2471 2021 scriptor
2500 1952 2587 2005 hic
2620 1966 2962 2019 nequaquam
3001 1961 3312 2017 recenseat;
3346 1953 3637 2005 conlirma-

2069 2055 2154 2100 tur
2192 2045 2457 2098 sententia
2481 2042 2707 2096 Joannis
2729 2044 2937 2096 Ernesti
2971 2042 3178 2105 Grabii,
3208 2044 3300 2111 qui
3350 2044 3563 2097 censuit
3589 2045 3634 2075 9'

2066 2138 2309 2206 erupisse
2343 2136 2484 2189 hanc
2519 2135 2877 2204 imposturam
2912 2136 3120 2188 szeculo
3152 2136 3417 2189 duntaxat
3453 2135 3640 2191 Eccle-

2066 2228 2161 2282 sia:
2181 2228 2505 2281 Christianae
2528 2243 2603 2281 tv.
2639 2224 2736 2279 Hic
2764 2241 2981 2295 quoque
3016 2226 3200 2279 videas
3235 2227 3525 2281 memorari
3572 2227 3640 2280 li-

2068 2318 2215 2370 brum
2252 2317 2589 2371 Psalmorum
2620 2334 2651 2371 a
2688 2316 2977 2371 Valentino
3001 2318 3365 2372 bzeresiarcha
3396 2319 3641 2374 elabora-

2066 2421 2199 2464 tum.
2228 2409 2380 2465 Unus
2413 2409 2798 2474 Tertullianus,
2834 2410 2979 2479 quod
3012 2411 3204 2473 sciam,
3275 2411 3409 2465 istos
3432 2410 3641 2465 indica-

2066 2503 2161 2569 vit,
2192 2503 2435 2557 scribens
2455 2502 2519 2555 ⁹⁸ε
2545 2501 2711 2555 Nobis
2728 2519 2927 2572 quoque
2948 2506 3015 2554 ad
3032 2502 3165 2554 hanc
3191 2504 3407 2570 speciem
3436 2502 3638 2556 Psalmi

2065 2597 2561 2665 patrocinabantur,
2591 2613 2695 2649 non
2727 2596 2936 2664 quidem
2970 2606 3227 2664 apostata:
3250 2606 3297 2648 et
3327 2597 3558 2649 hwretici
3588 2610 3636 2649 et

2066 2684 2335 2741 Platonici
2368 2687 2655 2752 Valentini,
2706 2687 2796 2742 sed
2846 2689 3169 2741 sanctissimi
3213 2698 3262 2741 et
3296 2691 3639 2757 receptissimi

2064 2780 2327 2849 propheta:
2350 2778 2539 2833 David.
2574 2780 2707 2845 Quis
2736 2794 2862 2834 vero
2897 2778 3060 2833 fuerit
3085 2778 3353 2834 Miltiades
3383 2781 3470 2835 ille
3524 2782 3636 2835 bte-

2066 2872 2287 2937 reticus,
2320 2872 2434 2927 sive
2466 2870 2736 2924 Miltiades
2762 2872 2921 2940 cujus
2947 2884 3030 2925 est
3053 2873 3260 2926 mentio
3285 2873 3337 2925 in
3366 2872 3467 2926 hoc
3494 2870 3637 2941 frag-

2066 2973 2268 3026 mento,
2306 2964 2551 3018 divinent
2583 2964 2695 3017 alii.
2727 2962 2980 3018 Profecto
3007 2979 3116 3017 non
3171 2962 3336 3017 fuerit
3364 2962 3635 3017 Miltiades

2068 3057 2275 3123 rhetor,
2300 3056 2369 3111 ab
2396 3055 2632 3112 Eusebio
2662 3072 2725 3111 ac
2751 3055 3081 3128 Hieronymo
3106 3057 3383 3123 laudatus,
3413 3058 3506 3128 qui
3534 3058 3637 3112 sub

388 3155 570 3209 sancti
594 3131 912 3226 Hieronymi
936 3155 1177 3209 Romana
1202 3154 1444 3212 Ecclesia
1469 3131 1611 3209 illam
1643 3131 1783 3209 inter
1803 3170 1957 3211 cano.
1984 3131 2029 3189 θ
2060 3148 2334 3203 Antonino
2366 3147 2665 3204 Commodo
2684 3149 2851 3203 multa
2882 3149 3099 3218 scripsit
3138 3165 3235 3218 pro
3260 3150 3520 3204 catholica
3546 3148 3639 3204 Ec-

386 3249 546 3302 nieas
577 3249 830 3317 Apostoli
861 3247 1014 3303 Pauli
1044 3248 1313 3318 Epistolas
1334 3257 1625 3317 receperat.
1666 3246 1801 3302 Cum
1833 3262 1962 3318 ergo

384 3357 508 3394 eam
542 3342 797 3395 omiserit
848 3341 1015 3396 Caius
1074 3342 1349 3411 presbyter
1398 3341 1695 3403 Romanus,
1731 3340 1962 3408 scriptor

390 3433 838 3502 antiquissimus,
870 3443 1092 3487 eteteras
1136 3447 1453 3497 recensens;
1492 3433 1606 3486 veri
1648 3433 1859 3485 videtur
1882 3433 1959 3484 si-

394 3524 513 3577 mile
553 3524 731 3578 eidem
758 3524 893 3579 Caio
916 3525 1255 3577 tribuendum
1289 3538 1409 3577 esse
1437 3521 1797 3593 fragmentum
1821 3522 1961 3577 infra

390 3617 781 3686 evulgandum,
809 3618 864 3671 in
894 3634 1003 3687 quo
1024 3618 1437 3687 praetermissam
1466 3617 1620 3685 plane
1638 3616 1819 3670 videas
1835 3615 1961 3685 Epi‘

388 3708 582 3760 stolam
604 3708 677 3762 ad
709 3708 967 3762 Hebraeos
983 3711 1048 3761 ³¹.
1078 3708 1293 3763 Accedit
1346 3716 1400 3762 et
1433 3708 1661 3760 alterum
1686 3707 1961 3762 robustius

376 3798 1062 3867 argumentumJlemorat
1075 3800 1163 3854 hic
1182 3800 1463 3868 scriptor"
1478 3799 1737 3853 celebrem
1754 3796 1962 3855 Herma:

380 3891 617 3955 librum,
640 3890 797 3944 titulo
824 3890 1063 3944 Pastoris
1079 3891 1418 3959 inscriptum,
1439 3890 1524 3943 his
1541 3890 1718 3943 verbis
1738 3910 1749 3942 :
1766 3889 1961 3944 Pasto-

380 3998 491 4033 rem
507 3998 633 4035 τενο
660 3997 959 4037 ΒΕΡΕΒΠΙΙΕ
988 3998 1317 4037 ΤΕἎΙΡΟΒΙΒυὸ
1332 3996 1553 4036 NOSTBIS
1571 3982 1623 4033 in
1655 3982 1778 4035 urbe
1794 3981 1959 4035 Roma

377 4073 595 4127 Henna
631 4076 959 4143 conscripsit,
1005 4078 1210 4129 sedente
1243 4077 1294 4128 in
1328 4076 1575 4128 cathedra
1602 4073 1745 4127 urbis
1784 4074 1961 4129 Romae

374 4162 649 4218 Ecclesia:
680 4162 781 4216 Pio
819 4164 1076 4231 episcopo,
1118 4163 1283 4231 fratre
1303 4164 1437 4230 ejus.
1470 4159 1588 4214 Jam
1624 4161 1760 4213 inter
1775 4160 1958 4213 erudi-

372 4264 468 4309 tos
495 4263 735 4318 constat,
764 4252 1018 4308 Hennam
1071 4252 1317 4308 ﬂoruisse
1348 4254 1415 4307 ad
1461 4253 1740 4307 dimidium
1778 4251 1959 4306 surculi

372 4362 405 4401 a
457 4344 690 4399 Christo
722 4356 847 4400 nato
879 4346 1120 4401 secundi.
1156 4345 1220 4399 Et
1249 4354 1395 4402 certe
1429 4346 1473 4400 si
1506 4357 1633 4399 tunc
1658 4344 1959 4399 Romanam

2064 3243 2246 3298 clesia.
2279 3244 2390 3313 Age
2411 3258 2540 3298 vero
2561 3242 2673 3312 jam
2698 3242 3039 3312 proferamus
3062 3242 3423 3313 fragmentum
3458 3244 3636 3313 ipsum

2061 3351 2091 3391 e
2112 3336 2484 3390 vetustissimo
2510 3335 2697 3389 codice
2723 3334 3087 3390 Ambrosiano
3104 3336 3446 3405 decerptum,
3475 3345 3637 3405 atque

2062 3428 2195 3484 illud
2212 3429 2549 3484 eruditorum
2575 3431 2818 3484 omnium
2836 3430 3074 3484 examini
3105 3431 3481 3500 subjiciamus,
3516 3432 3635 3485 nul-

2063 3521 2174 3574 lum
2204 3520 2468 3575 demendo
2496 3536 2563 3575 ex
2594 3521 2899 3587 erroribus,
2925 3522 3124 3591 quibus
3152 3522 3501 3577 librariorum
3535 3525 3636 3577 im-

2060 3614 2249 3683 peritia
2264 3613 2582 3682 scripturam
2604 3615 2866 3670 saturavit
2882 3624 3043 3684 atque
3060 3615 3304 3682 ftedavit,
3323 3632 3635 3686 quanquam

2061 3704 2195 3759 nihil
2225 3705 2488 3759 iiobstent
2504 3707 2798 3775 quominus
2822 3707 3055 3777 pretium
3090 3708 3169 3763 rei
3198 3708 3582 3780 intelligamus.
3611 3730 3629 3759 υ

2062 3794 2178 3851 Huc
2206 3813 2377 3867 usque
2403 3799 2754 3854 doctissimus
2795 3799 3145 3856 Muratorius.

2130 3886 2221 3943 Ν.
2251 3888 2380 3944 Post
2406 3891 2539 3944 tanti
2569 3891 2671 3944 viri
2704 3892 2966 3961 judicium
2999 3893 3159 3947 liceat
3195 3902 3250 3947 et
3282 3894 3455 3949 nobis‘
3495 3910 3635 3948 nona

2063 3980 2239 4035 nullas
2268 3981 2677 4036 observationes
2707 3983 2964 4052 adjicere,
2988 3984 3187 4052 quibus
3218 3984 3335 4053 ejus
3367 3986 3632 4039 sententia

2062 4073 2235 4141 magis
2266 4073 2549 4143 magisque
2582 4074 2847 4130 firmetur.
2885 4075 2948 4130 Et
2973 4076 3209 4146 primum
3251 4076 3467 4145 quidem
3502 4078 3632 4131 illud

2061 4164 2414 4231 advertimus,
2449 4165 2739 4237 fragmenti
2773 4178 3054 4222 auctorem
3088 4183 3155 4222 ex
3188 4182 3253 4220 eo
3291 4168 3436 4237 quod
3490 4170 3630 4222 haud

2061 4268 2347 4312 recenseat
2382 4259 2522 4313 inter
2558 4258 2867 4329 Scripturas
2896 4260 3186 4314 canonicas
3215 4258 3509 4329 Epistulam
3566 4262 3633 4315 ad

2060 4345 2339 4413 chrmos,
2368 4351 2609 4419 apprime
2661 4349 2865 4405 referre
2902 4350 3015 4404 sive
3047 4351 3283 4405 sodalem
3329 4353 3440 4406 sive
3466 4353 3631 4407 disci-

369 4436 707 4493 Cathedram
736 4439 905 4495 tenuit
930 4437 1099 4493 Piusl
1130 4454 1288 4507 papa,
1314 4438 1461 4492 illius
1483 4438 1667 4503 frater,
1690 4437 1736 4491 is
1759 4436 1955 4489 librum
1988 4477 2031 4530 Β
2061 4442 2243 4510 pulum
2278 4444 2483 4508 lrenzci,
2544 4442 2737 4497 Caium
2792 4443 3049 4496 nimirum
3087 4442 3343 4498 Ecclesia:
3375 4444 3633 4498 Romanm

377 4529 637 4583 Pastoris
685 4531 968 4598 scripsisse
1022 4531 1283 4585 dicendus
1336 4538 1419 4585 est
1476 4530 1693 4585 circiter
1748 4545 1951 4584 annum

372 4622 591 4676 Christi
629 4622 750 4675 150.
785 4624 853 4677 At
878 4639 979 4677 nos
1019 4640 1183 4692 supra
1211 4623 1470 4689 vidimus,
1504 4621 1693 4676 Caium
1752 4621 1953 4675 Roma-

371 4727 520 4764 num
582 4710 955 4781 presbyterum
987 4713 1190 4768 vixisse
1224 4713 1439 4767 circiter
1486 4727 1688 4765 annmn
1744 4711 1866 4779 196,
1900 4720 1954 4766 et

372 4803 522 4857 nihil
556 4804 756 4869 obstat,
791 4805 927 4874 quin
962 4814 1120 4860 antea
1168 4806 1285 4860 haec
1317 4805 1612 4875 scripserit.
1644 4805 1711 4859 At
1737 4806 1953 4875 quando

372 4894 678 4965 fragmenti
708 4905 896 4950 auctor
922 4907 1170 4963 testatur,
1201 4897 1453 4952 Hermam
1490 4900 1782 4967 nuperrime
1819 4908 1951 4952 tem-

373 4988 602 5054 poribus
628 4990 822 5041 nostris
845 4989 1043 5043 librum
1064 4990 1306 5045 Pastoris
1328 4990 1733 5059 conscripsisse,
1768 5006 1956 5059 quem—

374 5096 510 5133 nam
542 5082 900 5149 opportunius
947 5098 1109 5152 quam
1158 5083 1407 5139 eumdem
1434 5083 1623 5139 Caium
1676 5084 1959 5155 fragmenti

374 5172 562 5241 ipsius
598 5184 869 5241 parentem
926 5174 1094 5231 fuisse
1136 5177 1444 5246 conjicias?
1488 5175 1727 5230 Tandem
1772 5179 1957 5232 scribit

373 5262 674 5333 fragmenti
713 5274 903 5319 auctor
932 5265 1009 5321 "z
1046 5269 1417 5338 Apocalypsim
1461 5268 1622 5320 etiam
1654 5266 1877 5320 Joannis
1907 5278 1955 5323 et

371 5357 556 5419 Petri,
577 5366 778 5411 tantum
803 5360 1102 5428 recipimus,
1130 5377 1287 5430 quam
1313 5361 1525 5430 quidam
1539 5377 1603 5415 ex
1629 5362 1820 5415 nostris
1846 5360 1947 5431 legi

369 5450 431 5501 in
466 5446 703 5502 Ecclesia
730 5450 934 5503 nolunt.
973 5450 1137 5507 Recte
1159 5452 1275 5507 haec
1302 5452 1358 5505 in
1385 5451 1505 5506 Caii
1539 5463 1781 5521 tempora
1812 5468 1943 5507 con-

450 5556 752 5633 tif-Hieron.
798 5559 875 5615 De
892 5562 1004 5633 δὴ.
1038 5563 1257 5629 illustr.,
1285 5580 1402 5633 cap.
1438 5564 1524 5618 59-

368 5627 421 5700 33
447 5625 582 5681 Ibid.
629 5628 656 5700 ς
691 5631 743 5684 4.

374 5695 523 5752 Hier.
553 5695 640 5753 4‘2.

727 5702 771 5731 "
810 5701 998 5765 Grab.,
1050 5702 1233 5773 Spicil.
1282 5715 1413 5759 tom.
1440 5704 1480 5771 l,

369 5768 507 5820 252.

615 5771 630 5800 ¹
660 5769 852 5843 Philip.
877 5789 951 5837 tv,
976 5774 1030 5828 '5.

1522 5723 1572 5774 p.
1608 5706 1693 5787 8i.
1726 5707 1770 5787 ξ’
1795 5707 2169 5787 ξι¹ρινξυ¹Ι-1.,-Ιίιξ.
2206 5711 2461 5787 υςῌςδγη.
2499 5716 2650 5781 Chr.,
2684 5732 2800 5787 cap.
2842 5716 2930 5771 20.

1135 5779 1152 5806 ²
1178 5776 1346 5831 Clem.
1394 5775 1573 5845 Rom.,
1604 5780 1757 5847 epist.
1795 5782 1815 5834 t
1855 5780 1920 5835 ad
1948 5781 2217 5851 Corinth.,
2249 5784 2315 5837 56

2060 4536 2457 4603 presbyterum,
2514 4545 2571 4589 ut
2616 4535 2869 4604 superius
2923 4535 3297 4603 Zostendimus.
3349 4535 3629 4606 Siquidem

2062 4637 2283 4680 sanctus
2309 4628 2396 4681 ille
2452 4625 2832 4697 Lugdunensis
2887 4628 3134 4693 antistes,
3176 4637 3310 4683 teste
3357 4627 3630 4696 Stephano

2060 4718 2526 4775 Gobarotritheita
2556 4721 2698 4789 apud
2737 4720 2989 4777 Pbotium
3026 4720 3094 4785 ’9,
3140 4721 3385 4781 eamdem
3411 4721 3628 4789 Episto-

2060 4812 2166 4866 lam
2203 4814 2424 4881 perinde
2453 4830 2561 4867 non
2595 4815 2932 4870 admittebat.
2975 4812 3073 4868 Hic
3104 4822 3282 4867 tamen
3308 4813 3448 4867 haud
3477 4813 3628 4866 omit-

2059 4905 2280 4958 tendum
2309 4906 2542 4971 edicere,
2566 4922 2595 4960 a
2622 4908 2812 4976 primis
2835 4906 3162 4961 Christiana:
3183 4905 3458 4975 religionis
3492 4913 3623 4958 tem-

2060 4997 2285 5065 poribus
2313 4996 2643 5052 Clementem
2671 4997 2975 5054 Romanum
3010 4999 3160 5053 Pauli
3185 4998 3411 5068 apostoli
3441 5012 3628 5067 συνερ-

2060 5088 2154 5157 γόν
2187 5089 2226 5153 ί,
2252 5088 2494 5158 adeoque
2518 5088 2818 5143 Romanam
2852 5089 3171 5155 Ecclesiam,
3196 5088 3515 5144 canonicam
3562 5087 3626 5139 il-

2060 5181 2167 5236 lius
2201 5181 2455 5250 Epistola:
2482 5184 2860 5239 anetoritatem
2880 5186 3174 5255 agnovisse
3200 5185 3253 5237 ἐ
3285 5183 3428 5253 quod
3456 5183 3626 5239 miror

2060 5274 2865 5344 sacrosinterpreteshactenus
2893 5278 3236 5347 praeteriisse.
3273 5276 3328 5330 Si
3357 5276 3624 5347 ejusmodi

2054 5363 2415 5434 fragmentum
2452 5367 2673 5423 ineunte
2726 5370 2829 5424 hoc
2885 5370 3083 5424 saeculo
3130 5370 3184 5423 in
3226 5369 3401 5424 lucem
3437 5368 3627 5422 fuisset

2054 5458 2280 5524 editum,
2305 5459 2486 5514 nullus
2524 5460 2712 5515 dubito
2738 5464 2870 5531 quin
2901 5460 3031 5515 illud
3068 5462 3121 5515 in
3155 5476 3285 5516 suos
3328 5477 3459 5516 usus
3491 5474 3625 5513 con-

1604 5565 1649 5597 ⁹⁰
1678 5564 1859 5627 Phot.,
1888 5565 2024 5622 Bibl.
2052 5570 2174 5624 cod.
2209 5571 2330 5625 121.

820 5634 866 5702 ξι
892 5629 1109 5699 Euseb.,
1142 5634 1279 5688 Hist.
1316 5629 1446 5689 cccl.
1480 5635 1568 5688 lib.
1603 5652 1683 5699 in,
1719 5652 1836 5702 cap.
1901 5638 1991 5692 25.

2426 5574 2480 5646 f‘}_
2507 5570 2627 5627 Vid.
2663 5573 2789 5626 infr.
2831 5575 2933 5629 col.
2974 5576 3065 5641 55,
3100 5574 3126 5646 ς
3161 5576 3213 5629 5,
3265 5577 3310 5607 υ
3341 5569 3616 5646 “pyrgi,

2070 5641 2383 5713 ‘fj’SozonL,
2422 5642 2557 5696 Hist.
2616 5645 2747 5698 eccl.
2782 5646 2874 5699 lib.
2905 5663 2999 5711 vti,
3036 5640 3153 5713 cap.
3178 5648 3262 5700 19.
3338 5645 3382 5677 ⁹⁶
3413 5640 3576 5709 Epiph

3057 5718 3296 5782 “Phot.,
3324 5714 3459 5769 Bibl.
3498 5728 3526 5763 ι-
