3990 6214
398 316 469 370 23
1574 311 1708 368 CAII
1748 312 2013 367 ROMANI
2048 309 2473 367 PRESBYTERI
3563 306 3632 362 24

399 428 653 485 vertisset
681 427 926 484 eruditus
952 424 1280 481 Humfredus
1310 423 1535 492 Hodius,
1557 425 1685 480 dum
1708 424 1962 480 librorum
1990 431 2036 488 Α
2065 424 2406 495 consignavit
2432 420 2630 477 Pastor
2671 420 3015 493 inscriptum.
3048 423 3212 477 Docet
3242 420 3404 492 igitur
3430 420 3631 477 Fonta-

400 519 710 574 biblicorum
754 533 1027 572 numerum
1080 533 1143 571 ac
1173 517 1410 570 ordinem
1442 516 1598 586 juxta
1630 516 1973 571 seculorum

396 612 591 668 seriem
621 602 900 681 pertexere
933 609 1182 664 studebat
1205 610 1245 663 ³.
1810 615 1814 621 “
1883 682 1886 686 ι

466 700 603 756 lllud
675 716 892 771 quoque
963 699 1438 755 animadversione
1469 699 1692 771 dignum
1717 699 1974 762 occurrit.

397 805 457 851 ut
501 793 664 849 modo
703 791 956 848 monebat
1001 799 1186 847 noster
1229 791 1439 857 editor,
1482 792 1628 862 quod
1678 791 1970 862 fragmenti

397 887 627 956 scriptor
652 885 678 957 §
702 883 769 939 IV
795 884 1056 939 Miltiadis
1103 882 1340 938 haeretici
1363 883 1692 938 mentionem
1715 883 1924 954 injiciat
1953 923 1967 937 .

398 988 458 1032 ut
496 984 777 1047 propterea
809 990 1022 1045 aequum
1072 971 1236 1028 fuerit
1277 973 1622 1041 existimare,
1667 984 1974 1044 excerptum

400 1073 542 1126 istud
570 1071 636 1125 ad
682 1069 831 1124 illam
865 1067 1287 1136 disputationem
1331 1065 1634 1136 pertinere,
1667 1081 1832 1137 quam
1880 1066 1977 1120 ad-

397 1180 589 1219 versus
613 1161 906 1218 Proculum
948 1161 1416 1232 Cataphrygarum
1460 1168 1784 1215 sectatorem
1810 1159 1975 1214 Caius

401 1256 656 1311 instituit.
695 1254 942 1310 Asterius
983 1254 1128 1308 enim
1155 1253 1409 1308 Urbanus
1451 1253 1593 1322 apud
1628 1251 1921 1308 Eusebium
1952 1250 1974 1284 ⁸

401 1347 504 1402 sub
537 1346 713 1415 ipsum
749 1345 963 1400 initium
990 1346 1167 1415 operis
1201 1344 1347 1415 quod
1375 1345 1640 1402 adversus
1675 1345 1975 1416 Cataphry-

401 1454 496 1510 gas
532 1437 873 1508 composuit,
915 1436 1172 1491 Miltiadis
1206 1436 1454 1492 hmresim
1498 1437 1763 1492 nominat.
1823 1435 1974 1492 Unde

402 1532 760 1588 confirmatur
807 1530 1026 1586 Eusebii
1073 1530 1266 1595 lectio,
1298 1530 1380 1584 'ut
1415 1539 1468 1585 et
1514 1529 1803 1600 Nicephori
1852 1546 1971 1584 eam

400 1621 760 1677 exscribentis
791 1623 834 1686 ⁸,
883 1637 912 1676 a
948 1619 1163 1676 Valesio
1203 1628 1256 1676 et
1286 1620 1475 1691 Laugo
1511 1621 1836 1688 sollicitata,
1877 1622 1969 1691 qui

401 1716 524 1770 loco
584 1713 848 1768 Miltiadis
899 1714 1337 1770 substituendum
1395 1714 1723 1770 Alcibiadem
1781 1714 1971 1770 existi-

401 1815 574 1862 mant.
614 1805 800 1876 Neque
842 1806 998 1861 aliter
1033 1805 1341 1861 Dodwellus
1375 1806 1417 1873 ⁸,
1447 1805 1573 1862 licet
1613 1807 1774 1861 aliam
1812 1806 1974 1876 hujus
2005 1782 2046 1836 Β

401 1899 507 1954 1οοὶ
539 1914 758 1954 causam
785 1909 838 1953 et
872 1899 1139 1954 rationem
1170 1899 1335 1954 ineat.

477 1991 615 2046 Sunt
645 2001 902 2061 praatcrea
936 1999 1128 2047 notatu
1154 1991 1311 2060 plane
1343 1989 1663 2062 dignissima
1684 2031 1698 2056 ,
1728 2003 1848 2060 quae
1877 2003 1973 2044 eo-

403 2081 524 2137 dem
565 2080 593 2152 §
637 2079 729 2144 ιγ,
778 2082 1048 2136 memoriae
1109 2081 1346 2152 prodidit
1394 2081 1683 2152 fragmenti
1730 2089 1971 2136 auctor:

401 2173 715 2232 PASTOREII,
739 2172 949 2242 inquit,
993 2173 1288 2241 nuperrime
1331 2174 1645 2241 temporibus
1685 2173 1876 2226 nostris
1919 2171 1975 2223 in

402 2261 529 2317 urbe
555 2259 722 2318 Roma
753 2259 950 2314 Herma
981 2261 1326 2329 conscripsit,
1359 2261 1563 2316 sedente
1602 2262 1851 2315 cathedra
1879 2279 1974 2314 ur-

405 2355 482 2408 bis
516 2353 691 2408 Romae
725 2352 974 2407 Ecclesia:
1004 2352 1106 2406 Pio
1141 2354 1379 2423 episcopo
1411 2353 1577 2422 fratre
1597 2353 1728 2422 ejus.
1764 2352 1975 2419 Quibus

401 2445 583 2501 verbis
612 2445 722 2500 vim
758 2445 940 2500 inesse
990 2444 1286 2499 maximam
1326 2443 1450 2514 jure
1481 2445 1693 2500 censuit
1721 2444 1977 2500 eruditis-

404 2539 581 2593 simus
611 2537 807 2592 editor.
843 2536 971 2603 Sed,
997 2544 1058 2591 ut
1091 2551 1219 2592 vere
1249 2535 1450 2602 dicam,
1479 2544 1563 2591 est
1594 2537 1647 2590 in
1678 2536 1781 2591 loci
1815 2535 1977 2605 hujus

402 2629 846 2702 interpretatione
897 2627 1265 2684 Muratoriana
1288 2668 1302 2692 ,
1339 2629 1485 2699 quod
1521 2643 1630 2683 non
1668 2630 1800 2685 satis
1831 2645 1980 2685 asse-

409 2737 571 2791 quor.
611 2721 836 2776 Videtur
890 2721 1035 2775 enim
1081 2721 1196 2790 ipse
1241 2721 1403 2776 allata
1451 2722 1614 2776 verba
1665 2722 1731 2776 de
1779 2721 1978 2776 Herma

402 2829 524 2866 uro
571 2813 872 2883 apostolico
906 2812 1210 2882 accepisse,
1242 2813 1470 2882 ejusque
1509 2813 1812 2882 respexisse
1844 2829 1979 2884 opus

405 2903 552 2972 quod
575 2905 875 2958 etiamnum
904 2912 1142 2972 superat,
1171 2904 1328 2959 titulo
1359 2904 1602 2959 Pastoris
1635 2906 1976 2977 inscriptum.

407 2992 639 3054 tn'hanc
671 3002 850 3050 autem
873 2996 1196 3049 sententiam
1227 3011 1294 3050 ex
1328 3010 1394 3050 eo
1426 2996 1767 3065 potissimum
1809 2997 1980 3052 addu-

2080 514 2242 571 ninus
2263 531 2330 570 ex
2357 515 2613 587 Catalogo
2645 515 2982 571 Bucheriano
3004 553 3021 581 ,
3051 513 3339 569 Anastasio
3369 513 3630 584 aliisque,

2078 605 2384 662 Hermetem
2415 607 2496 662 Pii
2528 607 2750 664 fratrem
2780 607 2979 662 librum
3023 605 3332 676 scripsisse,
3371 620 3516 660 nunc
3535 606 3631 660 de-

2076 701 2380 770 perditum,
2421 701 2486 754 de
2535 700 2791 756 Paschate
2821 701 2909 755 die
2947 699 3228 753 Dominico
3274 697 3623 763 celebrando,

2077 795 2132 848 in
2169 810 2268 863 quo
2307 791 2619 845 mandatum
2656 789 3018 845 continebatur
3055 788 3192 860 quod
3229 788 3279 841 ei
3320 797 3630 857 pra-ceperat

2077 885 2335 956 Angelus,
2363 901 2479 938 cum
2514 885 2649 937 venit
2679 883 2747 936 ad
2766 899 2882 937 eum
2907 884 2962 936 in
2985 881 3170 936 habitu
3198 883 3446 950 pastoris.
3481 880 3632 935 Unde

2078 978 2154 1033 illi
2186 978 2252 1032 ab
2283 977 2525 1048 angelico
2557 976 2777 1030 Pastore
2806 975 2960 1044 cujus
2988 975 3162 1029 visum
3195 974 3250 1027 in
3282 989 3381 1030 suo
3402 973 3465 1028 de
3497 972 3634 1027 Pas-

2076 1070 2225 1124 chate
2257 1069 2396 1124 libro
2429 1068 2734 1132 enarravit,
2775 1075 2961 1137 postea
3000 1077 3417 1138 cognomentum
3448 1067 3632 1122 adhae-

2077 1161 2181 1227 sit,
2208 1161 2488 1231 dictusque
2523 1160 2646 1215 inde
3007 1149 3014 1156 ’

2146 1252 2422 1323 Angelicus
2451 1253 2666 1317 Pastor,
2695 1254 2820 1323 quia
2852 1253 3052 1307 tradita
3091 1257 3242 1308 verba
3280 1253 3486 1308 locutus
3507 1292 3524 1318 ,

2075 1353 2134 1399 ut
2161 1344 2731 1400 canitvetustissimus
2765 1344 3000 1415 scriptor
3033 1345 3293 1413 poematis
3327 1346 3378 1400 in
3402 1344 3633 1400 Marcio-

2073 1452 2197 1492 nem
2223 1437 2324 1492 sub
2361 1436 2520 1493 linem
2545 1437 2667 1492 libri
2700 1453 2779 1491 Ill.
2805 1436 2931 1494 Haec
2965 1438 3180 1508 aliaque
3206 1439 3356 1508 plura
3393 1440 3444 1494 in
3483 1454 3633 1494 eam-

2071 1529 2192 1583 dem
2241 1529 2560 1583 sententiam
2610 1530 2860 1584 laudatus
2915 1529 3000 1584 vir
3047 1529 3316 1584 eruditus.
3363 1529 3632 1585 Habemus

2072 1618 2237 1688 igitur
2264 1619 2512 1674 Hermem
2529 1618 2608 1674 Pii
2635 1619 2655 1672 Ι
2683 1619 2924 1686 fratrem,
2956 1630 3319 1691 cognomento
3341 1621 3630 1688 Pastorem,

2074 1713 2167 1782 qui
2197 1712 2397 1766 librum
2432 1713 2496 1766 de
2520 1711 2778 1767 Paschatc
2807 1713 3043 1782 scripsit.

2141 1802 2212 1858 At
2249 1805 2392 1858 enim
2431 1803 2720 1876 fragmenti
2763 1811 2954 1860 auctor
2984 1818 3092 1860 non
3121 1803 3377 1860 Hermam
3418 1804 3507 1859 cui
3534 1819 3634 1859 no-

2073 1911 2196 1950 men
2226 1897 2456 1951 inditum
2487 1895 2696 1962 Pastor,
2732 1897 2826 1953 sed
2856 1896 3108 1952 Hermam
3140 1897 3380 1952 Pastoris
3410 1897 3638 1967 scripto-

2073 2003 2188 2043 rem
2234 1989 2486 2058 appellat.
2526 1987 2626 2044 Cui
2659 1989 2873 2059 quidem
2907 1989 3198 2060 objectioni
3246 1997 3307 2043 ut
3347 1989 3442 2044 fiat
3467 1989 3634 2052 satis,

2075 2081 2206 2137 illud
2239 2098 2406 2136 unum
2434 2082 2748 2153 reponimus
2779 2082 2924 2153 quod
2961 2082 3028 2137 de
3047 2080 3258 2138 Hermas
3285 2081 3504 2137 Pastore
3537 2097 3637 2136 nos

2075 2173 2200 2227 alibi
2236 2173 2440 2229 dixisse
2462 2174 2831 2229 meminimus.
2855 2172 3118 2229 Nimirum
3140 2216 3155 2241 ,
3179 2175 3635 2244 quemadmodum

2073 2267 2175 2321 viri
2225 2267 2507 2337 apostolici
2549 2281 2686 2337 opus
2724 2267 2963 2336 antiquis
3008 2266 3261 2322 Patribus
3301 2265 3495 2321 Pastor
3539 2281 3636 2321 seu

2076 2358 2208 2414 liber
2229 2358 2473 2413 Pastoris
2503 2359 2800 2429 appellatus
2827 2357 2947 2424 fuit,
2980 2358 3105 2413 inde
3132 2357 3362 2414 fortasse
3393 2357 3635 2414 derivata

2075 2447 2516 2503 denominatione
2567 2447 2917 2518 huiusmodi,
2972 2447 3116 2519 quod
3177 2447 3231 2502 in
3296 2455 3410 2503 toto
3467 2446 3637 2503 ferme

2076 2555 2240 2611 opere
2254 2539 2449 2596 Pastor
2482 2541 2755 2596 inducitur
2780 2539 3032 2596 Hermam
3071 2539 3351 2610 alloquens
3381 2547 3435 2595 ct
3462 2538 3638 2593 inforo

2077 2649 2232 2688 mans
2263 2651 2275 2684 :
2306 2635 2377 2687 ita
2404 2649 2620 2704 quoque
2660 2632 2976 2703 contigerit,
3011 2640 3071 2687 ut
3109 2641 3163 2688 et
3199 2630 3467 2686 Hermetis
3500 2631 3638 2685 liber

2077 2725 2140 2779 de
2157 2723 2416 2778 Paschate
2433 2723 2613 2788 fuerit,
2634 2723 2911 2778 nonnullis
2936 2722 3148 2786 saltem,
3177 2721 3374 2776 Pastor
3397 2720 3640 2776 nomina-

2078 2825 2166 2870 tus
2191 2833 2206 2882 ;
2231 2816 2358 2884 quia
2394 2815 2540 2868 illius
2567 2821 2758 2869 auctor
2783 2814 2847 2868 de
2873 2812 2939 2866 iis
2961 2813 3202 2882 scripsit,
3235 2828 3351 2882 qua:
3372 2812 3419 2865 ei
3440 2826 3635 2880 praece-

2077 2909 2156 2978 pit
2189 2907 2416 2978 Angelus
2439 2946 2454 2971 ,
2491 2923 2609 2960 cum
2637 2906 2772 2961 venit
2802 2906 2871 2959 ad
2900 2922 3018 2960 eum
3051 2905 3106 2958 in
3139 2904 3324 2958 habitu
3355 2901 3593 2956 Pastoris
3618 2941 3634 2967 ,

2078 3007 2138 3053 ut
2175 2998 2334 3053 habet
2370 2997 2658 3067 Catalogus
2699 2995 2743 3049 ll
2786 2995 3232 3068 Henschenianus
3268 3009 3283 3046 :
3333 2993 3474 3048 unde
3527 3006 3636 3047 non

407 3101 521 3151 cor,
557 3086 704 3156 quod
734 3084 798 3141 V.
823 3085 884 3140 C.
919 3085 1070 3140 illum
1115 3085 1326 3142 Hermae
1357 3088 1554 3141 librum
1597 3087 1843 3141 celebrem
1882 3105 1978 3144 vo-
2005 3122 2048 3179 ο
2081 3089 2257 3145 solum
2303 3088 2588 3158 scriptori,
2613 3087 2708 3143 sed
2736 3087 2854 3157 ejus
2887 3087 3050 3141 etiam
3087 3085 3224 3140 libro
3261 3083 3500 3138 Pastoris
3536 3097 3635 3137 no-

409 3188 514 3245 cet,
547 3188 608 3233 ut
636 3194 762 3233 vere
795 3188 878 3234 est
904 3177 1144 3234 Pastoris
1176 3195 1312 3250 Opus
1340 3185 1496 3251 cujus
1523 3190 1713 3235 auctor
1729 3179 1975 3247 Hermas,

408 3271 648 3340 antiquis
691 3269 944 3325 Patribus
994 3271 1224 3326 summis
1255 3271 1508 3330 laudibus
1541 3273 1887 3329 celebratum.
1921 3275 1977 3329 Si

409 3359 678 3430 ejusmodi
707 3361 776 3415 sit
804 3359 1084 3414 Muratorii
1118 3376 1309 3417 sensus
1338 3371 1392 3417 et
1421 3364 1627 3434 opinio,
1661 3364 1712 3418 in
1747 3365 1976 3420 nihilum

414 3451 529 3506 abit
564 3452 684 3522 ejus
715 3462 1078 3524 argumentum
1113 3453 1378 3509 robustius
1411 3469 1431 3507 :
1467 3456 1731 3526 siquidem
1763 3466 1982 3528 aposto-

412 3543 554 3598 licus
585 3541 812 3598 Hermas
843 3558 1019 3614 neque
1062 3542 1153 3598 Pii
1188 3543 1220 3598 Ι
1253 3545 1420 3614 frater
1439 3546 1677 3612 exstitit,
1701 3562 1876 3616 neque
1910 3549 1980 3602 ad

413 3631 693 3685 dimidium
722 3632 901 3686 seculi
929 3650 962 3687 α
992 3631 1200 3688 Christo
1233 3644 1357 3690 nato
1389 3636 1600 3691 secundi
1633 3637 1854 3706 ﬂoruit;
1886 3639 1980 3709 qui

412 3722 672 3778 nimirum
719 3732 939 3779 centum
983 3733 1109 3780 ante
1163 3740 1337 3782 annos
1385 3728 1488 3783 sub
1536 3727 1827 3785 Clementis
1873 3729 1982 3785 Ro-

415 3813 563 3869 mani
600 3815 912 3884 pontilicatu
965 3815 1168 3872 vixisse
1213 3819 1569 3888 comperitur,
1615 3830 1674 3874 ut
1718 3821 1784 3878 ad
1830 3821 1983 3876 volu-

414 3919 538 3958 men
570 3902 592 3957 Ι
621 3903 966 3962 Bibliotheca:
1022 3914 1224 3963 nostra:
1269 3909 1478 3980 prmiati
1523 3926 1714 3968 sumus
1742 3912 1782 3966 ⁷.
1829 3911 1982 3968 Alius

414 3997 580 4068 igitur
619 4001 944 4070 quaerendus
998 4000 1226 4060 Hermas
1281 4005 1367 4060 vel
1418 4004 1688 4075 Hermes,
1738 4009 1831 4078 qui
1887 4025 1983 4065 sze-

414 4089 540 4144 culo
579 4102 620 4142 tt
663 4091 880 4156 clarus,
924 4089 1058 4146 Piil
1102 4091 1270 4148 frater
1301 4092 1494 4162 fuerit,
1538 4097 1738 4167 quique
1782 4098 1980 4154 librum

417 4178 664 4234 Pastoris
703 4181 858 4237 titulo
890 4183 1208 4253 scripserit:
1244 4201 1352 4254 quo
1392 4188 1557 4242 semel
1596 4189 1803 4258 posito,
1837 4188 1982 4260 frag-

417 4271 587 4327 menti
627 4273 868 4342 acephali
901 4285 1177 4330 auctorem
1208 4275 1400 4330 Caium
1438 4293 1559 4333 esse
1593 4287 1822 4335 constet.
1860 4278 1982 4335 Jam

417 4377 550 4418 vero
579 4362 661 4416 vir
691 4363 997 4420 eruditione
1025 4374 1289 4435 praestans
1323 4365 1510 4424 Justus
1542 4367 1877 4426 Fontaninus
1899 4369 1982 4424 lu-

2079 3197 2205 3236 men
2233 3179 2525 3235 inhaaserit.
2559 3177 2684 3233 Haec
2713 3186 2918 3232 tantum
2951 3177 3003 3230 in
3028 3175 3434 3246 praesentiarum
3464 3173 3635 3229 habe-

2080 3287 2224 3337 mus,
2251 3270 2450 3340 quibus
2486 3265 3104 3339 propositaaldillicultati
3126 3278 3498 3319 occurramus.
3531 3261 3636 3317 Ve-

2079 3377 2200 3416 rum
2236 3359 2571 3416 eruditorum
2614 3356 2838 3412 arbitrio
2875 3370 2989 3411 rem
3021 3352 3381 3410 deliniendam
3413 3351 3637 3408 dimitti-

2079 3467 2226 3508 mus.

2149 3545 2416 3600 Caeterum
2470 3542 2628 3598 doleo
2671 3540 2921 3611 equidem
2965 3536 3234 3609 ejusmodi
3277 3536 3638 3606 fragmentum

2077 3653 2198 3694 esse
2229 3637 2385 3692 foedis
2410 3634 2766 3691 deformatum
2799 3633 3094 3688 erroribus.
3128 3630 3232 3686 Sed
3253 3670 3268 3697 ,
3293 3639 3356 3685 ut
3375 3644 3498 3684 cum
3525 3643 3640 3681 ma-

2080 3744 2187 3800 gno
2229 3728 2460 3783 Baronio
2503 3729 2698 3798 loquar
2735 3727 2778 3794 ’,
2815 3724 3070 3798 quidquid
3116 3724 3402 3793 antiquitas
3444 3721 3632 3788 o/fert,

2079 3824 2184 3876 sive
2224 3837 2490 3875 corrosum
2530 3819 2890 3874 mendosumve
2922 3818 3024 3884 sit,
3068 3815 3234 3884 accipi
3278 3822 3445 3866 tamen
3485 3818 3634 3880 grato

2081 3914 2256 3967 animo
2285 3913 2435 3968 solet.

2151 4004 2226 4060 De
2252 4006 2359 4060 alio
2392 4014 2570 4060 autem
2604 4018 2766 4074 opere
2795 4002 2928 4075 Περὶ
2956 4001 3054 4069 τῆς
3079 3997 3174 4052 τοῦ
3203 3995 3399 4058 παντὸς
3429 3993 3634 4057 οὐσίας,

2079 4097 2224 4166 quod
2247 4111 2278 4150 a
2303 4111 2362 4151 se
2387 4097 2643 4166 scriptum
2673 4094 2729 4149 in
2764 4094 2870 4148 line
2894 4090 3200 4161 Labyrinthi
3224 4095 3453 4144 testatur
3474 4087 3638 4142 Caius

2081 4187 2223 4256 apud
2261 4185 2514 4243 Photium
2546 4186 2668 4240 loco
2699 4183 2950 4254 superius
2973 4183 3134 4237 citato
3154 4221 3169 4248 ,
3203 4187 3396 4251 praeter
3424 4193 3489 4234 ea
3518 4192 3638 4248 quae

2080 4276 2222 4332 infra
2254 4277 2480 4333 dicenda
2521 4285 2650 4333 sunt
2687 4275 2780 4332 ubi
2827 4277 2894 4332 de
2927 4274 3200 4346 Hippolyti
3233 4272 3483 4344 scriptis,
3515 4285 3639 4327 con-

2082 4371 2234 4427 sulas
2274 4371 2433 4426 velim
2474 4387 2586 4443 pra:
2621 4369 2816 4427 ceteris
2854 4368 3251 4424 Tillemontium
3285 4367 3349 4434 ⁸ο,
3389 4380 3489 4422 nec
3527 4379 3634 4419 non

420 4454 664 4511 culenter
705 4456 942 4511 ostendit
992 4457 1037 4524 ⁸,
1081 4456 1386 4515 Hermetem
1434 4461 1608 4516 sancti
1643 4460 1723 4516 Pii
1764 4461 1984 4518 fratrem
2015 4462 2060 4519 D
2088 4471 2340 4519 auctores
2380 4463 2635 4520 Historia:
2663 4463 2942 4519 litterario:
2970 4460 3189 4518 Gallicis
3215 4461 3278 4527 “,
3317 4458 3411 4516 sed
3442 4458 3496 4512 in
3527 4455 3639 4526 pri-

419 4547 578 4618 plane
615 4545 889 4602 diversum
933 4561 1056 4603 esse
1101 4550 1170 4605 ab
1205 4549 1402 4607 Herma
1426 4593 1441 4619 ,
1471 4553 1566 4624 qui
1609 4569 1746 4624 opus
1785 4553 1981 4610 litteris

491 4661 511 4694 ⁸
549 4659 707 4743 Had”
737 4661 818 4743 de_
838 4661 1056 4743 Biblior.
1086 4667 1274 4743 tex‘tib.
1306 4667 1500 4738 origin.
1536 4668 1638 4743 lib1
1656 4669 1976 4743 tv,Acap._4,
2003 4685 2125 4743 pag.
2159 4672 2294 4740 644,
2322 4687 2472 4743 seqq.

580 4730 882 4815 '“Iti‘ieephq
910 4731 1044 4815 Hist.
1068 4736 1201 4815 ccci.
1222 4738 1315 4815 lib:
1341 4730 1548 4815 tv:ca_p.
1571 4739 1661 4795 23.
1716 4730 1752 4771 ’⁸
1780 4730 1975 4815 Eadm.
2002 4730 2232 4815 Dissert.
2256 4730 2294 4798 εί
2357 4730 2495 4815 lreh.
2517 4783 2532 4809 ,
2565 4741 2591 4815 §
2627 4742 2695 4815 58
2717 4784 2732 4807 ,
2759 4730 2908 4815 _pat;.
2953 4740 3075 4815 571,

423 4801 560 4883 _l§_ibl.
604 4800 706 4855 PP.
744 4800 1215 4883 tom.m_l,_cap12,
1253 4807 1313 4878 §§
1339 4800 1453 4883 inet
1484 4800 1554 4873 9,
1589 4809 1879 4883 pagg._26,
1913 4811 1980 4866 28
2007 4810 2172 4883 (Patr.
2206 4814 2300 4870 Gr.
2323 4855 2337 4876 ,
2372 4823 2408 4867 ι.
2437 4800 2524 4883 ll).

910 4881 982 4955 μ
1016 4884 1070 4955 et
1097 4881 1150 4940 2,
1173 4881 1438 4955 βεδε-55
1468 4895 1617 4950 seqq.
1693 4883 1714 4913 ⁹
1756 4881 1975 4955 βαι-οη..
2010 4881 2077 4935 ad
2103 4898 2231 4941 ann.
2266 4884 2404 4952 451,
2431 4881 2563 4955 ᾗῖῖ.

907 4947 997 5001 ist.
1019 4943 1122 5004 litt.
1155 4943 1221 5004 de
1245 4943 1560 5016 la'France;
1583 4943 1722 5006 "tom.
1752 4949 1804 5019 l,
1836 4961 1976 5022 part.
2007 4968 2055 5021 ι,
2081 4969 2206 5026 pag.
2232 4955 2364 5013 559.
2390 4943 2403 4952 ’
2431 4943 2477 4988 Υί
2515 4953 2699 5012 Dodw.
2745 4952 2969 5010 Dissert.
2993 4951 3028 5009 6
3051 4943 3058 4946 ”
3079 4952 3246 5018 lren.,
3276 4943 3325 5021 §
3368 4945 3453 5013 18,
3515 4960 3636 5016 pag-

421 4871 517 4926 lib.
551 4888 608 4936 ll,
641 4888 756 4942 cap.
793 4870 982 4998 l,a§l
1016 4870 1334 4998 e.t'2,dpa§é.
1368 4879 1438 4933 55
1468 4870 1617 4950 seqq'.
1659 4870 1720 4913 ’Ὗ
1756 4880 1796 4932 Β

425 4957 546 4998 nua.
579 4942 702 4997 176.
779 4943 821 4976 ¹¹
907 4951 997 4998 tst.
1019 4943 1122 4998 litt.
1193 4963 1221 4998 e
1245 4948 1298 4998 la
1320 4947 1553 4998 France-
1591 4960 1722 4998 tom-
1753 4949 1796 4998 l.

423 4942 702 5084 tas-tbi
779 4943 821 4976 “

2086 4555 2193 4612 mis
2228 4555 2556 4612 Dodvvellum
2588 4557 2656 4614 ¹¹.

2589 4672 2611 4705 δ
2642 4670 2838 4726 Euseb.
2865 4711 2880 4736 ,
2928 4668 3062 4724 Hist.
3121 4666 3251 4723 eccl.
3301 4664 3394 4719 lib.
3435 4677 3488 4725 v,
3517 4675 3636 4729 capo

2589 4774 2591 4806 ι
2627 4742 2732 4806 58,
2787 4757 2908 4806 pag.
2953 4740 3075 4797 571.
3163 4739 3183 4770 ⁷
3220 4729 3640 4806 Prolegom.__ad

2681 4804 2727 4846 δ’
2757 4804 2982 4866 Ε’ὸηῖθη.
3007 4852 3022 4875 ,
3068 4808 3203 4864 Hist.
3258 4807 3359 4861 litt.
3390 4804 3602 4875 ‘Aquil.
3623 4841 3639 4863 .

2733 4883 2775 4915 ¹⁰
2815 4872 3064 4946 Tillem.,
3089 4878 3248 4935 Mem.
3273 4918 3287 4944 ,
3347 4872 3497 4946 tom.—
3537 4872 3639 4938 ill,
