3990 6214
397 266 462 322 27
1570 268 1706 322 CAll
1744 265 2007 323 ROMANI
2045 257 2473 323 PRESBYTERI
3550 265 3619 321 28

392 381 541 450 pisse
571 387 625 433 et
658 377 941 443 docuisse;
976 392 1039 432 ac
1082 377 1485 448 praedicationis
1521 381 1740 450 quidem
1769 382 1969 438 verita-

2094 381 2281 452 αχέναι
2329 378 2520 444 ταῦτα,
2560 377 2597 433 ἃ
2639 377 2732 433 νῦν
2758 371 2898 432 οὗτοι
2931 376 3162 446 λέγουσι’
3194 377 3287 433 καὶ
3304 380 3631 451 τετηρῆσθαι

393 484 498 526 tem
526 486 646 526 esse
672 470 998 525 custoditam
1030 486 1202 539 usque
1230 472 1294 526 ad
1321 470 1553 529 Victoris
1577 480 1840 544 tempora,
1868 474 1962 544 qui

393 562 587 617 tertius
600 561 845 617 decimus
857 579 887 617 a
907 561 1066 619 Petro
1084 563 1343 619 Romana:
1356 566 1507 619 urbis
1523 565 1808 635 episcopus
1827 565 1960 633 fuit;

391 670 421 709 a
452 653 743 725 Zephyriui
777 663 955 709 autem
980 655 1318 724 temporibus
1337 656 1433 726 qui
1456 655 1658 711 Victori
1676 656 1962 723 successit,

395 744 753 798 adulteratam
799 742 969 798 fuisse
1007 743 1314 799 veritatem.
1359 744 1437 800 Ac
1472 743 1703 801 fortasse
1734 745 1789 800 id
1819 745 1965 815 quod

395 835 605 901 dicunt,
637 834 897 889 credibile
940 834 1235 897 videretur,
1293 835 1398 889 nisi
1436 836 1517 890 eis
1565 835 1968 906 refragarentur

398 925 634 995 primum
670 923 886 994 quidem
930 924 1126 979 divinae
1162 922 1477 995 Scriptum,
1517 924 1709 980 deinde
1736 924 1964 981 fratrum

398 1017 756 1087 quorumdam
782 1017 1006 1086 scripta,
1037 1015 1275 1072 Victoris
1301 1025 1458 1071 aetate
1482 1017 1811 1086 antiquiora,
1847 1034 1969 1088 qua:

402 1108 479 1162 illi
508 1109 770 1162 adversus
804 1116 989 1177 gentes
1016 1115 1069 1162 et
1103 1117 1293 1163 contra
1336 1108 1421 1163 sui
1461 1109 1721 1178 temporis
1759 1110 1971 1165 haereti-

402 1214 495 1253 cos
519 1213 617 1268 pro
649 1199 894 1253 veritatis
927 1197 1242 1254 defensione
1278 1199 1613 1269 scripserunt
1650 1218 1662 1253 :
1694 1199 1969 1256 Iustinum

404 1293 662 1362 intelligo,
688 1301 741 1346 et
765 1291 1077 1355 Miltiadem,
1096 1299 1151 1346 et
1181 1289 1492 1358 Tatianum,
1522 1306 1585 1346 ac
1614 1291 1968 1357 Clementem,

404 1384 649 1453 aliosque
680 1384 1111 1453 quamplurimas
1147 1401 1161 1437 :
1192 1383 1247 1436 in
1278 1396 1514 1453 quorum
1544 1384 1789 1438 omnium
1816 1384 1972 1439 libris

403 1475 606 1530 Christi
637 1474 892 1529 divinitas
939 1475 1221 1529 astruitur.
1272 1471 1408 1528 Nam
1443 1473 1631 1529 ἔδεικιεί
1664 1475 1881 1545 quidem
1920 1483 1974 1530 et

407 1566 674 1622 hlelitonis
719 1576 773 1621 et
804 1567 1137 1636 reliquorum
1175 1566 1377 1635 scripta
1410 1564 1535 1634 quis
1565 1576 1648 1620 est
1685 1566 1779 1635 qui
1820 1565 1974 1635 igno-

406 1667 509 1724 ret,
545 1656 603 1711 in
653 1658 853 1727 quibus
886 1658 1160 1713 Christum
1200 1656 1368 1710 Deum
1404 1655 1570 1711 simul
1603 1666 1764 1725 atque
1797 1656 1974 1710 homi-

406 1765 529 1803 nem
583 1751 977 1817 praedicarunt?
1039 1749 1240 1804 Psalmi
1285 1763 1505 1818 quoque
1541 1758 1594 1804 et
1628 1749 1834 1805 cantica
1865 1747 1976 1803 fra-

410 1848 550 1893 trum
588 1839 702 1909 jam
738 1841 945 1909 pridem
981 1856 1010 1894 a
1049 1840 1296 1894 fidelibus
1327 1841 1655 1910 conscripta,
1697 1838 1974 1894 Christum

413 1929 645 1985 Verbum
678 1930 768 1985 Dei
794 1932 1197 1997 concelebrant,
1233 1933 1571 1987 divinitatem
1593 1932 1642 1986 ei
1670 1932 1974 1986 tribuendo.

409 2020 545 2073 Cum
599 2020 765 2091 igitur
797 2029 873 2075 tot
908 2022 1107 2076 abhinc
1138 2024 1298 2078 annis
1329 2022 1698 2078 ecclesiastica
1731 2022 1977 2077 doctrina

411 2111 700 2178 praedicata
741 2114 832 2178 sit,
875 2115 970 2182 qui
1006 2114 1121 2168 fieri
1151 2123 1348 2183 potest,
1402 2122 1461 2168 ut
1494 2129 1686 2167 omnes
1714 2128 1888 2183 usque
1916 2113 1983 2167 ad

413 2206 649 2263 Victoris
682 2217 922 2279 tempora
963 2224 1083 2271 eam
1128 2224 1291 2279 quam
1325 2210 1414 2264 isti
1448 2210 1637 2263 dicunt
1679 2208 1980 2263 doctrinam

413 2300 913 2370 promulgaverint?
938 2299 1221 2366 Quomodo
1242 2315 1335 2355 eos
1356 2316 1463 2355 non
1484 2299 1646 2369 pudet
1672 2297 1985 2367 hujusmodi

414 2389 741 2443 calumniam
802 2391 1062 2446 adversus
1118 2388 1389 2446 Victorem
1446 2389 1812 2453 concinnare,
1856 2403 1979 2441 cum

415 2488 567 2535 certo
614 2481 809 2548 sciant,
855 2480 1194 2536 Theodotum
1235 2482 1555 2545 coriarium,
1598 2479 1687 2550 qui
1721 2477 1981 2534 defectio-

418 2572 503 2628 nis
532 2572 677 2629 illius
714 2572 880 2627 Deum
914 2574 1234 2645 abnegantis
1290 2590 1490 2645 parens
1533 2581 1589 2627 et
1625 2581 1816 2627 auctor
1856 2569 1979 2636 fuit,

417 2664 737 2733 primusque
769 2664 1045 2718 Christum
1086 2669 1291 2720 nudum
1337 2681 1460 2721 esse
1505 2664 1780 2719 hominem
1830 2678 1983 2717 asse-

418 2755 548 2821 ruit,
576 2770 672 2824 per
705 2753 974 2810 Victorem
1000 2771 1030 2810 a
1069 2756 1452 2811 communione
1481 2754 1734 2810 Ecclesiae
1755 2754 1987 2823 ejectum

2065 473 2163 544 τὴν
2204 469 2459 543 ἀλήθειαν
2498 469 2592 524 τοῦ
2644 469 2995 543 κηρύγματος
3046 471 3204 541 μέχρι
3235 468 3342 523 τῶν
3380 471 3631 545 Βίκτορος

2065 564 2290 634 χρόνων,
2320 563 2378 625 ὃς
2406 558 2473 634 ἦν
2511 562 2950 633 τρισκαιδέκατος
2978 561 3085 616 ἀπὸ
3112 560 3315 633 Πέτρου
3349 564 3406 614 ὲν
3446 561 3624 637 Ῥώμῃ

2066 654 2379 716 ἐπίσκοπος·
2432 652 2539 706 ἀπὸ
2591 653 2646 706 δὲ
2689 652 2782 706 τοῦ
2828 652 3068 723 διαδόχου
3101 650 3266 704 αὐτοῦ
3311 651 3629 724 Ζεφυρίνου,

2070 742 2555 817 παρακεχαράχθαι
2602 745 2699 816 τὴν
2731 746 3005 817 ἀλήθειαν.
3047 742 3154 799 Ἦν
3176 745 3219 798 δ’
3260 743 3326 798 ἂν
3357 743 3517 813 τυχὸν
3546 760 3633 797 πι-

2069 838 2222 893 θανὸν
2253 837 2313 891 τὸ
2357 837 2666 908 λεγόμενον,
2702 840 2749 890 εί
2792 839 2864 909 μὴ
2911 839 3124 910 πρῶτον
3165 837 3262 908 μὲν
3308 836 3632 892 ἀπέπιπτον

2069 929 2253 992 αὐτοῖς
2278 929 2334 981 αἱ
2368 928 2503 981 Θεῖαι
2535 928 2761 996 Γραφαί·
2810 931 2903 982 καὶ⁸
2944 928 3182 998 ἀδελφῶν
3227 927 3283 980 δέ
3313 945 3470 982 τινων
3518 930 3634 981 ἐστὶ

2068 1021 2366 1092 γράμματα
2400 1018 2741 1090 πρεσϐύτερα
2767 1019 2872 1071 τῶν
2892 1020 3141 1093 Βίκτορος
3167 1021 3392 1091 χρόνων,
3426 1019 3463 1073 ἃ
3495 1022 3635 1074 έκεῖ-

2070 1129 2148 1165 νοι
2194 1111 2331 1183 πρὸς
2367 1110 2437 1164 τὰ
2482 1110 2608 1183 ἔθνη
2654 1110 2794 1183 ὑπὲρ
2829 1112 2925 1181 τῆς
2956 1110 3224 1183 ἀληθείας,
3256 1113 3350 1165 καὶ
3380 1112 3513 1182 πρὸς
3537 1111 3635 1176 τὰς

2069 1202 2190 1256 τότε
2226 1203 2463 1272 αἱρέσεις
2506 1201 2766 1274 ἔγραψαν·
2815 1201 2957 1270 λέγω
2984 1202 3038 1255 δὲ
3076 1204 3353 1257 ’1ουστίνου
3387 1204 3481 1257 καλ⁵
3500 1203 3635 1257 Μιλ-

2071 1294 2249 1348 τιάδου
2274 1294 2366 1346 καὶ
2387 1294 2646 1348 Τατιανοῦ
2669 1294 2760 1347 καὶ
2780 1294 3090 1364 Κλήμεντος
3108 1295 3200 1346 καὶ
3229 1295 3425 1365 ἐτέρων
3455 1294 3636 1347 πλειό-

2071 1403 2195 1451 νων,
2232 1388 2290 1437 ὲν
2319 1379 2400 1447 οἷς
2430 1385 2599 1438 ἆπασι
2632 1385 2958 1453 θεολογεῖται
2991 1383 3064 1456 (6)
3092 1387 3120 1437 ὁ
3146 1385 3389 1455 Χριστός.
3420 1386 3501 1438 Τὰ
3526 1386 3636 1457 γάρ

2073 1477 2360 1548 Εἰρηναίου
2411 1494 2472 1529 τε
2517 1477 2611 1530 καὶ
2662 1475 2968 1539 Μελίτωνος
3018 1476 3111 1529 καὶ
3152 1474 3259 1527 τῶν
3303 1475 3498 1531 λοιπῶν
3554 1478 3636 1540 τίς

2075 1570 2257 1637 ἁγνοεῖ
2302 1569 2505 1639 βιϐλία,
2552 1568 2682 1621 Θεὸν
2731 1567 2823 1621 καὶ
2890 1566 3172 1638 ἄνθρωπον
3217 1568 3640 1635 καταγγέλλοντα

2076 1662 2165 1715 τὸν
2193 1661 2453 1733 Χριστόν;
2476 1661 2694 1732 Ψαλμοὶ
2714 1660 2770 1712 δὲ
2796 1662 2908 1714 ὅσοι
2933 1662 3026 1714 καὶ
3056 1659 3189 1730 ᾠδαὶ
3208 1658 3446 1729 ἀδελφῶν
3469 1662 3641 1733 ἀπαρ-

2080 1754 2184 1824 χῆς
2218 1754 2319 1807 ὑπὸ
2363 1754 2568 1807 πιστῶν
2609 1756 2899 1824 γραφεῖσαι
2948 1752 3022 1823 (7)
3054 1752 3145 1806 τὸν
3189 1752 3358 1821 Λόγον
3391 1750 3483 1803 τοῦ
3510 1751 3643 1805 Θεοῦ

2079 1849 2169 1901 τὸν
2204 1849 2433 1919 Χριστὸν
2463 1845 2690 1918 ὑμνοῦσι
2723 1843 3109 1913 θεολογοῦντες.
3151 1843 3277 1906 Πῶς
3318 1839 3410 1896 οὖν
3440 1844 3502 1895 ὲκ
3529 1859 3650 1895 τοσ-

2077 1939 2267 2007 ούτων⁸
2298 1938 2432 1991 ἑτῶν
2482 1936 2979 2007 καταγγελλομένου
3046 1933 3139 1988 τοῦ
3198 1931 3648 2005 ἐκκλησιαστικοῦ

2084 2031 2446 2102 φρονήματος,
2478 2029 2746 2099 ἐνδέχεται
2792 2029 2917 2090 τοὺς
2967 2026 3130 2098 μέχρι
3179 2026 3434 2096 Βίκτορος
3478 2023 3653 2088 οὕτως

2081 2121 2157 2185 ὡς
2187 2114 2331 2174 οὗτοι
2362 2120 2576 2188 λέγουσι
2597 2117 2991 2189 κεκηρυχέναι;
3020 2116 3144 2179 Πῶς
3170 2116 3226 2169 δὲ
3254 2116 3353 2168 ούκ
3380 2113 3653 2169 αἰδοῦνται

2081 2212 2252 2265 ταῦτα
2286 2212 2544 2281 Βίκτορος
2573 2208 3022 2278 καταψεύδεσθαι·
3055 2206 3294 2277 ἀκριϐῶς
3325 2206 3540 2269 εἰδότες,
3567 2206 3652 2259 ὅτι

2083 2303 2296 2373 Βίκτωρ
2316 2302 2406 2354 τὸν
2434 2301 2633 2354 σκυτέα
2660 2299 2911 2352 Θεόδοτον
2933 2298 3023 2351 τδν
3051 2297 3290 2369 ἀρχηγὸν
3316 2297 3408 2350 καὶ
3441 2297 3652 2367 πατέρα

2082 2392 2281 2463 ταύτης
2327 2391 2426 2462 τῆς
2465 2389 2784 2464 ἁρνησιθέου
2834 2389 3179 2453 ἀποστασίας,
3220 2387 3528 2460 ἀπεκήρυξε
3554 2388 3651 2458 τῆς

2086 2482 2386 2545 κοινωνίας,
2410 2481 2624 2551 πρῶτον
2656 2480 2875 2533 εἰπόντα
2904 2478 3055 2549 ψιλὸν
3081 2478 3361 2551 ἄνθρωπον
3391 2478 3479 2531 τὸν
3518 2480 3651 2549 Χρι-

2087 2574 2208 2627 στόν
2232 2589 2247 2639 ;
2278 2574 2340 2625 Εἰ
2368 2573 2475 2643 γὰρ
2514 2572 2726 2642 Βίκτωρ
2755 2572 2873 2624 κατ’
2897 2571 3088 2634 αὐτοὺς
3115 2569 3285 2634 οὕτως
3317 2569 3549 2640 ἐφρόνει,
3577 2568 3653 2632 ὡς

2089 2667 2123 2735 ἡ
2168 2664 2372 2717 τούτων
2430 2663 2665 2718 διδάσκει
2712 2661 3048 2741 βλασφημία,
3103 2661 3220 2726 πῶς
3264 2660 3329 2715 ἂν
3385 2658 3653 2714 ἀπέϐαλλε

2093 2756 2344 2809 Θεόδοτον
2376 2756 2467 2809 τὸν
2498 2756 2594 2826 τῆς
2627 2756 2887 2828 αἱρέσεως
2911 2752 3112 2824 ταύτης
3140 2754 3397 2826 εὐρετήν;

420 2844 620 2900 fuisse?
674 2843 808 2900 Nam
856 2845 924 2909 si,
956 2857 1015 2903 ut
1061 2848 1235 2913 aiunt,
1287 2846 1474 2903 Victor
1509 2848 1698 2903 eadem
1740 2847 2007 2904 sentiebat
2053 2863 2176 2918 qua:
2229 2848 2449 2903 illorum
2506 2849 2664 2904 docet
2719 2847 2988 2918 impietas,
3023 2863 3120 2904 cur
3163 2845 3500 2901 Theodotum
3540 2844 3655 2915 opi-

421 2938 604 2993 uionis
631 2938 777 2994 illius
799 2948 1078 2996 auctorem
1118 2942 1187 2997 ab
1216 2941 1459 2999 Ecclesia
1491 2942 1751 2997 removit?

1902 3150 1980 3207 In.
2009 3143 2149 3199 Ibid.

494 3236 730 3296 Facinus
780 3248 967 3296 nostra
1016 3248 1175 3297 astate
1229 3250 1463 3313 gestum,
1514 3240 1702 3297 multis
1756 3238 1984 3295 fratrum
2012 3245 2054 3302 C

426 3337 738 3383 nostrorum
774 3329 827 3383 in
867 3330 1189 3386 memoriam
1228 3330 1496 3385 revocabo
1534 3348 1547 3383 :
1595 3329 1738 3400 quod
1772 3328 1992 3400 quidem

428 3419 474 3473 si
498 3418 750 3476 Sodomis
783 3422 1081 3477 admissum
1128 3421 1341 3488 fuisset,
1386 3422 1535 3492 ipsos
1567 3463 1584 3489 ,
1624 3430 1685 3478 ut
1738 3422 1994 3485 arbitror,

431 3508 638 3565 incolas
663 3511 731 3566 ad
774 3512 1145 3581 pmnitentiam
1200 3526 1496 3583 provocare
1538 3513 1822 3582 potuisset.
1868 3510 1999 3566 Erat

429 3601 648 3671 quidam
682 3601 888 3659 Natalis
922 3602 1164 3671 nomine,
1188 3601 1493 3667 confessor,
1521 3603 1615 3674 qui
1645 3619 1754 3658 non
1787 3603 1861 3657 ita
1885 3602 1998 3673 pri-

430 3694 575 3759 dem,
611 3694 705 3749 sed
748 3704 930 3749 nostra
964 3704 1121 3750 aetate
1162 3696 1316 3751 vixit.
1342 3693 1442 3749 Hic
1487 3694 1627 3750 forte
1662 3695 1714 3749 in
1754 3693 2001 3751 fraudem

432 3786 687 3843 inductus
737 3795 821 3842 est
871 3787 940 3842 ab
984 3787 1391 3858 Asclepiodoto,
1439 3795 1493 3841 et
1547 3786 1718 3841 altero
1763 3784 1999 3855 quodam

434 3875 716 3932 Theodoto
764 3879 1094 3948 argentario.
1140 3879 1315 3933 Ambo
1376 3887 1559 3933 autem
1608 3878 1697 3933 isti
1747 3876 2001 3946 discipuli

433 3977 593 4023 erant
632 3967 897 4024 Theodoti
921 3969 1069 4025 illius
1099 3969 1346 4036 coriarii,
1376 3969 1469 4040 qui
1500 3969 1712 4038 primus
1750 3969 1821 4023 ob
1860 3968 2002 4023 hanc

436 4102 783 4175 Bibliotheca,
821 4119 941 4175 cap.
983 4105 1073 4169 48,
1112 4103 1319 4175 Caium
1352 4106 1515 4172 hujus
1556 4104 1678 4159 libri
1724 4111 2002 4175 auctorem

437 4173 588 4254 facit,
619 4173 803 4261 retire:
822 4172 915 4261 τὸν
941 4175 1098 4261 Γόιξον
1118 4174 1483 4261 πρεσϐύτερόν
1518 4191 1650 4261 φασι
1678 4172 2004 4261 ιχεγενῆοξῦμι

438 4243 539 4312 τῆς
565 4242 703 4297 κατὰ
743 4244 959 4316 Ῥώμην
1004 4242 1347 4315 Ἐκκλησίας,
1392 4242 1642 4307 συντάξαι
1673 4244 1729 4295 δὲ
1763 4243 1854 4295 καὶ
1890 4242 2007 4294 ἓτε-

442 4330 533 4377 ρον
560 4313 715 4377 λόγον
749 4314 892 4377 ἰδίως
919 4314 1060 4368 κατά
1082 4315 1180 4377 τῆς
1209 4314 1543 4377 Ἀρτέμωνος
1592 4313 1873 4377 αἱρέσεως,
1896 4324 2002 4365 etc.

467 4331 533 4366 »ον
561 4330 715 4381 Αογον
749 4330 892 4379 ιοιως
919 4330 1060 4368 κατα
1082 4331 1180 4384 της
1214 4330 1543 4385 Ἀρτεμωνος
1592 4330 1873 4385 αιρεσεως,
1896 4330 2002 4365 etc.

467 4383 541 4438 lic
564 4393 649 4439 est
681 4385 797 4453 ipse
828 4385 988 4449 liber,
1026 4386 1182 4454 cujus
1210 4384 1510 4454 fragmenta
1543 4383 1629 4454 hic
1661 4382 1864 4452 profert
1897 4381 2007 4437 Eu-

442 4454 646 4537 sebius,
690 4450 861 4537 .quem‘
905 4450 1107 4537 tamen
1129 4470 1179 4537 a_
1206 4450 1525 4537 Lab'yrintho
1561 4450 1786 4534 Photius
1819 4463 2003 4537 aperte
2032 4450 2077 4505 D
2112 4457 2242 4537 μοὺς
2269 4450 2361 4537 καὶ

443 4523 747 4593 distinguit.
828 4524 932 4579 Sed
996 4524 1288 4593 Nicephori
1324 4523 1669 4580 sententiam
1704 4523 2009 4593 confirmat

446 4592 824 4649 Theodorelus
853 4595 907 4648 in
948 4595 1040 4649 lib.
1076 4592 1532 4663 ttfﬂwreticarum
1564 4592 1888 4663 fabularum,
1916 4608 2011 4647 can

444 4665 553 4733 pite
576 4664 630 4729 5,
659 4665 749 4719 ubi
787 4680 951 4734 agens
987 4665 1053 4719 de
1083 4662 1362 4720 Theodoto
1386 4662 1642 4726 coriario,
1678 4679 1904 4733 eamque
1947 4664 2015 4717 de

447 4734 635 4790 Natale
673 4737 928 4804 episcopo
962 4735 1203 4791 referens
1244 4736 1527 4790 historiam
1572 4750 1733 4802 quam
1765 4736 1851 4789 hic
1885 4749 2014 4804 nar—

447 4815 532 4861 rat
566 4803 945 4867 Eusebius,“
988 4806 1125 4860 libro
1147 4806 1240 4874 qui
1269 4804 1471 4859 Parvus
1502 4805 1835 4874 labyrinthus
1873 4803 2012 4859 dici-

450 4889 540 4932 tur
567 4876 712 4929 illam
745 4891 865 4930 esse
887 4876 1257 4945 depromptam
1289 4884 1538 4945 testatur.

521 4946 598 5015 (6)
644 4942 1031 5015 Θεολογεῖται.
1066 4942 1137 5001 De
1184 4947 1234 4999 vi
1280 4960 1343 5000 ac
1387 4944 1608 4999 notione
1647 4943 1798 4997 verbi
1841 4942 2019 4997 θεολο-

450 5020 589 5086 γεῖν,
619 5016 833 5071 Justino
865 5014 936 5069 Μ.
975 5016 1245 5086 primitus
1276 5015 1540 5086 usurpati,
1577 5015 1773 5086 videsis
1818 5024 2019 5086 nostra:

454 5084 616 5155 hujus
642 5084 991 5155 Bibliotheca?
1017 5096 1148 5141 tom.
1180 5085 1270 5147 Vl,
1302 5087 1357 5139 in
1391 5084 1570 5138 Iudice
1598 5084 1805 5139 Graeco.
1863 5085 2016 5138 Alio-

454 5154 574 5210 rum
620 5169 863 5212 veterum
913 5154 1132 5210 Patrum
1187 5156 1623 5225 compluraloca
1670 5156 1725 5209 in
1756 5155 2018 5225 eamdem

451 5229 774 5350 sen‘teitéigrm
789 5227 1021 5350 5pé'ol'ert.
1062 5222 1329 5282 Svicerus
1368 5226 1425 5281 in
1471 5224 1621 5281 Thes.
1655 5224 1784 5279 eccl.
1817 5233 1947 5279 tom.
1974 5222 2016 5291 Ι,

452 5310 574 5350 Daa.
710 5318 763 5350 ί).
793 5348 800 5350 Α
884 5337 899 5350 .

489 5312 574 5359 ag.
605 5298 763 5359 1555,
789 5298 816 5359 §
845 5298 899 5351 2.

452 5296 971 5436 palniﬁgglzﬁj'aé
1000 5366 1096 5421 και
1125 5366 1266 5432 ᾠδαὶ
1292 5363 1568 5435 ἀδελφῶν
1591 5361 1864 5436 ἀπαρχῆς
1902 5360 2018 5416 ὑπὸ

456 5433 687 5490 πιστῶν
714 5433 1043 5506 γραφεῖσαι.
1077 5433 1545 5506 Scribeudum‘est
1576 5437 1670 5489 ἀπ’
1720 5434 1912 5505 ἀρχῆς,
1963 5440 2022 5485 ut

413 5512 417 5516 ’
461 5507 622 5561 habet
666 5508 839 5560 codex
894 5506 1057 5574 Med.,
1122 5507 1282 5571 Fuk.,
1333 5505 1497 5561 Savil.
1547 5515 1601 5560 et
1662 5506 2015 5572 Nicephorus.

460 5575 630 5648 Porro
664 5592 730 5648 ex
761 5577 847 5648 his
873 5579 1059 5648 verbis
1078 5587 1298 5648 apparet
1326 5592 1532 5631 morem
1571 5574 2022 5648 fitisscantiquis—

463 5646 659 5718 simum
686 5646 739 5699 in
764 5644 1024 5709 Ecclesia,
1062 5644 1376 5718 hjninosiet
1399 5647 1636 5716 psalmos
1674 5647 1739 5718 in,
1760 5645 2017 5718 honorem

462 5717 664 5772 Christi
711 5730 1055 5785 componere.
1101 5715 1270 5774 'Certc
1300 5717 1507 5776 Plinius
1557 5718 1612 5772 in
1661 5715 1886 5785 epistola
1950 5715 2016 5769 ad

2168 3239 2497 3313 ’Υπομνήσω
2558 3237 2685 3308 γοῦν
2735 3237 2958 3302 πολλοὺς
2999 3237 3105 3291 τῶν
3148 3237 3387 3307 ἀδελφῶν
3433 3237 3663 3308 πρᾶγμα

2098 3334 2182 3403 ἐφ’
2211 3332 2366 3405 ἡμῶν
2389 3330 2695 3402 γενόμενον
2729 3329 2758 3383 ὃ
2783 3329 2985 3401 νομίζω
3017 3331 3097 3382 ὅτι
3129 3330 3176 3382 εἰ
3198 3330 3253 3381 ὲν
3281 3328 3530 3400 Σοδόμοις
3543 3328 3662 3397 ὲγεο

2100 3426 2265 3496 γόνει,
2299 3423 2459 3494 τυχὸν
2504 3422 2569 3477 ἂν
2615 3422 2895 3485 κάκείνους
2932 3420 3266 3492 ἐνουθέτησε.
3300 3420 3565 3485 Νατάλιος
3593 3416 3663 3491 ἦν

2100 3532 2184 3578 τις
2216 3513 2289 3585 (8)
2321 3511 2654 3584 ὁμολογητὴς
2684 3512 2744 3566 ού
2778 3511 2964 3575 πάλαι,
2996 3509 3106 3565 ἀλλ’
3136 3512 3227 3564 ἐπὶ
3256 3510 3363 3565 τῶν
3385 3511 3665 3582 ἡμετέρων

2102 3607 2390 3678 γενόμενος
2440 3604 2647 3677 καιρῶν
2700 3605 2795 3675 (9).
2853 3599 3018 3668 Οὗτος
3075 3603 3329 3674 ἠπατήθη
3387 3604 3514 3656 ποτὲ
3563 3601 3664 3655 ὑπὸ

2115 3696 2558 3769 Ἀσκληπιοδότου
2609 3698 2702 3751 καὶ
2751 3696 2934 3768 ἐτέρου
2984 3695 3235 3748 Θεοδότου
3275 3694 3419 3757 τινὸς
3464 3709 3665 3764 τραπε-

2104 3790 2286 3856 ζίτουο
2334 3786 2473 3862 ἦσαν
2519 3789 2574 3842 δὲ
2614 3782 2758 3842 οὗτοι
2802 3790 2967 3860 ἄμφω
3004 3785 3250 3840 Θεοδότου
3290 3784 3382 3838 τοῦ
3428 3783 3663 3846 σκυτέως

2110 3881 2365 3953 μαθηταὶ,
2386 3878 2481 3933 τοῦ
2510 3880 2724 3951 πρώτου
2755 3879 2847 3931 ἐπὶ
2873 3878 3045 3951 ταύτῃ
3066 3879 3131 3947 τῇ
3166 3877 3439 3947 φρονήσει,
3472 3872 3666 3944 μᾶλλον

2104 3972 2162 4025 δὲ
2205 3971 2517 4046 ἀφροσύνῃ,
2553 3971 2936 4043 ἀφορισθέντος
2970 3968 3067 4039 τῆς
3106 3965 3536 4030 κοινωνίαςὺπὺ
3580 3964 3667 4017 Βί-

2112 4104 2404 4174 Traianum
2431 4114 2621 4160 auctor
2667 4112 2768 4168 est,
2804 4101 3144 4158 ChriStianos
3182 4100 3435 4174 in-unum
3468 4115 3667 4174 conve-

2110 4169 2319 4230 nientes
2349 4175 2566 4229 Christo
2599 4175 2837 4244 hymnos
2852 4187 3051 4244 canere
3075 4170 3443 4244 consuevisse.
3476 4169 3549 4244 De
3586 4170 3669 4224 his

2110 4245 2338 4326 psalmis
2359 4254 2413 4298 et
2441 4238 2653 4326 hymnis
2696 4241 3073 4326 intelligendus
3107 4241 3318 4326 videtur
3345 4238 3665 4326 Hippolytus

2111 4310 2164 4367 in
2203 4315 2449 4369 oratione
2480 4310 2553 4367 de
2595 4311 3060 4368 consummatione
3099 4310 3283 4365 mundi
3321 4310 3422 4363 sub
3454 4311 3611 4363 finem
3649 4326 3664 4363 :

2109 4384 2181 4437 Τὸ
2222 4384 2394 4455 στόμα
2398 4382 2586 4506 ὠμῶν
2623 4384 2757 4454 πρὸς
2787 4379 3090 4450 δοξολογίαν
3122 4380 3215 4433 καὶ¹
3242 4374 3387 4432 αἶνον
3416 4379 3508 4461 καὶ
3535 4378 3669 4501 ntid—

2112 4457 2242 4506 μοὺς
2269 4456 2361 4506 καὶ
2414 4454 2426 4471 ’
2477 4453 2541 4506 ἀς
2578 4452 2947 4506 πνευματικὰς
2983 4451 3283 4506 ηύτοέπισα
3315 4449 3510 4502 λαλειν.
3604 4466 3667 4501 ιι-

2414 4449 2541 4524 ᾢδάς
2578 4449 2947 4525 πνευματικὰς
2983 4451 3288 4525 ηὐτρέπισα
3315 4449 3510 4525 λαλεῖν.
3555 4449 3667 4525 [ἰμ-

2109 4518 2348 4595 jusmodi
2389 4518 2618 4594 hymnus
2664 4518 2729 4578 in'
2771 4518 3031 4595 honorem
3061 4518 3187 4574 Iesu
3230 4520 3431 4595 Christi
3476 4533 3507 4571 a
3548 4518 3671 4595 Cle-
3706 4538 3721 4552 ι

2115 4589 2294 4650 mente
2320 4589 2679 4649 Aleiandriuo
2704 4592 3038 4661 compositus
3068 4598 3246 4645 exstat
3269 4589 3335 4643 ad
3366 4590 3525 4643 linem
3548 4589 3669 4660 ejus

2115 4664 2403 4751 librorum,
2429 4664 2521 4751 qui
2556 4662 2841 4751 Pedagogi
2862 4662 3259 4751 inscribuntur:

2185 4737 2261 4807 (8)
2299 4727 2591 4807 Νατάλιος
2616 4730 2695 4804 ἦν
2720 4727 2833 4807 ξιξ.
2862 4730 3077 4807 Nescio,
3110 4746 3178 4807 an
3205 4730 3296 4807 hic
3332 4727 3676 4807 sitCaacilius

2115 4798 2342 4872 Natalis,
2396 4805 2490 4874 qui
2538 4798 2905 4874 disputatione
2943 4801 3160 4874 Octavii_
3197 4798 3440 4874 Januarii
3488 4816 3671 4856 coram

2116 4869 2343 4931 Minutio
2368 4869 2544 4930 Felice
2573 4869 2758 4930 Romae
2785 4873 2986 4938 habita,
3020 4872 3087 4925 ad
3122 4869 3322 4925 Christi
3351 4869 3507 4925 fidem
3542 4887 3676 4926 con-

2117 4962 2307 5002 versus
2335 4958 2437 5008 est,
2482 4953 2540 4999 ut
2582 4945 2839 5000 scribitur
2885 4943 2939 4996 in
2974 4942 3186 5011 dialogo
3231 4939 3442 4994 Minutii
3478 4941 3674 4996 Felicis

2120 5018 2261 5089 (cap.
2296 5018 2404 5089 lii).
2446 5014 2658 5070 Nomen
2694 5022 2839 5070 certe
2881 5011 3151 5077 convenit,
3184 5022 3238 5066 et
3263 5020 3478 5080 tempus
3512 5021 3676 5082 atque

2156 5087 2404 5143 rofessio.

2119 5105 2448 5226 Pr?t;§ss%)5ti
2504 5153 2622 5208 τῶν
2672 5152 2969 5226 ἡμετέρων
3025 5151 3260 5226 καιρῶν.
3307 5150 3389 5226 Ad
3441 5151 3669 5204 litteram

2121 5221 2385 5292 Griecam,
2419 5227 2616 5280 nostris
2648 5221 3001 5293 temporibus;
3038 5238 3145 5291 qua
3179 5222 3450 5276 locutione
3476 5235 3534 5274 se
3564 5232 3668 5293 non

2120 5312 2238 5351 rem
2274 5286 2603 5367 praeteritam
2646 5310 2714 5367 es
2752 5286 2992 5367 aliorum
3023 5286 3284 5346 memoria
3316 5304 3558 5367 narrare,
3578 5286 3671 5342 sed

2121 5358 2394 5439 recentem
2415 5406 2430 5430 ,
2480 5380 2643 5434 quam
2695 5364 2811 5433 ipse
2838 5363 3028 5439 oculis
3071 5371 3405 5439 perspectam
3424 5427 3449 5439 η
3474 5358 3674 5439 habere

2121 5436 2379 5507 potuerit,
2407 5426 2460 5491 et
2498 5426 2663 5511 quam
2699 5426 2944 5503 proxime
2972 5426 3303 5511 dixerat:é<p’
3338 5427 3488 5511 ἡμῶν
3522 5426 3672 5495 γενό-

2125 5501 2304 5577 μενον,
2357 5501 2543 5561 testari
2571 5501 2754 5577 noster
2792 5501 3312 5577 auctor_signitieat_.
3361 5501 3673 5577 (ὲουεςῐιιιψις,

2123 5567 2319 5647 Ερὶειέ.
2350 5577 2499 5630 Rom.
2534 5574 2739 5647 ponti/7'.
2770 5589 2891 5643 pag.
2920 5573 3043 5647 199,
3072 5567 3163 5627 ubi
3210 5568 3521 5640 hujusmOtli
3553 5567 3674 5621 Θειἰὶ

2126 5644 2487 5719 fragmentum
2512 5647 2566 5702 in
2601 5646 2835 5701 medium
2868 5644 3089 5714 profert.
