3990 6214
405 334 468 380 '53
1874 324 1961 378 ΓΒ

2065 325 2314 380 MENTA.
3564 323 3632 375 30

407 455 580 509 τερος,
605 438 686 500 ὡς
721 438 885 507 ἔφην,
921 436 1015 489 τοῦ
1043 436 1166 490 τότε
1201 439 1528 491 ἐπισκόπου.
1556 435 1873 507 Ἀνεπείσθη
1910 436 1964 489 δὲ

2068 437 2397 502 doctrinam,
2424 450 2517 490 seu
2544 435 2724 506 potius
2755 431 3076 492 insaniama
3111 433 3346 498 Victore,
3396 444 3454 489 ut
3495 433 3628 495 dixi,

393 551 412 582 ε
443 531 704 593 Extis-.5;
732 533 828 583 ὑπ’
867 531 1050 584 αὐτῶν
1098 533 1192 583 ἐπὶ
1239 531 1486 600 σαλαρίῳ
1527 530 1821 591 ἐπίσκοπος
1854 529 1964 598 (10)

387 623 725 692 κληρωθῆναι
755 625 870 692 (11)
903 624 1108 692 ταύτης
1137 623 1240 693 τῆς
1265 623 1550 694 αἱρέσεως,
1585 621 1724 675 ὥστε
1757 621 1954 692 λαμϐά-

383 731 490 765 νειν
543 716 676 783 παρ’
724 714 904 766 αὐτῶν
960 716 1190 784 μηνιαία
1241 713 1476 784 δηνάρια
1522 711 1716 764 ἑκατὸν
1770 711 1967 780 πεντή-

387 823 560 858 κοντα.
621 807 917 876 Γενόμενος
964 803 1058 860 οὖν
1124 807 1222 860 σὺν
1273 807 1495 870 αὐτοῖς,
1558 805 1624 857 δι’
1680 803 1968 876 ὁραμάτων

389 901 639 962 πολλάκις
668 901 999 953 ἐνουθετεῖτο
1036 901 1149 970 (12)
1201 899 1307 952 ὑπὸ
1359 899 1454 952 τοῦ
1503 899 1744 970 Κυρίουο
1782 899 1810 950 ὁ
1860 897 1967 967 γὰρ

390 993 753 1061 εὖπλαγχνος
798 993 933 1055 Θεὸς
980 994 1078 1046 καὶ
1135 993 1342 1064 Κύριος
1381 992 1538 1063 ἡμῶν
1587 990 1793 1060 Ἰησοῦς
1837 991 1969 1061 Χρι-

393 1084 513 1145 στος
555 1083 706 1152 (15),
753 1085 852 1136 οὐκ
900 1083 1154 1137 ἐϐούλετο
1199 1084 1304 1150 ἔξω
1360 1082 1688 1153 Ἐκκλησίας
1739 1081 1966 1151 γενόμε-

391 1191 515 1236 vra,
567 1174 859 1227 ἀπολέσθαι
927 1177 1188 1247 μάρτυρα
1227 1175 1337 1228 τῶν
1391 1175 1535 1228 ἰδίων
1588 1173 1776 1226 παθῶν
1817 1173 1963 1243 (14).

406 1266 549 1318 Ἐπεί
577 1267 630 1318 δὲ
662 1266 1033 1339 ῥαθυμότερον
1071 1272 1185 1332 τοῖς
1215 1267 1455 1340 ὁράμασι
1477 1270 1752 1338 προσεῖχε,
1787 1265 1970 1318 δελεαο

393 1359 609 1428 ξομεπιρος
651 1363 715 1430 τῇ
747 1377 804 1412 τε
847 1361 977 1432 παρ’
1028 1361 1214 1423 αὐτοῖς
1250 1360 1728 1432 πρωτοκαθεδρία,
1777 1358 1870 1411 καὶ
1901 1360 1966 1429 τῇ

390 1451 670 1514 πλείστους
725 1452 1066 1524 ἁπολλυούσῃ
1131 1451 1584 1522 αξσχροκερδείᾳ,
1666 1452 1968 1504 τελευταῖον

388 1540 496 1592 ὑπὸ
523 1542 693 1609 ἁγίων
724 1541 964 1608 ἀγγέλων
995 1540 1372 1613 ἐμαστιγώθη,
1404 1539 1470 1593 δι’
1499 1539 1626 1610 ὅλης
1651 1539 1749 1610 τῆς
1776 1538 1966 1601 νυκτὸς

388 1633 450 1684 οὗ
487 1633 730 1704 σμικρῶς
767 1633 1065 1696 αἰκισθείς’
1102 1632 1243 1684 ὥστε
1288 1632 1458 1686 ἕωθεν
1505 1631 1836 1701 ἀναστῆναι,
1873 1628 1967 1682 καὶ

387 1722 744 1792 ὲνδυσάμενον
779 1723 1015 1787 σάκκον,
1073 1723 1168 1776 καὶ
1217 1722 1412 1776 σποδὸν
1475 1719 1963 1789 καταπασάμενον,

392 1813 538 1883 μετὰ
793 1813 1032 1882 σπουδῆς
1071 1815 1167 1866 καὶ
1206 1812 1461 1884 δακρύων
1501 1811 1828 1882 προσπεσεῖν
1871 1810 1965 1861 Ζε-
1997 1799 2039 1854 Β

389 1905 598 1975 φυρίνῳ
631 1905 707 1975 τῷ
757 1906 1074 1976 ὲπισκόπῳ,
1123 1905 1437 1976 κυλιόμενον
1489 1905 1596 1958 ὑπὸ
1645 1905 1769 1967 τοὺς
1799 1903 1963 1966 πόδας

390 1999 450 2050 οὐ
481 1998 632 2067 μόνον
674 1997 784 2049 τῶν
831 2001 888 2052 ὲν
917 1998 995 2068 τῷ
1034 1997 1244 2072 κλήρῳ,
1293 1997 1428 2051 ἀλλὰ
1463 1997 1558 2050 καὶ
1589 1995 1696 2048 τῶν
1727 1995 1958 2048 λαῖκῶν·

400 2090 607 2159 mnia:
636 2108 698 2142 τε
725 2093 836 2154 τοῖς
864 2091 1091 2162 δάκρυσι
1120 2089 1218 2160 τὴν
1248 2088 1616 2158 εὔσπλαγχνον
1644 2086 1964 2157 Ἐκκλησίαν

399 2181 487 2234 τοῦ
516 2183 802 2252 ἐλεήμονος
833 2181 1069 2252 Χριστοῦ
1091 2199 1105 2212 ·
1141 2181 1308 2252 πολλῇ
1339 2198 1398 2234 τε
1441 2183 1507 2250 τῇ
1541 2180 1719 2251 δεήσει
1759 2177 1964 2249 χρησά-

394 2289 564 2341 μενον,
604 2271 859 2338 δείξαντά
893 2289 954 2324 τε
998 2273 1127 2335 τοὺς
1158 2271 1427 2342 μώλωπας
1466 2263 1541 2323 ὧν
1575 2269 1787 2341 εἰλήφει
1832 2268 1968 2338 πλη-

388 2362 500 2429 γῶν
527 2364 659 2436 (15),
697 2364 850 2436 μόλις
883 2363 1282 2436 κοινωνηοῆναι
1307 2362 1438 2435 (16).

2070 539 2199 584 tunc
2233 530 2494 600 temporis
2544 530 2798 599 episcOpo
2831 529 2899 582 ab
2945 527 3198 582 Ecclesiae
3241 527 3631 583 communione

2069 632 2311 677 remotus
2365 631 2470 676 est.
2511 621 2576 675 ili
2622 629 3013 692 persuaserunt
3059 617 3257 682 Natali,
3306 627 3364 672 ut
3410 627 3631 686 accepto

2069 717 2271 771 salario
2291 715 2515 770 baresis
2535 715 2682 768 illius
2707 715 2996 783 episcopus
3026 720 3323 773 crearetur,
3339 724 3400 762 ea
3424 708 3631 762 scilicet

2068 807 2422 868 conditione,
2477 815 2533 859 ut
2593 812 2902 858 menstruos
2960 808 3178 856 centum
3237 799 3630 868 quinquaginta
3689 847 3696 854 .

2067 898 2323 952 denarios
2357 898 2426 951 ab
2459 897 2565 951 illis
2607 895 2899 963 acciperet.
2947 889 3197 946 Sociatus
3231 889 3392 960 igitur
3417 889 3630 942 illorum

2068 990 2332 1060 partibus,
2367 1004 2508 1058 saepe
2540 1003 2569 1041 a
2608 986 2841 1040 Domino
2863 983 3361 1054 reprehendebatur
3393 983 3447 1036 in
3475 981 3630 1035 visis.

2067 1081 2538 1141 Cleinentissimus
2556 1080 2701 1135 enim
2721 1079 2863 1134 Deus
2880 1096 2942 1133 ac
2969 1078 3230 1134 Dominus
3263 1090 3447 1131 noster
3472 1075 3631 1130 Jesus

2067 1175 2342 1238 Christus,
2371 1189 2496 1228 eum
2523 1174 2618 1243 qui
2659 1173 2978 1242 passionum
3015 1187 3238 1226 suarum
3279 1172 3434 1225 testis
3464 1168 3631 1224 exsti-

2067 1273 2225 1330 terat,
2271 1265 2450 1333 pcrire
2485 1275 2640 1320 extra
2693 1264 2993 1320 Ecclesiam
3053 1263 3291 1318 nolebat;
3350 1261 3457 1317 Sed
3506 1273 3631 1316 cum

2066 1360 2197 1412 visis
2229 1357 2338 1412 illis
2391 1358 2767 1427 obtemperare
2818 1357 3113 1427 negligeret
3158 1354 3397 1418 Natalis,
3450 1362 3632 1425 utpote

2068 1447 2276 1504 honore
2306 1449 2494 1518 prima:
2519 1448 2661 1518 apud
2688 1448 2810 1502 illos
2838 1447 3002 1512 sedis,
3031 1457 3085 1501 et
3111 1447 3286 1517 turpis
3317 1446 3452 1500 lucri
3482 1445 3629 1516 cupi—

2065 1540 2233 1594 ditate
2279 1541 2431 1611 (qua:
2477 1540 2666 1595 multis
2714 1539 3035 1594 mortalibus
3065 1540 3232 1595 exitio
3274 1540 3386 1609 est)
3421 1539 3631 1593 inesca-

2068 1641 2155 1688 tus
2179 1674 2194 1697 ,
2240 1634 2456 1688 tandem
2483 1650 2513 1688 a
2549 1634 2756 1688 sanctis
2805 1633 3011 1703 angelis
3071 1648 3167 1702 per
3217 1642 3385 1687 totam
3420 1639 3631 1686 noctem

2068 1726 2251 1796 ﬂagris
2284 1741 2460 1781 caesus
2507 1735 2560 1780 et
2609 1725 2926 1795 gravissime
2966 1725 3282 1780 verberatus
3333 1733 3456 1779 est:
3498 1723 3632 1777 adeo

2070 1826 2130 1872 ut
2158 1819 2334 1888 primo
2365 1817 2605 1872 diluculo
2632 1830 2992 1885 consurgens,
3027 1830 3246 1870 saccum
3289 1815 3546 1877 induerit,
3581 1823 3630 1869 et

2069 1911 2250 1964 cinere
2272 1924 2602 1979 conspersus
2629 1908 2917 1963 confestim
2945 1923 3068 1963 cum
3098 1907 3351 1978 lacrymis
3371 1906 3437 1959 ad
3471 1905 3631 1975 pedes

2071 1999 2361 2071 Zepbyriiil
2396 2000 2638 2070 episcopi
2671 2015 2790 2054 sese
2836 1998 3120 2068 abiecerit,
3145 2014 3252 2052 non
3294 1998 3470 2052 solum
3525 1995 3629 2051 cle-

2070 2090 2338 2156 ricorum,
2398 2105 2587 2143 verum
2641 2090 2804 2143 etiam
2854 2089 3118 2143 laicoruiii
3171 2089 3414 2159 vestigiis
3463 2088 3631 2142 advo-

2070 2183 2263 2249 lutus;
2325 2191 2377 2237 ct
2424 2182 2624 2237 Christi
2675 2183 3044 2237 misericordis
3097 2181 3396 2237 Ecclesiain
3459 2183 3632 2251 ipsam

2071 2290 2287 2344 quoque
2340 2275 2748 2329 misericordem
2807 2275 3028 2329 ﬂetibus
3087 2275 3201 2330 suis
3244 2273 3630 2339 commoverit,

2061 2376 2222 2434 atque
2253 2368 2625 2433 concusserit;
2655 2366 2954 2436 multisque
2986 2368 3238 2437 precibus
3269 2382 3424 2433 usus,
3449 2377 3632 2422 osten-

2061 2457 2137 2513 sis
2175 2458 2338 2512 etiam
2388 2457 2658 2512 vibicibus
2702 2459 2986 2528 plagarum
3029 2474 3164 2527 quas
3191 2460 3503 2528 pertulerat,
3540 2460 3628 2514 vix

2062 2550 2279 2605 tandem
2312 2549 2378 2605 ad
2409 2550 2852 2605 communionem
2890 2550 3162 2605 admissus
3195 2559 3296 2605 est.
3627 2535 3650 2562 ⁸

1885 2753 1961 2806 lo.
1992 2751 2132 2806 Ibid.

462 2856 683 2927 Γραφὰς
715 2856 815 2927 μὲν
859 2856 1008 2920 Θείας
1051 2857 1271 2926 ἀφόϐως
1310 2857 1824 2929 ῥεραδιουργήκασι·
1875 2858 1965 2910 πί-

394 2965 561 3010 στεως
610 2947 668 3000 δὲ
707 2946 940 3019 ἀρχαίας
989 2946 1194 3000 κανόνα
1242 2947 1564 3019 ὴθετήκασιο
1615 2947 1844 3019 Χριστὸν
1902 2947 1960 3000 δὲ

2145 2853 2342 2910 Sacras
2391 2852 2607 2924 quidem
2649 2850 3254 2922 Scripturas'auoactcr
3291 2849 3629 2904 adulterave-

2067 2957 2224 3014 runt,
2261 2946 2545 3017 pl‘imiliVIB
2592 2957 2771 3000 autem
2823 2945 2945 3000 fidei
2995 2944 3237 3013 regulam
3285 2943 3626 3013 reiecerunt,

463 3065 508 3142 (_l
521 3065 575 3128 0)
597 3064 971 3142 Ila-[010.109
995 3062 1306 3142 κληθῆναι.
1333 3061 1707 3142 ‘l‘tanscriptum
1743 3062 1959 3142 praefert

2065 3063 2327 3142 gellorum
2359 3063 2558 3142 quibus
2579 3061 2783 3142 Natalis
2805 3078 2833 3116 a
2865 3062 3070 3142 sanctis
3091 3061 3298 3142 angelis
3325 3076 3499 3142 ezesus
3522 3071 3625 3125 est,

393 3135 560 3188 codex
597 3132 827 3201 Regius,
873 3134 960 3188 cui
1014 3133 1287 3187 consentit
1331 3132 1510 3203 Biulini
1541 3132 1954 3203 __interpretatio.

395 3205 501 3256 Sed
533 3214 766 3274 quatuor
807 3203 1001 3272 reliqui
1039 3203 1285 3274 codices,
1334 3202 1496 3274 Mam,
1536 3201 1714 3266 Med;
1740 3203 1875 3258 Fuk.
1903 3215 1954 3260 et

397 3272 566 3337 Savil'.
597 3274 1112 3343 seriptumihabent,
1141 3272 1506 3343 κληρωθῆναι.

464 3346 578 3413 (ll)
615 3341 1144 3410 IunonimirauNon
1175 3341 1445 3411 displicet,
1473 3342 1616 3411 quod
1641 3343 1780 3412 apud
1813 3343 1960 3398 Ruti-

395 3430 556 3476 num,
587 3423 984 3475 nominaretur;
1041 3428 1106 3467 ex
1147 3429 1257 3482 quo
1294 3421 1348 3466 et
1394 3413 1560 3482 liquet
1607 3428 1729 3466 eum
1775 3413 1960 3468 Griece

398 3485 589 3554 legisse
614 3483 898 3553 κληθῆναι.
931 3482 1117 3552 Neque
1154 3497 1282 3536 vero
1308 3484 1604 3554 obscurum
1638 3493 1740 3550 est,
1785 3483 1958 3538 Natali

402 3553 596 3607 vanum
641 3553 880 3623 episcopi
919 3554 1044 3623 sine
1083 3568 1140 3606 re
1195 3568 1393 3607 nomen
1447 3553 1715 3606 indultum
1767 3554 1957 3616 fuisse,

404 3640 523 3676 eum
549 3638 659 3677 non
677 3622 831 3678 esset
859 3622 1136 3677 interillos
1160 3623 1445 3678 hieretieos
1468 3623 1759 3692 episcopus
1788 3626 1881 3692 qui
1909 3625 1956 3678 ei

407 3695 801 3748 ordinationem
837 3692 1084 3764 conferre
1135 3703 1336 3764 posset.
1395 3692 1530 3747 Hinc
1575 3709 1680 3747 non
1729 3695 1959 3764 alicujus

401 3765 574 3824 urbis,
609 3764 701 3818 sed
731 3765 943 3817 hwresis
975 3762 1118 3816 illius
1151 3762 1440 3832 episcopus
1478 3774 1824 3832 nuncupatus
1855 3762 1957 3818 est.

393 3835 668 3899 Quocirca
694 3844 745 3887 et
768 3834 906 3887 inira
936 3833 1136 3886 dicitur
1161 3833 1331 3900 prima
1365 3833 1614 3886 cathedra
1644 3834 1955 3903 insignitus,

395 3921 509 3957 non
537 3905 666 3972 quia
697 3903 964 3974 episcopis
1015 3903 1308 3972 aliquibus,
1335 3905 1428 3959 sed
1454 3905 1582 3974 quia
1629 3904 1725 3958 toti
1769 3905 1960 3960 haeresi

393 3974 729 4042 prasideret.
761 3973 1068 4029 Cousrss'r.

472 4043 587 4111 (l2)
625 4045 700 4094 Δι’
732 4042 1126 4111 όραμὰτων....
1153 4043 1536 4099 ἐνουθετεῖτο.
1584 4043 1812 4098 Ruﬁnus
1843 4060 1962 4097 ver-

398 4114 486 4172 tit,
524 4111 900 4165 admonebatur
939 4115 992 4166 in
1018 4115 1254 4168 somniis.
1289 4115 1535 4168 Valesius
1582 4129 1742 4176 vero,
1795 4115 1962 4166 corri-

395 4184 648 4251 piebatitr
679 4183 731 4234 in
762 4184 992 4246 somnis;
1035 4193 1088 4237 et
1129 4183 1290 4249 infra,
1346 4185 1435 4237 sed
1495 4201 1612 4236 cum
1673 4194 1958 4237 nocturnas

395 4253 670 4324 ejusmodi
697 4253 925 4324 risiones
971 4254 1281 4324 negligeret;
1314 4270 1423 4324 quo
1466 4256 1518 4307 in
1565 4255 1684 4309 loco
1734 4253 1960 4308 Ruﬁnus

401 4339 515 4376 non
552 4323 754 4393 addidit
780 4334 1084 4376 nocturnas.
1119 4323 1174 4377 In
1219 4323 1448 4392 utroque
1496 4325 1614 4378 loco
1644 4325 1847 4393 placuit
1875 4326 1962 4378 lit-

401 4405 536 4445 tera:
561 4392 758 4447 Graeca:
780 4393 1073 4458 adhzerere,
1105 4394 1158 4447 in
1198 4410 1305 4462 qua
1342 4395 1474 4447 nihil
1508 4405 1610 4458 est,
1645 4392 1960 4451 undesom-

403 4464 650 4516 niantine
672 4479 741 4532 an
791 4464 1033 4532 vigilanti
1063 4465 1175 4518 hac
1198 4465 1312 4518 visa
1361 4469 1579 4518 ostensa
1611 4464 1737 4528 sint,
1776 4466 1957 4532 conje-

404 4515 638 4586 ciemus.
669 4531 778 4586 lmo
818 4515 1341 4587 Ρέιτυέϐῐιιίιιέθῖη
1371 4515 1579 4587 esse;
1611 4515 1958 4588 insertare».
1991 4515 2032 4567 ι)

403 4603 608 4672 ὅραμα,
633 4617 741 4671 quo
761 4612 1071 4657 constanter
1091 4605 1262 4657 utitur
1292 4616 1474 4658 noster
1496 4615 1705 4664 auctor,
1736 4604 1802 4658 de
1830 4605 1958 4657 visis

410 4673 741 4743 vigilantium
765 4675 982 4743 proprie
1013 4674 1140 4728 dici.
1171 4673 1246 4727 In.
1269 4704 1338 4714 —
1362 4673 1435 4727 De
1462 4675 1772 4742 hujusiiiodi
1803 4674 1954 4738 visis,

408 4742 480 4794 ex
507 4744 902 4811 probatissimis
937 4742 1191 4813 Ecclesia:
1231 4746 1597 4800 monumentis
1637 4745 1962 4813 antiquiori-

412 4813 512 4884 bus
526 4815 799 4882 complura
825 4813 1027 4884 profert
1054 4812 1298 4884 exempla
1330 4813 1634 4869 Dodwe‘llus
1651 4812 1873 4869 Dissert.
1903 4816 1958 4882 4,

412 4883 682 4950 Cyprian.,
706 4899 826 4953 pag.
850 4883 914 4936 57
941 4899 1092 4953 seqq.

481 4953 591 5026 (13)
633 4954 1034 5026 Θεός....1.ίΧ.
1078 4953 1246 5009 Nemo
1282 4956 1477 5010 dixerit
1524 4954 1616 5008 Dei
1656 4971 1849 5009 nomen
1891 4955 1955 5026 (a

412 5022 545 5094 Caio
569 5024 659 5092 qui
683 5023 989 5078 ArtemOnis
1011 5026 1255 5079 haeresim
1283 5028 1510 5090 refutat)
1541 5027 1629 5080 hic
1669 5022 1960 5094 improprie

411 5092 625 5147 Christo
647 5094 897 5147 attribui:
918 5095 1182 5162 siquidem
1209 5097 1356 5149 illum
1380 5097 1448 5150 ab
1473 5092 1764 5150 Artemone
1791 5092 1957 5150 Deum

413 5163 727 5239 negarinon
753 5165 971 5239 patitur,
1000 5181 1159 5239 quem
1184 5181 1213 5218 a
1241 5168 1556 5231 majoribus,
1574 5176 1761 5239 contra
1791 5166 1961 5239 luere-

411 5235 503 5284 tiei
534 5235 692 5300 hujus
721 5236 1020 5298 mendacia,
1055 5235 1224 5289 Deum
1265 5246 1532 5291 assertqu
1565 5252 1706 5298 esse,
1735 5235 1957 5299 Justini,

410 5300 693 5364 Miltiadis,
722 5304 965 5369 Tatiani,
1012 5306 1339 5373 Clementis,
1371 5306 1554 5361 Irenasi
1599 5317 1651 5361 et
1691 5307 1960 5362 Melitonis

409 5375 626 5440 scriptis
653 5376 869 5429 evincit.
902 5375 1211 5430 Cossum.

479 5444 589 5510 (Η)
620 5443 897 5512 Mdpri-pa
925 5444 1044 5497 τῶν
1069 5447 1232 5516 ιδίων
1500 5447 1653 5516 Apud
1681 5447 1956 5512 Ruﬁnum,

409 5523 690 5635 ῗιανέςῖιηι
715 5532 867 5567 sunt
895 5518 983 5584 qui
1011 5515 1110 5569 sibi
1140 5517 1196 5569 in
1225 5518 1402 5572 multis
1433 5515 1769 5587 pass’ionibus
1795 5522 1960 5574 exsti-

431 5601 518 5635 ενα
549 5624 563 5635 .
619 5602 671 5635 n.

409 5591 563 5636 terat.
598 5591 671 5637 In.

483 5650 1070 5729 (lSLMdswzag-dir
1113 5657 1342 5725 εἰλήφει
1397 5660 1664 5729 πληγῶν.
1716 5658 1959 5716 Valesius

453 5734 551 5801 ost_
580 5722 832 5801 Rutilium
862 5728 1096 5801 addidit,
1124 5745 1231 5801 pro
1250 5722 1461 5783 'Cliristi
1508 5722 1864 5800 confessione.
1896 5732 1960 5784 Et

449 5796 496 5848 ie
539 5794 848 5851 haerendum
879 5797 1066 5852 Graeco
1104 5798 1392 5855 duximus:
1434 5794 1668 5858 maxime
1707 5819 1830 5858 cuin
1865 5803 1958 5856 lla-

2066 3131 2312 3202 proxima
2352 3131 2574 3195 mentio,
2609 3133 2792 3202 plagas
2821 3148 2916 3202 pro
2944 3133 3147 3186 Christi
3186 3131 3495 3185 desertione
3527 3145 3626 3202 po-

2065 3201 2207 3268 tius,
2253 3221 2416 3272 quam
2479 3221 2574 3272 pro
2608 3201 2833 3257 Christi
2861 3203 3182 3272 confessione
3215 3212 3466 3270 acceptas
3489 3240 3502 3263 ,
3540 3201 3629 3256 liic

2063 3274 2284 3344 intelligi
2315 3275 2568 3343 postulet.
2598 3275 2673 3329 Io.

2132 3341 2260 3416 (16)’
2279 3341 2462 3416 Μόλις
2491 3342 2938 3416 κοινωνηθῆναι.
2964 3341 3308 3416 _iluju>sinod_i
3341 3342 3626 3411 indulgen-

2061 3412 2148 3469 tia
2169 3412 2274 3468 ιιοιι
2308 3415 2479 3468 solum
2517 3415 2585 3468 iis
2612 3415 2705 3482 qui
2736 3431 2765 3467 a
2800 3413 3064 3467 catholica
3111 3413 3213 3466 llde
3247 3412 3628 3467 abscesserunt

2060 3496 2114 3539 et
2142 3484 2210 3538 ad
2259 3501 2376 3538 eam
2415 3485 2760 3553 postmodum
2807 3484 3114 3546 redierant,
3155 3482 3260 3553 sed,
3306 3492 3359 3553 et
3395 3483 3626 3553 mtecliis

2063 3555 2448 3676 Eienitentibus
2476 3555 2768 3634 impertita,
2789 3553 3120 3634 Tertulliauo
3145 3552 3297 3605 valde
3323 3552 3623 3632 displicuit.

2110 3642 2194 3676 ain
2218 3625 2285 3676 ob
2309 3640 2528 3676 causam
2559 3641 2612 3676 in
2642 3626 2734 3676 lib.
2763 3624 2836 3676 Ite
2857 3625 3102 3676 audiat”
3128 3639 3181 3676 ιι.
3205 3622 3623 3676 15.euiscouum

2110 3642 2194 3678 am
2218 3625 2285 3678 ob
2309 3640 2528 3678 causam
2557 3622 2612 3677 in
2642 3626 2734 3678 lib.
2763 3624 2836 3676 Ite
2855 3625 3102 3692 pudicit.,
3128 3639 3181 3676 ιι.
3205 3622 3625 3692 l5,episcopum

2062 3695 2219 3763 cujus
2251 3711 2446 3747 nomen
2509 3695 2719 3756 reticet,
2786 3691 2862 3747 sic
2915 3694 3169 3764 sugillat;
3210 3691 3278 3744 Et
3333 3705 3387 3745 tu
3416 3695 3627 3763 quidem

2059 3765 2417 3832 paenitentiam
2450 3765 2634 3816 mazclii
2685 3765 2754 3815 ad
2787 3763 3109 3817 exorandam
3141 3763 3533 3830 fraternitatem
3565 3764 3622 3816 in

2062 3835 2333 3886 ecclesiam
2383 3833 2652 3897 inducens,
2693 3832 3075 3885 conciliciatum
3119 3841 3166 3884 et
3195 3835 3622 3896 concineratum,

2061 3920 2180 3956 cum
2214 3903 2461 3956 dedecore
2489 3913 2538 3956 et
2588 3904 2802 3957 horrore
2831 3906 3196 3970 compositum,
3239 3905 3524 3971 prosternis
3570 3907 3625 3959 in

2062 3973 2287 4026 medium
2315 3984 2436 4025 ante
2466 3971 2672 4036 viduas,
2703 3982 2824 4025 ante
2852 3976 3200 4041 presbyteros,
3235 3976 3465 4026 omnium
3491 3974 3624 4030 Idci-

2061 4046 2176 4096 nias
2207 4043 2555 4107 invadentem,
2597 4044 2827 4095 omnium
2872 4042 3088 4109 vestigia
3127 4041 3473 4107 lambentem,
3509 4062 3623 4099 am-

2061 4115 2208 4167 nium
2240 4129 2404 4182 genua
2436 4115 2783 4176 detinentem;
2816 4113 2967 4182 inque
2999 4127 3116 4182 eum
3147 4112 3372 4166 hominis
3396 4115 3619 4179 exitum,

2061 4179 2273 4252 quantis
2318 4193 2460 4251 poles
2507 4179 2892 4237 ntisericordim
2927 4179 3206 4244 illecebris,
3244 4182 3407 4236 bonus
3440 4197 3623 4252 pastor

2059 4265 2106 4307 et
2143 4253 2441 4306 benedictus
2472 4270 2608 4322 papa
2653 4254 3004 4314 concionaris,
3038 4261 3084 4303 et
3122 4252 3173 4305 in
3221 4257 3476 4320 pambula
3511 4259 3620 4310 ovis

2062 4341 2247 4392 capras
2295 4334 2414 4376 tuas
2461 4325 2651 4394 quazris
2679 4363 2692 4386 ,
2747 4336 2852 4395 tua
2881 4324 3086 4395 orisgne
3135 4341 3316 4378 rursus
3360 4327 3423 4378 de
3471 4343 3622 4395 grege

2061 4395 2295 4447 exsiliat.
2330 4397 2461 4458 Quae
2503 4395 2662 4447 verba
2708 4395 2794 4446 hic
2824 4393 3128 4446 describere
3165 4395 3339 4447 visum
3381 4407 3465 4449 est
3510 4393 3620 4450 non

2063 4474 2271 4517 tantum
2319 4468 2388 4516 oh
2423 4464 2835 4518 consensionem
2880 4463 3090 4515 illorum
3133 4480 3257 4518 cuin
3308 4467 3372 4518 iis
3405 4483 3524 4534 qua:
3555 4471 3618 4530 (ξι

2061 4534 2225 4604 Caio)
2249 4535 2490 4602 proxime
2520 4535 2684 4585 relata
2709 4542 2852 4592 sunt.
2887 4545 2979 4586 aut
3006 4545 3060 4586 ut
3087 4550 3147 4587 ea
3180 4552 3299 4602 (inae
3331 4546 3457 4589 tunc
3483 4547 3620 4591 tein-

2062 4608 2209 4674 poris
2232 4607 2375 4658 circa
2416 4605 2757 4676 ptenitcntes
2780 4605 2979 4671 vigeret
3013 4605 3320 4674 disciplina,
3367 4609 3618 4676 exmiiplo

2061 4673 2232 4728 altero
2265 4678 2570 4744 lirinaretui'
2603 4689 2615 4724 :
2672 4673 2759 4725 sed
2787 4685 2841 4726 et
2891 4676 3120 4728 maxime
3155 4673 3290 4744 quia
3336 4673 3616 4741 nonnulli,

2062 4745 2492 4811 nominatimque
2517 4743 2840 4798 Paschasius
2871 4743 3194 4808 Quesncllus
3230 4749 3457 4802 Dissert.
3497 4750 3516 4800 1
3554 4749 3618 4800 de

2061 4817 2168 4867 vita
2194 4824 2246 4888 ει
2278 4816 2436 4888 gestis
2470 4812 2679 4888 Leonis,
2704 4831 2822 4888 cap.
2850 4815 2936 4888 12,
2970 4832 3024 4868 ιι.
3058 4818 3111 4878 6,
3148 4835 3339 4888 papam
3365 4819 3513 4872 illtiiii
3551 4819 3618 4872 de

2061 4901 2168 4953 quo
2192 4886 2304 4938 haec
2339 4884 2704 4957 'l'ertullianus
2732 4887 3023 4957 eloquitur,
3049 4884 3412 4957 Zeplivrinuin
3451 4890 3615 4941 inter-

2062 4950 2362 5026 pretantur.
2387 4953 2460 5008 Dc
2491 4956 2607 5023 ipso
2630 4950 2850 5024 qquue
2876 4950 3137 5012 Baroniiis
3170 4950 3234 5012 ad
3261 4975 3463 5012 annum
3487 4959 3614 5022 216,

2060 5043 2118 5098 ιι.
2149 5027 2204 5098 4,
2239 5027 2441 5078 dictum
2479 5026 2723 5098 intelligit
2757 5027 2883 5079 illud
2926 5027 3165 5093 ejusdem
3200 5032 3287 5083 lib.
3321 5045 3360 5092 ι,
3402 5048 3521 5098 cap.
3551 5030 3570 5081 1
3601 5049 3612 5082 :

2058 5097 2232 5148 Audio
2278 5098 2437 5148 etiam
2481 5097 2706 5149 edictum
2725 5114 2847 5169 esse
2903 5102 3260 5168 propositum,
3313 5109 3360 5152 et
3408 5097 3617 5169 quidem

2057 5169 2506 5239 peremptorium:
2558 5167 2791 5235 pontifex
2821 5167 3014 5222 scilicet
3061 5172 3322 5223 maximus
3363 5167 3499 5239 quod
3539 5181 3616 5224 est

2059 5239 2328 5305 episcopus
2369 5238 2760 5305 episeoporuin,
2795 5242 2996 5294 edicit:
3045 5239 3153 5308 Ego
3197 5252 3245 5293 et
3291 5238 3523 5294 masc/iiii!
3567 5250 3615 5294 et

2060 5308 2428 5430 griiicationis
2478 5309 2670 5361 delicta
2695 5349 2710 5374 ,
2769 5312 3070 5380 pwnitentia
3137 5312 3332 5377 [unctis
3381 5313 3613 5364 dimitto.

2108 5394 2244 5430 caue
2268 5381 2583 5430 ainbiuuum
2613 5390 2714 5430 est-
2734 5386 2862 5430 nuin
2890 5383 2932 5430 si
2963 5385 3249 5430 denotetnr
3273 5382 3613 5430 Zenlivrinus

2108 5394 2244 5453 eque
2268 5381 2583 5453 ambiguum
2603 5390 2714 5453 est,
2734 5386 2862 5450 quin
2890 5383 2932 5435 si
2963 5385 3249 5438 denotetnr
3273 5382 3616 5453 Zepliyrinus

2060 5449 2147 5503 bis
2172 5451 2337 5517 cap.i
2366 5452 2566 5522 verbis,
2599 5452 2738 5505 idem
2755 5449 2985 5521 quoque
3006 5449 3379 5522 superioribus
3402 5449 3522 5521 cap.
3551 5452 3617 5504 15

2060 5531 2332 5595 carpatur.
2365 5520 2480 5576 Non
2527 5522 2724 5595 desunt
2759 5520 2940 5578 tamen
2981 5520 3084 5593 qui
3105 5536 3394 5595 utrumque
3439 5520 3616 5577 lucum

2059 5590 2126 5662 ad
2175 5591 2490 5659 episcopum
2526 5590 3030 5662 Carthaginiensem
3075 5590 3340 5662 referant;
3390 5595 3527 5646 adeo
3559 5599 3619 5646 ut

2061 5660 2107 5713 is
2140 5677 2233 5730 per
2257 5660 3088 5732 exaggerationemv'l‘crtulliano
3134 5685 3240 5722 non
3275 5660 3617 5721 insolentem.

2059 5733 2293 5807 pomifer
2327 5736 2588 5807 maximus
2624 5735 2801 5792 dictus
2837 5740 2907 5792 sit
2945 5747 2999 5792 et
3039 5741 3307 5807 episcopus
3352 5736 3616 5807 etttlt'bP‘I"

2064 5820 2198 5855 rum.
2237 5803 2430 5858 Vciuni
2476 5805 2584 5860 sive
2622 5809 2683 5871 is,
2724 5813 2835 5863 sive
2867 5803 3223 5863 "nivis—alius
3272 5803 3618 5860 "-“Hiaatut'o
