3990 6214
407 335 470 389 51
1606 339 1745 396 CAll
1776 339 1950 396 ROMA

2079 335 2512 397 PRESBYTERI
3575 350 3636 405 δε

404 442 685 498 Christum
709 443 886 515 ipsum
915 445 1147 518 denique
1180 447 1594 519 ignoraverunt:
1649 466 1757 507 non
1791 451 1950 522 inquit

2070 453 2401 523 ἠγνοήκασιν
2421 469 2434 484 ’
2468 452 2530 506 ού
2561 452 2614 507 τί
2645 455 2700 508 αἱ
2732 453 2870 510 θεῖαι
2900 455 3112 527 λέγουσι
3139 459 3370 531 Γραφαὶ,
3411 461 3649 535 ζητοῦν-

403 543 587 590 rentes
614 535 746 605 quid
791 552 963 594 sacrte
1006 539 1242 596 doceant
1292 539 1607 611 Scriptura},
1641 545 1733 598 sed
1783 545 1967 614 cujus-

2069 557 2180 605 τες,
2230 541 2343 594 ἀλλ’
2394 543 2577 595 ὁποῖον
2633 543 2816 615 σχῆμα
2856 546 3211 618 συλλογισμοῦ
3262 552 3341 613 εἰς
3380 550 3480 620 τὴν
3540 552 3648 623 τῆς

404 626 548 681 modi
596 627 1038 698 syllogismorum
1075 632 1248 702 ﬁgura
1281 633 1348 687 ad
1388 633 1819 690 conﬁrmandam
1865 636 1950 690 im.

2067 631 2356 702 ἀθεότητος
2400 631 2598 704 εὑρεθῇ
2647 634 2936 702 σύστασιν,
2977 637 3277 706 φιλοπόνως
3307 641 3644 707 ἀσκοῦντες·

402 717 652 786 pietatem
677 735 832 774 suam
863 722 1187 791 reperiatur,
1217 724 1436 779 assidue
1465 724 1966 792 meditantes.Quod

401 809 448 864 si
481 811 608 880 quis
641 812 885 883 aliquem
923 815 1120 870 divinae
1166 815 1459 886 Scriptura!
1491 817 1670 874 locum
1701 819 1782 873 eis
1823 819 1964 888 obji-

401 903 530 968 ciat,
567 907 881 961 examinant
931 916 1112 963 utrum
1161 925 1470 966 connexum
1522 925 1592 964 an
1632 910 1962 980 disjunctum

401 994 697 1067 syllogismi
748 1014 921 1070 genus
963 1014 1028 1054 ex
1060 1015 1127 1054 eo
1159 1001 1351 1056 conﬁci
1391 1002 1584 1072 possit.
1635 1000 1964 1068 Rclictisque

399 1097 565 1157 atque
620 1089 848 1159 abjectis
893 1092 1066 1148 sacris
1113 1091 1208 1148 Dei
1261 1091 1594 1164 Scripturis,
1655 1092 1965 1163 geometria:

399 1179 881 1251 student;quippe
911 1183 1006 1252 qui
1063 1192 1347 1240 terrestres
1402 1185 1512 1240 sint
1553 1193 1607 1239 et
1669 1183 1965 1253 loquantur

381 1271 650 1338 'terrena,
700 1282 754 1328 et
803 1275 956 1329 illum
991 1276 1084 1346 qui
1113 1277 1181 1333 de
1230 1277 1370 1332 coelo
1424 1276 1644 1332 advenit
1689 1277 1959 1346 ignorent.

396 1361 640 1419 Euclidis
694 1365 858 1436 igitur
913 1369 1207 1439 geometria
1251 1369 1392 1440 apud
1443 1369 1734 1422 nonnullos
1769 1382 1958 1422 eorum

396 1454 644 1510 studiose
664 1456 962 1521 excolitur;
982 1457 1298 1514 Aristoteles
1319 1473 1447 1514 vero
1470 1469 1521 1514 et
1551 1457 1960 1528 TheOplirastus

395 1562 610 1600 summa
647 1549 1008 1605 admiratione
1048 1551 1454 1620 suscipiuntur;
1493 1550 1730 1607 Galenus
1777 1560 1956 1604 autem

393 1652 427 1692 ιι
474 1638 800 1707 quibusdam
845 1640 1010 1694 ctiam
1064 1642 1345 1696 adorator.
1401 1641 1635 1697 Proinde
1680 1641 1812 1696 istos
1863 1640 1958 1710 qui

397 1726 698 1782 inﬁdelium
746 1729 957 1784 artibus
1003 1747 1068 1787 ac
1100 1731 1404 1802 disciplinis
1454 1732 1521 1786 ad
1575 1731 1953 1786 stabiliendam

2067 721 2167 776 κᾶν
2193 723 2375 787 αὐτοῖς
2418 723 2672 797 προτείνῃ
2714 744 2797 790 τις
2828 727 2989 799 ῥητὸν
3025 729 3248 800 Γραφῆς
3279 730 3486 804 θεῖκῆς,
3522 734 3650 798 ἐξε-

2065 811 2284 875 τάζουσι
2341 812 2569 884 πότερον
2629 817 2966 887 συνημμένον
3018 819 3051 890 ἢ
3093 819 3468 892 διεζευγμένον
3521 822 3644 894 (17)

2063 901 2282 956 δύναται
2333 904 2558 974 ποιῆσαι
2611 905 2793 976 σχῆμα
2849 907 3203 982 συλλογισμοῦ
3230 928 3244 942 ο
3303 914 3642 968 καταλιπόν-

2062 1010 2152 1057 τες
2198 993 2254 1046 δὲ
2301 994 2402 1058 τὰς
2456 996 2616 1065 ἁγίας
2655 997 2748 1050 τοῦ
2790 998 2923 1052 Θεοῦ
2982 1002 3235 1074 Γραφάς,
3289 1007 3643 1079 γεωμετρίαν

2061 1085 2470 1156 ἐπιτηδεύουσιν
2501 1103 2515 1118 ·
2568 1087 2644 1151 ὡς
2675 1084 2742 1142 ἂν
2797 1091 2872 1153 ἐκ,
2897 1093 2994 1162 τῆς
3050 1094 3153 1164 γῆς
3207 1095 3358 1160 ὄντες
3409 1097 3501 1150 καὶ
3568 1099 3640 1151 ἐκ

2059 1177 2160 1248 τῆς
2202 1177 2305 1247 γῆς
2335 1175 2655 1243 λαλοῦντες,
2706 1180 2799 1234 καὶ
2842 1181 2934 1236 τὸν
2966 1184 3164 1239 ἄνωθεν
3190 1187 3478 1258 ἐρχόμενον
3514 1189 3635 1260 (18)

2059 1268 2396 1336 ἀγνοοῦντες.
2434 1270 2728 1343 Εὐκλείδης
2756 1273 2886 1340 γοῦν
2921 1276 3069 1345 παρά
3098 1295 3234 1331 τισιν
3267 1279 3444 1333 αὐτῶν
3477 1282 3638 1352 φιλο-

2058 1359 2237 1424 πόνως
2274 1363 2693 1434 γεωμετρεῖται·
2745 1365 3117 1438 Ἀριστοτέλης
3159 1369 3214 1421 δὲ
3245 1371 3338 1423 καὶ
3377 1371 3632 1446 Θεόφρα-

2059 1469 2182 1516 στος
2217 1451 2612 1523 θαυμάζονται·
2649 1455 2886 1526 Γαληνὸς
2911 1457 3019 1530 γὰρ
3049 1457 3176 1522 ἴσως
3207 1460 3308 1513 ὑπό
3338 1479 3494 1516 τινων
3527 1465 3630 1518 καὶ

2057 1545 2438 1614 προσκυνεῖται
2472 1543 2602 1616 (19).
2640 1547 2702 1598 Oi
2742 1545 2799 1599 δὲ
2829 1550 2947 1612 ταῖς
2994 1549 3099 1602 τῶν
3129 1549 3369 1606 ἀπίστων
3411 1552 3628 1624 τέχναις

2055 1633 2136 1695 είς
2177 1633 2274 1704 τὴν
2303 1633 2402 1702 τῆς
2431 1633 2695 1706 αἱρέσεως
2735 1635 2914 1690 αὐτῶν
2944 1636 3166 1710 γνώμην
3213 1638 3623 1712 ἀποχρώμενοι,

2057 1723 2152 1777 καὶ
2180 1726 2247 1794 τῇ
2279 1723 2388 1777 τῶν
2432 1723 2606 1778 ἀθέων
2649 1727 2950 1799 πανουργίᾳ
2990 1731 3089 1801 τὴν
3119 1729 3294 1802 ἁπλῆν
3324 1730 3430 1784 τῶν
3467 1731 3627 1788 θείων

393 1817 620 1876 haeresis
651 1837 765 1876 sua:
795 1822 1106 1892 opinionem
1145 1824 1474 1888 abutuntur,
1525 1834 1580 1879 et
1623 1823 1807 1879 subtili
1851 1822 1950 1876 im-

2051 1815 2278 1886 Γραφῶν
2309 1815 2486 1869 πίστιν
2519 1817 2943 1888 καπηλεύοντες,
3001 1821 3083 1874 ὅτι
3147 1822 3284 1892 μηδὲ
3327 1823 3492 1892 ἐγγὺς
3534 1825 3629 1877 πί-

392 1909 608 1979 piorum
642 1912 928 1968 hominum
959 1917 1196 1970 versutia
1243 1915 1708 1986 simplicissimam
1745 1915 1956 1968 divina-

391 2013 513 2052 rum
555 1999 958 2070 Scripturarum
993 2005 1298 2058 adulterant
1330 2005 1510 2069 tidem,
1563 2003 1955 2059 remotissimos

387 2102 512 2143 esse
549 2105 578 2143 a
615 2089 717 2145 ﬁde
757 2092 888 2160 quid
935 2095 1128 2148 attinet
1179 2094 1398 2148 dicere?
1451 2092 1588 2146 Hinc
1641 2103 1754 2157 est,
1810 2093 1954 2164 quod

389 2179 590 2235 divinis
620 2181 916 2250 Scripturis
962 2183 1220 2238 audacter
1251 2199 1448 2239 manus
1488 2183 1816 2250 intulerunt,
1860 2201 1955 2241 eas

392 2283 422 2322 a
455 2283 514 2322 se
540 2271 858 2326 emendatas
883 2286 1008 2327 esse
1045 2272 1308 2326 dicentes.
1357 2271 1536 2342 Atque
1561 2272 1613 2326 id
1657 2288 1687 2326 a
1717 2289 1804 2328 me
1844 2289 1952 2328 non

389 2358 526 2414 falso
553 2361 632 2415 eis
663 2361 846 2432 ohjici,
879 2363 1130 2433 quisquis
1155 2363 1406 2432 voluerit,
1442 2362 1599 2418 facile
1638 2373 1950 2434 cognoscet.

385 2447 519 2503 Nam
545 2449 591 2506 si
614 2453 740 2520 quis
767 2452 1102 2520 exemplaria
1129 2453 1346 2508 illorum
1381 2453 1621 2523 undique
1648 2453 1950 2522 conquisita

385 2542 549 2598 simul
596 2543 737 2599 inter
786 2559 846 2599 se
896 2546 1222 2613 contulerit,
1255 2546 1493 2601 inveniet
1538 2545 1820 2616 profecto,
1864 2547 1952 2600 illa

386 2637 531 2692 inter
566 2653 625 2692 se
677 2639 972 2708 plurimum
1028 2641 1336 2697 dissentire.
1387 2642 1545 2696 Certe
1589 2642 1950 2712 Asclepiodoti

382 2731 717 2801 exemplaria
764 2747 872 2786 non
924 2734 1259 2788 conveniunt
1316 2748 1442 2788 cum
1500 2734 1608 2790 illis
1660 2749 1780 2803 qua:
1824 2743 1955 2788 sunt

385 2820 678 2877 Theodoti.
715 2822 882 2879 Multa
916 2840 1081 2894 porro
1109 2825 1423 2895 hujusmodi
1457 2827 1785 2895 exemplaria
1820 2841 1954 2880 nau-

383 2913 518 2969 cisci
553 2915 696 2979 licet,
715 2927 1000 2987 propterea
1022 2919 1167 2988 quod
1197 2918 1447 2988 discipuli
1470 2919 1684 2972 illorum
1710 2917 1954 2973 studiose

383 3009 818 3078 perscripserunt
874 3024 937 3065 ea
980 3025 1101 3079 qum
1153 3025 1185 3064 a
1237 3010 1515 3080 magistris
1545 3011 1688 3076 suis,
1743 3019 1801 3064 ut
1849 3010 1950 3080 ipsn

382 3232 496 3298 tum
517 3222 680 3293 hujus
698 3223 901 3298 edicto,
919 3225 1362 3298 tumZephyrini,
1383 3228 1494 3281 imo
1518 3236 1571 3282 et
1594 3226 1682 3280 Dei
1707 3226 1952 3283 Natalem

383 3295 595 3367 lapsum
644 3295 712 3348 ad
761 3295 1139 3367 pmititentiam
1183 3295 1292 3351 non
1339 3314 1440 3351 una
1493 3299 1702 3367 ratione
1755 3315 1952 3367 provo-

381 3365 556 3434 cantis
591 3365 948 3430 auctoritate,
987 3368 1355 3434 praedamnata
1386 3376 1470 3422 est
1509 3365 1794 3422 Novatiani
1843 3369 1949 3423 du-

385 3433 537 3508 ritia,
567 3449 674 3508 qu_a
702 3435 868 3502 lapsis
893 3433 1057 3490 etiam
1095 3439 1487 3507 paenitentibus
1516 3438 1729 3492 veniam
1765 3438 1952 3508 negari

391 3503 584 3557 voluit.
619 3503 900 3559 Coeum.

454 3573 565 3644 (17)
591 3576 850 3648 Πότερον
872 3576 1262 3648 συνημμένον
1291 3575 1330 3645 ἢ
1361 3574 1784 3648 διεζευγμένον.
1811 3577 1951 3644 Quid

381 3641 854 3767 εἰῐσυνηβμένον,
890 3654 944 3700 et
971 3641 1101 3716 quid
1138 3641 1514 3716 διεζευγμένον
1533 3641 1787 3711 ,”ιΙοοειιι
1825 3641 1949 3702 dia—

384 3713 580 3767 lectICI.
671 3717 980 3767 ronuntiata
1016 3733 1138 3767 ante
1187 3716 1357 3767 Stoici
1391 3715 1678 3767 ἀξιώματα
1722 3727 1949 3767 vocant.

384 3713 580 3787 lectiei.
613 3713 1138 3787 Pronuntiata'qute
1187 3713 1370 3772 Stoici
1391 3715 1678 3787 ἀξιώματα
1722 3727 1950 3785 vocant,

384 3783 504 3855 ³ίὶοῄ
521 3793 650 3838 sunt
675 3785 963 3855 simplicia,
991 3783 1049 3844 ut
1074 3787 1207 3841 illud
1232 3805 1245 3841 :
1277 3788 1387 3840 dies
1412 3795 1488 3840 est
1507 3783 1657 3850 {alia
1683 3801 1790 3841 non
1818 3783 1952 3842 sim?

383 3853 564 3922 plicia.
598 3855 676 3927 Ex
707 3853 800 3927 his
835 3872 957 3926 qua:
996 3874 1104 3912 non
1151 3867 1278 3913 sunt
1329 3857 1596 3927 simplicia
1619 3897 1634 3922 ,
1671 3857 1778 3912 alia
1825 3867 1953 3913 sunt

387 3924 725 4006 συνημμένα,
753 3925 804 3979 id
837 3924 920 4006 est
949 3943 1347 4006 c_onnexa_,_qua3
1360 3924 1621 4006 constant
1649 3942 1716 3982 ex
1738 3928 1952 4006 duobus

383 3993 632 4065 diversis
656 3997 1051 4065 pronuntiatis,
1091 4008 1150 4052 ut
1171 3993 1321 4062 illud,
1351 3997 1411 4052 Si
1442 3998 1553 4050 dies
1595 4009 1692 4063 est,
1729 3999 1821 4050 tua:
1849 4007 1947 4052 est.

383 4063 504 4118 Alia
537 4063 1043 4138 Gtegeuypévatseu
1081 4069 1370 4138 disjuncta,
1405 4077 1464 4138 u_t
1493 4067 1647 4131 illud,
1703 4068 1810 4120 Aut
1841 4069 1950 4138 dies

383 4145 488 4201 est,
520 4145 612 4188 aut
647 4151 752 4190 non:
782 4149 879 4191 est.
919 4136 1051 4193 Vide
1090 4136 1381 4201 Diogenem
1423 4136 1699 4191 Laertium
1747 4138 1801 4190 in
1851 4136 1952 4190 Ze-

385 4219 548 4258 none.
583 4203 782 4278 Sextus
825 4207 1139 4278 Empiricos,
1169 4203 1230 4261 τὶ
1265 4207 1607 4278 συνημμένον
1635 4205 1852 4278 deﬁnit,
1883 4207 1944 4260 τὸ

385 4274 652 4350 συνεστῲς
682 4275 742 4340 ἐξ
783 4274 1086 4350 ἀξιώματος
1125 4274 1575 4350 διαφορουμένου,
1617 4276 1742 4350 ἣ-ἐξ
1788 4276 1949 4350 ἀξιω-

387 4344 977 4419 μάτωνᾼδιαφερόντων,
1004 4348 1092 4402 διὰ
1116 4350 1207 4401 τοῦ
1227 4344 1338 4419 εϊῆ
1357 4344 1522 4415 εἴπερ
1551 4344 1863 4419 συνδέσμου.
1884 4347 1949 4400 Et

382 4415 688 4489 exemplum
725 4415 955 4489 connexi
983 4419 1128 4489 quod
1167 4419 1226 4473 tit
1263 4415 1337 4472 ex'
1369 4415 1943 4489 pronuntiato}an-

2057 1924 2226 1971 στεως
2256 1909 2586 1980 ὑπάρχουσι,
2620 1911 2673 1964 τί
2703 1911 2784 1964 δεῖ
2826 1911 2920 1965 καὶ
2950 1911 3162 1981 λέγειν;
3200 1914 3459 1968 Διατοῦτο
3506 1919 3630 1980 ταῖς

2055 1997 2225 2064 θείαις
2255 2001 2294 2051 Γ
2301 2003 2497 2072 ραφαῖς
2529 2001 2744 2070 ἀφόϐως
2777 2003 3038 2058 ἐπέϐαλον
3066 2005 3164 2069 τὰς
3195 2009 3399 2078 χεῖρας,
3437 2007 3633 2078 λέγον-

2054 2105 2144 2152 τες
2199 2089 2369 2154 αὐτὰς
2419 2090 2804 2162 διωρθωκέναι.
2859 2094 2968 2146 Καὶ
3018 2093 3098 2149 ὅτι
3130 2095 3285 2148 τοῦτο
3333 2097 3407 2168 μὴ
3457 2114 3632 2150 κατα-

2053 2179 2377 2251 ψευδόμενος
2397 2182 2576 2236 αὐτῶν
2607 2182 2770 2252 λέγω,
2785 2185 2814 2236 ό
2837 2183 3152 2255 βουλόμενος
3164 2184 3382 2240 δύναται
3406 2187 3624 2258 μαθεῖν.

2053 2270 2115 2322 Εί
2153 2270 2260 2341 γάρ
2311 2289 2394 2336 τις
2445 2271 2661 2344 θελήσει
2715 2274 3049 2344 συγκομίσας
3087 2276 3260 2329 αὐτῶν
3291 2278 3518 2331 ἑκάστου
3549 2278 3626 2332 τὰ

2053 2360 2360 2430 ἀντίγραφα
2407 2360 2680 2427 ἐξετάζειν
2726 2365 2861 2436 πρὸς
2905 2365 3125 2438 ἄλληλα,
3173 2367 3313 2420 κατά
3369 2368 3502 2422 πολὺ
3551 2369 3626 2423 ἂν

2053 2452 2202 2525 εὖροι
2222 2453 2617 2522 διαφωνοῦνταο
2639 2455 2943 2526 ἀσύμφωνα
2964 2455 3092 2525 γοῦν
3121 2456 3270 2511 ἔσται
3300 2458 3366 2512 τὰ
3392 2459 3625 2530 Ἀσκλη-

2055 2547 2243 2601 πιάδου
2279 2547 2388 2618 (20)
2430 2551 2542 2611 τοῖς
2589 2549 2862 2602 Θεοδότου.
2914 2549 3129 2604 Πολλῶν
3158 2550 3214 2604 δὲ
3262 2550 3409 2604 ἐστιν
3456 2553 3624 2606 eimo-

2055 2638 2237 2708 ρῆσαι,
2260 2638 2346 2691 διὰ
2371 2638 2432 2692 τὸ
2465 2638 2762 2711 φιλοτίμως
2803 2640 3172 2714 ἐγγεγράφθαι
3201 2642 3325 2705 τοὺς
3365 2641 3620 2714 μαθητὰς

2052 2731 2230 2784 αὐτῶν
2259 2731 2328 2785 τὰ
2359 2732 2448 2802 ὑφ’
2479 2733 2708 2786 ἑκάστου
2742 2734 2941 2801 αὐτῶν,
2973 2735 3046 2798 ὡς
3059 2734 3208 2788 αὐτοὶ
3224 2733 3466 2799 καλοῦσι,
3485 2753 3593 2790 κατ
3612 2765 3624 2774 -

2052 2822 2371 2894 ωρθωμένα,
2425 2825 2707 2880 τουτέστιν
2733 2825 3094 2896 ὴφανισμένα.
3129 2825 3294 2878 Πάλιν
3321 2826 3377 2879 δὲ
3406 2825 3622 2892 τούτοις

2052 2913 2120 2968 τὰ
2151 2913 2476 2986 Ἕρμοφίλου
2503 2915 2564 2968 ού
2595 2915 2828 2986 συνᾴδει.
2863 2915 2944 2968 Τὰ
2971 2915 3079 2988 γὰρ
3122 2916 3472 2969 Ἀπολλωνίου
3495 2917 3620 2970 οὐδὲ

2053 3007 2190 3061 αὐτὰ
2228 3007 2436 3072 ἑαυτοῖς
2464 3009 2610 3062 ἐστιν
2638 3008 2916 3079 σύμφωνα.
2950 3009 3163 3061 Ἔνεστι
3191 3008 3300 3081 γὰρ
3332 3011 3619 3080 συγκρῖναι

2053 3224 2146 3295 qui
2211 3227 2563 3296 interpretes,
2621 3242 2910 3282 connexum
2956 3241 3022 3282 ac
3060 3226 3420 3296 disjunctum,
3499 3227 3615 3284 duo

2054 3295 2500 3369 syllogismorum
2520 3313 2716 3368 genera
2743 3313 2864 3353 esse
2885 3295 3283 3352 existimarunt.
3310 3297 3440 3353 Mihi
3463 3299 3616 3369 prior

2051 3366 2332 3421 distinctio
2365 3366 2541 3436 magis
2569 3369 2763 3436 placet.

2123 3436 2234 3505 (l8)
2280 3436 2391 3490 Τὸν
2421 3435 2648 3491 ἄνωθεν
2691 3437 3036 3505 ἐρχόμενον.
3078 3435 3612 3506 Christophorsonus

2049 3507 2244 3577 vertit:
2280 3506 2550 3577 Christum
2587 3507 2678 3577 qui
2717 3507 2780 3559 de
2831 3508 2957 3561 caelo
2989 3517 3234 3562 venturus
3265 3518 3373 3571 est,
3405 3511 3610 3577 penitus

2051 3575 2560 3648 ignorant.~Quam
2599 3575 3140 3648 interpretationem
3191 3575 3442 3648 equidem
3496 3595 3608 3633 non

2050 3645 2270 3702 damno.
2332 3644 2423 3700 Sic
2465 3647 2608 3702 enim
2643 3644 2799 3715 loqui
2841 3648 3019 3702 solent
3061 3644 3256 3702 sancti'
3290 3647 3478 3702 Patres
3536 3649 3605 3703 de

2051 3731 2306 3784 supremo
2327 3716 2562 3787 adventu
2585 3715 2810 3787 Christi,
2837 3733 2946 3787 quo
2975 3719 3236 3779 mundum
3259 3717 3608 3786 judicaturus

2049 3795 2310 3856 est;rnon
2354 3786 2512 3856 quasi
2543 3787 2610 3842 de
2653 3785 2875 3856 futuro,
2913 3789 3006 3843 sed
3051 3785 3309 3856 tanquam
3358 3787 3425 3856 de
3473 3803 3608 3856 prae.

2051 3855 2224 3928 senti:
2267 3855 2486 3928 ἔρχεται
2533 3856 2734 3928 κρίνειν
2768 3855 2973 3928 ζῶντας
3005 3858 3095 3928 καὶ
3125 3855 3367 3928 νεκρούς.
3403 3855 3612 3910 italic-

2051 3926 2308 3998 gesippus
2335 3926 2395 3982 in
2424 3926 2685 3998 martyrio
2715 3928 2887 3982 sancti
2915 3926 3129 3998 Jacobi,
3164 3926 3234 3980 et'
3258 3927 3356 3998 alii
3401 3928 3604 3995 passim

2050 3997 2118 4048 ab
2147 3994 2383 4052 Eusebio
2409 3994 2584 4052 citati;
2626 3996 2862 4052 Possunt
2893 4006 3074 4050 tamen
3105 3996 3218 4049 haec
3248 3994 3410 4048 verba
3440 3998 3604 4051 etiam

2049 4065 2118 4187 ge
2141 4067 2316 4189 primo
2331 4066 2536 4122 Christi
2565 4065 2802 4122 adventu
2825 4066 3070 4136 intelligi,
3103 4065 3376 4134 quomodo
3399 4067 3608 4138 accepit

2105 4151 2132 4187 u
2159 4152 2303 4189 inus.

2105 4151 2303 4190 lllanS.

2120 4204 2232 4274 (l9)
2271 4204 2549 4272 Γαληνὸς
2577 4205 2687 4274 γὰρ
2725 4204 2872 4270 ἴσως
2909 4205 3030 4259 ὑπό
3059 4203 3384 4274 τίνωνκαὶ
3415 4217 3606 4273 προσν-

2049 4273 2329 4329 κυνεῒται.
2365 4273 2779 4345 Galenusenim
2818 4277 2884 4329 de
2927 4276 3115 4343 ﬁguris
3165 4273 3602 4345 syllogismorum

2047 4352 2099 4414 et
2129 4345 2194 4399 de
2220 4353 2329 4398 tota
2357 4344 2700 4414 philosophia
2736 4344 2905 4400 libros
2951 4344 3378 4414 conscripserat,
3431 4355 3490 4400 ut
3538 4363 3604 4400 ex

2049 4413 2312 4468 librorum
2359 4413 2481 4481 ejus
2531 4413 2712 4469 indice
2751 4413 3173 4484 cognoscimus.
3197 4415 3292 4470 Est
3330 4425 3508 4470 autem
3541 4417 3606 4470 il-

386 4485 632 4562 ρουμένῳ
657 4486 780 4562 _lioc
824 4483 1015 4562 aﬁ‘ertE
1047 4488 1109 4544 Si
1154 4490 1265 4562 dies
1309 4483 1404 4562 est,
1441 4488 1553 4562 dies
1585 4498 1684 4562 est.
1729 4486 1804 4540 Ex
1833 4483 1943 4562 quo
1976 4507 2018 4562 υ
2049 4485 2374 4562 lustre_hoc
2424 4485 2790 4562 testimonium
2821 4483 2914 4562 de_
2943 4483 3176 4562 Galerio,
3235 4486 3432 4562 quippe
3461 4487 3604 4555 quod

385 4556 867 4628 corrigendushest
895 4558 1160 4628 Diogenes
1196 4559 1443 4614 Laertius
1482 4559 1535 4612 in
1585 4556 1802 4628 Zenone
1839 4555 1944 4612 hoc
1976 4555 2009 4562 ⁷
2045 4555 2284 4628 auctoris
2303 4555 2375 4628 s_i_t
2402 4555 2788 4628 antiquissimi,
2808 4555 3421 4628 etGalenitemporibus
3463 4572 3599 4624 pene

385 4621 582 4700 modo,
603 4621 1024 4700 sEAdEttbuatoqv
1055 4630 1190 4700 μετὰ
1223 4628 1665 4700 διαφορουμένου,
1699 4621 1809 4700 οἷον
1831 4667 1845 4691 ,
1879 4628 1942 4680 El

385 4695 566 4768 ἡμέρα
598 4697 764 4770 ἐστὶν,
797 4695 977 4770 ἡμέρα
1005 4695 1360 4770 ἐστίν.Ροιϊο
1384 4695 1497 4752 tam
1522 4701 1662 4770 apud
1696 4697 1940 4770 Sextum,

381 4782 546 4835 quam
565 4769 705 4836 apud
730 4768 1003 4840 Laertium
1046 4769 1258 4823 mallem
1282 4771 1517 4822 scribere
1535 4768 1940 4840 διφορουμένου,

383 4839 839 4906 quemadmodum
873 4839 1068 4909 legitur
1098 4841 1238 4908 apud
1285 4839 1946 4909 AleuaudnnuApnrodi-

386 4909 618 4980 siensem
668 4909 720 4961 iu
770 4907 957 4980 priora
1008 4907 1311 4980 Anatytica.
1357 4907 1500 4980 Nam
1539 4907 1941 4980 διφορούμενον,

389 4977 528 5050 idem
558 4986 642 5032 est
666 4977 809 5047 quod
834 4979 923 5050 δὶς
949 4977 1375 5050 λαμϐανόμενον.
1395 4978 1460 5032 Et
1491 4979 1603 5050 licet:
1629 4977 1844 5050 quidem
1878 4979 1945 5050 de

389 5047 583 5101 harum
611 5065 805 5104 vocum
830 5047 1272 5120 interpretatione
1305 5051 1446 5104 dicta
1479 5049 1766 5102 suﬂiciant.
1788 5047 1943 5120 Quod

388 5131 518 5190 vero
547 5130 758 5188 spectat
781 5120 846 5175 ad
872 5119 1034 5190 hujus
1064 5122 1166 5176 loci
1212 5120 1721 5190 interpunctionem,
1751 5119 1942 5187 scripti

387 5187 607 5244 codices
653 5192 790 5246 inter
827 5207 885 5246 se
921 5187 1269 5246 dissentiunt.
1314 5187 1458 5259 Nam
1486 5189 1687 5259 Regius
1728 5189 1942 5259 quidem

388 5261 561 5312 codex
590 5276 750 5325 quem
781 5270 998 5317 secutus
1027 5272 1108 5316 est
1133 5261 1400 5316 Rohertus
1443 5258 1784 5329 Stephanus,
1822 5269 1944 5328 post

386 5341 575 5403 vocem
602 5329 997 5403 διεζευγμένον,
1023 5331 1286 5402 virgulam
1317 5330 1477 5403 habet
1516 5330 1846 5403 appositam;
1880 5338 1940 5383 ut

389 5399 570 5474 scias,
587 5413 749 5456 voces
789 5399 909 5458 illas
935 5399 1274 5474 συνημμένον
1303 5403 1412 5474 xui
1427 5399 1822 5474 διεζευγμένον,
1856 5413 1944 5452 re-

390 5466 801 5543 ferendasesse
847 5474 914 5526 ad
957 5473 1020 5526 τὸ
1055 5466 1740 5543 ’ῥητὸνίιιιιοᾱ-ριωςοὲειι
1776 5487 1788 5523 :
1833 5483 1943 5543 non

391 5549 570 5612 autem
597 5540 662 5612 ad
693 5542 877 5611 σχῆμα
913 5538 1268 5612 συλλογισμοῦ
1289 5538 1944 5612 ἲιιιοιιίῴιδοχὶιῐιοῌεορυὶ-

389 5616 500 5680 t_ur.
528 5607 640 5680 Sed
664 5607 858 5680 reliqui
887 5607 1124 5675 codices.
1160 5607 1295 5667 Maz.
1318 5607 1379 5666 et
1411 5607 1549 5666 Med.
1575 5626 1699 5665 cum
1728 5607 1862 5664 Fuit.
1891 5617 1945 5680 et

394 5677 689 5754 Savilia‘no‘.
723 5677 847 5754 post
881 5697 1063 5737 vocem
1086 5682 1501 5754 (διεζευγμένον,
1550 5681 1752 5736 nullam
1783 5679 1942 5735 adhi-

395 5751 523 5822 bent
551 5749 973 5822 distinctionem,
1003 5753 1097 5806 sed
1121 5749 1330 5807 tantum
1365 5763 1488 5822 post
1517 5767 1704 5807 vocem
1736 5766 1942 5822 συνημ-

395 5821 573 5889 μένον.
601 5820 774 5888 Quam
806 5819 1204 5880 distinctionem
1245 5819 1462 5881 secutus
1481 5822 1708 5881 Ruﬁnus
1736 5830 1790 5879 et
1817 5819 1942 5878 reli-

2042 4626 2291 4694 aequalis.
2323 4623 2434 4680 Nec
2463 4641 2594 4680 vero
2621 4640 2688 4680 ex
2720 4625 2824 4681 hoc
2849 4634 3057 4680 tantum
3095 4627 3386 4694 scriptore,
3416 4623 3604 4680 verum

2041 4696 2205 4766 etiam
2251 4711 2316 4749 ex
2343 4696 2463 4750 aliis
2505 4696 2920 4766 quampluribus
2940 4695 3406 4766 iidemgcolligere
3456 4696 3603 4760 licet,

2042 4766 2136 4834 qui
2167 4765 2429 4820 Galenum
2503 4764 2780 4820 Aristoteli
2831 4780 2896 4820 ac
2938 4764 3347 4835 TlteOphrasto,
3389 4765 3604 4835 ipsique

2043 4837 2178 4890 adeo
2210 4835 2421 4889 Platoni
2445 4850 2660 4905 mquare
2691 4851 2800 4890 non
2828 4836 3160 4891 dubitarunt.
3188 4834 3345 4905 Certe
3370 4834 3609 4890 Alexan-

2042 4907 2139 4960 der
2169 4902 2634 4975 Aphrodisiet‘isis,
2667 4906 2720 4960 in
2757 4907 2953 4960 librum
2984 4917 3232 4960 octavum
3290 4902 3603 4974 Topicorum

2043 4992 2149 5029 non
2179 4976 2366 5046 procul
2403 4977 2472 5030 ab
2518 4977 2692 5040 initio,
2729 4978 2862 5031 satis
2908 4976 3130 5041 indicat,
3176 4975 3251 5028 ita
3302 4991 3492 5032 omnes
3535 4977 3604 5032 de

2043 5046 2248 5101 Galeno
2273 5046 2635 5101 existimasse.
2665 5045 2956 5101 Postquam
2985 5046 3129 5099 enim
3156 5045 3360 5101 docuit.
3387 5047 3604 5101 proble-

2043 5054 2248 5102 Galeno
2273 5054 2635 5101 existimasse.
2665 5054 2956 5116 Postquam
2985 5054 3129 5099 enim
3156 5054 3360 5112 docuit,
3387 5054 3604 5114 proble-

2043 5125 2250 5196 rnatum
2279 5116 2597 5196 οῦδ-,ἔνδοξα
2626 5130 2778 5196 esse,
2810 5119 2913 5196 alia
2944 5115 3103 5196 ἄδοξα
3122 5155 3138 5182 ,
3169 5124 3225 5196 et
3258 5115 3442 5196 ἔνδοξα
3473 5118 3601 5196 giti-

2043 5188 2164 5241 dcm
2191 5187 2243 5240 in
2269 5187 2470 5256 duplici
2490 5203 2609 5242 esse
2627 5187 2926 5242 dill‘erentia
2942 5227 2956 5251 ,
2976 5187 3078 5240 alia
3096 5187 3240 5242 enim
3261 5201 3380 5241 esse
3393 5187 3598 5248 ἁπλῶς.

2043 5257 2148 5329 alia
2183 5255 2530 5329 ὡρισμένως,
2554 5257 2683 5329 hac
2729 5257 3040 5329 subjunxit:
3075 5255 3392 5329 ὡρισμένως
3429 5257 3597 5329 δζέν-

2040 5326 2186 5392 δοξα,
2211 5322 2281 5398 τὰ
2313 5322 2448 5397 τῷδε
2471 5327 2576 5398 τιν).
2606 5326 2714 5380 τῶν
2738 5322 2960 5398 ἐνδόξων
2989 5322 3233 5398 ἑπόμενα
3242 5342 3258 5356 ⁸
3287 5322 3424 5391 οἷον,
3459 5325 3598 5379 Πλά-

2041 5397 2244 5474 mhi
2274 5397 2655 5474 Ἀριστοτέλειν
2684 5397 3025 5474 ᾕ-Γαληνῷ·-
3057 5397 3118 5474 -ξ-
3227 5468 3241 5474 -
3550 5462 3561 5474 -

2113 5466 2241 5538 (20)
2271 5466 2840 5538 ΤὰίἈσκληπιὰδου.
2879 5466 3028 5537 Apud
3056 5466 3418 5538 Nicephoru‘m
3442 5466 3595 5538 _scri-

2042 5533 2190 5612 igitur
2207 5533 2215 5538 ⁷
2233 5533 2698 5612 ’Δσκληπιοδότου,
2724 5533 2998 5612 quomodo
3022 5533 3331 5612 etiam'legit
3348 5533 3593 5612 Ruﬁnus.

2042 5607 2213 5684 Paulo
2245 5618 2388 5678 post,
2417 5604 2510 5684 ubi
2543 5604 2854 5684 legitur—Arat
2884 5604 3599 5684 7&3’Anonaiviouhresti-

2043 5673 2302 5732 tuendum
2334 5688 2418 5734 est
2455 5673 2840 5733 Ἀπολλωνίδου
2867 5673 2932 5734 ex
2961 5673 3299 5733 'l'heodoreto
3322 5675 3374 5727 in
3399 5673 3535 5727 lihro
3559 5686 3597 5725 ιι

2043 5749 2299 5876 ﬁngam.
2357 5749 2689 5820 fabularum,
2745 5766 2866 5822 cap.
2900 5749 2954 5816 5,
2995 5758 3051 5805 et
3093 5764 3159 5802 ex
3199 5743 3499 5814 Nicephoro
3533 5757 3600 5797 ac

2095 5838 2124 5875 ιι
2172 5835 2261 5876 no.
3420 5868 3423 5870 _

2095 5823 2261 5877 uiino.
