3990 6214
369 266 442 321 55
1628 265 1868 323 IULIUS
1906 261 2310 321 AFRICANUS.
3529 262 3598 317 36

373 376 491 433 suis
522 376 762 449 proferat
808 377 995 433 dicens
1044 378 1099 432 in
1142 378 1437 448 semetipso
1480 398 1493 432 :

375 467 545 521 oculis
576 468 789 533 nostris,
828 476 879 520 et
922 467 1139 521 auribus
1169 468 1490 533 audivimus,
1538 476 1587 521 et
1617 483 1803 520 manus
1843 482 1938 520 no-

376 567 503 611 stra:
530 557 894 627 palpaverunt,
929 557 1039 611 lucc
1061 559 1389 627 scripsimus.
1427 556 1519 611 Sic
1545 558 1689 612 enim
1721 572 1827 610 non
1853 572 1942 612 so-

377 647 492 700 lum
524 648 783 709 visorcm,
805 647 899 701 sed
933 646 1259 711 auditorem,
1283 646 1376 701 sed
1400 654 1453 700 et
1485 646 1804 716 scriptorem
1824 660 1945 700 om-

380 738 530 793 nium
565 738 894 792 mirabilium
928 737 1142 792 Domini
1169 753 1264 807 per
1288 737 1535 792 ordinem
1563 736 1867 806 profitetur.

450 829 514 881 ll.
547 831 677 883 Acta
709 836 889 883 autem
924 829 1167 883 omnium
1199 827 1557 898 apostolorum
1597 827 1699 881 sub
1732 842 1844 881 uno
1877 827 1946 881 li-

382 921 480 972 bro
511 919 712 990 scripta
744 927 873 974 sunt
917 918 1089 971 Lucas
1139 918 1342 988 optime
1379 916 1657 986 Theophile
1693 932 1943 987 compre-

387 1010 597 1072 hendit,
625 1011 752 1080 quia
778 1011 879 1064 sub
907 1010 1191 1079 praesentia
1219 1008 1338 1077 ejus
1360 1009 1572 1078 singula
1596 1009 1942 1078 gerebantur,

384 1100 527 1154 sicut
554 1110 609 1154 et
637 1107 845 1153 semote
869 1083 1180 1168 passionem
1209 1096 1357 1151 Petri
1389 1097 1661 1150 evidenter
1684 1096 1942 1162 declarat,

384 1191 476 1245 sed
508 1190 895 1260 profectionem
937 1188 1091 1243 Pauli
1121 1189 1189 1243 ab
1223 1187 1368 1244 Urbe
1397 1188 1466 1243 ad
1497 1186 1754 1258 Spaniam
1782 1189 1947 1258 proﬁ-

389 1285 671 1339 ciscentis.

454 1374 547 1427 Ill.
587 1373 824 1443 Epistola
862 1381 1041 1428 autem
1073 1371 1256 1437 Pauli,
1290 1387 1431 1442 qua),
1461 1386 1492 1425 a
1525 1386 1634 1442 quo
1676 1370 1831 1439 loco',
1861 1372 1947 1427 vel

384 1480 490 1534 qua
517 1480 584 1519 ex
614 1480 779 1519 causa
811 1464 1012 1519 directe
1042 1464 1171 1527 sint,
1224 1462 1597 1517 voluntatibus
1624 1462 1942 1533 intelligere,

385 1557 501 1628 ipse
525 1558 820 1612 declarant.
845 1556 1087 1610 Primum
1114 1556 1359 1610 omnium
1377 1554 1684 1610 Corinthiis
1707 1557 1946 1611 schisma

387 1648 610 1703 haeresis
641 1649 990 1715 interdicens,
1036 1649 1230 1703 deinde
1260 1647 1516 1704 Callactis
1568 1648 1946 1703 circumcisio-

1546 375 1676 442 Quae
1711 377 1937 431 vidimus
1968 382 2009 437 Α
2037 377 2223 431 orbem
2272 384 2428 430 terrae
2475 372 2711 431 Ecclesia
2747 374 2939 430 diffusa
2989 388 3109 430 esse
3139 375 3475 431 denoscitur.
3527 373 3599 430 Et

2041 467 2316 522 Johannes
2346 466 2491 520 enim
2525 467 2580 521 in
2608 465 2928 537 Apocalypsi
2956 465 3083 521 licet
3113 476 3317 536 septem
3342 468 3593 524 ecclesiis

2044 552 2272 617 scribat,
2308 560 2485 607 tamen
2520 555 2772 609 omnibus
2800 555 2949 609 dicit.
2986 555 3181 610 Verum
3210 555 3279 608 ad
3321 555 3595 611 Philemo-

2044 661 2158 698 nem
2184 660 2319 708 una,
2350 652 2405 699 et
2435 645 2502 698 ad
2538 644 2714 700 Titum
2741 662 2871 713 una,
2903 629 2978 701 et.
2996 646 3065 700 ad
3101 646 3426 701 Timotheum
3459 649 3597 705 duas

2043 751 2143 806 pro
2175 734 2372 789 atl‘ectu
2413 743 2468 789 et
2494 735 2810 804 dilectione;
2858 737 2912 791 in
2946 736 3152 793 honore
3195 746 3372 792 tamen
3411 737 3598 794 Eccle-

2046 828 2141 882 sia:
2182 826 2485 891 catholicae,
2526 826 2586 895 ,in
2632 826 2972 882 ordinatione
3016 828 3399 883 ecclesiastica:
3431 828 3597 883 disci-

2045 919 2205 988 plina:
2236 904 2591 973 sanctificata;
2613 926 2758 972 sunt.
2790 917 2981 973 Fertur
3010 921 3173 1006 etiam
3197 920 3265 972 ad
3293 918 3597 973 Laudecen-

2046 1022 2149 1072 ses,
2181 1006 2286 1060 alin
2316 1007 2382 1060 ad
2415 1006 2802 1059 Alexandrinos
2829 1006 2982 1061 Pauli
3004 1009 3219 1063 nomine
3245 1008 3383 1064 ﬁcta:
3398 1009 3465 1063 ad
3491 1009 3599 1063 hae-

2046 1112 2219 1152 resem
2250 1097 2573 1165 Marcionis;
2605 1106 2659 1153 et
2701 1098 2805 1152 alia
2847 1098 3001 1167 plura
3030 1114 3149 1169 quas
3178 1100 3233 1154 in
3276 1100 3597 1156 catholicam

2046 1186 2347 1244 Eeelesiam
2384 1191 2553 1260 recipi
2597 1205 2706 1245 non
2734 1199 2929 1262 potest.
2962 1189 3056 1246 Fél
3091 1193 3233 1247 enim
3274 1208 3398 1248 cum
3441 1193 3600 1249 melle

2045 1281 2266 1336 misceri
2298 1297 2404 1336 non
2438 1283 2710 1353 congruit.

2117 1373 2207 1428 IV.
2244 1372 2489 1443 Epistola
2515 1389 2646 1429 sane
2674 1373 2936 1461 Judaztet
2967 1374 3310 1443 superscripti
3343 1374 3599 1429 Johannis

2044 1464 2179 1517 duas
2210 1463 2265 1517 in
2296 1462 2571 1518 Catholica
2603 1460 2892 1517 habentur.
2926 1460 2994 1516 Et
3023 1461 3293 1532 Sapientia
3318 1463 3384 1517 ab
3407 1461 3600 1517 amicis

2047 1555 2347 1610 Salomonis
2385 1555 2443 1609 in
2477 1555 2739 1609 honorem
2786 1554 2961 1625 ipsius
3000 1555 3224 1624 scripta.
3262 1554 3598 1623 Apocalypsis

2046 1648 2211 1703 etiam
2239 1648 2500 1701 Johannis
2535 1661 2589 1702 et
2616 1646 2786 1714 Petri,
2818 1655 3030 1701 tantum
3080 1646 3394 1716 recipimus,
3440 1660 3601 1714 quam

385 1754 534 1793 nem.
569 1739 829 1794 Romanis
862 1750 1043 1794 autem
1089 1739 1282 1794 ordine
1312 1738 1741 1809 Scripturarum,
1769 1740 1863 1795 sed
1897 1748 1950 1795 et
1978 1732 2023 1791 Β
2050 1741 2269 1813 quidam
2289 1756 2355 1796 ex
2377 1738 2700 1809 uostrislegi
2732 1740 2786 1793 in
2816 1737 3054 1793 Ecclesia
3086 1738 3298 1792 nolunt.
3333 1734 3605 1789 Pastorem

384 1828 714 1898 principium
753 1844 941 1884 earum
985 1845 1105 1885 esse
1151 1829 1431 1886 Christum
1480 1832 1774 1898 iutimans,
1818 1845 1947 1902 pro—

387 1919 551 1973 lixius
577 1912 816 1989 scripsit,
848 1920 915 1974 de
940 1921 1139 1990 quibus
1172 1921 1402 1992 singulis
1429 1937 1653 1978 necesse
1681 1930 1764 1979 est
1785 1938 1817 1977 a
1845 1938 1948 1979 no-

385 2007 472 2063 bis
520 2009 818 2079 disputari;
864 2024 988 2065 cum
1025 2010 1142 2080 ipse
1183 2010 1375 2067 beatus
1416 2012 1697 2082 apostolus
1744 2011 1949 2068 Paulus

389 2115 626 2170 sequens
656 2102 1073 2171 praedecessoris
1100 2102 1186 2157 sui
1220 2101 1484 2159 Johannis
1516 2105 1784 2172 ordinem,
1810 2120 1952 2161 non-

389 2190 493 2244 nisi
522 2191 841 2246 nominatim
868 2200 1071 2261 septem
1089 2192 1348 2247 Ecclesiis
1374 2193 1578 2249 scribat
1609 2195 1799 2249 ordine
1828 2195 1948 2250 tali:

388 2278 469 2333 Ad
503 2278 799 2334 Corinthios
826 2281 1021 2350 prima,
1056 2281 1125 2334 ad
1155 2280 1406 2350 Ephesios
1430 2282 1691 2350 secunda,
1720 2286 1790 2336 ad
1814 2283 1947 2336 Phi-

389 2369 642 2440 lippenses
685 2373 865 2440 tertia,
899 2374 968 2427 ad
1012 2373 1343 2430 Colossenses
1376 2385 1589 2445 quarta,
1618 2375 1688 2429 ad
1725 2374 1945 2430 Galatas

388 2460 598 2529 quinta,
632 2462 700 2515 ad
732 2460 1210 2518 Thessalonicenses
1243 2472 1416 2528 sexta,
1451 2465 1520 2518 ad
1564 2463 1830 2519 Romanos
1861 2480 1947 2520 se-

312 2570 321 2576 -
387 2549 579 2618 ptima.
613 2549 814 2607 Verum
843 2551 1139 2610 Corinthiis
1169 2563 1223 2611 et
1250 2553 1793 2611 Tessalonicensibus
1814 2555 1941 2611 licet

388 2652 487 2706 pro
527 2642 868 2700 carrebtione
913 2642 1158 2711 iteretur,
1206 2661 1315 2700 una
1365 2655 1545 2701 tamen
1593 2661 1690 2716 per
1726 2661 1945 2702 omnem

2050 1847 2181 1888 vero
2208 1846 2508 1888 NUPBBRINB
2558 1844 2888 1885 rsuroatsus
2925 1843 3150 1884 uosrats
3183 1828 3237 1881 in
3270 1826 3404 1881 urbe
3435 1824 3608 1880 Roma

2053 1922 2254 1978 Her-ma
2295 1922 2643 1992 conscripsit,
2675 1921 2897 1976 sedente
2938 1919 3193 1974 cathedra
3235 1918 3388 1972 urbis
3424 1915 3610 1971 Romae

2051 2011 2311 2068 Ecclesiae
2338 2011 2438 2066 Pio
2466 2012 2722 2082 episcopo
2755 2009 2921 2064 fratre
2943 2008 3082 2078 ejus.
3110 2006 3179 2061 Et
3206 2007 3328 2061 ideo
3357 2005 3460 2075 legi
3483 2020 3606 2060 eum

2051 2103 2270 2174 quidem
2298 2110 2542 2173 oportet;
2576 2116 2634 2156 se
2674 2100 2951 2171 publicare
2978 2113 3108 2155 vero
3143 2101 3197 2153 iu
3229 2096 3472 2153 Ecclesia
3506 2111 3608 2166 po-

2050 2195 2203 2265 pulo,
2236 2207 2413 2262 neque
2443 2193 2586 2247 inter
2634 2191 2923 2261 prophetas
2970 2189 3298 2258 completum
3343 2202 3605 2247 numero,

2048 2299 2224 2354 neque
2254 2284 2395 2337 inter
2439 2283 2716 2353 apostolos
2761 2281 2818 2336 in
2859 2280 3019 2335 linem
3066 2288 3370 2349 temporum
3407 2286 3603 2347 potest.

2045 2374 2261 2428 Arsinoi
2287 2383 2466 2429 autem
2494 2389 2590 2429 seu
2636 2372 2921 2437 Valentini,
2961 2372 3044 2427 vel
3072 2371 3333 2425 Miltiadis
3366 2370 3502 2424 nihil
3544 2369 3599 2422 in

2046 2473 2222 2521 totum
2249 2465 2574 2535 recipimus;
2606 2466 2889 2536 quietiam
2928 2479 3131 2520 novum
3169 2462 3507 2519 Psalmorum
3536 2460 3604 2513 li-

2049 2557 2200 2612 brum
2229 2559 2492 2615 Marcioni
2538 2558 2998 2629 conscripserunt,
3045 2573 3154 2612 una
3202 2569 3327 2611 cum
3373 2553 3608 2610 Basilide

2044 2649 2336 2705 Assianum
2366 2650 2718 2722 Catafrygum
2746 2651 3161 2706 constitutorem
3195 2647 3331 2720 (25).

602 2743 876 2822 Vidistin‘,
927 2765 1061 2828 quot
1097 2758 1322 2814 vulnera
1363 2757 1598 2815 frustulo
1642 2759 1770 2816 huic
1815 2760 2155 2831 antiquitatis
2191 2764 2452 2820 inﬂixerit
2510 2763 2857 2821 librariorum
2900 2764 3111 2820 incuria
3152 2771 3312 2834 atque
3354 2762 3608 2835 ignoran-

388 2821 462 2876 tia
478 2823 503 2877 ἳ
524 2822 812 2883 Muanon.

390 2971 3600 3018 ω

1657 3143 1829 3189 ANNO
1870 3144 2100 3190 DOMINI
2140 3144 2375 3193 CCXXII.

715 3321 1642 3535 JULIUS
1781 3322 3275 3542 AFRICANUS

1596 3660 2384 3945 ΝΟΤΞΤΙΑ

877 4052 1115 4118 (Ρηιιαη
1147 4051 1439 4107 Bibliotheca
1462 4059 1650 4119 Graaca,
1680 4060 1759 4110 ed.
1783 4061 1997 4123 Hann-:3,
2024 4068 2141 4113 tom.
2162 4062 2246 4125 IV,
2270 4078 2318 4127 p.
2345 4063 2453 4113 241-.
2479 4063 2764 4127 Hamburgi,
2786 4064 2926 4125 1795,
2950 4060 3003 4112 in
3025 4061 3124 4127 ιο.)

469 4295 681 4355 Sanus
704 4296 978 4370 (luamus
1006 4298 1323 4364 AFRICANUS,
1344 4296 1535 4367 Syrus,
1564 4314 1629 4354 ex
1658 4298 1947 4367 Emaunte,
1976 4309 2022 4370 C
2052 4304 2213 4361 lando
2238 4305 2491 4377 pingendi
2520 4306 2947 4376 sagittarumque
2976 4306 3170 4363 ictibus
3196 4305 3429 4363 formam
3452 4325 3570 4379 ejus
3588 4352 3605 4377 ,

401 4389 504 4445 sub
529 4390 803 4443 Antonino
831 4387 1159 4460 llelogabalo
1180 4396 1233 4443 et
1266 4389 1572 4444 Alexandro
1604 4388 1806 4446 Severo
1836 4392 1950 4447 cla-

401 4482 510 4536 ruit
552 4480 648 4550 (2).
687 4479 963 4533 Zachariae
1010 4476 1205 4534 Lundii
1247 4481 1698 4535 commentarium
1740 4497 1846 4537 ms.
1897 4481 1954 4536 in

401 4573 640 4628 Africani
668 4571 846 4626 Cestos
888 4573 1131 4637 servari,
1175 4574 1356 4644 accepi
1398 4572 1612 4629 Hasnize
1648 4590 1680 4629 a
1720 4573 1952 4642 Wolfio,

401 4666 563 4736 regia:
592 4665 839 4720 biblioth.
871 4663 1114 4718 custode.
1154 4664 1215 4717 ln
1251 4665 1358 4720 illis
1384 4664 1703 4736 fragmentis
1733 4682 1851 4737 cap.
1884 4666 1954 4722 ‘29

405 4764 593 4810 auctor
632 4762 879 4819 testatur,
924 4754 1124 4808 vidisse
1147 4769 1206 4809 se
1246 4755 1605 4813 Bardesanem
1657 4758 1913 4814 Parthum
1938 4799 1954 4825 ,

403 4863 564 4917 quem
595 4847 866 4901 diversum
913 4847 1045 4901 mihi
1082 4862 1203 4903 esse
1242 4850 1542 4917 persuadeo
1583 4865 1613 4904 a
1654 4850 1959 4907 Bardesane

406 4941 690 5010 scriptore.
756 4937 889 4993 Nam
929 4948 983 4994 et
1010 4939 1137 4994 huic
1169 4939 1350 4994 minus
1383 4941 1637 4996 convenit
1675 4942 1764 4996 illa
1803 4943 1961 5011 jacu-

477 5074 563 5147 (l)
594 5074 809 5147 Sextum
850 5091 990 5129 unus
1024 5082 1183 5129 vocat
1221 5074 1958 5147 Suidas.rFAnmc._Eégcwp

408 5145 695 5265 Ecribitur,
764 5145 947 5199 forsan
1020 5160 1307 5214 operarum
1370 5146 1530 5209 vitio,
1598 5147 1667 5201 ab
1704 5145 1958 5201 Eudocia.

458 5231 581 5265 Alli.-

458 5232 484 5266 .\
491 5231 520 5266 lt
529 5231 581 5271 1,.

480 5284 555 5354 (2)
594 5283 749 5354 Circa
776 5299 903 5338 ann.
940 5284 1069 5340 Chr.
1103 5284 1226 5339 2‘2l.
1257 5283 1545 5340 Vid.-Saxii
1588 5284 1773 5339 Onam.
1813 5283 1957 5348 lit.l,

409 5352 544 5422 pag.
584 5352 687 5405 552
740 5371 847 5422 sq.,
874 5364 965 5408 aut
987 5370 1038 5408 a.
1070 5355 1130 5411 C.
1158 5355 1283 5410 298.
1321 5357 1436 5409 νίιι.
1489 5355 1833 5421 llambergeri
1866 5372 1962 5407 zu-

409 5422 533 5474 uerl.
587 5421 973 5474 Nachrichten.
1019 5436 1147 5474 tom.
1184 5425 1253 5474 ll-
1285 5441 1406 5474 naa.
1445 5426 1548 5474 5‘25
1593 5441 1675 5474 sn.
1730 5422 1962 5474 Utemue

409 5422 533 5475 verl.
587 5422 973 5488 Nachrichten,
1019 5436 1147 5479 tom.
1184 5425 1253 5489 ll,
1285 5441 1406 5495 pag.
1445 5426 1548 5480 5‘25
1593 5441 1675 5493 sq.
1730 5422 1962 5494 Uterque

408 5493 590 5562 plures
610 5493 764 5563 citat,
784 5495 877 5563 qui
907 5497 971 5549 de
996 5495 1248 5550 Africano
1274 5507 1513 5563 egerunt.
1548 5493 1715 5548 HARL.

481 5564 556 5644 (5)
593 5561 747 5644 Quod
787 5561 1136 5644 Cwypacﬁsa:
1188 5561 1403 5644 paesti
1440 5576 1596 5644 vocat
1629 5564 1916 5644 africanus
1940 5603 1956 5629 ,

411 5634 551 5704 apud
592 5632 994 5704 Philostratum
1019 5632 1111 5690 lib.
1171 5632 1204 5689 Il
1246 5637 1320 5689 De
1357 5638 1463 5690 vita
1510 5634 1805 5704 Apollonii,
1834 5650 1953 5704 cap.

408 5702 499 5769 28,
527 5718 647 5775 pag.
671 5702 760 5770 81,
785 5704 980 5779 dicitur
1001 5708 1401 5778 σκιαγραφῆσαι
1431 5702 1653 5777 eam».
1684 5702 1958 5776 Magisque

2051 4414 2211 4469 quem
2228 4399 2405 4461 vellet,
2436 4400 2661 4469 pulchre
2691 4400 3028 4456 describendi
3058 4401 3280 4456 solertia
3315 4400 3413 4472 (5),
3447 4417 3607 4472 quam

2052 4490 2107 4544 in
2139 4506 2239 4546 suo
2268 4490 2557 4547 Africanus
2580 4492 2856 4562 praadicat,
2880 4502 2934 4548 et
2955 4493 3044 4548 hic
3064 4492 3296 4548 Parthus
3329 4494 3451 4560 fuit,
3474 4493 3610 4549 alter

2052 4580 2399 4654 Babylonius.
2426 4582 2666 4655 Denique
2687 4586 2780 4655 qui
2810 4584 2912 4640 sub
2932 4584 3205 4641 Antonino
3226 4585 3428 4640 vixisse
3450 4585 3614 4654 scrip-

2054 4681 2225 4729 torem
2246 4675 2441 4731 docent
2470 4674 2802 4748 Porphyrius
2836 4686 2888 4732 et
2923 4676 3218 4742 Eusebius,
3251 4677 3297 4732 si
3341 4675 3607 4747 Elagaba-

2056 4765 2188 4832 lum,
2221 4782 2330 4821 non
2384 4765 2623 4822 Marcum
2653 4765 3039 4837 Philosophum
3070 4767 3490 4833 intellexissent,
3521 4781 3614 4836 pe-

2056 4860 2213 4916 rinde
2242 4869 2302 4915 ut
2341 4857 2703 4931 Hieronymus
2733 4873 2851 4927 cap.
2878 4859 2946 4912 65
2966 4902 2981 4925 ,
3007 4859 3097 4913 ubi
3130 4859 3197 4914 de
3225 4858 3479 4915 Africano
3503 4860 3616 4916 dis-

2058 4950 2187 5005 serit
2210 4990 2226 5016 ,
2259 4958 2387 5004 nota
2419 4950 2652 5019 quadam
2684 4949 2867 5006 addita
2893 4950 3148 5005 Antonini
3189 4965 3388 5005 nomen
3420 4950 3615 5005 distin-

2059 5082 2430 5152 admirandum
2478 5081 2613 5146 hoc,
2661 5097 2825 5152 quam
2873 5082 3017 5152 quod
3070 5082 3340 5152 iniveteri
3383 5081 3614 5150 inscrip-

2059 5155 2206 5209 tione
2231 5154 2371 5222 apud
2396 5151 2691 5207 Gruterum
2720 5169 2840 5223 pag.
2857 5151 3028 5217 nexu,
3048 5153 3114 5207 de
3134 5151 3347 5206 Sorano
3370 5152 3605 5206 Batavo:

2198 5244 2562 5315 Emissumqne
2585 5263 2711 5298 arcu
2746 5246 2870 5298 dum
2902 5246 3081 5314 pendet
3106 5246 3161 5298 in
3192 5261 3309 5298 aere
3337 5244 3496 5297 telum

2202 5316 2271 5367 Ac
2297 5316 2464 5375 redit,
2493 5331 2557 5369 ea;
2578 5317 2687 5368 alia
2704 5317 2803 5384 ﬁxi
2830 5316 3059 5385 {regique
3088 5317 3304 5385 sagitta.

2061 5423 2158 5479 Vel
2197 5421 2342 5493 quod
2376 5419 2443 5475 de
2479 5419 2782 5496 Domitiano
2848 5427 3070 5483 Sueton.
3102 5443 3220 5496 cap.
3255 5427 3339 5490 19,
3370 5424 3435 5477 In
3463 5422 3614 5491 pueri

2059 5498 2238 5567 procul
2284 5497 2475 5548 stantis
2528 5493 2898 5567 pt'tebsnttsque
2954 5515 3046 5565 pro
3102 5493 3252 5564 scopo
3308 5496 3617 5567 dispansam

2060 5565 2258 5617 dextra:
2291 5581 2474 5617 manus
2506 5565 2736 5634 palmam
2756 5608 2771 5630 ,
2800 5563 3027 5634 sagittas
3063 5563 3208 5620 tanta
3237 5573 3349 5616 arte
3381 5563 3572 5634 direxit
3605 5603 3618 5623 ,

2062 5642 2310 5689 utomnes
2361 5651 2451 5703 per
2498 5630 2775 5691 intervalla
2828 5630 3111 5709 digitorum
3164 5636 3381 5688 innocue
3429 5630 3616 5685 evade-

2061 5713 2192 5758 rent.
