3990 6214
357 256 429 311 55
1604 253 1843 312 IULIUS
1880 251 2283 310 AFRICANUS.
3504 250 3572 305 56

359 367 475 424 suis
505 366 744 438 proferat
789 367 975 423 dicens
1024 366 1078 421 in
1121 366 1414 436 semetipso
1456 386 1469 420 :
1520 364 1651 431 Quae
1685 366 1910 419 vidimus
1940 371 1983 426 Α
2010 367 2195 420 orbem
2244 373 2398 420 terra:
2445 362 2684 420 Ecclesia
2719 362 2914 419 ditiusa
2963 377 3084 418 esse
3114 363 3451 418 denoscitur.
3502 361 3574 418 Et

359 457 526 511 oculis
556 458 770 522 nostris,
809 465 860 510 et
901 456 1118 509 auribus
1147 455 1465 521 audivimus,
1512 465 1561 509 et
1592 471 1776 508 manus
1816 471 1910 508 no—

358 558 483 602 atra:
510 546 872 616 palpaverunt,
907 546 1017 599 haec
1038 548 1363 616 scripsimus.
1402 545 1493 600 Sic
1518 546 1662 600 enim
1695 562 1799 599 non
1825 560 1914 601 so-

360 637 471 690 lum
504 637 761 699 visorem,
784 636 876 690 sed
910 634 1234 700 auditorem,
1258 634 1351 689 sed
1374 642 1427 688 et
1459 634 1777 704 scriptorem
1796 649 1916 689 om-

360 729 508 783 nium
543 727 870 781 mirabilium
905 726 1117 781 Domini
1144 742 1239 795 per
1263 726 1507 780 ordinem
1535 725 1839 795 proﬁtetur.

428 818 492 871 Il.
523 820 654 872 Acta
686 825 864 872 autem
900 818 1141 871 omnium
1174 816 1529 886 apostolorum
1570 816 1671 870 sub
1704 831 1815 870 uno
1848 816 1917 870 li-

359 910 457 961 bro
488 909 688 979 scripta
720 916 847 963 sunt
891 906 1063 960 Lucas
1113 907 1316 976 optime
1352 905 1629 975 Theophila
1665 921 1913 976 compre-

364 999 573 1061 hendit,
601 1000 727 1069 quia
754 1000 853 1053 sub
880 998 1164 1068 praesentia
1193 997 1312 1066 ejus
1333 998 1545 1067 singula
1568 998 1913 1067 gerebantur,

360 1090 502 1143 sicut
529 1098 584 1143 et
612 1095 819 1142 semote
843 1072 1153 1156 passionem
1181 1084 1329 1139 Petri
1361 1086 1634 1140 evidenter
1656 1086 1913 1151 declarat,

360 1180 450 1235 sed
483 1179 868 1249 profectionem
910 1177 1065 1233 Pauli
1094 1178 1162 1232 ab
1197 1175 1341 1232 Urbe
1369 1176 1438 1231 ad
1468 1175 1726 1247 Spaniam
1753 1179 1918 1248 proli-

365 1274 645 1329 ciscentis.

428 1364 520 1417 ll].
561 1362 797 1433 Epistula
835 1369 1013 1417 autem
1046 1360 1228 1426 Pauli,
1262 1376 1403 1431 quae,
1434 1375 1464 1414 a
1497 1375 1606 1431 quo
1648 1360 1803 1427 loco’,
1832 1361 1918 1417 vel

358 1470 465 1524 qua
492 1469 558 1508 ex
588 1469 753 1509 causa
784 1453 985 1508 directe
1016 1453 1144 1517 sint,
1196 1452 1569 1506 voluntatibus
1595 1452 1914 1523 intelligere,

358 1547 474 1617 ipse
498 1547 793 1601 declarant.
817 1545 1060 1600 Primum
1087 1545 1331 1600 omnium
1350 1544 1656 1599 Corinthiis
1679 1546 1918 1601 schisma

360 1637 583 1693 haeresis
614 1639 963 1704 interdicens,
1008 1638 1203 1693 deinde
1233 1636 1488 1693 Callactis
1540 1637 1917 1693 circumcisio-

2013 456 2286 512 .lohannes
2317 456 2461 510 enim
2495 457 2550 510 in
2579 454 2901 526 Apocalypsi
2930 454 3056 509 licet
3087 464 3292 524 septem
3317 456 3567 512 ecclesiis

2016 543 2242 606 scribat,
2278 549 2456 597 tamen
2489 544 2744 599 omnibus
2772 544 2923 598 dicit.
2959 544 3154 598 Verum
3184 543 3253 596 ad
3295 543 3569 598 Philemo-

2015 651 2129 688 nem
2154 649 2288 697 una,
2319 643 2374 689 et
2404 636 2471 688 ad
2508 633 2685 689 Titum
2712 651 2842 702 una,
2875 618 2950 690 et.
2968 636 3037 689 ad
3073 634 3400 690 Timotheum
3433 637 3571 693 duas

2014 741 2113 795 pro
2144 724 2341 779 ali‘ectu
2382 734 2437 779 et
2464 725 2781 793 dilectione;
2828 726 2884 780 in
2918 726 3125 782 honore
3168 735 3346 781 tamen
3385 726 3573 783 Eccle-

2016 817 2111 872 siae
2152 816 2453 881 catholica,
2495 816 2556 885 .in
2601 815 2943 871 ordinatione
2987 817 3372 872 ecclesiasticae
3404 817 3571 872 disci-

2014 909 2175 978 plina:
2206 894 2560 963 sanctiﬁcata:
2582 916 2728 962 sunt.
2759 906 2951 962 Fertur
2981 910 3144 964 etiam
3169 909 3238 961 ad
3265 908 3572 962 Laudecen-

2016 1012 2118 1062 ses,
2151 996 2255 1050 alin
2286 996 2351 1049 ad
2383 995 2772 1049 Alexandrinos
2799 995 2952 1050 Pauli
2975 982 3191 1053 nomine
3217 997 3357 1053 ﬁcta:
3371 999 3437 1052 ad
3463 999 3572 1052 bae-

2016 1102 2189 1141 resem
2220 1086 2542 1155 Marcionis;
2575 1096 2629 1143 et
2670 1088 2775 1142 alia
2816 1088 2971 1157 plura
3000 1104 3120 1159 quae
3149 1089 3205 1144 in
3247 1090 3570 1145 catholicam

2015 1176 2317 1233 Ecclesiam
2354 1181 2521 1250 recipi
2566 1195 2675 1235 non
2703 1188 2899 1251 potest.
2932 1179 3026 1236 Fél
3061 1183 3204 1237 enim
3245 1197 3370 1238 cum
3413 1182 3572 1237 melle

2016 1270 2236 1326 misceri
2268 1286 2375 1325 non
2407 1272 2679 1343 congruit.

2087 1362 2177 1418 IV.
2215 1362 2459 1433 Epistola
2486 1378 2616 1418 sane
2644 1362 2822 1429 Iudae,
2851 1371 2906 1417 et
2937 1364 3282 1433 superscripti
3313 1363 3571 1418 Johannis

2015 1454 2150 1507 duas
2181 1453 2236 1507 in
2267 1451 2542 1507 Catholica
2573 1437 2861 1507 habentur.
2896 1448 2964 1505 Et
2994 1450 3264 1520 Sapientia
3288 1452 3354 1507 ab
3378 1450 3572 1506 amicis

2017 1544 2318 1599 Salomonis
2356 1545 2413 1599 in
2448 1544 2710 1599 honorem
2757 1544 2931 1614 ipsius
2970 1544 3193 1613 scripta.
3232 1543 3570 1612 Apocalypsis

2018 1638 2182 1692 etiam
2210 1637 2471 1691 Johannis
2506 1651 2560 1692 et
2587 1635 2757 1704 Petri,
2789 1645 3001 1690 tantum
3050 1636 3365 1705 recipimus,
3411 1649 3573 1704 quam

359 1744 507 1783 nem.
543 1729 803 1784 Romanis
834 1740 1015 1783 autem
1062 1728 1254 1784 ordine
1285 1727 1713 1799 Scripturarum,
1741 1729 1835 1785 sed
1868 1737 1922 1784 et
1949 1722 1994 1780 Β
2020 1731 2240 1802 quidam
2260 1745 2327 1786 ex
2348 1728 2672 1799 uostrislegi
2703 1729 2757 1782 in
2787 1726 3024 1782 Ecclesia
3057 1727 3268 1781 nolunt.
3303 1724 3576 1777 Pastorem

358 1819 687 1888 principium
726 1834 914 1874 earum
956 1835 1078 1875 esse
1123 1819 1403 1876 Christum
1453 1821 1745 1888 intimans,
1790 1835 1918 1892 pro-

359 1909 523 1963 lixius
550 1900 788 1979 scripsit,
820 1911 887 1965 de
912 1911 1111 1980 quibus
1144 1911 1374 1982 singulis
1401 1926 1625 1968 necesse
1653 1920 1735 1969 est
1758 1928 1788 1967 a
1818 1928 1919 1969 no-

358 1998 445 2053 bis
492 1999 791 2069 disputari;
837 2014 961 2055 cum
996 2000 1114 2070 ipse
1156 2000 1347 2057 beatus
1389 2002 1669 2071 apostolus
1715 2000 1920 2058 Paulus

361 2105 598 2160 sequens
628 2092 1045 2161 praedecessoris
1072 2092 1157 2147 sui
1191 2091 1456 2149 Johannis
1488 2095 1756 2162 ordinem,
1782 2110 1924 2150 non-

360 2179 465 2234 nisi
494 2181 813 2236 nominatim
840 2190 1043 2252 septem
1061 2182 1319 2238 Ecclesiis
1346 2182 1549 2239 scribat
1580 2184 1771 2239 ordine
1801 2185 1919 2240 tali:

360 2269 442 2322 Ad
474 2268 771 2324 Corinthios
799 2271 994 2340 prima,
1028 2271 1097 2323 ad
1127 2270 1379 2340 Ephesios
1402 2271 1663 2339 secunda,
1692 2275 1762 2326 ad
1786 2272 1919 2326 Phi-

361 2359 614 2431 lippenses
657 2363 838 2430 tertia,
872 2365 940 2417 ad
984 2363 1314 2420 Colossenses
1348 2375 1561 2435 quarta,
1590 2365 1660 2419 ad
1697 2364 1917 2419 Galatas

360 2450 569 2519 quinta,
604 2452 673 2505 ad
704 2451 1182 2508 Thessalonicenses
1215 2463 1388 2518 sexta,
1423 2454 1492 2508 ad
1536 2454 1801 2509 Romanos
1833 2469 1919 2511 se-

284 2560 293 2567 -
360 2539 551 2609 ptima.
586 2540 787 2597 Verum
815 2542 1111 2601 Corinthiis
1141 2554 1195 2601 et
1222 2543 1765 2601 Tessalonicensibus
1787 2545 1912 2600 licet

359 2643 459 2697 pro
499 2632 840 2691 carrehtione
885 2633 1130 2701 iteretur,
1178 2651 1288 2690 una
1337 2644 1517 2691 tamen
1565 2651 1661 2706 per
1698 2652 1915 2692 omnem

2020 1836 2153 1877 vero
2178 1835 2479 1877 uomuntur:
2529 1834 2858 1874 'I‘EIPORIBUS
2896 1833 3121 1873 uosruts
3153 1816 3208 1870 in
3240 1815 3374 1870 urbe
3405 1813 3580 1869 Roma

2024 1912 2225 1967 Hcrma
2266 1911 2614 1981 conscripsit,
2646 1910 2867 1966 sedente
2909 1909 3163 1964 cathedra
3205 1907 3359 1961 urbis
3394 1905 3581 1961 Romae

2023 1999 2282 2057 Ecclesiae
2309 2000 2409 2055 Pio
2437 2001 2693 2072 episcopo
2726 1999 2891 2053 fratre
2913 1998 3053 2067 ejus.
3082 1996 3150 2051 Et
3176 1996 3299 2051 ideo
3327 1994 3431 2065 legi
3453 2009 3578 2049 eum

2023 2092 2242 2163 quidem
2269 2100 2513 2163 oportet;
2546 2106 2605 2146 se
2645 2090 2921 2161 publicare
2948 2103 3079 2144 vero
3114 2090 3168 2142 in
3200 2086 3443 2142 Ecclesia
3476 2101 3578 2155 po-

2021 2184 2175 2254 pulo,
2208 2197 2384 2252 neque
2414 2183 2557 2236 inter
2604 2181 2894 2250 prophetas
2941 2178 3268 2247 completum
3314 2191 3576 2236 numero,

2019 2289 2195 2344 neque
2226 2273 2367 2327 inter
2410 2273 2687 2342 apostolos
2732 2271 2789 2325 in
2829 2270 2991 2324 linem
3037 2278 3341 2339 temporum
3378 2276 3574 2336 potest.

2017 2364 2233 2418 Arsinoi
2258 2372 2437 2418 autem
2466 2378 2563 2418 seu
2607 2361 2893 2427 Valentini,
2931 2361 3017 2416 vel
3044 2359 3304 2415 Miltiadis
3337 2359 3473 2414 nihil
3515 2359 3571 2412 in

2018 2463 2194 2511 totum
2221 2455 2545 2525 recipimus;
2577 2454 2672 2526 qui
2697 2455 2861 2510 etiam
2899 2469 3102 2509 novum
3141 2451 3479 2508 Psalmorum
3507 2449 3576 2502 li-

2020 2546 2171 2602 brum
2201 2548 2463 2604 Marcioni
2509 2548 2969 2619 conscripserunt,
3016 2561 3125 2601 una
3174 2559 3299 2600 cum
3345 2542 3580 2600 Basilide

2015 2639 2307 2695 Assianum
2338 2639 2689 2712 Catalrygum
2717 2640 3132 2696 constitutorem
3166 2636 3303 2709 (25).

431 2742 547 2824 (βξ)
573 2734 848 2812 Vidistin',
899 2755 1033 2818 quot
1068 2749 1293 2804 vulnera
1335 2747 1570 2805 frustulo
1614 2749 1742 2806 huic
1787 2749 2127 2821 antiquitatis
2163 2753 2422 2809 inﬂixerit
2481 2753 2829 2810 librariorum
2871 2754 3081 2809 incuria
3122 2761 3284 2824 atque
3325 2751 3580 2824 ignoran-

359 2812 434 2867 tia
450 2814 474 2868 l
495 2814 783 2874 Hannon.

1360 2976 1459 2977 ,7,
1498 2976 1913 2978 Ὗή
1934 2976 2031 2977 7,
2122 2976 2131 2977 ,
2392 2976 2395 2977 ,
2522 2976 2607 2977 ,,,,
2664 2976 2677 2977 γ

1628 3134 1800 3179 ANNO
1842 3134 2071 3180 DOMINI
2111 3134 2346 3182 CCXXII.

686 3311 1613 3526 JULIUS
1752 3312 3246 3532 AFRICANUS

1567 3650 2355 3935 NOTlTIA

849 4042 1087 4108 (Fanum,
1118 4042 1411 4097 Bibliotheca
1433 4049 1622 4109 erca,
1651 4050 1731 4100 ed.
1754 4051 1968 4113 linus,
1995 4058 2111 4103 tom.
2134 4052 2217 4115 IV,
2241 4068 2291 4117 p.
2316 4053 2425 4103 2H.
2450 4053 2735 4117 Hamburgi,
2758 4054 2898 4114 1795,
2921 4050 2975 4102 in
2996 4050 3095 4117 ιο.)

440 4286 652 4345 SEXTUS
674 4287 949 4361 (l)luuus
976 4289 1295 4353 AFRICANUS,
1316 4286 1507 4357 Syrus,
1536 4304 1600 4344 ex
1629 4288 1919 4357 Emaunte,
1948 4299 1993 4360 C
2024 4294 2184 4351 lando
2210 4294 2463 4367 pingendi
2492 4295 2919 4366 sagittarumque
2947 4295 3142 4352 ictibus
3168 4294 3401 4353 formam
3424 4315 3542 4370 eius
3560 4342 3578 4367 ,

372 4380 475 4436 sub
500 4381 774 4434 Antonino
803 4378 1131 4450 llelOgabalo
1151 4387 1205 4434 et
1237 4379 1543 4434 Alexandro
1575 4379 1777 4436 Severo
1808 4382 1922 4437 cla-

372 4472 482 4527 ruit
523 4471 619 4541 (2).
659 4470 935 4524 Zachariae
981 4466 1176 4524 Lundii
1219 4470 1669 4524 commentarium
1712 4487 1817 4527 ms.
1868 4471 1925 4526 in

372 4563 611 4619 Africani
639 4562 817 4618 Cestos
859 4563 1103 4628 servari,
1147 4564 1327 4634 accepi
1369 4563 1583 4619 llasniw
1619 4580 1652 4619 a
1693 4564 1924 4633 Wolﬁo,

373 4657 534 4726 regiae
563 4655 810 4710 hiblioth.
842 4653 1085 4709 custode.
1126 4654 1187 4708 ln
1223 4655 1330 4710 illis
1356 4654 1674 4726 fragmentis
1705 4672 1823 4727 cap.
1856 4656 1926 4712 ‘29

377 4754 564 4801 auctor
604 4754 850 4810 testatur,
896 4744 1096 4799 vidisse
1118 4759 1178 4799 se
1218 4745 1576 4803 Bardesanem
1629 4748 1885 4803 Parthum
1910 4789 1925 4815 ,

375 4854 535 4908 quem
567 4837 837 4892 diversum
884 4838 1017 4891 mihi
1053 4853 1175 4893 esse
1215 4840 1514 4907 persuadeo
1555 4855 1584 4894 a
1626 4840 1930 4896 Bardesane

378 4931 661 5000 scriptore.
727 4927 860 4984 Nam
900 4938 954 4984 et
982 4929 1109 4984 huic
1140 4930 1321 4985 minus
1355 4931 1609 4986 convenit
1647 4932 1735 4986 illa
1774 4933 1932 5001 jacu-

449 5064 535 5137 (l)i
565 5063 780 5137 Sextum
822 5080 961 5120 unus
995 5071 1155 5119 vocat
1193 5064 1930 5137 Suidas.7FABmc._Eépcwp

378 5136 665 5255 fiet-ibitur,
735 5135 919 5190 forsan
992 5150 1278 5204 operarum
1342 5136 1502 5200 vitio,
1570 5137 1638 5191 ab
1675 5134 1930 5190 Eudocia.

428 5221 552 5255 ΑΒΜ.

428 5221 552 5261 ARL.

451 5274 527 5345 (2‘)
557 5273 719 5345 Circa
748 5289 874 5328 ann.
912 5274 1040 5331 Chr.
1074 5276 1198 5329 221.
1230 5273 1517 5330 Vid.-Saxii
1560 5275 1744 5329 Onam.
1784 5275 1863 5329 lit.
1886 5273 1928 5339 Ι,

381 5343 515 5412 pag.
555 5343 658 5412 552
710 5360 817 5412 sq.,
845 5354 936 5398 aut
958 5360 1009 5399 a.
1041 5346 1101 5401 C.
1129 5346 1254 5401 298.
1293 5347 1407 5399 Vill.
1460 5345 1805 5410 Hambergeri
1837 5362 1934 5398 zu-

379 5410 504 5485 uerl.
558 5410 944 5485 Nnc/triclzten,
988 5426 1119 5469 tom.
1156 5415 1225 5479 ll,
1257 5431 1377 5485 pag.
1416 5416 1646 5485 5257isq.
1701 5412 1933 5485 Uterque

379 5483 561 5551 plures
578 5484 735 5554 _citat_,
756 5486 848 5552 qui
879 5486 943 5539 de
967 5486 1219 5541 Africano
1245 5483 1485 5554 egerunt.
1518 5484 1686 5539 Hann.

452 5553 527 5625 (5)
564 5551 718 5625 Quod
759 5551 1108 5625 ζωγραφῆσαι
1159 5551 1364 5625 eam.»
1412 5566 1568 5609 vocat
1601 5554 1888 5608 Africanus
1912 5593 1928 5619 ,

382 5623 522 5704 apud
564 5622 964 5704 Philostratum
990 5622 1083 5679 lib.
1142 5622 1175 5678 ιί
1218 5627 1292 5704 D_e
1329 5624 1741 5704 vitanApollonii
1763 5665 1789 5704 ,.
1806 5640 1925 5694 cap.

378 5692 470 5759 28,
499 5708 618 5765 pag.
636 5692 731 5769 781,
756 5693 952 5769 dicitur
973 5698 1373 5768 σκιαγραφῆσαι
1403 5692 1637 5775 βέλεὰινη
1656 5692 1933 5775 Magisque

2023 4404 2183 4459 quem
2201 4389 2376 4451 vellet,
2407 4390 2632 4459 pulchre
2662 4389 2999 4445 describendi
3030 4390 3252 4446 solertia
3287 4390 3385 4461 (ὅ),
3419 4407 3579 4462 quam

2025 4480 2080 4534 in
2110 4496 2211 4536 suo
2239 4480 2528 4536 Africanus
2552 4482 2827 4552 prmdicat,
2851 4492 2905 4537 et
2926 4483 3016 4538 hic
3035 4482 3268 4538 Parthus
3301 4484 3423 4550 luit,
3446 4483 3583 4539 alter

2024 4570 2370 4644 Babylonius.
2396 4572 2637 4645 Denique
2658 4576 2751 4645 qui
2781 4574 2884 4630 sub
2904 4574 3177 4630 Antonino
3198 4575 3399 4629 vixisse
3421 4575 3586 4644 scrip-

2027 4671 2196 4719 torem
2218 4665 2413 4720 docent
2442 4664 2773 4738 Porphyrius
2807 4676 2860 4722 et
2896 4666 3189 4731 Eusebius,
3222 4667 3269 4722 si
3313 4665 3579 4737 Elagaba-

2026 4754 2160 4822 lum,
2192 4772 2302 4811 non
2356 4754 2595 4813 Marcum
2625 4755 3011 4827 Philosophum
3043 4757 3462 4823 intellexissent,
3493 4771 3586 4826 pe—

2028 4850 2185 4906 rinde
2213 4859 2274 4905 ut
2313 4847 2675 4921 Hieronymus
2704 4864 2823 4918 cap.
2850 4849 2918 4902 65
2938 4892 2953 4915 ,
2978 4849 3069 4903 ubi
3102 4848 3168 4904 de
3196 4848 3450 4904 Africano
3475 4850 3588 4906 dis-

2030 4940 2198 5006 serit,
2230 4947 2359 4994 nota
2391 4940 2624 5009 quadam
2656 4940 2839 4995 addita
2864 4939 3120 4995 Antonini
3160 4954 3360 4995 nomen
3391 4940 3587 4995 distin-

2030 5072 2402 5143 admirandum
2450 5071 2586 5135 hoc,
2633 5088 2797 5143 quam
2844 5072 2989 5142 quod
3040 5071 3311 5143 in~veteri
3345 5071 3586 5143 inscrip-

2030 5144 2179 5198 tione
2202 5144 2344 5212 apud
2368 5139 2665 5197 Gruteruni
2692 5159 2811 5213 pag.
2828 5139 3000 5206 ann,
3021 5142 3086 5197 de
3106 5139 3319 5196 Sorano
3341 5141 3541 5195 Batavo
3564 5153 3577 5190 :

2170 5233 2534 5305 Emissumque
2558 5253 2683 5289 arcu
2717 5236 2842 5288 dum
2873 5236 3053 5303 pendet
3078 5235 3134 5287 in
3164 5250 3282 5288 aere
3308 5233 3467 5287 telum

2175 5307 2242 5357 Ac
2269 5306 2436 5366 redit,
2466 5321 2529 5359 ea:
2551 5307 2659 5358 alia
2676 5307 2775 5374 ﬁxi
2801 5306 3031 5375 [regique
3060 5306 3276 5374 sagitta.

2034 5414 2130 5470 Vel
2170 5412 2315 5483 quod
2348 5410 2415 5466 de
2452 5409 2754 5486 Domitiano
2820 5417 3042 5472 Sueton.
3073 5432 3192 5486 cap.
3227 5415 3311 5479 19,
3342 5413 3407 5466 1η
3435 5398 3585 5480 pueri

2031 5488 2210 5556 procul
2257 5487 2448 5538 stantis
2500 5483 2870 5556 praebentisque
2924 5504 3017 5555 pro
3074 5483 3224 5553 scopo
3280 5486 3588 5556 dispansam

2033 5554 2230 5608 dextra:
2264 5572 2445 5608 manus
2478 5555 2707 5624 palmam
2727 5598 2743 5620 ,
2772 5551 2999 5624 sagittas
3035 5551 3181 5610 tanta
3209 5562 3320 5605 arte
3352 5551 3543 5624 direxit
3576 5592 3590 5612 ,

2034 5632 2088 5676 ut
2108 5640 2283 5679 omnes
2333 5641 2423 5694 per
2470 5619 2746 5681 intervalla
2800 5619 3083 5699 digitorum
3137 5626 3353 5678 innocue
3400 5619 3588 5675 evade-

2033 5703 2164 5748 rent.
