3990 6214
442 273 513 326 39
1708 273 1951 330 IULIUS
1982 271 2370 329 AFRICANUS
3594 280 3659 334 10

439 387 770 445 Vindobonre
814 387 868 440 in
902 387 1155 440 thesauro
1182 384 1402 440 librario
1431 385 1790 454 potentissimi
1821 387 1987 454 impe-

2092 384 2323 455 μετρίως
2359 383 2614 455 ἐπήϐολοι
2663 385 2900 450 παιδείας
2925 386 3032 439 τῶν
3057 386 3340 440 Εὐκλείδου
3378 395 3659 461 στοιχείων

439 480 651 533 ratoris.
696 476 818 531 Fuit
863 476 1023 530 etiam
1072 475 1124 528 in
1170 475 1416 529 biblioth.
1460 473 1822 541 Scorialensi,
1865 484 1989 530 teste

2097 469 2352 523 ἐπιποσὸν
2373 469 2447 533 ὼς
2467 471 2616 534 εἰκὸς
2643 471 2933 544 ἐφήψαντο.

438 572 588 623 Alex.
617 561 921 629 Baruoetio,
950 567 1040 635 qui
1068 566 1134 620 de
1166 567 1277 630 illo,
1306 565 1519 631 Nescio,
1544 566 1748 635 inquit,
1780 583 1846 620 an
1881 575 1998 620 tan-

2166 559 2430 616 Homerus
2460 578 2579 631 pag.
2619 561 2726 617 292
2771 565 2837 618 b:
2877 564 3138 634 ’ἰαμϐεῖον
3184 566 3427 638 ἀρχαῖον,
3454 569 3529 631 ὡς
3558 568 3652 621 λυ-

438 672 547 714 tum
591 660 709 712 boni
759 675 886 728 opus
937 658 1073 711 illud
1131 660 1426 724 contineat,
1462 668 1714 728 quantum
1771 660 1989 712 continet

2098 652 2461 725 σιτελέστερος
2489 656 2620 708 πᾶσι
2639 654 2731 708 τοῦ
2763 655 3064 728 προπετοῦς
3091 658 3119 709 ὁ
3146 657 3387 730 ἀσφαλὴς
3411 659 3650 730 ἡγεμών,

439 752 610 805 ntali:
653 759 998 819 praeterquam
1052 751 1191 803 enim
1226 748 1364 818 quod
1404 748 1654 819 sequioris
1689 749 1807 813 arvi,
1834 747 1992 801 adeo-

435 857 534 905 que
555 837 681 910 styli
713 840 782 893 sit
815 848 999 892 auctor
1027 838 1146 904 ille,
1169 838 1333 890 multa
1367 837 1518 890 habet
1559 837 1759 891 similia
1793 840 1996 893 .acticis

437 930 658 994 Leonis,
685 930 924 999 quazdam
961 928 1120 982 etiam
1159 928 1551 996 superstitiosa,
1577 943 1638 980 ac
1679 928 1846 980 multa
1875 928 2000 980 ridi-

437 1023 577 1086 cula,
607 1034 661 1076 ut
697 1024 760 1076 de
781 1023 1050 1076 curatione
1073 1037 1165 1089 per
1187 1018 1580 1086 Abracadabra,
1616 1018 1855 1090 quaedam
1883 1036 1998 1072 mu-

438 1116 715 1180 lomedica,
743 1113 884 1184 falsa
911 1115 1160 1183 plurima.
1192 1112 1408 1166 FABRIC.
1435 1111 1562 1164 —-ln
1591 1111 1804 1166 duobus
1836 1111 1993 1166 codd.

436 1206 790 1261 Leidensibus
817 1203 1074 1261 Africano
1100 1202 1354 1258 tribuitur
1386 1203 1480 1256 lib.
1524 1201 1601 1255 De
1633 1203 1786 1256 modo
1816 1201 1996 1270 defen-

433 1299 616 1352 dendae
653 1298 794 1350 urbis
824 1297 1064 1376 obsessa.

507 1391 820 1448 Africanum
837 1393 914 1447 De
931 1390 1116 1445 bellico
1146 1395 1405 1459 apparatu
1427 1401 1557 1449 ms.,
1580 1384 1646 1439 de
1659 1399 1768 1454 quo
1783 1383 1992 1440 Casau-

435 1487 610 1542 bonus
636 1486 704 1540 ad
732 1484 974 1541 Suetonii
997 1481 1252 1538 Cazsarem
1271 1523 1286 1548 ,
1310 1496 1359 1536 c.
1388 1480 1543 1545 Sl,et
1563 1476 1881 1541 Salmasius,
1905 1492 1990 1547 ep.

439 1576 567 1643 123,
601 1577 668 1630 ad
708 1575 952 1633 lsaacum
980 1573 1267 1636 Vossiutn,
1301 1571 1534 1638 intellige
1558 1577 1762 1638 partem
1808 1567 1992 1622 Cesto-

432 1685 549 1722 rum
593 1668 870 1734 Africani,
909 1677 1024 1722 tum
1075 1665 1253 1720 adhuc
1311 1662 1605 1724 ineditam,
1654 1661 1747 1715 sed
1805 1669 1992 1729 postea

431 1760 614 1816 Graece
640 1761 862 1816 Parisiis
902 1759 1229 1829 evulgatant.
1270 1755 1471 1810 Eodem
1505 1753 1644 1808 refer
1677 1751 1822 1824 quod
1853 1751 1990 1807 scri-

429 1854 508 1908 bit
533 1852 844 1908 Gassendus
878 1852 943 1906 ad
973 1867 1102 1906 ann.
1142 1848 1307 1908 1622.
1345 1845 1677 1902 Peirescium
1709 1845 1992 1899 obtinuisse

429 1956 542 2000 tum
571 1961 635 1999 ea:
674 1944 958 2011 Vaticana,
988 1954 1098 1996 tum
1132 1959 1194 1995 ea:
1220 1941 1571 1994 Ambrosiana
1614 1935 1991 1992 Mediolanensi

410 2037 662 2106 exempla
693 2037 934 2108 quasdam
963 2035 1205 2104 Africani
1241 2032 1568 2101 aliorumque
1602 2031 1908 2084 tacticorum
1937 2029 1992 2082 in

427 2130 655 2199 gratiam
701 2127 839 2181 Lud.
897 2125 1155 2179 Machalti
1196 2125 1295 2178 viri
1343 2123 1577 2188 strenui,
1619 2130 1992 2190 auctorumque

426 2221 740 2275 militarium
772 2229 822 2274 et
856 2218 1342 2272 mathematicorum
1379 2215 1624 2269 studiosi.
1653 2213 1714 2268 Et
1744 2213 1887 2282 quod
1926 2213 1992 2266 li-

425 2315 582 2369 brum
621 2313 912 2382 septimum
955 2310 1223 2363 Castorum
1247 2349 1261 2371 ,
1289 2307 1381 2378 qui
1421 2316 1504 2361 est
1529 2307 1594 2360 de
1633 2321 1689 2358 re
1733 2302 1986 2365 militari,

427 2404 680 2457 habuisse
720 2417 823 2456 ms.
867 2409 1095 2454 testatur
1140 2397 1450 2451 llolstenius
1484 2395 1625 2466 apud
1669 2392 1987 2448 Morhoﬁum

425 2495 520 2550 lib.
557 2511 572 2548 t
603 2493 952 2563 Polyhistoris
977 2532 991 2558 ,
1029 2507 1149 2562 pag.
1189 2490 1278 2544 69.
1325 2489 1402 2542 Ex
1431 2487 1596 2542 Cestis
1623 2488 1786 2540 etiam
1827 2484 1988 2554 petita

427 2596 554 2642 sunt
586 2602 706 2656 qua:
728 2585 828 2640 sub
856 2583 1099 2637 Africani
1126 2583 1341 2637 nomine
1371 2581 1424 2634 in
1453 2579 1756 2649 Geoponicis
1787 2585 1840 2631 et
1863 2574 1990 2644 Ilip-

435 2681 674 2751 piatriris
707 2677 910 2733 Graecis
942 2677 1210 2745 leguntur,
1261 2689 1324 2727 ac
1355 2673 1582 2726 fortasse
1620 2679 1862 2725 nostrum
1903 2681 1990 2721 re-

427 2777 602 2848 spexit
630 2773 943 2842 Fulgentius
966 2786 1046 2832 ttt,
1067 2767 1531 2838 7,Mythologicon,
1560 2766 1647 2820 ubi
1674 2764 1988 2820 Africanum

427 2869 868 2938 iatrosophistam
909 2865 1110 2918 laudat.
1147 2862 1306 2916 Certe
1349 2861 1404 2914 in
1445 2858 1611 2914 Cestis
1654 2858 1898 2929 ἰατρικὰς
1936 2868 1990 2914 et

425 2962 656 3034 φυσικὰς
695 2959 948 3028 δυνάμεις
983 2965 1144 3025 atque
1185 2955 1352 3016 ἰάσεις
1387 2952 1691 3016 contineri,
1717 2953 1826 3021 jam
1859 2952 1985 3005 olim

426 3055 692 3111 Eusebius
730 3053 784 3106 in
816 3051 1008 3104 Chron.
1038 3057 1091 3103 et
1122 3046 1317 3100 Suidas
1360 3045 1414 3098 in
1456 3045 1798 3113 Ἀφρικανός
1834 3053 1986 3097 nota-
2012 3066 2054 3123 ο

428 3155 574 3202 runt.
612 3146 756 3199 Inter
777 3142 918 3196 edita
943 3139 1214 3194 Cestorum
1233 3137 1408 3204 capita
1429 3144 1513 3189 est
1542 3136 1702 3189 etiam
1737 3134 1862 3188 illud
1894 3135 1983 3198 57,

425 3238 566 3307 Περὶ
591 3236 848 3306 κρυφίας
873 3230 1207 3287 ἐπιστολῶν
1239 3225 1574 3297 εὶσπομπῆς
1594 3267 1610 3293 ,
1639 3228 1784 3298 quod
1803 3228 1988 3282 laudat

426 3333 501 3386 ls.
528 3329 755 3385 Vossius
795 3329 860 3382 ad
892 3325 1093 3381 Justini
1131 3342 1202 3388 ll,
1239 3325 1340 3391 10,
1369 3340 1528 3395 quem
1557 3325 1678 3378 vide
1717 3323 1878 3377 etiam
1919 3321 1984 3376 ad

423 3421 726 3488 Catullum,
749 3435 872 3490 pag.
903 3419 1002 3481 30,
1032 3418 1121 3472 ubi
1144 3418 1209 3472 de
1240 3418 1494 3472 Africano
1509 3415 1750 3486 quzedam
1777 3413 1986 3469 erudite

427 3514 713 3578 observat,
744 3523 798 3567 et
829 3513 965 3566 inter
1001 3513 1105 3566 alia
1149 3510 1378 3564 afﬁrmat
1397 3549 1411 3573 ,
1437 3506 1838 3581 Στρατηγικῶν,
1866 3520 1986 3575 qua:

427 3616 739 3674 supersunt,
769 3605 1089 3675 fragmenta,
1123 3602 1468 3658 constituisse
1492 3610 1702 3656 sextum
1729 3616 1793 3654 ac
1820 3600 1984 3669 septi-

429 3712 579 3751 mum
608 3696 878 3751 Gestorum
906 3695 1123 3750 librum.
1156 3692 1334 3747 Cestos
1365 3691 1554 3746 Latine
1583 3700 1787 3746 vertere
1820 3690 1984 3758 εωρίι

421 3786 674 3843 Julianus
703 3787 1037 3852 Pucltardus,
1065 3803 1155 3841 an.
1188 3785 1344 3848 1705.
1363 3787 1449 3840 die
1475 3785 1542 3838 12
1569 3783 1716 3848 Dec.,
1743 3799 1830 3838 an.
1856 3793 1985 3838 atta-

425 3881 496 3936 tis
517 3880 586 3936 49
610 3878 832 3935 Parisiis
863 3879 1123 3942 denatus,
1158 3878 1252 3932 sed
1288 3893 1395 3932 non
1431 3875 1650 3946 perfecit
1693 3890 1866 3946 neque
1895 3876 1980 3929 in-

422 3971 859 4040 terpretationem
892 3985 1046 4025 suam
1072 3971 1230 4024 edere
1251 3969 1447 4035 voluit,
1473 3968 1616 4038 quod
1648 3969 1984 4024 existimaret

423 4065 670 4134 quaedam
700 4065 752 4117 in
786 4064 890 4118 illis
915 4064 1070 4118 obvia
1102 4063 1300 4116 rectius
1321 4062 1479 4131 vulgo
1513 4061 1768 4132 ignorari.

496 4155 675 4210 Cestos
692 4155 928 4209 Africani
946 4153 1377 4210 Gallo-Francicc
1401 4154 1554 4208 vertit
1571 4151 1936 4208 Guischardus
1961 4168 1974 4202 :

424 4249 523 4304 Les
547 4250 718 4305 Cestes
743 4251 806 4304 de
827 4249 950 4303 Jule
972 4250 1011 4301 Α
1021 4249 1232 4315 fricain,
1257 4247 1480 4299 traduits
1503 4262 1632 4315 pour
1656 4245 1707 4297 la
1729 4245 1976 4313 premiére

427 4343 526 4408 [nis
558 4343 683 4395 d‘un
713 4343 996 4395 manuscrit
1025 4356 1160 4411 grec.
1187 4338 1320 4393 Vide
1363 4348 1494 4392 tom.
1532 4337 1597 4390 lll
1641 4338 1785 4392 illius
1812 4334 1976 4390 Com-

427 4434 814 4486 mentariorum
846 4448 859 4482 :
893 4431 1167 4485 Memaires
1199 4431 1442 4501 critiques
1456 4441 1503 4484 et
1531 4431 1714 4485 histor.
1747 4446 1839 4482 sur
1859 4428 1980 4498 plu-
2012 4413 2056 4467 Ῑ)

425 4523 592 4575 sieurs
649 4522 822 4590 points
867 4523 1206 4592 d‘antiquités
1269 4522 1582 4586 milituires,
1630 4537 1726 4590 par
1767 4520 1982 4574 Charles

428 4611 718 4666 Guischard
741 4654 754 4677 ,
780 4616 982 4666 nommé
1023 4613 1250 4677 Quintus
1288 4612 1474 4667 Icilius
1497 4654 1512 4680 ,
1543 4611 1777 4666 Berolini
1809 4611 1980 4676 1⁸774,

424 4702 460 4756 4
483 4713 536 4758 et
559 4702 612 4767 8,
645 4701 707 4755 IV
741 4704 866 4760 voll.
900 4702 1065 4757 “ARL.

499 4793 756 4864 Superest
783 4805 840 4849 ut
876 4795 1178 4849 referantur
1216 4809 1246 4847 a
1283 4810 1370 4849 me
1407 4796 1626 4849 nomina
1656 4795 1980 4865 scriptorum

427 4901 558 4940 sane
584 4901 878 4955 paucorum
903 4925 918 4949 ,
945 4901 1082 4954 quos
1114 4885 1168 4939 in
1203 4884 1378 4940 isthoc
1403 4887 1666 4955 opusculo
1694 4887 1982 4942 memorari

426 4979 600 5047 reperi
629 4996 642 5031 :

500 5067 738 5124 Euclidis
763 5067 1055 5138 Στοιχεῖα,
1080 5085 1200 5141 pag.
1233 5068 1338 5125 295
1374 5070 1429 5126 ι).
1462 5072 1524 5125 Ol
1563 5072 1660 5142 τῆς
1689 5073 1977 5140 ἐγκυκλίου

499 5281 609 5352 (12)
640 5283 857 5339 Sextum
881 5293 1039 5340 vocat
1065 5283 1259 5341 Suidas
1290 5287 1342 5341 in
1379 5287 1437 5340 ’A

424 5347 608 5420 Neque
639 5357 1042 5410 assentiendum
1073 5357 1204 5411 viris
1235 5357 1407 5412 doctis
1442 5347 1505 5410 Η.
1535 5358 1749 5412 Valesio
1781 5362 1846 5413 ad
1877 5363 1979 5413 Eu-

427 5422 541 5499 seb.
581 5438 701 5499 pag.
732 5427 831 5499 127
880 5435 934 5480 et
962 5426 1178 5499 Labbeo
1226 5443 1240 5480 ι
1273 5427 1355 5499 De
1384 5426 1806 5496 Script.ecclcs.,
1853 5446 1974 5499 pag.

425 5489 689 5568 659,;qu
721 5493 933 5549 Cestum
965 5497 1166 5568 dictum
1199 5497 1388 5551 volunt
1421 5514 1451 5552 a
1483 5489 1754 5554 Castorum
1792 5489 1973 5568 opere.

499 5561 608 5630 (15)
655 5561 780 5616 lam
820 5581 936 5619 vero
977 5567 1253 5620 historiam
1299 5568 1391 5621 tibi
1431 5568 1683 5622 tradituri
1707 5561 1884 5623 sumus
1913 5585 1977 5624 ea:

423 5643 618 5692 QUINTO
635 5631 769 5709 libro
792 5637 830 5686 Α
840 5635 1337 5709 fricani,scriptoris
1363 5640 1590 5692 chronici
1775 5642 1818 5694 is
1842 5656 1979 5709 qua:-

424 5715 620 5773 canque
647 5705 710 5758 de
737 5706 929 5759 nostris
964 5705 1181 5777 regibus
1201 5709 1518 5781 (Armeniae)
1552 5719 1753 5776 narrat,
1796 5705 1862 5764 ea
1891 5712 1974 5763 de-

1485 5305 1590 5359 ρικ.
1625 5302 1678 5343 et
1702 5289 1972 5344 Σουσάννα..

2135 744 2366 799 212.378.

2135 760 2366 812 θεμκιδ.
2732 784 2749 800 .

2096 760 2130 814 p
2166 833 2368 891 Versus
2419 835 2532 906 ipse
2579 845 2754 891 exstat
2805 835 2944 907 apud
2988 835 3348 905 Suetonium,
3394 841 3649 910 Augusto,

2097 926 2350 996 cap.25:

2249 1011 2542 1086 Ἀσφαλὴς
2569 1017 2676 1088 γὰρ
2705 1018 2833 1070 ἔστ’
2863 1018 3134 1086 ἀμείνων,
3153 1016 3190 1086 ἢ
3225 1018 3448 1160 apag?
3476 1036 3651 1087 στρα-

3299 1107 3368 1156 τη
3411 1107 3576 1157 ατης.

3299 1107 3576 1157 τηλατης.

2162 1173 2485 1246 Neptuniani
2521 1175 2766 1247 Physica,
2801 1192 2923 1246 pag.
2951 1177 3045 1231 501
3086 1178 3122 1232 b
3146 1199 3157 1233 :
3185 1180 3487 1235 Φιλοπονῶν
3522 1183 3648 1252 περὶ

2093 1264 2190 1335 τὴν
2236 1263 2328 1317 τοῦ
2373 1264 2634 1336 παρόντος
2680 1265 3100 1337 συγγράμματος
3137 1267 3366 1336 ἔκθεσιν,
3411 1271 3648 1340 ἀνέγνων

2092 1356 2151 1407 ὲν
2181 1358 2291 1419 τοῖς
2320 1355 2717 1410 Νεπτουνιανοῧ
2753 1358 3018 1427 φυσικοῖς,
3042 1367 3146 1412 etc.

2165 1444 2231 1500 Ol
2275 1447 2595 1502 Κυντίλιοι.
2645 1463 2767 1518 pag.
2812 1447 2911 1501 501
2974 1448 3007 1501 b
3041 1464 3054 1500 :
3089 1447 3360 1514 Quinctilii
3415 1451 3644 1519 fratres,

2091 1537 2183 1606 qui
2232 1538 2334 1593 sub
2383 1538 2682 1594 Commodo
2736 1540 2869 1610 imp.
2918 1540 3049 1595 clari
3099 1541 3431 1609 scripserunt
3474 1546 3542 1601 de
3591 1560 3648 1599 te

2096 1627 2319 1682 rusuca.

2023 1738 2064 1792 Β
2161 1717 2422 1772 Eumdem
2467 1717 2636 1773 fuisse
2673 1717 2894 1774 Sextum
2933 1719 3043 1789 (12)
3074 1719 3276 1776 Iulium
3309 1721 3645 1789 Africanum,

2091 1807 2185 1876 qui
2217 1806 2660 1878 Chronographiae
2689 1809 2859 1865 libros
2920 1827 2951 1863 v
2981 1812 3092 1880 (15)
3144 1814 3213 1867 ab
3247 1813 3378 1868 orbe
3420 1813 3641 1868 condito

2091 1898 2156 1953 ad
2191 1913 2242 1953 a.
2269 1898 2330 1955 C.
2360 1900 2460 1954 221
2493 1901 2732 1970 scripsit,
2767 1911 2820 1956 et
2847 1901 3049 1957 Julium
3075 1903 3417 1966 Africanum,
3468 1903 3650 1959 Cesto-

2090 2009 2208 2046 rum
2240 1995 2588 2064 scriptorem,
2623 1995 2906 2050 credemus
2935 1997 3114 2066 potius
3145 1998 3398 2065 Eusebio,
3433 1998 3648 2066 Photio,

2093 2084 2361 2156 Syncello,
2403 2096 2456 2141 et
2491 2087 2690 2153 Suidze,
2734 2089 2838 2143 hoc
2880 2089 3291 2154 afﬁrmantibus,
3317 2091 3516 2159 quibus
3542 2090 3649 2145 Pe-

2089 2176 2287 2239 tavius,
2321 2175 2568 2239 Vossius,
2601 2177 2870 2244 Labbeus,
2910 2180 3260 2253 Lambecius,
3292 2182 3648 2248 Wetstenius,

2089 2265 2465 2322 Tillemontius
2486 2267 2799 2339 [Needham,
2827 2270 3244 2340 Hambergerus,
3275 2273 3491 2338 Saxius,
3509 2271 3642 2343 etc.]

2088 2357 2498 2423 assentiuntur,
2568 2375 2729 2429 quam
2775 2359 2890 2416 Jos.
2936 2359 3192 2432 Scaligeri
3232 2372 3285 2417 et
3331 2361 3394 2416 ll.
3445 2362 3644 2418 Valesii

2087 2448 2327 2503 virorum
2355 2449 2479 2504 licet
2504 2451 2866 2505 maximorum
2901 2453 3229 2522 conjecturis
3275 2462 3461 2508 contra
3509 2454 3648 2508 nite-

2088 2557 2230 2595 mur.
2273 2540 2560 2608 Czeterum,
2592 2543 2735 2610 quod
2763 2541 3204 2615 Chronographire
3240 2553 3293 2598 et
3319 2544 3541 2599 Κεστῶν
3579 2546 3646 2598 li-

2089 2633 2216 2689 bros
2253 2649 2349 2703 pro
2379 2649 2487 2688 uno
2519 2634 2818 2704 eodemque
2856 2651 3015 2706 opere
3044 2638 3231 2692 habuit
3255 2636 3506 2692 Petavius
3544 2653 3643 2702 xit,

2087 2723 2176 2789 40,
2206 2724 2280 2778 De
2308 2723 2549 2778 doctrina
2585 2735 2764 2793 temp.,
2798 2727 2901 2782 hoc
2934 2728 3128 2782 merito
3173 2729 3486 2783 retractavit
3533 2728 3646 2797 ipse

2087 2831 2205 2878 vm,
2231 2815 2286 2878 2,
2315 2817 2557 2870 Auctarii
2581 2818 2711 2870 diss.
2739 2817 3205 2890 [Chronographiw
3233 2836 3357 2890 pars
3384 2820 3507 2886 fuit,
3536 2835 3642 2873 non

2088 2908 2375 2978 peculiaris
2404 2909 2540 2962 liber
2572 2910 2846 2980 ἐπίτομος,
2875 2912 3091 2980 quando
3115 2911 3307 2982 legitur
3338 2912 3390 2965 in
3425 2913 3642 2967 Eusebii

2089 3000 2283 3057 Chron.
2341 3001 2660 3074 Ἀφρικανὸς
2710 3004 2767 3055 ὲν
2815 3001 3092 3073 ὲπιτόμῳ,
3147 3004 3221 3056 uti
3265 3002 3544 3059 Fabricius
3588 3005 3642 3059 in

2089 3102 2213 3148 nota
2260 3109 2363 3148 ms.
2406 3094 2471 3147 ad
2511 3092 2731 3147 Suidam
2763 3091 3124 3156 Basileensem
3171 3095 3312 3164 apud
3358 3093 3537 3151 Niclas
3575 3097 3641 3151 ad

2087 3182 2401 3253 Ceoponica,
2430 3185 2664 3254 prolcgg.
2692 3199 2812 3254 pag.
2837 3201 2998 3246 XLVII,
3029 3194 3138 3238 not.
3160 3185 3214 3250 5,
3243 3187 3427 3242 docuit
3456 3199 3642 3243 contra

2085 3273 2398 3340 Meursium,
2433 3274 2525 3343 qui
2578 3275 2631 3328 itt
2678 3273 2930 3328 Biblioth.
2960 3274 3167 3340 (Σκιέρεια,
3211 3291 3334 3348 pag.
3368 3278 3528 3345 1199,
3575 3295 3642 3334 ex

2085 3364 2177 3418 illo
2203 3365 2418 3419 Eusebii
2455 3364 2575 3418 loco
2606 3365 2877 3435 singulare
2904 3365 3146 3420 Africani
3176 3383 3333 3438 opus,
3362 3369 3640 3442 ἐπίτομον,

2089 3454 2376 3523 exsculpit.
2397 3451 2594 3525 ﬂama}

2152 3546 2270 3599 Alia
2297 3546 2364 3599 de
2385 3545 2642 3599 Africano
2671 3544 2897 3615 ejusque
2929 3547 3148 3618 scriptis
3176 3551 3316 3619 apud
3343 3551 3643 3606 accuratis-

2084 3637 2284 3691 simum
2335 3635 2740 3690 Tillemontium
2800 3645 2931 3692 tom.
2971 3636 3066 3704 Ill,
3111 3641 3164 3705 5,
3227 3641 3393 3698 Mem.
3431 3643 3640 3708 ecclés.,

2082 3745 2203 3799 pag.
2249 3729 2368 3792 115,
2419 3737 2472 3782 et
2524 3731 3034 3797 praestantissimum
3091 3731 3326 3785 Caveum
3388 3731 3546 3802 [tom.
3595 3732 3637 3795 Ι,

2080 3835 2202 3890 pag.
2233 3819 2333 3872 110
2357 3817 2466 3891 sq.]
2492 3820 2544 3872 in
2571 3831 2723 3889 parte
2751 3831 2976 3892 utraque
2999 3820 3144 3876 Hist.
3170 3822 3447 3876 litterariae
3472 3823 3641 3875 lector

2080 3912 2307 3975 evolvet,
2351 3912 2549 3980 quibus
2596 3912 2860 3967 ambobus
2911 3915 2963 3967 in
3005 3922 3240 3968 mentem
3270 3915 3417 3968 venit
3457 3914 3637 3984 suspi-

2081 4004 2219 4066 cari,
2252 4004 2396 4072 quod
2429 4001 2608 4056 Cestos
2661 4003 2800 4057 forte
2833 4005 3110 4074 scripserit
3151 4005 3463 4072 Africanus,
3499 4024 3636 4062 tton-

2078 4095 2205 4149 dum
2238 4094 2440 4149 Christi
2475 4095 2647 4150 sacris
2691 4095 2932 4150 initiatus
2973 4114 2986 4149 :
3029 4097 3156 4151 licet
3198 4098 3250 4150 in
3290 4099 3457 4153 altera
3485 4111 3639 4171 parte

2077 4184 2288 4238 Caveus
2349 4185 2498 4237 malit
2548 4186 2888 4240 subscribere
2943 4201 3134 4241 eorum
3194 4192 3474 4245 sententia:
3538 4193 3634 4261 qui

2079 4267 2258 4322 Cestos
2299 4269 2364 4322 ad
2401 4270 2564 4322 alium
2614 4269 2854 4324 referunt
2884 4271 3224 4328 Africanum.
3272 4275 3375 4329 Sed
3422 4277 3487 4331 de
3526 4287 3636 4333 tota

2084 4371 2141 4410 re
2174 4357 2368 4411 melius
2398 4357 2645 4425 judicare
2677 4359 2882 4425 liceret,
2913 4361 2956 4414 si
2987 4376 3122 4432 Opus
3157 4364 3333 4432 ipsum
3378 4376 3632 4432 exstaret;

2084 4447 2268 4515 quod,
2314 4448 2502 4516 paucis
2544 4447 2681 4502 forte
2732 4447 3048 4521 fragmentis
3105 4455 3381 4524 exceptis,
3433 4465 3490 4509 ut
3521 4455 3634 4524 jatn

2083 4541 2304 4603 notavi,
2347 4539 2636 4595 intercidit.
2695 4539 2828 4595 Nam
2862 4552 2916 4596 et
2942 4542 3218 4599 Boivinius
3249 4545 3421 4614 prima
3449 4548 3536 4601 vix
3566 4548 3635 4600 46

2082 4630 2257 4699 capita
2300 4629 2557 4685 Africano
2601 4631 2762 4686 audet
2805 4633 3063 4696 tribuere,
3105 4649 3226 4687 eum
3257 4635 3326 4690 45
3356 4650 3524 4704 usque
3568 4638 3635 4690 ad

2081 4721 2150 4776 59
2175 4724 2287 4776 fere
2310 4722 2377 4776 ad
2404 4723 2626 4777 verbum
2658 4724 2766 4778 sint
2793 4723 3063 4794 descripta
3088 4741 3152 4780 ex
3171 4723 3357 4780 Aineas
3386 4725 3633 4791 Tacticis,

2081 4822 2135 4867 et
2175 4814 2576 4883 sexagesimum
2628 4830 2752 4871 cum
2814 4816 3035 4886 reliquis
3101 4827 3319 4888 propter
3375 4819 3634 4873 vocabula

2091 4905 2320 4958 barbara
2353 4914 2406 4959 et
2431 4906 2555 4976 styli
2573 4907 2960 4974 diversitatem,
2999 4908 3165 4962 alium
3198 4918 3251 4964 et
3279 4910 3635 4965 recentiorem

2081 5007 2354 5051 auctorem
2405 4998 2683 5065 referant;
2711 5014 2739 5053 e
2770 5001 2974 5068 quibus
3020 5000 3108 5054 illa
3133 5001 3271 5069 Περὶ
3325 5001 3632 5071 φυλακῶν,

2079 5103 2202 5159 pag.
2231 5089 2356 5154 515,
2401 5088 2630 5146 llcronis
2672 5091 2813 5146 forte
2857 5093 3091 5162 junioris
3137 5109 3258 5150 esse
3285 5094 3422 5150 idem
3454 5095 3637 5150 erudi-

2076 5294 2330 5415 plrompsit
2385 5295 2628 5347 universa
2686 5309 2750 5348 ex
2806 5295 3065 5349 tabulario
3116 5295 3364 5358 Edessw,
3403 5312 3518 5367 qua:
3554 5304 3630 5348 est

2132 5364 2224 5415 I'lta
2257 5382 2268 5415 :
2303 5364 2452 5415 cuius
2484 5366 2692 5415 quidem
2731 5365 2978 5415 tabularii
3015 5367 3136 5415 libri
3171 5367 3234 5415 de
3274 5369 3512 5415 fanorum
3550 5367 3630 5415 hi-

2132 5364 2227 5437 rha
2257 5382 2268 5416 :
2303 5364 2700 5437 cttjusgquidetn
2731 5365 2978 5437 tabularis
3015 5367 3136 5420 libri
3171 5367 3234 5420 de
3271 5364 3512 5437 fanorum
3550 5367 3634 5418 hi-

2076 5434 2254 5504 storiis
2301 5450 2327 5486 e
2351 5433 2533 5486 Nesibi
2569 5443 2616 5487 et
2646 5433 2835 5504 Sinope
2859 5434 3080 5488 Pontica
3121 5433 3280 5504 fuere
3304 5454 3363 5490 eo
3404 5436 3626 5499 advecti,

2077 5503 2154 5574 ait
2206 5502 2568 5557 Cheronensis
2625 5502 2836 5569 Moses,
2901 5506 2994 5574 qui
3051 5502 3289 5560 Africani
3347 5505 3627 5574 historiam

2077 5570 2614 5644 Etlessatnexcerpsit,
2651 5589 2772 5644 pag.
2802 5574 2895 5628 101
2921 5570 3056 5629 Μὴ.
3084 5575 3356 5638 Wltiston,
3391 5573 3625 5644 Londin.

2079 5641 2237 5717 17513.
2284 5640 2400 5696 Vid.
2432 5640 2609 5698 Niclas
2637 5640 2702 5697 ad
2726 5640 3019 5717 Necdhami
3054 5647 3346 5717 prolegnnt.
3397 5645 3464 5700 ad
3494 5642 3628 5698 Geo-

2073 5713 2307 5782 punicos,
2339 5730 2456 5784 pag.
2486 5731 2650 5782 XLvtt,
2683 5731 2736 5770 n.
2853 5715 3020 5770 HABL.
3057 5713 3077 5790 ⁷,
