3990 6214
166 247 255 302 4!
1725 259 2022 316 NOTITIA.
3395 262 3464 317 ta

178 370 485 427 tissimus
530 371 811 431 Boivinius
854 379 1095 447 coniicit.
1149 380 1420 437 Caeterum
1456 382 1802 439 Christianos
1830 389 1875 442 Α
1902 378 2120 434 Labbeo
2180 387 2313 434 tom.
2344 378 2365 433 1
2415 379 2557 432 Bibl.
2610 395 2754 434 ηουω
2789 396 2937 446 mss.,
2972 396 3092 450 pag.
3120 380 3245 447 298,
3285 383 3464 437 editus

175 464 392 517 etiam
425 464 704 538 τερατώδη
734 478 993 535 sectatos,
1027 488 1089 525 ac
1120 476 1600 542 superstitionibus
1628 493 1803 546 quan-
1903 470 2129 535 Latine,
2176 488 2337 541 quem
2380 470 2511 526 Julii
2558 471 2795 525 Africani
2834 488 2969 526 .esse
3024 472 3283 541 suspicati
3338 488 3464 529 sunt

180 553 409 623 doque
439 557 653 609 deditos
686 557 891 624 fuisse,
922 571 1102 617 vetera
1139 565 1473 622 convincunt
1519 570 1760 637 exempla
1783 611 1797 633 ,
1902 560 2127 617 Vossius
2154 561 2223 614 1“
2254 562 2330 615 De
2360 564 2548 617 Ιιὶετον.
2577 562 2754 617 ιαῑὶη·
2806 573 2944 633 pal‘l-
2980 579 3052 629 IV.
3086 579 3205 633 cap-
3239 564 3293 627 5,
3335 580 3459 635 P33-

180 654 249 697 ct
292 645 655 715 Ceoponicon
708 652 943 720 scriptor
1004 654 1171 725 (haud
1202 658 1363 711 dubie
1396 658 1796 730 Christianus),
1901 652 2022 719 756,
2054 664 2111 708 et
2142 653 2374 709 Saﬂdius
2412 653 2476 708 ad
2509 652 2761 709 VOSSillm
2820 670 2941 725 pag.
2978 654 3083 709 ‘279
3119 671 3226 725 sq.,
3283 657 3464 726 Ροιὶυε

182 746 245 789 et
329 736 658 805 Tryphonis
718 745 968 813 martyris
1050 750 1390 805 exorcismus
1469 752 1795 806 insectorum
1898 745 2212 801 referendus
2250 756 2334 800 est
2378 747 2445 800 ad
2479 745 2849 816 Hippolytum,
2894 747 3281 812 Portuensem,
3315 748 3461 801 Afri-

188 828 397 883 hortis
461 831 743 901 vineisque
790 836 1077 890 noxiorum
1118 842 1258 908 apud
1311 839 1659 897 Lambecium
1696 860 1793 907 vn,
1896 839 2015 891 caui
2049 839 2331 908 aequalem.
2381 838 2702 908 Quanquam
2736 839 2978 893 Africani
3023 840 3186 894 etiam
3230 837 3463 893 Chroni-

189 936 336 987 με.
364 921 506 985 217,
542 934 593 977 et
623 925 768 991 plura
810 927 1079 995 ejusmodi
1124 947 1233 985 non
1264 934 1401 987 adeo
1450 935 1665 989 inobvia
1712 936 1799 989 fu-
1896 944 1996 983 con
2032 928 2182 983 fuere
2216 930 2309 999 qui
2349 928 2541 985 Latine
2589 931 3092 1000 interpretarentur,
3130 940 3183 985 et
3212 930 3458 994 fortasse,

192 1024 329 1066 tura
370 1016 425 1067 si
473 1017 604 1084 quis
630 1018 938 1088 diligentius
982 1024 1326 1092 iuquisierit:
1367 1027 1530 1096 inque
1572 1029 1655 1083 his
1691 1028 1796 1083 fre-
1896 1017 2280 1073 UlDOdWBHUS
2308 1020 2441 1075 (“55-
2488 1020 2563 1073 De
2609 1022 2934 1075 δυεεεδδίυηε
2963 1023 3290 1090 Pontiﬁcum.
3331 1038 3455 1093 9³8·

191 1114 485 1170 quantata
516 1108 764 1175 quaedam
790 1113 1170 1179 superstitiosa
1202 1115 1272 1168 ita
1315 1117 1549 1184 publica,
1584 1129 1640 1172 υι
1664 1136 1794 1173 con-
1895 1110 1983 1173 98,
2010 1126 2074 1165 ex
2100 1112 2324 1180 antiquo
2351 1127 2454 1165 ms.
2478 1110 2671 1165 Latino
2695 1111 3252 1166 ChroniciEusebiaui
3275 1114 3460 1168 codice

190 1198 473 1250 ciliorum
520 1199 755 1255 decretis
808 1204 1143 1271 prohibenda
1189 1204 1425 1272 Γαίῃ-ειη,
1480 1209 1546 1263 de
1590 1212 1790 1278 quibus
1894 1198 2218 1253 Mertonensi
2273 1199 2511 1267 colligit,
2559 1210 2851 1268 antequam
2898 1198 3113 1254 Eusebii
3161 1200 3456 1255 Cltronicou

192 1283 426 1337 Branus
450 1326 467 1348 ,
492 1290 731 1347 oratorii
758 1289 886 1346 Jesu
926 1295 1221 1365 presbyter,
1268 1310 1420 1366 parte
1455 1299 1613 1353 ίειηιίει
1644 1301 1789 1367 libri,
1893 1301 2122 1345 verteret
2165 1290 2546 1361 Hieronymus.
2614 1285 2696 1344 Illi
2733 1292 3051 1359 interpretes
3081 1294 3162 1346 vel
3198 1294 3358 1347 etiam
3394 1295 3430 1347 li

190 1376 413 1431 Gallice
452 1380 777 1444 ann.1702,
814 1382 894 1448 l2,
940 1385 1091 1449 editi,
1122 1403 1283 1456 quem
1314 1388 1592 1458 inscripsit
1630 1409 1642 1444 ;
1685 1391 1790 1445 ui-
1891 1384 2078 1451 brarii,
2126 1392 2219 1438 aut
2266 1385 2359 1454 qui
2402 1383 2818 1439 describendum
2876 1384 2978 1438 sibi
3020 1384 3261 1439 Africani
3310 1402 3447 1455 opus

195 1470 361 1521 stoire
415 1472 661 1541 critique
698 1482 788 1528 des
828 1479 1095 1547 pratiques
1128 1483 1543 1549 superstitieuses
1581 1486 1669 1553 qui
1702 1496 1789 1538 om
1890 1484 2235 1540 curaverunt,
2288 1475 2519 1529 diversis
2566 1475 2760 1529 deinde
2807 1476 3139 1545 temporibus
3184 1477 3250 1530 ad
3299 1494 3454 1530 suam

197 1563 373 1614 seduit
406 1562 487 1615 les
524 1566 742 1632 peuples
771 1580 819 1620 et
850 1571 1179 1625 embarrassé
1214 1573 1288 1627 les
1347 1592 1553 1629 savans.
1580 1576 1657 1630 Ex
1692 1593 1787 1632 eo-

200 1654 320 1707 dem
351 1653 702 1723 Ceoponicon
735 1660 998 1730 scriptore
1030 1674 1174 1718 recte
1203 1665 1445 1736 colligas,
1471 1667 1787 1723 Africanum

200 1743 589 1802 Christianum
641 1748 834 1817 fuisse,
870 1767 995 1807 cum
1035 1753 1216 1810 Cestos
1250 1758 1533 1826 scriberet,
1569 1759 1623 1813 in
1668 1760 1788 1829 qui-

212 1838 307 1892 bes
342 1841 766 1896 commendavit
807 1844 991 1899 efﬁcax
1038 1848 1299 1904 adversus
1329 1850 1438 1904 vini
1480 1853 1787 1920 corruptio-

226 1944 327 1980 nem
382 1930 735 1994 remedium,
785 1933 830 1987 si
874 1935 1021 1989 dolio
1073 1937 1449 1994 inscribantur
1509 1939 1629 1993 θεῖα
1675 1941 1789 1997 hazc

219 2018 375 2073 verba
402 2020 579 2089 (Paul.
600 2038 791 2089 xxxnv,
818 2025 873 2095 8)
906 2042 920 2078 :
951 2026 1171 2083 Gustata
1212 2039 1262 2084 et
1298 2031 1486 2097 videte,
1538 2035 1787 2101 quoniam

229 2115 406 2164 auaris
440 2113 697 2178 Dominus,
729 2117 835 2183 vel,
885 2118 931 2172 si
963 2135 1207 2189 pomum,
1253 2122 1341 2189 his
1368 2123 1550 2178 verbis
1586 2125 1787 2179 inscri-

244 2214 415 2273 ptum,
463 2207 757 2276 projiciatur
804 2209 862 2264 in
904 2212 1112 2278 vinum,
1161 2229 1271 2278 xw,
1320 2215 1354 2269 5
1406 2216 1732 2287 Ἀφρικάνου
1769 2236 1782 2248 ·

255 2296 537 2365 Ἄμέχακν
560 2301 833 2370 τραπῆναι
859 2302 951 2356 τὸν
982 2300 1120 2358 οἶνον
1158 2305 1252 2359 ἐὰν
1278 2308 1587 2381 ὲπιγράψῃς
1621 2310 1678 2362 ἐν
1707 2309 1785 2379 τῷ

228 2387 420 2457 ἀγγείῳ
470 2390 503 2457 ἢ
548 2393 607 2443 ὲν
660 2396 772 2455 τοῖς
821 2393 995 2457 πίθοις
1038 2394 1209 2449 ταῦτα
1255 2398 1323 2450 τὰ
1369 2399 1486 2452 Θεῖα
1538 2402 1779 2472 ῥήματα·

224 2481 269 2531 Γ
269 2480 530 2534 εύσασθε
564 2483 666 2535 καὶ
693 2483 868 2548 ἴδετε,
888 2484 974 2539 ὅτι
990 2487 1255 2555 χρηστὸς
1283 2492 1315 2542 ό
1344 2490 1573 2557 Κύριος.
1592 2491 1785 2554 Καλῶς

220 2570 271 2623 δὲ
300 2574 541 2643 ποιήσεις
584 2576 681 2628 καὶ
720 2579 799 2640 εἰς
842 2577 1005 2647 μῆλον
1038 2578 1178 2633 οὕτω
1213 2581 1459 2653 γράφων,
1502 2583 1783 2653 ἐμϐάλλων

222 2662 274 2713 τὸ
308 2663 470 2733 μῆλον
510 2666 596 2728 εἰς
627 2666 716 2719 τὸν
751 2662 917 2721 οἶνον.
964 2667 1128 2725 Plura
1170 2670 1547 2741 hujuscemodi
1594 2673 1783 2730 farinae

221 2771 279 2810 ex
299 2755 606 2826 Geoponicis
654 2760 795 2815 infra
842 2761 979 2816 libro
1012 2778 1061 2817 vr
1095 2762 1292 2831 refero,
1325 2764 1419 2820 ubi
1461 2766 1528 2821 de
1559 2766 1780 2837 Hippia-

223 2849 357 2903 tricis
398 2865 623 2920 quoque
666 2853 910 2909 dicturus
951 2871 1106 2921 sum,
1151 2871 1384 2927 quorum
1430 2860 1681 2915 collectio
1724 2870 1778 2916 et

223 2942 325 3009 ipsa
367 2959 431 2997 ex
468 2942 725 3000 Africani
766 2944 933 3001 Cestis
984 2948 1230 3017 quaedam
1279 2950 1442 3006 habet
1492 2953 1772 3019 adnotata,

223 3035 292 3087 uti
338 3036 476 3090 alius
526 3037 671 3092 liber
721 3054 825 3094 ms.
897 3039 1241 3097 Constantini
1289 3041 1842 3128 Porphyrogenetrec

217 3128 388 3196 jussu,
434 3138 493 3184 ut
533 3130 773 3195 videtur,
816 3133 1092 3198 collectus,
1142 3135 1209 3189 de
1254 3152 1362 3206 quo
1391 3136 1674 3193 Boiviuius
1719 3139 1772 3193 in

218 3223 658 3293 castigationibus
697 3225 761 3279 ad
786 3224 1130 3295 Africanum,
1164 3243 1286 3299 pag.
1317 3228 1443 3284 360.
1482 3229 1777 3285 ὓδωρ.-

216 3312 341 3366 Add.
393 3311 457 3368 L.
498 3313 583 3367 El.
626 3314 701 3369 du
739 3315 875 3384 Pin,
924 3316 1098 3373 Nouv.
1144 3319 1525 3391 Bibliotliéque,
1570 3331 1700 3376 tom.
1729 3323 1772 3389 Ι,

217 3418 333 3472 pag.
369 3405 491 3459 115.
549 3404 717 3460 Stolle
743 3447 760 3472 ,
827 3404 1186 3463 Nachrichten
1240 3427 1334 3464 von
1367 3412 1465 3464 den
1506 3410 1769 3466 Kirclten-

227 3498 416 3559 tatem,
460 3496 638 3564 p.134
684 3512 829 3567 ειμι,
864 3499 953 3567 qui
999 3500 1133 3556 alios
1181 3500 1244 3557 ν.
1273 3499 1337 3552 D.‘
1382 3501 1588 3565 laudat,
1633 3501 1771 3558 lente

230 3582 386 3649 1733,
415 3586 479 3650 5',
524 3584 796 3642 J.Fabric.
848 3587 907 3641 in
948 3587 1191 3643 Historia
1221 3590 1477 3645 Bibliot/c.
1526 3589 1767 3658 Fabric.,

216 3683 357 3745 part.
388 3691 451 3739 rt,
483 3692 600 3747 pag.
620 3678 743 3742 379,
802 3687 857 3733 et
881 3692 1018 3749 part.
1045 3698 1127 3745 ιιι,
1166 3698 1287 3753 pag.
1316 3683 1455 3749 359;
1489 3681 1538 3738 J.
1564 3684 1764 3740 Christ.

213 3764 347 3834 Neu,
404 3769 461 3821 in
487 3768 905 3827 Accessionibus
956 3772 1025 3827 ad
1061 3771 1284 3828 Wheari
1322 3773 1609 3830 Relection.
1658 3776 1766 3831 hie-

215 3860 385 3925 males,
414 3876 541 3931 pag.
568 3862 698 3916 2'55.

273 3951 611 4023 Praecipuum
662 3953 896 4009 Africani
950 3971 1089 4027 opus
1144 3957 1247 4012 fuit
1293 3958 1760 4032 Chronographia,

205 4058 466 4099 annorum
514 4044 676 4111 56:23,
702 4046 815 4102 sive
851 4048 973 4102 libri
997 4066 1028 4103 v
1056 4048 1132 4103 De
1162 4051 1501 4120 temporibus,
1532 4053 1601 4108 ab
1630 4055 1762 4109 orbe

203 4140 415 4194 condito
448 4155 617 4209 usque
645 4142 713 4195 ad
744 4156 792 4195 a.
822 4140 954 4197 Chr.
987 4142 1113 4211 221,
1150 4145 1349 4215 olymp.
1381 4161 1495 4212 CCL,
1515 4147 1566 4213 1,
1598 4146 1763 4203 Grato

203 4244 250 4288 et
288 4235 523 4289 Seleuco
572 4250 713 4291 coss.
768 4235 847 4290 Ex
891 4251 1021 4307 quo,
1069 4238 1193 4292 licet
1240 4240 1404 4295 hodie
1457 4242 1758 4311 deperdita,

203 4327 360 4379 multa
389 4326 657 4381 Eusebius
709 4327 762 4380 in
808 4342 909 4382 suo
936 4328 1194 4383 Chronico
1247 4339 1302 4384 et
1332 4330 1634 4402 Syncellus,
1670 4332 1757 4387 ιο.

1888 1566 2173 1635 cujusque,
2205 1582 2311 1634 qua
2345 1566 2761 1630 vixit,,a:tatem
2817 1567 3207 1621 continuarunt
3259 1569 3454 1622 seriem

1889 1659 2193 1721 consulum,
2218 1659 2431 1726 aliaque
2453 1673 2550 1726 pro
2577 1673 2676 1712 suo
2694 1659 2927 1728 quisque
2949 1670 3104 1728 captu
3132 1660 3455 1715 addiderunt

1818 1725 1863 1784 Β
1894 1747 1976 1800 vel
2006 1747 2310 1802 omiserunt
2358 1746 2842 1816 interpolaruutve.
2885 1747 3197 1803 Africanum
3244 1751 3302 1802 ὲν
3334 1753 3454 1813 ταῖς

1890 1839 2312 1910 χρονογραφίαις
2360 1838 2544 1891 laudat
2588 1840 2748 1893 etiam
2789 1836 3055 1892 Maximus
3111 1838 3178 1893 ad
3206 1838 3445 1910 Dionysii

1886 1929 2228 2001 Areopagum
2256 1931 2537 2000 epistolam
2564 1932 2616 1983 4.
2655 1930 2774 1984 Alia
2804 1939 3043 1984 veterum
3072 1930 3213 1995 loca,
3242 1930 3453 1985 Africa-

1886 2035 2014 2073 num
2067 2020 2364 2085 laudantia,
2415 2020 2671 2089 quoniam
2722 2037 2751 2073 a
2788 2021 2918 2076 viris
2945 2023 3143 2088 doctis,
3178 2023 3451 2094 Scaligero

1884 2121 1938 2165 et
1968 2109 2184 2167 Valesio
2231 2114 2297 2166 ad
2346 2111 2570 2177 Euseb.,
2618 2111 2817 2165 Allatio
2857 2113 2922 2166 ad
2966 2111 3214 2167 Eustath.
3257 2115 3451 2169 Antio-

1884 2204 2066 2267 chen.,
2096 2221 2217 2276 pag.
2250 2206 2283 2260 5
2354 2220 2462 2274 sq.,
2501 2203 2738 2268 Labben,
2774 2204 3140 2274 Tillemontio,
3181 2208 3358 2263 Caveo
3397 2219 3450 2263 et

1884 2297 2182 2354 Wetstenio
2223 2299 2301 2368 (in
2345 2299 2486 2352 notis
2517 2299 2580 2351 ad
2612 2298 2895 2367 epistolam
2951 2300 3015 2354 ad
3045 2298 3331 2367 Origenem
3378 2302 3445 2355 de

1884 2390 2154 2457 Susanna,
2188 2407 2309 2461 pag.
2340 2390 2442 2444 148
2476 2391 2583 2459 sq.)
2618 2390 2779 2443 allata
2807 2401 2952 2457 sunt,
2987 2394 3196 2447 omitto.

1950 2482 2032 2537 Ex
2074 2484 2269 2538 eodem
2309 2482 2555 2537 Africani
2602 2496 2765 2550 opere
2809 2483 2972 2551 petita
3016 2484 3247 2548 videtur,
3281 2500 3444 2554 quam

1882 2589 1985 2628 ms.
2014 2574 2067 2628 in
2092 2574 2223 2629 bibl.
2254 2573 2659 2629 Viudobonensi
2704 2582 2917 2629 exstare
2961 2585 3186 2630 testatur
3219 2576 3447 2632 Lambe-

1880 2667 2017 2731 cius,
2073 2677 2205 2720 tom.
2234 2665 2298 2733 V,
2343 2683 2465 2737 pag.
2502 2667 2603 2723 297
2652 2669 2797 2741 [pag.
2843 2670 2946 2723 625
2989 2670 3116 2721 edit.
3167 2667 3441 2743 liollarii],

1878 2760 2140 2830 Διήγησις
2168 2759 2488 2830 Ἀφρικανοῦ
2517 2761 2643 2832 περὶ
2670 2763 2774 2815 τῶν
2803 2765 2860 2815 ὲν
2886 2760 3102 2830 Περσίδι
3132 2760 3443 2830 γενομένων

1879 2850 1964 2905 διὰ
2005 2852 2101 2921 τῆς
2144 2851 2602 2923 ὲνανθρωπήσεως
2656 2852 2751 2906 τοῦ
2801 2853 3004 2924 Κυρίου
3062 2855 3154 2907 καὶ
3196 2855 3442 2926 Σωτῆρος

1881 2944 2035 3016 ἡμῶν
2059 2943 2229 3014 Ἰησοῦ
2256 2943 2510 3016 Χριστοῦ.
2544 2944 2733 3015 Incipit
2765 2946 2889 2999 :‘Ex
2917 2946 3170 3017 Περσίδος
3199 2946 3439 3018 ἐγνώσθη

1877 3036 1970 3089 ἀπ’
2001 3036 2174 3107 ἀρχῆς
2223 3036 2251 3087 ὁ
2278 3035 2537 3107 Χριστός·
2583 3036 2733 3090 οὐδὲν
2771 3037 2879 3109 γὰρ
2925 3037 3173 3091 λανθάνει
3220 3040 3342 3102 τοὺς
3384 3040 3439 3091 ἐν

1875 3128 2012 3200 αὐτῇ
2059 3127 2384 3199 νομομαθεῖς
2424 3127 2635 3181 ἅπαντα
2675 3127 3113 3197 φιλοπονοῦντας.
3165 3129 3300 3183 Ὅσα
3332 3129 3440 3202 γάρ

1874 3239 1927 3274 κ.
1961 3236 2009 3272 τ.
2052 3218 2102 3275 λ.
2145 3218 2277 3289 (14).
2339 3218 2468 3274 Vide
2526 3228 2579 3274 et
2624 3219 2864 3274 Africani
2931 3218 3232 3289 fragmenta
3292 3224 3437 3291 apud

1873 3312 2220 3367 Lambecium
2267 3311 2361 3366 lib.
2392 3328 2430 3374 l,
2486 3328 2609 3383 pag.
2637 3313 2759 3379 141,
2809 3321 2862 3366 et
2906 3312 2999 3367 lib.
3040 3329 3122 3376 ιιι,
3187 3329 3308 3383 pag.
3330 3316 3432 3369 ~59.

1874 3401 2046 3473 {Adde
2095 3401 2259 3456 catal.
2308 3402 2465 3456 codd.
2517 3400 2610 3456 Gr.
2640 3400 2827 3457 Venet.
2880 3401 2942 3455 ι).
2990 3402 3179 3469 Marci,
3215 3419 3337 3475 pag.
3367 3404 3437 3458 42

1871 3496 1989 3561 lin.,
2020 3504 2073 3549 et
2097 3494 2254 3549 catal.
2289 3494 2418 3548 bibl.
2456 3493 2704 3548 Monach.
2740 3494 2959 3559 Bavar.,
2991 3510 3111 3565 pag.
3142 3496 3257 3568 55.]

1961 3585 2137 3640 Etiam
2183 3585 2321 3639 Acta
2366 3587 2611 3655 martyrii
2658 3584 3027 3656 Symp/torosa:
3086 3586 3433 3658 filiorumque

1868 3678 2010 3746 ejus,
2063 3678 2165 3732 sub
2212 3661 2451 3731 Adriano
2498 3693 2807 3746 passorum,
2858 3680 2915 3732 in
2970 3694 3099 3734 mss.
3152 3679 3433 3734 codicibus

1866 3768 2009 3824 Julio
2052 3768 2307 3823 Africano
2354 3769 2670 3823 tribuuntur
2725 3779 2778 3824 et
2828 3772 2932 3825 sub
2975 3771 3094 3841 ejus
3141 3773 3360 3827 nomine
3400 3789 3430 3826 a

1866 3860 2175 3916 Momhritio
2219 3859 2629 3925 Mediolanensi,
2680 3869 2815 3915 tom.
2853 3861 2894 3915 ll
2929 3862 3045 3914 Act.
3082 3860 3327 3916 Sanctor.
3378 3872 3432 3917 et

1866 3956 1921 4009 in
1954 3964 2223 4025 postrema
2260 3952 2405 4008 Surii
2454 3953 2696 4007 editione
2741 3954 2806 4007 ad
2838 3953 2902 4006 18
2932 3952 3063 4007 Julii
3096 3955 3235 4008 edita
3281 3964 3427 4009 sunt.

1870 4047 1998 4103 Vide
2038 4047 2333 4101 Barouium
2380 4045 2447 4100 ad
2497 4044 2842 4117 Martyrolog.
2896 4045 3053 4099 Rom.
3082 4046 3147 4100 18
3200 4046 3309 4101 Jul.
3358 4046 3431 4099 Et

1862 4141 2067 4213 quidem
2098 4140 2214 4209 ﬁeri
2241 4139 2433 4208 potuit,
2485 4136 2662 4207 inquit
2702 4136 3077 4192 Theodoricus
3100 4136 3425 4203 Ruinartus,

1863 4232 1955 4301 qui
1992 4232 2184 4284 iterum
2233 4228 2418 4284 recudi
2453 4228 2665 4282 curavit
2712 4231 2764 4281 in
2793 4229 2940 4282 Actis
2980 4228 3184 4282 selectis
3224 4240 3427 4301 marty-

1864 4338 1979 4390 rum
2016 4322 2107 4388 20,
2153 4322 2208 4374 in
2256 4320 2405 4375 Actis
2436 4318 2537 4375 SS.
2558 4321 2842 4389 Antwerp.,
2869 4320 2934 4373 ad
2965 4320 3018 4375 d.
3049 4320 3114 4375 18
3142 4319 3273 4389 Jul.,
3302 4339 3422 4393 pag.

202 4414 382 4469 Malala
437 4414 553 4487 [qui
605 4418 774 4472 octies
817 4433 940 4473 eum
997 4419 1159 4485 citat,
1208 4421 1524 4492 plerumque
1576 4424 1762 4478 addito
1792 4429 1839 4487 ι)
1864 4415 1989 4480 558,
2008 4425 2150 4468 tom.
2176 4413 2267 4479 IV,
2296 4422 2352 4467 ut
2382 4415 2437 4467 in
2462 4414 2703 4483 Africani
2736 4412 2885 4466 libris
2907 4414 2971 4466 de
2994 4410 3425 4484 Cltrouograpliia

201 4507 283 4559 τοῦ
314 4509 628 4576 σοφωτάτου
672 4510 972 4583 epitheto],
1030 4511 1425 4581 Theophanes,
1479 4514 1756 4571 Cedrenus
1860 4507 2060 4559 inserta
2090 4504 2308 4573 fuerint.
2350 4502 2456 4557 Sed
2506 4503 2559 4556 in
2595 4502 2929 4571 temporibus
2971 4520 3000 4557 a
3037 4504 3256 4561 Christo
3295 4516 3425 4560 nato

202 4602 393 4669 aliique
447 4602 787 4672 chronologi,
836 4612 999 4673 atque
1052 4605 1107 4658 in
1151 4605 1236 4659 his
1276 4618 1468 4660 auctor
1506 4606 1757 4660 chronici
1857 4600 2014 4668 longe
2046 4596 2369 4657 breviorem,
2401 4609 2564 4664 quam
2610 4593 2663 4647 in
2695 4594 3137 4650 antecedentibus
3175 4599 3423 4653 tetatibus

202 4694 479 4757 paschalis,
511 4696 653 4764 quod
696 4697 1117 4751 Alexandrinum
1170 4698 1332 4767 vulgo
1378 4709 1592 4761 vocant,
1638 4709 1750 4754 tum

204 4785 687 4842 Latino-Barbarus
729 4790 961 4858 scriptor
1008 4798 1389 4858 excerptorum
1436 4780 1754 4845 utilissimo-

198 4894 305 4933 mm
354 4894 423 4931 ex
454 4876 710 4945 Eusebio,
755 4879 1011 4933 Africano
1057 4889 1111 4934 et
1155 4881 1297 4944 aliis,
1343 4897 1464 4950 qua:
1512 4882 1753 4952 Scaliger

188 4970 355 5025 edidit
387 4969 456 5023 ad
477 4971 678 5025 calcem
710 4968 966 5025 Cbronici
991 4969 1395 5042 Hieronymiani
1420 4987 1543 5042 pag.
1566 4972 1634 5026 58
1663 4989 1746 5043 sq.

190 5062 316 5133 [Sed
359 5060 662 5133 fragmenta
687 5062 953 5128 Africani,
983 5062 1201 5119 Eusebii
1224 5071 1281 5119 et
1307 5062 1542 5134 Syncelli
1575 5063 1749 5119 Scali-

189 5168 275 5221 ger
321 5151 555 5207 confuse
598 5152 811 5222 posuit;
865 5160 1055 5207 contra
1084 5150 1201 5206 Jac.
1255 5149 1467 5205 Goarus
1522 5151 1750 5205 sollicite

189 5244 583 5299 discriminavit
624 5246 678 5299 iu
721 5260 821 5299 sua
862 5244 1115 5300 editione.
1126 5244 1143 5316 j
1195 5243 1264 5297 At
1308 5243 1453 5298 enim
1504 5242 1640 5297 liber
1674 5242 1746 5296 De

188 5335 527 5389 divisionibus
571 5346 618 5390 et
644 5336 1062 5405 generationibus
1091 5337 1319 5405 gentium
1353 5334 1573 5389 Cauisio
1608 5343 1742 5389 tom.

185 5424 231 5481 ll
268 5428 554 5498 Antiquar.
605 5427 839 5483 Lection.
893 5443 1014 5499 pag.
1044 5428 1170 5493 579,
1201 5436 1364 5496 atque
1401 5425 1745 5482 emendatius

257 5568 373 5692 (lla
394 5566 725 5648 Opusculum
769 5567 884 5649 hoc.
907 5583 971 5622 ex
998 5567 1222 5648 duobus.
1250 5564 1748 5651 codicibus‘Mona-

257 5656 335 5692 ns:
378 5655 442 5692 us
469 5638 633 5692 edidit
655 5648 708 5690 et
736 5638 1002 5691 latinitate
1030 5640 1251 5692 douavu
1280 5635 1329 5690 J.
1348 5637 1479 5691 Chr.
1506 5635 1533 5687 P
1552 5636 1741 5689 rehern

190 5635 633 5693 censibus—edidit
655 5648 708 5690 et
736 5638 1002 5691 latinitate
1030 5638 1251 5692 donavit
1280 5635 1329 5690 J.
1348 5637 1479 5691 Chr.
1506 5635 1741 5689 Frehern

190 5724 293 5766 von
322 5708 526 5772 Aretin,
562 5708 613 5761 in
642 5708 814 5762 diario
844 5724 857 5759 :
892 5708 1142 5780 Beytrtige
1175 5725 1268 5762 χιιι·
1294 5705 1607 5777 Geschichte
1635 5704 1742 5758 und

507 5802 769 5865 Ρλτιιοι..
811 5802 903 5863 Gn
966 5805 1049 5865 X-

1860 4689 2054 4754 fuisse,
2104 4695 2335 4742 testatur
2364 4686 2590 4739 Photius
2616 4685 2737 4740 cod.
2770 4702 2954 4741 xxxiv.
3005 4687 3210 4757 itaque,
3253 4692 3297 4744 si
3334 4708 3423 4744 vc—

1856 4796 1975 4834 rum
2029 4787 2116 4834 est
2164 4777 2405 4837 Eusebii,
2459 4776 2605 4846 quod
2653 4777 2706 4831 in
2758 4777 2949 4832 iisdem
2998 4778 3149 4834 Actis
3181 4781 3417 4847 additur,

1854 4871 2267 4936 testimonium,
2353 4869 2500 4938 quod
2554 4867 2846 4925 Africanus
2906 4878 3028 4924 aeta
3092 4884 3413 4941 martyrum,

1852 4971 2116 5033 quotquot
2159 4961 2344 5015 Romae
2374 4969 2428 5015 et
2468 4975 2564 5030 per
2590 4958 2794 5014 Italiam
2824 4961 2969 5029 passi
3013 4973 3188 5027 erant,
3224 4962 3415 5017 litteris

1851 5054 2286 5123 consignaverit,
2335 5053 2388 5106 in
2431 5053 2539 5106 alio
2583 5067 2744 5121 opere
2787 5068 2851 5107 ac
2890 5053 2943 5106 in
2982 5053 3413 5123 Cltronograpltia

1852 5145 2059 5202 fecerit.

1922 5240 2162 5308 Denique
2192 5236 2373 5292 Hebed
2411 5235 2539 5291 Jesu
2582 5238 2637 5290 in
2660 5237 2916 5305 Catalogo
2962 5237 3221 5289 librorum
3249 5235 3413 5292 Chal-

1850 5333 2114 5397 daeorum,
2151 5347 2205 5384 n.
2234 5331 2318 5393 15,
2355 5328 2603 5390 allirmat,
2658 5336 2872 5383 exstare
2904 5328 3254 5395 B.A[‘ricani,
3297 5332 3408 5399 epi—

1848 5426 1989 5494 scopi
2041 5422 2261 5487 Ematis,
2316 5421 2715 5475 commentarios
2770 5418 2836 5471 N.
2893 5418 2952 5472 T.
2996 5426 3045 5471 et
3088 5416 3404 5478 Cltronicon.

1850 5560 2093 5613 Litterat.
2126 5569 2253 5620 etc.,
2282 5569 2426 5608 anno
2451 5552 2607 5613 1804,
2644 5567 2695 5619 p.
2731 5549 2866 5612 ti,P.
2895 5550 2986 5614 49,
3014 5565 3044 5603 e
3072 5551 3410 5620 quo-exscri-

1848 5630 2082 5684 bcndum
2141 5619 2351 5681 curavit
2411 5632 2465 5678 et
2508 5620 2664 5676 nobis
2704 5620 3008 5674 transmisit
3057 5619 3411 5677 D'llenricus

1851 5698 2170 5767 Deuzinger,
2203 5691 2692 5763 Wirceburgeusis.
2731 5689 2888 5747 Eutr.
2922 5690 3093 5746 Pun.

3127 5783 3170 5846 Ξ
