3990 6214
473 267 541 320 ιδ

1740 249 1982 310 JULIUS
2028 233 2441 305 AFRICANUS.

3623 249 3703 302 ιιι

473 386 616 440 Sane
641 383 919 454 Origenes,
949 397 1063 451 pag.
1100 379 1206 434 22M
1241 376 1482 449 epistolae
1505 376 1570 432 de
1595 374 1847 430 Susanna
1877 373 2022 427 Afri-
2052 379 2099 436 Α
2125 372 2184 427 S.
2227 368 2517 434 Trinitate,
2562 363 2645 419 De
2675 365 3084 431 circumcisione,
3119 364 3194 418 De
3233 363 3437 431 Attalo,
3472 364 3552 420 De
3586 365 3700 421 Pa-

471 494 668 535 canum
701 476 904 538 laudat,
941 483 999 530 ut
1036 473 1232 535 πολλὰς
1265 470 1542 544 διατριϐὰς
1586 469 1775 540 ἔχοντα
1809 469 1866 520 ὲν
1908 470 2025 530 ταῖς

470 570 744 636 ὲξετάσεσι
783 570 877 623 καὶ
908 567 1154 640 μελέταις
1180 567 1276 637 τῆς
1303 563 1541 635 Γραφῆς.
1613 561 1679 615 Et
1702 559 1876 614 Julius
1904 559 2026 629 qui-

471 664 594 718 dam
637 660 867 716 subinde
911 660 964 713 in
991 657 1208 714 Catenis
1238 656 1456 721 citatur,
1492 653 1623 708 etin
1655 651 1858 706 Catena
1885 649 2024 704 Cor-

471 754 688 807 deriana
719 753 772 806 in
801 749 1062 806 Joannem
1093 755 1317 802 vocatur
1342 743 1518 799 Julius
1545 741 1848 812 episcopus.
1883 737 2025 792 Lau-

471 849 630 902 datur
689 845 851 899 etiam
903 841 1029 897 Julii
1083 838 1504 896 commentarius
1566 836 1620 890 in
1675 833 1936 888 Joannem
1994 846 2022 884 a

473 940 620 994 Mose
669 938 974 1008 Barceplia,
1033 932 1204 1004 Syro,
1261 931 1328 986 de
1381 927 1650 999 paradiso.
1712 923 1794 996 [In
1825 922 2025 978 Niceta:

474 1031 678 1087 Catena
705 1031 818 1085 sive
867 1028 1069 1098 sylloge
1123 1025 1472 1092 interpretum
1519 1019 1720 1088 Evang.
1760 1016 1919 1071 Lucae
1958 1031 2024 1070 ex

471 1123 727 1178 Africano
756 1121 1001 1190 quaedam
1030 1131 1147 1172 esse
1178 1123 1450 1183 excerpta,
1480 1111 1553 1166 ait
1584 1108 1937 1164 Montlaucon
1965 1109 2023 1162 in

476 1213 731 1269 Bibliotb.
765 1210 1121 1274 Coisliniana,
1158 1222 1278 1276 pag.
1299 1203 1410 1275 65.]
1444 1201 1644 1258 Confer
1675 1199 1829 1254 Pauli
1863 1198 2026 1252 Colu-

471 1307 627 1364 mesii
665 1307 732 1361 de
771 1303 1127 1374 scriptoribus
1167 1296 1550 1354 ecclesiasticis
1587 1293 2020 1363 Paralipomena.

542 1399 618 1454 De
651 1397 871 1469 epistola
905 1396 972 1449 ad
1004 1393 1276 1464 Origenem
1312 1390 1509 1458 scripta
1541 1381 1605 1442 de
1634 1385 1897 1441 Susanna:
1943 1383 2026 1437 hi.

470 1493 637 1547 storia
679 1498 733 1546 ct
764 1488 1008 1559 Origenis
1045 1485 1112 1540 ad
1143 1482 1460 1538 Africanum
1495 1477 1873 1548 responsione,
1902 1490 2025 1545 qua:

466 1583 653 1638 Griece
683 1590 736 1636 et
764 1579 952 1634 Latine
986 1583 1181 1639 exstat,
1210 1574 1415 1628 dictum
1448 1577 1532 1625 est
1561 1567 1774 1623 abunde
1818 1567 1874 1621 in
1902 1579 2022 1633 cap.

464 1678 534 1731 de
560 1671 970 1745 Origene'(15).
1027 1667 1318 1724 Meminere
1367 1663 1511 1718 illius
1558 1659 1757 1715 Euseb.
1805 1673 1883 1720 vr,
1933 1657 2024 1722 5i,

2125 464 2281 527 scha,
2318 460 2389 516 De
2417 458 2650 516 Sabbato
2671 499 2686 523 ,
2716 457 2899 513 nullus
2933 465 3206 519 veterum,
3248 455 3394 526 quod
3435 456 3691 527 equidem

2127 558 2318 618 sciam,
2351 561 2762 609 commemorat.

2195 617 2574 700 Commentum
2614 641 2910 698 absurdum
2961 639 3029 694 de
3065 637 3249 693 Abdiae
3272 637 3585 710 Babylonici
3628 639 3703 694 llo
3791 617 3800 672 δ

2124 735 2238 790 bris
2287 749 2355 790 ex
2402 732 2670 788 Hebraico
2718 747 2816 801 per
2863 729 3206 798 Eutropium,
3259 730 3447 786 nescio
3502 745 3696 800 quem,
3792 709 3797 716 ’

2124 827 2326 891 Grzcce,
2369 835 2532 894 atque
2579 824 2701 877 inde
2746 839 2776 876 a
2802 820 2945 876 Julio
2978 820 3234 875 Africano
3268 819 3466 877 Latine
3494 823 3694 886 versis,

2123 928 2176 973 et
2204 933 2325 987 quae
2365 917 2420 970 in
2459 915 2628 969 Abdia
2663 913 2779 983 ipso
2812 913 2905 967 lib.
2935 929 3008 977 vt,
3047 920 3167 983 cap.
3195 913 3286 978 20,
3317 915 3386 970 de
3413 914 3692 980 Cratonis,

2123 1007 2373 1078 discipuli
2404 1006 2794 1076 apostolorum,
2825 1003 2971 1056 libris
3001 1003 3175 1056 decem
3219 1014 3433 1057 actuum
3479 1017 3694 1075 προδιο-

2125 1103 2370 1164 licorum,
2386 1114 2483 1169 per
2503 1097 2705 1152 Julium
2731 1095 3046 1150 Africanum
3069 1094 3257 1150 Latine
3283 1096 3581 1154 translatis.
3614 1097 3696 1152 le-

2124 1201 2344 1263 guntur,
2383 1191 2642 1259 rejectum
2681 1202 2711 1240 a
2745 1201 2832 1240 me
2857 1186 3057 1248 videre,
3095 1187 3140 1240 si
3174 1186 3308 1240 tanti
3342 1195 3445 1252 est,
3479 1187 3606 1242 licet
3632 1188 3690 1241 in

2123 1284 2320 1340 Codice
2351 1280 2663 1352 apocrypho
2696 1277 2833 1332 Novi
2861 1276 3099 1331 Testam.
3136 1289 3270 1344 part.
3304 1292 3367 1332 ιι.

2191 1371 2396 1427 Julinm
2448 1379 2696 1424 nostrum
2739 1366 3082 1430 Africanum,
3116 1363 3382 1420 Cestorum
3426 1375 3481 1422 et
3514 1366 3687 1422 Chro-

2123 1464 2345 1532 nologite
2381 1461 2733 1530 scriptorem,
2783 1459 2837 1512 in
2893 1458 3000 1511 duo
3032 1457 3116 1511 vel
3165 1464 3273 1511 tres
3325 1468 3513 1526 praeter
3568 1473 3688 1513 rem

2123 1555 2434 1610 distrahunt
2463 1551 2566 1605 viri
2597 1549 2761 1604 docti.
2799 1547 2856 1602 In
2892 1549 3049 1617 longe
3086 1547 3267 1616 plures
3307 1556 3481 1600 autem
3507 1546 3691 1602 Hend-

2127 1645 2362 1700 reichius
2390 1644 2442 1698 in
2461 1641 2738 1694 Pandectis
2755 1635 3493 1708 Brandenburgicis.—Fuere
3508 1647 3684 1692 tamen

473 1730 1035 1832 IIist.,-'Ilieronymus
1073 1759 1128 1811 in
1171 1753 1446 1824 Catalogo,
1490 1766 1609 1820 cap.
1641 1748 1738 1814 65;
1773 1746 2020 1810 Pliotius,
2057 1761 2097 1818 Β
2126 1753 2157 1792 a
2203 1746 2389 1791 nostro
2450 1733 2691 1789 distincti
2729 1751 2742 1787 :
2797 1731 2850 1785 1.
2885 1730 3064 1784 Julius
3121 1730 3431 1798 Africanus,
3485 1739 3686 1796 orator,

469 1856 592 1912 cod.
620 1869 820 1917 xxxw;
855 1849 1188 1920 Nicephorus
1221 1863 1274 1911 ν,
1301 1846 1390 1912 21,
1424 1853 1478 1898 ct
1506 1841 1704 1897 Suidas
1746 1841 1802 1895 in
1826 1840 2020 1909 ’Ἀφρι-

469 1950 651 2014 κανός
679 1963 741 2002 ac
767 1943 1076 2000 Σωσάννα.
1100 1973 1171 1983 -
1196 1939 1366 2012 [edita
1394 1945 1478 1992 est
1505 1935 1650 1990 illius

539 2039 783 2110 Epistula
830 2037 897 2090 ad
949 2034 1222 2106 Origenem
1267 2032 1330 2085 de
1378 2029 1654 2094 Susanna,
1707 2043 1826 2082 cum
1872 2026 2023 2081 initio

469 2129 816 2198 responsionis
843 2125 1102 2194 Origenis,
1129 2122 1310 2177 Grmce
1335 2135 1429 2190 per
1454 2119 1590 2172 Dan.
1622 2116 2022 2183 Iloeschelium,

462 2236 593 2276 cum
629 2218 850 2272 Adriani
900 2214 1111 2283 Isagoge
1152 2213 1224 2283 in_
1251 2227 1433 2264 sacras
1470 2208 1722 2273 Litteras,
1771 2208 2026 2276 Augusta:

470 2309 732 2365 Vindelic.
767 2307 925 2370 l602,
951 2281 1108 2371 46;;—
1130 2311 1181 2357 et
1207 2281 1334 2356 cum
1369 2299 1720 2368 responsione
1753 2296 2022 2367 Origenis,

470 2404 564 2462 Gr.
601 2410 655 2458 et
677 2399 797 2455 Lat.
833 2412 954 2454 eum
987 2395 1132 2450 notis
1160 2391 1209 2446 J.
1240 2390 1507 2460 Rudolphi
1561 2387 1868 2454 Wetstenii,
1899 2403 2023 2442 cum

469 2493 716 2565 Origenis
743 2489 956 2559 diaIOgo
985 2496 1167 2540 contra
1197 2482 1562 2536 Marcionitas.
1594 2477 1756 2533 Basil.
1785 2476 1940 2544 1674,
1968 2477 2024 2542 4,

471 2601 592 2656 pag.
620 2579 952 2638 '220.-Pars
978 2575 1219 2646 epistola).
1238 2570 1486 2642 Origenis
1514 2570 1580 2624 ad
1607 2568 1917 2622 Africanum
1945 2576 2029 2624 est

473 2681 525 2734 in
556 2676 677 2734 cod.
705 2673 930 2730 Coislin.
960 2668 1102 2734 XXI,
1134 2667 1261 2723 olim
1288 2660 1660 2723 CCXXXVIII,
1697 2670 1830 2717 teste
1853 2660 2027 2716 Mont-

470 2770 668 2826 faucon
703 2767 756 2820 in
785 2764 923 2818 Bibl.
950 2761 1202 2821 Coislin.,
1242 2772 1361 2828 pag.
1396 2755 1484 2810 65.
1519 2751 1713 2825 Hann]

543 2859 620 2916 Ex
663 2857 882 2928 epistola
924 2853 992 2908 ad
1025 2851 1332 2913 Aristidem,
1362 2863 1471 2918 qua
1502 2845 1738 2900 Matthaai
1779 2853 1833 2899 et
1867 2843 2030 2899 Luca:

473 2953 811 3009 narrationes
843 2947 906 3000 de
931 2943 1229 3016 genealogia
1259 2941 1454 2996 Christi
1482 2939 1622 2994 inter
1649 2952 1707 2993 se
1735 2936 2032 2992 concilian-

476 3057 583 3112 tur,
611 3041 816 3114 profert
837 3037 1094 3092 nonnulla
1125 3033 1391 3088 Eusebius
1421 3030 1513 3085 lib.
1543 3045 1558 3082 ι
1583 3028 1814 3094 Ilistor.,
1839 3043 1954 3098 cap.
1973 3028 2031 3096 7,

471 3113 636 3208 atque
666 3151 732 3190 ex
770 3133 861 3186 illo
896 3128 1230 3198 Nicepliorus
1259 3125 1355 3179 lib.
1390 3139 1427 3186 ι,
1464 3138 1587 3192 cap.
1613 3122 1674 3176 11
1709 3137 1817 3192 sq.,
1849 3129 1902 3176 et
1926 3121 2030 3175 Ca-
2056 3113 2100 3173 C

463 3244 597 3286 .tena
627 3242 731 3284 ms.
778 3224 832 3278 in
859 3223 1061 3277 Lucam
1096 3216 1237 3289 apud
1283 3215 1632 3270 Lambecium
1666 3229 1748 3278 ιιι,
1781 3229 1903 3283 pag.
1936 3213 2028 3278 62,

463 3313 615 3377 licet"
652 3315 995 3374 traditionem
1051 3311 1121 3365 ab
1160 3309 1415 3363 Africano
1447 3306 1500 3359 in
1531 3305 1622 3359 illa
1655 3303 1880 3374 epistola
1915 3305 2032 3358 lau-
2088 3303 2095 3310 '

475 3414 655 3471 datam
685 3424 782 3480 pro
811 3410 1061 3474 suspecta
1096 3401 1293 3455 habeat
1320 3397 1646 3464 Dodwellus,
1679 3412 1805 3468 pag.
1834 3395 1922 3464 58,
1964 3395 2034 3449 ad

474 3506 759 3562 Irenaeum.
801 3498 1008 3554 Laudat
1046 3494 1194 3548 illam
1223 3491 1505 3562 epistolam
1537 3488 1806 3545 Eusebius
1838 3489 2032 3543 iterum

475 3597 671 3664 vt,‘5l,
704 3609 766 3649 ac
794 3599 989 3663 praeter
1015 3587 1424 3657 Hieronymum,
1448 3581 1812 3652 Photiumque
1847 3596 1911 3636 ac
1939 3578 2035 3633 Ni-

477 3690 772 3761 cephorum
795 3702 850 3753 ν,
868 3683 960 3751 ‘21,
986 3677 1323 3751 Augustinus
1379 3691 1444 3742 ιι,
1474 3675 1528 3741 ’7,
1556 3673 2031 3728 Retractationum.

546 3779 942 3856 [Scriptoribus
981 3774 1074 3845 qui
1107 3773 1173 3828 de
1198 3769 1436 3825 Africani
1472 3769 1581 3823 vita
1623 3776 1676 3822 et
1705 3765 1829 3821 fatis
1870 3780 2037 3835 expo-

479 3883 707 3933 suerunt
751 3866 1194 3926 annumerandus
1249 3871 1333 3919 est
1359 3859 1654 3916 Gallandus
1705 3859 1758 3912 in
1786 3857 2034 3928 Prolegg.

476 3969 547 4025 ad
583 3964 834 4022 Biblioth.
868 3961 1042 4026 Patr.,
1079 3968 1118 4014 t.
1151 3956 1230 4022 lI,
1263 3972 1311 4012 c.
1337 3954 1429 4020 26,
1489 3969 1545 4024 p.
1577 3967 1758 4007 χχχιιι
1805 3966 1913 4019 sq.,
1944 3949 2038 4018 qui

475 4070 534 4116 et
557 4059 737 4116 omnia
765 4050 1224 4123 ChronOgrapbiae
1250 4048 1368 4118 ejus
1399 4045 1720 4114 fragmenta,
1749 4057 1869 4112 qua:
1897 4039 2041 4110 apud

477 4146 1102 4214 Eusebium,Basilium,
1136 4141 1442 4212 Syncellum
1477 4147 1530 4192 et
1561 4136 1698 4190 alios
1723 4141 2038 4195 occurrunt,

476 4247 631 4317 juxta
660 4242 905 4298 ordinem
945 4237 1207 4292 librorum
1240 4233 1354 4288 sive
1376 4245 1476 4301 pro
1502 4238 1801 4296 temporum
1832 4223 2041 4278 ratione

477 4315 712 4407 digesta.
751 4349 857 4388 una
889 4347 1010 4387 cum
1057 4324 1278 4398 epistola
1317 4322 1384 4376 ad
1417 4321 1692 4391 Origenem
1726 4318 1788 4371 de
1816 4315 2067 4407 historia.

2125 1843 2284 1898 quem
2315 1825 2745 1888 concitatiorem,
2773 1823 2866 1878 sed
2902 1823 2955 1875 in
2983 1837 3114 1877 cura
3142 1821 3435 1875 verborum
3468 1822 3692 1876 cimium

2125 1929 2179 1975 et
2207 1917 2602 1988 compositione
2631 1927 3022 1982 nonnunquam
3060 1911 3386 1980 longiorem,
3418 1925 3485 1965 ac
3513 1918 3692 1965 trans-

2126 2011 2418 2065 lationibus
2454 2021 2644 2079 parum
2681 2003 2955 2060 modicum
2988 2002 3175 2066 fuisse,
3216 2000 3403 2056 scribit
3438 2000 3698 2066 Quincti-

2126 2101 2305 2155 lianus
2331 2115 2387 2162 ι,
2417 2100 2442 2153 1
2467 2097 2644 2170 ;—2.
2675 2094 2909 2150 oratoris
2961 2107 3148 2162 nepos,
3176 2089 3353 2143 Julius
3385 2090 3697 2159 Africanus,

2125 2192 2192 2247 de
2229 2205 2337 2260 quo
2376 2189 2589 2243 Plinius
2622 2203 2720 2250 vu,
2745 2187 2809 2252 6,
2833 2185 3105 2254 Epist.;—
3135 2183 3190 2235 5.
3221 2180 3413 2236 Sextus
3449 2180 3698 2235 Caecilius

2127 2281 2437 2349 Africanus,
2449 2279 2774 2348 jnriscons.,
2795 2284 2847 2329 et
2878 2275 3012 2329 alter
3037 2274 3242 2344 junior,
3267 2273 3549 2342 Papiniani
3584 2273 3697 2327 dis-

2129 2370 2378 2440 cipulus,
2415 2369 2482 2424 de
2502 2367 2707 2438 quibus
2735 2365 2846 2419 dixi
2883 2365 2936 2418 in
2960 2363 3291 2419 Bibliotheca
3323 2362 3540 2416 Latina.
3557 2363 3694 2416 [llud

2126 2475 2255 2515 vero
2283 2460 2541 2530 lepidum,
2575 2455 2721 2528 quod
2749 2455 3064 2510 Africanum
3099 2463 3336 2524 poetam,
3371 2468 3596 2517 czecum,
3623 2453 3694 2506 ab

2126 2551 2302 2606 Ennio
2327 2552 2624 2614 laudatum,
2643 2549 2906 2618 exsculpit
2923 2545 3311 2602 Hendreichius
3338 2562 3405 2601 ex
3428 2545 3692 2601 Lactantii

2126 2645 2220 2700 lib.
2255 2645 2554 2700 tInstitutt.
2584 2645 2831 2709 divinan,
2867 2657 2986 2712 cap.
3011 2641 3098 2709 18,
3127 2657 3250 2697 cum
3280 2640 3353 2695 ibi
3379 2639 3696 2695 Lactantius

2129 2739 2320 2795 aderat
2351 2753 2542 2793 versus
2567 2735 2749 2799 Ennii,
2782 2735 2981 2804 quibus
3014 2733 3244 2803 loquens
3277 2733 3552 2788 inducitur
3579 2731 3699 2788 Scio

2130 2833 2218 2904 pio
2248 2831 2575 2896 Africanus,
2615 2829 2937 2899 jactansque
2972 2826 3161 2883 clades
3212 2826 3402 2896 generi
3451 2825 3698 2880 humano

2131 2939 2165 2978 a
2193 2938 2251 2978 se
2282 2923 2459 2977 illatas
2479 2962 2494 2989 ,
2527 2921 2676 2975 hisce
2702 2919 2914 2974 verbis:

2204 3038 2266 3094 Si
2296 3037 2379 3107 fas
2401 3034 2657 3107 partiendo
2691 3029 3477 3107 ctelestiascanderecuiquam
3508 3043 3622 3096 est,

2391 3106 2467 3160 Mi
2506 3105 2606 3160 soli
2645 3105 2759 3158 caeli
2799 3103 3031 3157 maxima
3067 3111 3220 3171 porta
3255 3111 3420 3167 patet.

2133 3221 2344 3288 Quibus
2373 3219 2568 3275 deinde
2602 3216 2919 3273 Laclantius
2961 3214 3280 3286 subjungit:
3318 3212 3606 3284 O'quantis
3641 3213 3716 3268 in-

2135 3313 2392 3377 tenebris,
2438 3312 2724 3381 Africane,
2781 3319 3016 3362 versatus
3065 3323 3139 3369 es,
3193 3305 3271 3359 vel
3321 3306 3494 3375 potius
3545 3317 3699 3376 poeta

2135 3403 2396 3476 (Ennil),
2442 3405 2531 3474 qui
2571 3419 2662 3472 per
2701 3402 2866 3456 aedes
2901 3409 2949 3453 et
2985 3399 3289 3469 sanguinem
3323 3408 3500 3468 patere
3529 3399 3702 3451 homi-

2134 3498 2285 3553 nibus
2316 3497 2624 3552 adscensum
2655 3495 2711 3549 in
2740 3493 2925 3548 coelum
2955 3502 3131 3564 putas.
3187 3489 3461 3546 Hactenus
3505 3489 3697 3545 Fabri-

2135 3589 2270 3646 cius.
2303 3588 2474 3643 Hanc.

2204 3680 2421 3736 Claudit
2474 3677 2849 3734 collectionem
2890 3675 3362 3731 Thevenotianam
3409 3682 3698 3737 tractatus,

2137 3773 2460 3830 Casaubono
2495 3769 2704 3840 pridem
2737 3767 2803 3822 ad
2833 3766 3117 3838 Polybium
3153 3743 3460 3820 etlEneam
3506 3765 3697 3828 lectus,

2139 3875 2298 3936 atque
2350 3865 2403 3920 in
2449 3861 2741 3916 Barberina
2793 3860 3020 3928 aliisque
3108 3855 3448 3912 bibliothecis
3513 3855 3704 3909 obvius

2141 3959 2273 4033 [vid.
2305 3957 2550 4013 notitiam
2572 3953 2818 4010 codicum
2851 3966 3014 4020 supra
3043 3948 3274 4020 datam],
3305 3956 3467 4018 atque
3497 3962 3527 4001 a
3551 3946 3703 4000 Pari-

2141 4050 2411 4108 siensibus
2443 4047 2626 4103 itidem
2653 4044 2836 4100 Grtece
2865 4050 3076 4095 tantum
3108 4038 3288 4093 editus
3319 4038 3384 4092 de
3418 4037 3703 4092 obsidione

2141 4142 2418 4199 toleranda
2465 4147 2520 4192 et
2565 4133 2890 4205 repellenda,
2942 4131 3125 4187 nescio
3175 4130 3332 4200 cujus
3384 4129 3701 4199 scriptoris,

2141 4235 2258 4296 sed,
2303 4243 2360 4286 ut
2388 4229 2622 4295 videtur,
2655 4223 2981 4288 Christiani,
3015 4222 3118 4278 sub
3151 4221 3306 4276 titulo
3336 4237 3349 4274 :
3382 4222 3566 4283 Ὅπως
3597 4217 3703 4289 χρὴ

2139 4325 2230 4378 τὸν
2255 4323 2355 4393 τῆς
2384 4316 2842 4391 πολιορκουμένης
2877 4315 3082 4378 πόλεως
3119 4312 3417 4384 στρατηγὸν
3445 4311 3579 4382 πρὸς
3600 4309 3706 4382 τὴν

488 4423 1140 4495 Snsannw,'0rigenisque
1165 4415 1534 4488 responsione,
1553 4412 1789 4481 itemque
1803 4394 2036 4480 episiolae

2145 4414 2456 4487 πολιορκίαν
2501 4408 2914 4466 ἀντιτάσσεσθαι
2963 4406 3204 4477 (16),καὶ
3255 4405 3384 4466 οἵοις
3425 4401 3708 4472 ἐπιτηδεύ-

482 4520 553 4577 ad
572 4518 860 4574 Aristidem
887 4516 1039 4588 ῥήσει
1064 4512 1132 4566 ab
1150 4508 1379 4564 Eusebio
1397 4512 1628 4568 servata,
1653 4502 1826 4558 eidem
1841 4498 2042 4554 Biblio-

481 4614 646 4668 theca:
675 4625 786 4668 suae
811 4620 957 4664 tomo
1000 4604 1124 4659 inde
1165 4619 1197 4658 a
1224 4617 1345 4674 pag.
1373 4596 1608 4654 559-576
1644 4594 1891 4657 inseruit,
1925 4590 2045 4646 his-

481 4719 592 4775 que
631 4699 948 4772 fragmentis
974 4696 1183 4763 Proleg.
1226 4709 1281 4760 p.
1305 4707 1393 4745 xu
1435 4689 1580 4745 aliud
1618 4687 1798 4742 adhuc
1838 4682 2046 4739 addidit

483 4813 553 4850 ex
579 4793 775 4848 Euseb.
804 4789 1053 4859 Prophet.
1085 4785 1266 4854 Eclog.
1310 4784 1373 4837 de
1407 4781 1615 4837 Christo
1648 4781 1825 4833 adhuc
1855 4775 2042 4831 incdit.

488 4887 583 4940 lib.
622 4899 705 4949 ιιι,
750 4897 869 4952 cap.
911 4880 1033 4940 ult.,
1074 4877 1476 4945 depromptum,
1510 4877 1565 4924 et
1603 4885 1633 4922 a
1662 4867 1955 4921 Lambecio
1992 4865 2045 4917 in

489 4975 781 5032 Comment.
810 4973 872 5026 dc
896 4970 1022 5024 bibl.
1052 4967 1365 5029 Vindobon.,
1393 4963 1430 5017 I.
1457 4979 1493 5027 ι,
1519 4957 2046 5031 ρ.254θ(1.Κοιιιιι’.,

491 5070 546 5124 in
578 5069 752 5122 lucem
776 5063 1010 5133 primum
1035 5067 1390 5131 protractum.
1429 5054 1561 5108 Acta
1592 5059 1771 5106 autem
1801 5049 2049 5118 martyrii

491 5168 693 5212 saneta:
735 5153 1113 5226 Sympliorosae
1157 5148 1373 5204 exhibet
1423 5145 1662 5214 ejusdem
1701 5137 2048 5202 Bibliotheca,

494 5258 533 5301 t.
564 5249 608 5312 l,
644 5264 696 5316 p.
720 5245 844 5300 5319.
889 5238 1176 5310 IIAnLcss.]

476 5361 481 5372 ι
563 5338 695 5404 Quae
731 5335 782 5392 J.
811 5333 1142 5390 Trithemius
1177 5331 1245 5385 ab
1268 5328 1523 5394 Africano
1560 5325 1758 5396 scripta
1782 5321 1947 5378 refert
1982 5321 2052 5374 De

566 5529 678 5599 (l5)
713 5528 850 5583 Vide
879 5538 1010 5582 tom.
1054 5525 1159 5589 XI,
1199 5524 1445 5594 proxime
1502 5525 1835 5587 sequentem.
1892 5515 2048 5570 EDI-‘l‘.

495 5602 678 5742 hirtis)
714 5663 814 5742 Est
837 5666 1161 5742 vocabulum
1178 5657 1651 5742 _r_nili_tare,‘Jacobi
1673 5673 1743 5720 Iv,
1771 5653 2054 5742 ϐτςλυιξιι-

490 5725 631 5803 chus
658 5725 714 5798 in
740 5737 970 5810 Pyrrho,
1010 5748 1141 5792 tom.
1178 5734 1223 5791 ιι
1259 5735 1389 5792 edit.
1419 5733 1618 5797 0x0n.,
1651 5743 1774 5801 pag.
1801 5725 1928 5793 466,
1962 5726 2057 5780 ἁν-

2150 4526 2281 4582 μασι
2325 4506 2527 4574 ταύτην
2575 4499 2994 4574 ἀποκρούεσθαι,
3044 4513 3167 4569 pag.
3196 4494 3455 4560 516-550,
3497 4505 3551 4549 et
3581 4508 3704 4563 pag.

2147 4600 2404 4658 ὅθι-⁵564.

2218 4693 2260 4747 Ε
2285 4690 2542 4762 Polybio,
2585 4685 2839 4748 Arriano,
2868 4682 3120 4753 "Polyaeno
3162 4687 3217 4734 et
3253 4677 3442 4731 Flavio
3475 4673 3713 4743 Josepho

2148 4787 2403 4858 pleraque
2432 4782 2501 4836 ad
2526 4780 2749 4835 verbum
2772 4773 3147 4843 descripsisse,
3177 4771 3287 4840 jam
3321 4769 3388 4822 ab
3415 4765 3714 4820 editoribus

2149 4857 2466 4935 adnotatum
2497 4881 2600 4928 est.
2647 4867 3000 4924 Archimedes
3031 4864 3338 4934 εὐμήχανον
3373 4858 3564 4929 σοφίαν
3597 4857 3714 4910 lau-

2149 4972 2276 5037 dat,
2317 4984 2442 5039 pag.
2468 4965 2594 5030 519,
2635 4962 2739 5017 526
2772 4975 2854 5029 sq.
2906 4959 3027 5011 Non
3072 4957 3227 5010 valde
3268 4953 3551 5021 antiquum
3597 4962 3716 5003 esse

2150 5072 2321 5134 patet,
2361 5058 2507 5130 quod
2557 5072 2678 5126 pag.
2710 5053 2816 5106 5‘25
2843 5048 3139 5118 Josephum
3179 5051 3429 5100 accenset
3469 5043 3580 5103 τοῖς
3613 5053 3718 5090 πα-

2151 5129 2339 5216 διαιοῖς.
2382 5129 2459 5204 Et
2492 5143 2694 5201 Heroni
2733 5139 3090 5196 tertio-tribui
3132 5137 3186 5191 in
3220 5135 3408 5191 codice
3442 5129 3722 5186 Vindobo-

2155 5245 2327 5311 nensi,
2354 5243 2465 5312 jam
2491 5253 2653 5308 supra
2681 5235 2815 5298 dixi,
2847 5233 2874 5304 ᾗ
2911 5231 3018 5285 VII.
3054 5229 3201 5301 [Vid.
3238 5218 3725 5312 Lambee.‘et.K_o_l-

2155 5336 2254 5390 lar.
2286 5304 2371 5387 νίι⁷
2395 5304 2684 5384 Comnient.
2735 5322 2800 5375 de
2843 5321 2968 5374 bibl.
2998 5318 3225 5373 Ctesar..
3265 5329 3389 5383 pag.
3415 5309 3538 5363 451.
3570 5304 3728 5358 Afri-

2157 5507 2471 5573 τιτὰξασθαι
2495 5505 2618 5575 ,μὲν
2661 5503 3027 5575 ἐφοϐήθηςᾳν,
3059 5500 3115 5575 in
3151 5483 3729 5575 αιίζεηιωρτοεεμᾳιίίέιξ-

2668 5555 2845 5628 Κιθὺέ
2878 5555 3044 5646 Ὁὸδέ.
3094 5569 3147 5646 in
3165 5564 3259 5646 έν.
3295 5555 3730 5646 TlAiehJﬁosepn‘a,

2158 5627 2433 5722 ἐξῆ,
2459 5627 2544 5698 Leti
2566 5659 2812 5722 quaet-go
2830 5627 3045 5722 notavi
3072 5637 3141 5722 a'd'
3165 5627 3544 5686 Demosthenis
3585 5630 3730 5681 orat.

2163 5703 2478 5784 Ῐόῖοονοηά,
2507 5703 2632 5786 cap.
2657 5703 2906 5785 88,'pag.
2941 5708 3067 5764 547.
3096 5703 3266 5760 Ἠιιιι..
