3990 6214
520 335 588 388 ΓΙ
1833 321 2073 377 JULlUS

2188 316 2523 375 ’κατέθυε
3674 308 3745 360 ιδ

515 453 817 525 nographite
858 450 1010 505 libris
1054 447 1219 503 tradit
1260 447 1546 517 episcopus
1584 444 1930 499 Caesariensis
1959 444 2036 513 (2)
2061 483 2076 508 ,
2106 449 2154 502 Α
2181 442 2314 513 ginti
2353 441 2516 497 trium
2560 459 2605 494 ›.
2646 437 2769 492 Haec
2800 436 3047 490 Phutius.
3087 435 3231 502 Opus
3260 426 3372 501 jam
3411 430 3620 502 pridem
3657 430 3748 483 in-

517 549 696 616 ipsum
731 541 1109 597 Alexandriam
1151 539 1495 594 contendisse
1531 537 1601 590 ob
1631 537 1922 589 maximam
1959 549 2078 588 om-

516 643 664 696 nium
691 638 888 692 famam
937 644 992 690 et
1034 634 1487 688 existimationem
1517 631 1583 684 de
1607 628 1829 683 lleracla
1858 626 1924 680 ad
1961 627 2077 697 cpi-

449 737 456 744 “
514 740 795 801 scOpatum
853 729 998 782 illius
1066 725 1321 779 Ecclesiae
1380 729 1679 791 provecto,
1735 717 2079 787 philosophia

516 828 747 893 aliisque
785 820 1096 876 Graecorum
1138 815 1440 883 disciplinis
1487 819 1792 882 praastante.
1838 808 2080 877 llludque

515 933 682 973 unum
712 923 967 984 praeterea
994 911 1150 964 docet
1173 908 1270 977 (5),
1301 923 1364 960 ex
1395 919 1566 974 eoque
1592 903 1949 972 Hier0nymus
1982 901 2080 971 (4),

514 1007 764 1065 eumdem
810 1000 1281 1071 chronographum
1329 997 1593 1066 legatione
1635 995 1700 1048 ad
1732 993 2078 1064 Elagabalum

514 1113 614 1171 pro
644 1093 968 1164 Nicopoleos
995 1088 1388 1144 instauratione
1425 1085 1594 1140 fuisse
1636 1084 1927 1155 aliquando
1962 1097 2082 1152 per-

516 1191 797 1244 functum:
832 1200 937 1254 qua
970 1183 1036 1237 de
1065 1197 1124 1236 re
1157 1180 1310 1250 plura
1339 1177 1578 1249 Scaliger
1608 1177 1706 1247 (5).

581 1283 726 1337 inter
753 1279 991 1334 Africani
1023 1275 1223 1345 scripta
1253 1289 1372 1344 qua:
1417 1280 1693 1338 utcunque
1730 1267 1794 1322 ad
1828 1281 1930 1321 nos
1963 1281 2083 1335 per-

510 1383 818 1436 venerunt,
864 1370 988 1425 licet
1031 1367 1236 1438 primas
1277 1364 1416 1418 ferat
1458 1363 1576 1431 ejus
1616 1357 2081 1430 Chronographia;

515 1464 824 1538 praestantia
855 1472 1034 1517 tamen
1070 1457 1370 1528 argumenti
1413 1451 1684 1524 permoti,
1725 1450 1975 1520 Epismlae
2018 1448 2085 1503 de

516 1557 743 1613 historia
774 1555 1038 1609 Susanna:
1073 1549 1290 1619 Origeni
1338 1546 1610 1614 inscripta:
1641 1544 1873 1613 primum
1902 1541 2081 1596 locum

513 1651 834 1714 tribuimus;
872 1645 959 1701 cui
986 1645 1209 1698 alteram
1239 1653 1456 1709 quoque
1492 1635 1742 1705 Origenis
1779 1632 2084 1687 Africania-

2180 534 2426 589 tercidit:
2462 549 2525 587 ex
2563 546 2672 602 quo
2703 539 2879 584 tamen
2907 526 3171 581 Eusebius
3211 524 3409 589 aliique
3439 524 3616 593 ipsum
3665 523 3755 575 in-

2182 625 2354 679 secuti
2421 621 2819 691 chronographi
2857 660 2872 682 ,
2947 616 3224 686 complura
3331 611 3751 682 transcripsisse

2180 715 2553 785 perhibentur.

2253 826 2370 880 .lam
2407 840 2534 881 vero
2569 840 2676 894 quo
2709 820 3021 891 huiusmodi
3061 816 3301 872 Africani
3326 831 3463 885 opus
3487 813 3757 868 eximium

2183 919 2363 988 plane,
2388 917 2608 971 uberius
2630 924 2902 983 utcunque
2921 913 3290 981 dignoscatur,
3333 907 3476 962 haud
3511 906 3755 961 otiosum

2185 1011 2417 1064 fortasse
2448 1006 2612 1062 fuerit
2649 1006 2757 1059 huc
2788 1004 2998 1069 aﬂerre,
3034 1019 3154 1071 qua:
3185 999 3488 1054 Dodwellus
3517 999 3571 1051 in
3600 1013 3760 1052 eam-

2183 1101 2304 1156 dem
2336 1099 2654 1154 sententiam
2679 1097 2950 1151 observat.
2979 1111 2998 1145 ι
3028 1093 3213 1157 Erant,
3239 1091 3412 1160 inquit
3434 1088 3565 1160 (18),
3607 1087 3756 1158 apud

2183 1190 2428 1252 Latinos,
2457 1196 2744 1257 antequam
2786 1183 3148 1238 Eusebianum
3181 1181 3474 1234 Chronicon
3521 1187 3762 1231 verteret

2184 1282 2565 1353 Hieronymus,
2601 1278 2692 1349 qui
2723 1276 2967 1345 Africani
3007 1273 3300 1329 Chronicon
3347 1270 3535 1325 Latine
3573 1278 3758 1324 verte-

2184 1384 2334 1438 rant,
2374 1371 2658 1440 Fastisque
2697 1367 3078 1424 consularibus
3103 1373 3381 1435 aptarunt,
3426 1371 3478 1416 et
3521 1360 3756 1416 diversis

2185 1467 2377 1521 deinde
2418 1462 2748 1532 temporibus
2797 1460 2863 1514 ad
2903 1473 3058 1514 suam
3101 1457 3399 1525 cujusque,
3441 1468 3548 1522 qua
3583 1451 3751 1513 vixit,

2184 1567 2392 1614 aetatem
2417 1557 2818 1612 continuarunt.
2849 1550 2963 1607 Hoc
2989 1559 3166 1604 autem
3190 1563 3221 1603 e
3248 1549 3404 1602 bonae
3431 1553 3572 1599 notae
3591 1542 3757 1598 Chro-

2185 1653 2288 1706 nici
2334 1648 2626 1705 Eusebiani
2684 1646 2869 1702 codice
2926 1640 3252 1698 Mertonensi
3322 1638 3620 1704 discimus,
3679 1636 3750 1697 ad

514 1739 947 1838 EmPPPPSitaW’
979 1744 1040 1838 “f
1217 1740 1364 1838 ora".
1409 1728 1716 1834 “fididifnus
1750 1726 1848 1798 (6)·
1882 1724 2082 1838 ίξξῆὴίδ
2115 1783 2156 1838 Β
2185 1748 2341 1817 cujus
2373 1746 2532 1801 linem
2563 1744 2666 1799 ista
2697 1741 2984 1812 subjuucta
3014 1738 3279 1809 legimus:

513 1833 770 1902 Epistolis
808 1829 994 1898 accipe
1016 1823 1283 1896 judicium
1319 1818 1610 1878 clarissimi
1639 1833 1863 1888 operum
1889 1815 2082 1886 Orige-

516 1925 800 1978 nianorum
826 1919 1049 1976 editoris
1083 1916 1181 1987 t7).

587 2018 655 2068 ll.
710 2014 884 2066 Aliam
925 2008 1146 2079 scripsit
1184 2005 1472 2060 Africanus
1519 2001 1802 2072 epistolam
1853 1998 1918 2052 ad
1965 1997 2086 2052 Ari-

515 2105 741 2168 stidem;
788 2104 842 2156 in
870 2118 998 2172 qua,
1027 2099 1202 2167 inquit
1240 2105 1364 2166 post
1385 2093 1678 2148 Eusebium
1701 2090 1784 2162 (8)
1815 2087 2081 2159 Hierony-

518 2207 640 2247 mus
667 2191 765 2261 (9),
799 2205 954 2258 super
1001 2185 1264 2255 διαφωνίᾳ
1295 2199 1414 2254 qua:
1460 2182 1664 2236 videtur
1687 2196 1796 2233 esse
1819 2180 1873 2232 in
1899 2194 2084 2248 genea-

510 2283 651 2352 logia
673 2280 961 2336 Saluatoris
978 2278 1116 2347 apud
1141 2275 1194 2329 Μ
1201 2275 1450 2329 att/rasum
1476 2283 1523 2327 et
1551 2271 1766 2333 Lucam,
1790 2269 2084 2339 plenissime

511 2377 766 2444 disputat.
814 2371 944 2442 Ejus
985 2383 1202 2441 quoque
1252 2365 1500 2421 meminit
1528 2363 1585 2416 βο.
1626 2362 1984 2432 Augustinus,
2025 2360 2085 2413 li-

512 2466 641 2520 bros
705 2480 872 2518 xxxm
925 2470 1112 2517 contra
1167 2459 1427 2512 Faustum
1492 2455 1848 2510 Manichzeum
1907 2461 2082 2506 retra-

511 2567 666 2612 ctans
693 2556 844 2626 (l0);
875 2556 964 2610 ubi
998 2555 1160 2608 verba
1191 2552 1321 2606 facit
1347 2551 1414 2604 de
1448 2549 1776 2619 quaestione,
1818 2543 2082 2616 quomodo

512 2648 741 2717 potuerit
771 2648 902 2699 duos
934 2654 1108 2714 patres
1137 2641 1324 2695 habere
1351 2639 1563 2708 Ioseph.
1604 2637 1679 2692 lbi
1710 2635 1974 2706 siquidem
2015 2633 2083 2687 ad

514 2743 656 2795 hanc
704 2736 944 2792 Africani
993 2735 1276 2804 epistolam
1331 2731 1669 2803 respiciens,
1721 2727 1833 2781 lucc
1883 2724 2078 2780 habet:

518 2832 631 2886 Hoc
655 2831 709 2883 in
731 2845 911 2883 eorum.
941 2827 1132 2882 litteris
1175 2829 1438 2880 inventum
1474 2832 1574 2887 est,
1614 2820 1704 2892 qui
1745 2817 1936 2873 recenti
1975 2832 2082 2869 me-

512 2915 682 2980 moria
714 2920 1208 2994 p‘ost'iiscensiunem
1254 2917 1468 2971 Domini
1509 2916 1571 2968 de
1617 2914 1714 2966 hac
1758 2928 1813 2965 re
1860 2909 2082 2978 scripse-

515 3031 659 3074 runt.
696 3017 838 3071 Nam
860 3017 1021 3070 etiam
1062 3028 1243 3066 nomen
1283 3009 1515 3079 ejusdem
1556 3005 1814 3065 mulieris,
1856 3017 1972 3071 quae
2001 3015 2084 3069 pe-

512 3110 644 3179 perit
677 3105 840 3161 Iacob
882 3116 1084 3175 patrem
1112 3101 1303 3171 Ioseph
1330 3100 1393 3152 de
1414 3100 1585 3168 priore
1615 3095 1804 3149 marito
1838 3091 2078 3156 Mathan,

513 3203 604 3274 qui
632 3202 733 3271 fuit
762 3209 911 3269 pater
945 3196 1145 3259 Iacob,
1184 3210 1308 3247 acus
1353 3190 1566 3260 Ioseph,
1611 3186 1896 3242 secundum
1939 3183 2030 3238 Ma

516 3295 742 3357 thwum;
787 3301 836 3346 et
863 3290 930 3344 de
960 3289 1152 3342 marito
1181 3285 1456 3356 posteriori
1494 3280 1684 3335 Melchi
1710 3279 1906 3348 peperit
1936 3275 2080 3342 Heli,

515 3387 666 3455 cujus
697 3395 810 3439 erat
852 3382 1124 3451 adoptivus
1160 3377 1390 3446 Ioseph,
1436 3390 1540 3428 non
1580 3372 1744 3426 tacuit
1776 3369 2080 3439 Africanus.

514 3481 875 3536 Memineruut
895 3486 1148 3544 praeterea
1170 3469 1393 3524 Photius
1417 3466 1563 3536 (11),
1600 3462 1891 3518 Zacharias
1913 3460 2085 3532 Chry-

516 3571 853 3641 sopolilanus
898 3565 1043 3637 (12),
1087 3577 1140 3618 et
1181 3559 1514 3630 Nicephorus
1537 3555 1745 3611 Callisti
1774 3554 1884 3624 (15)
1917 3552 2088 3607 Euse-

517 3665 668 3719 bium
707 3665 1043 3723 assectatus;
1089 3671 1154 3710 ex
1189 3668 1298 3723 quo
1345 3650 1509 3705 etiam
1563 3646 1805 3717 ejusdem
1847 3645 2086 3714 epistulae

518 3754 819 3824 fragmenta
856 3747 1126 3816 descripta
1169 3746 1224 3798 in
1269 3741 1507 3796 medium
1550 3737 1677 3792 alibi
1717 3734 1923 3806 profert
1948 3735 2082 3806 (14).

517 3841 594 3901 Ea
626 3859 758 3900 vero
793 3859 860 3898 ex
896 3839 1130 3895 Eusebio
1165 3835 1452 3890 Valesiano
1477 3846 1600 3887 cum
1635 3829 1777 3884 notis
1801 3827 2087 3883 clarissimi

518 3936 826 4006 interpretis
859 3932 1200 3988 exhibemus.

589 4025 676 4082 Ill.
720 4025 1061 4094 Praecipuum
1107 4018 1346 4074 Africani
1385 4031 1521 4085 opus
1546 4056 1561 4082 ,
1615 4011 2044 4082 (Ihronographia
2071 4053 2085 4078 ,

521 4123 634 4179 sive
676 4121 802 4176 libri
831 4118 1073 4189 quinque
1101 4113 1179 4167 De
1212 4108 1558 4176 temporibus,
1611 4114 1672 4162 ut
1713 4106 1788 4159 ait
1825 4106 2093 4174 Hierony-

517 4228 644 4267 mus
685 4211 822 4281 (15)
860 4208 958 4263 ἐπ’
983 4203 1205 4276 ἀκριϐὲς
1252 4201 1649 4269 πεπονημένοι,
1706 4195 1883 4264 inquit
1923 4193 2092 4248 Euse-

519 4305 642 4358 bius
675 4297 1220 4373 (16),accuratissime
1267 4290 1559 4360 compositi.
1599 4305 1618 4339 ι
1673 4285 1938 4340 Concisus
1977 4283 2093 4353 qui-

524 4394 647 4448 dem
680 4403 763 4447 est
795 4399 984 4445 auctor
1010 4427 1026 4454 ,
1076 4384 1259 4456 judice
1299 4379 1494 4434 Photio
1548 4375 1695 4447 (l7);
1739 4373 1877 4428 nihil
1909 4381 2090 4427 tamen

518 4485 736 4554 cognitu
773 4480 1141 4537 necessarium
1176 4474 1396 4531 omittit.
1425 4469 1622 4541 Incipit
1654 4485 1686 4523 a
1714 4464 1904 4521 mundi
1940 4477 2095 4519 crea-

521 4543 690 4644 tione,
719 4575 1068 4647 pervenitque
1093 4585 1265 4641 usque
1291 4567 1356 4622 ad
1380 4564 1582 4622 Christi
1606 4562 1917 4617 adventum.
1949 4556 2084 4612 Suc-
2116 4543 2159 4597 υ

519 4669 696 4724 cincte
722 4680 937 4738 quoque
963 4672 1110 4736 gesta
1137 4667 1525 4721 commemorat
1544 4656 1659 4726 jam
1685 4651 1808 4708 inde
1832 4667 1863 4705 a
1883 4649 2085 4705 Christi

519 4771 677 4817 astate
706 4775 878 4830 usque
905 4759 972 4814 ad
995 4754 1221 4811 Macrini
1247 4752 1567 4822 imperium:
1599 4762 1708 4817 quo
1737 4757 1998 4816 tempore,
2030 4750 2088 4796 ut

522 4855 666 4910 idem
694 4854 943 4915 allirmat,
975 4850 1081 4904 hoc
1116 4845 1408 4903 Chronicon
1442 4841 1754 4898 absolutum
1783 4847 1884 4905 est,
1914 4849 2087 4891 anno-

521 4961 644 5003 rum
679 4943 883 5000 scilicet
915 4939 1206 5010 quinquies
1235 4935 1380 4990 mille
1413 4932 1871 5003 septingentorum
1910 4935 1964 4982 et
2006 4925 2087 4981 vi-

595 5058 670 5131 (2)
709 5052 1084 5131 Euseb._l_list.
1118 5049 1276 5131 eccl.,
1313 5047 1405 5102 lib.
1437 5061 1513 5108 vi,
1539 5057 1656 5113 cap.
1688 5042 1776 5096 3i.

502 5133 503 5137 “
594 5122 672 5200 (3)
713 5128 790 5200 Id.
824 5126 881 5179 in
909 5123 1107 5200 Chﬁron.‘
1133 5122 1255 5200 l._c..

616 5183 670 5267 4)
712 5197 930 5251 Hieron.
960 5193 1040 5267 De
1060 5190 1531 5267 vir.‘illustr.ncap‘.

616 5201 670 5267 4)
712 5201 930 5251 Hieron.
960 5201 1036 5246 De
1060 5201 1157 5246 vir.
1185 5201 1381 5243 ittustr.
1413 5201 1531 5255 cap.
1564 5201 1653 5238 uo.

592 5201 671 5339 (5)
709 5268 907 5339 Scalig.
941 5261 1219 5317 Animadv.
1257 5259 1325 5312 ad
1364 5249 2082 5339 Euseb.Chron.ipa‘g.g

715 5321 825 5392 Nos
855 5321 996 5409 Vero
1030 5343 1317 5409 utramque
1345 5327 1630 5396 epistulam
1665 5324 1804 5378 inter
1838 5321 2086 5403 Qrigcnis

526 5393 700 5477 Opera
731 5407 1058 5477 retinuimus
1073 5421 1087 5469 ;
1123 5393 1278 5455 adeat
1301 5393 1468 5454 lector
1491 5406 1699 5451 tomum
1727 5393 1966 5464 proxime
1998 5405 2086 5446 se-

523 5473 808 5550 quentemi
836 5476 993 5530 EDIT.
1025 5473 1195 5550 Pun.

599 5549 674 5618 (7)
713 5546 1132 5618 YideAeumdem
1169 5553 1394 5618 tomum.
1429 5537 1506 5592 In.

595 5605 672 5686 is)
715 5616 912 5673 Euseb.
940 5615 1084 5668 Hist.
1119 5611 1372 5686 eccl._lib.
1405 5624 1480 5675 vt,
1511 5622 1630 5676 cap.
1653 5605 1744 5686 si.

601 5675 675 5759 (9')
717 5686 962 5759 llieron._
977 5686 1052 5738 De
1091 5684 1459 5759 oir._illustr.,
1494 5675 1612 5759 cap.

601 5745 712 5828 (ib)
751 5757 889 5826 Aug.
921 5754 1153 5810 Retract.
1189 5755 1279 5809 lib.
1320 5769 1378 5816 ιι,
1420 5745 1607 5820 cap.7,
1643 5747 1669 5818 §
1699 5747 1751 5814 ‘2,
1784 5745 1920 5817 Opp.
1949 5755 2080 5800 tom.

529 5836 575 5902 l,
599 5845 719 5902 pag.
752 5828 840 5884 44.

2503 1893 2660 1960 Item,
2690 1892 2974 1948 secundum
3002 1890 3338 1959 Africanum,

2256 2053 2361 2119 Qui
2405 2052 2471 2106 de
2528 2047 2843 2119 temporibus
2899 2055 2949 2100 et
3023 2043 3257 2099 historiis
3304 2041 3648 2096 Hebra’orum
3700 2055 3751 2096 et

2183 2145 2486 2202 Cra’corum
2518 2152 2565 2196 et
2593 2140 2875 2195 Persarum
2912 2147 2960 2191 et
2993 2135 3334 2190 Macedonum
3366 2149 3482 2186 cum
3513 2132 3752 2186 Alexano

2183 2239 2456 2292 drinorum
2478 2237 2704 2302 itemque
2725 2230 3076 2283 Romanorum
3111 2225 3152 2280 V
3202 2225 3349 2279 libris
3391 2225 3567 2278 omnia
3610 2240 3749 2277 com-

2180 2328 2362 2398 plexus
2388 2333 2463 2380 est
2487 2323 2550 2378 ab
2575 2323 2748 2376 Adam
2780 2336 2940 2391 usque
2970 2320 3038 2372 ad
3067 2317 3454 2386 Cataclysmum
3481 2313 3593 2369 Noe
3621 2317 3750 2369 anni

2181 2420 2527 2484 HCCXLII.
2575 2422 2710 2478 Item
2749 2439 2782 2475 a
2827 2419 3147 2488 cataclysmo
3177 2433 3336 2484 usque
3379 2416 3448 2470 ad
3484 2415 3746 2469 Abraham

2181 2529 2230 2572 et
2261 2515 2777 2586 transmigrationem
2819 2511 2872 2564 in
2907 2521 3099 2563 terram
3127 2507 3383 2562 Chanaan
3405 2507 3529 2560 anni
3560 2503 3665 2560 MX
3683 2504 3743 2559 V.

2183 2604 2461 2659 Habitalio
2493 2601 2661 2656 omnis
2689 2598 2886 2670 generis
2915 2595 3120 2650 Israhel
3154 2599 3206 2649 in
3237 2607 3379 2650 terra
3405 2595 3658 2651 Chanaan
3699 2606 3746 2648 et

2181 2699 2237 2752 in
2309 2708 2451 2750 terra
2499 2693 2770 2765 Egypti,
2811 2693 2935 2747 anni
3004 2687 3360 2746 CCCCXXX.
3413 2689 3620 2757 Moyses
3689 2689 3743 2740 in

2183 2787 2388 2841 heremo
2419 2786 2543 2839 anni
2559 2784 2676 2839 XL.
2701 2782 2892 2837 Hiesus
2918 2780 3062 2836 Nave
3085 2789 3133 2834 et
3158 2781 3247 2850 qui
3273 2789 3386 2848 post
3418 2781 3586 2848 ipsum
3616 2793 3752 2845 pres-

2184 2879 2370 2950 byteri,
2400 2895 2488 2932 an.
2526 2875 2643 2932 LV.
2679 2875 2928 2930 Iudicum
2951 2883 3000 2928 et
3030 2877 3142 2927 sine
3163 2872 3484 2941 principibus
3523 2877 3572 2924 et
3605 2869 3745 2938 pacis

2187 2983 2448 3041 tempore,
2502 2971 2628 3024 anni
2672 2965 2968 3023 CCCCXC.
3016 2965 3359 3021 Sacerdotum
3419 2971 3468 3018 et
3498 2962 3746 3015 Iudicum

2182 3063 2309 3116 anni
2354 3060 2468 3116 XC.
2515 3059 2713 3130 Regum
2766 3058 3108 3114 Hebraeorum
3150 3058 3276 3111 anni
3310 3053 3602 3112 CCCCXC.
3647 3051 3749 3107 Ca-

2036 3143 2151 3236 ,LC
2183 3154 2446 3225 ptivitatis
2477 3160 2528 3206 et
2580 3151 2952 3206 destructionis
3008 3149 3340 3203 Hierusalem
3396 3149 3521 3200 anni
3574 3143 3744 3200 LXX.

2181 3245 2466 3300 Persarum
2495 3259 2670 3314 regum
2712 3243 2837 3296 anni
2884 3239 3154 3297 CCXXX.
3198 3238 3540 3292 Macedonum
3600 3238 3747 3306 prin-

2182 3339 2386 3409 cipatus
2430 3352 2547 3389 cum
2582 3334 2960 3388 Alexandrinis
2999 3345 3048 3387 et
3084 3331 3381 3386 Ptolemwis
3427 3331 3552 3383 anni
3594 3328 3746 3385 CCC.

2185 3429 2255 3484 Et
2298 3428 2575 3498 imperium
2618 3425 2976 3479 Romanorum
3017 3439 3178 3493 usque
3221 3422 3290 3474 ad
3335 3419 3662 3475 Salvatorem
3701 3431 3748 3474 et

2183 3519 2626 3574 Resurrectionem
2653 3516 2787 3585 ejus,
2815 3516 2938 3568 anni
2967 3511 3218 3567 LXXIV.
3258 3511 3323 3566 In
3351 3528 3403 3566 se
3426 3527 3600 3564 omnes
3625 3511 3751 3564 anni

2183 3619 2238 3673 in
2263 3627 2462 3686 tempus
2490 3632 2651 3694 supra
2680 3615 2934 3683 scriptum
2963 3615 3087 3667 anni
3119 3603 3409 3668 VDCCXX
3425 3611 3521 3666 VI.
3545 3611 3751 3665 Exinde

2184 3711 2252 3764 ad
2293 3709 2568 3778 imperium
2600 3706 2932 3772 Alexandri,
2970 3707 3066 3758 hoc
3093 3717 3190 3772 est,
3240 3704 3538 3758 Iloricaviti
3586 3702 3746 3771 (sic),

2185 3804 2273 3874 qui
2317 3803 2611 3856 Antoninus
2645 3799 3036 3871 cognominatus
3085 3809 3194 3862 est,
3227 3799 3352 3850 anni
3391 3793 3748 3861 CLXXXIV,

2185 3904 2234 3949 et
2262 3895 2315 3947 in
2343 3892 2553 3948 Collum
2597 3889 2659 3957 V,
2692 3901 2740 3945 et
2771 3891 2824 3944 in
2870 3889 3211 3945 Volusianum
3244 3889 3369 3942 anni
3395 3885 3606 3942 XXXI.

2261 4005 2353 4059 Fit
2404 4020 2610 4058 summa
2666 4003 2833 4056 omnis
2892 4003 2947 4055 in
2999 4001 3157 4056 Cons.
3212 3998 3355 4056 SSS.
3417 3999 3542 4051 anni
3594 3997 3752 4070 (sic)

2188 4097 2628 4162 VDCCLXLIII
2707 4103 2989 4157 secundum
3061 4118 3270 4155 cursum
3323 4099 3465 4156 Solis
3517 4111 3566 4154 et
3629 4098 3749 4154 XII

2190 4212 2421 4260 menses;
2473 4193 2758 4248 secundum
2793 4203 2966 4245 autem
3007 4190 3238 4244 Lunares
3282 4206 3478 4244 menses
3527 4199 3575 4243 et
3611 4205 3752 4241 εοηι-

2187 4291 2511 4362 putationem
2563 4285 2906 4340 Hebrworum
2955 4288 3044 4356 qui
3091 4283 3284 4354 facient
3337 4285 3392 4336 in
3448 4299 3501 4336 se
3555 4298 3753 4335 menses

2190 4380 2330 4436 XII.
2358 4379 2426 4434 D.
2450 4377 2556 4433 XI.
2588 4387 2636 4432 et
2663 4377 3010 4448 quadrantem
3033 4375 3102 4429 ad
3139 4374 3258 4446 (sic)
3296 4373 3544 4428 electione
3573 4375 3714 4442 facta
3736 4415 3750 4436 ,

2186 4474 2276 4544 qui
2316 4472 2449 4542 ﬁunt
2475 4472 2601 4525 anni
2627 4468 2863 4522 Lunares
2895 4465 3217 4522 CLXXXV.
3253 4465 3329 4540 Μ.
3361 4465 3516 4520 IIII.
3553 4464 3752 4519 Sscun-

2189 4565 2315 4617 dum
2365 4579 2523 4634 quam
2586 4561 3023 4631 computationem
3079 4559 3368 4628 efﬁciuntur
3417 4559 3544 4612 anni
3593 4559 3649 4611 in
3699 4574 3758 4610 se

2190 4652 2595 4721 VDCCCCXX.
2625 4662 2702 4717 Μ.
2728 4661 2797 4717 Χ.
2823 4661 2890 4714 D.
2924 4657 3076 4713 IIII.
3127 4657 3264 4713 Item
3290 4675 3352 4713 ex
3381 4658 3588 4713 consule
3627 4656 3757 4712 Cal-

2187 4759 2325 4813 lieno
2369 4755 2652 4810 secundum
2693 4763 2742 4808 et
2799 4752 3080 4808 Volusiano
3123 4766 3282 4821 usque
3319 4751 3371 4803 in
3423 4749 3750 4804 consulatum

2189 4848 2417 4904 Limenii
2443 4855 2491 4901 et
2513 4845 2748 4901 Catulini
2774 4843 2899 4897 anni
2935 4839 3026 4896 CX
3047 4838 3207 4894 VIII.
3234 4838 3326 4893 Fit
3347 4856 3550 4893 summa
3580 4840 3751 4892 omnis

2189 4954 2314 5008 anni
2359 4940 2954 5012 VDCCCXXXVIII,
3002 4941 3287 4996 secundum
3340 4957 3552 4994 cursum
3599 4940 3749 4993 solis.

2259 5064 2375 5136 (11)
2411 5063 2571 5136 fhot.
2601 5061 2741 5136 Bibl.
2774 5059 2893 5114 cod.
2924 5056 3016 5136 δέ.

2258 5122 2636 5210 (12)“Zachar.
2661 5132 2924 5210 Chry‘sop.
2951 5126 3237 5210 Cq‘mi'nent:
3263 5123 3319 5210 in
3343 5122 3598 5210 Ilar‘m‘qn.
3626 5123 3757 5174 Am-

2189 5192 2329 5261 mtin.
2353 5192 2501 5268 'libJ,
2539 5218 2656 5272 cap.
2689 5202 2744 5269 5,
2775 5192 2912 5253 Bibl.
2952 5197 3053 5250 PP.
3086 5194 3258 5264 Lugd.
3286 5202 3418 5248 tom.
3447 5192 3591 5259 XIX,
3621 5207 3754 5260 pag.

2188 5277 2371 5423 756:3?)
2407 5341 2634 5423 ljiiceph:
2658 5340 2792 5423 C_a_ll.
2830 5337 2972 5392 Hist.
3001 5335 3127 5423 βιζος.
3158 5336 3252 5390 lib.
3280 5352 3334 5401 v,
3363 5350 3485 5405 cap.
3522 5333 3611 5388 21.

2261 5406 2374 5496 (tt)
2413 5416 2494 5496 tu.
2529 5406 2856 5496 {magna},
2888 5425 3008 5496 cap.
3029 5406 3135 5496 In.

2267 5476 2372 5556 '15)
2413 5484 2632 5538 Hieron.
2656 5481 2731 5535 De
2763 5482 2860 5534 vir.
2896 5476 3120 5543 illustr.,
3149 5493 3265 5546 cap.
3293 5476 3382 5531 6'5.

2259 5490 2370 5698 ἔω)
2410 5554 2606 5608 Euseb.
2642 5551 2781 5634 IIist.
2812 5551 2937 5604 eccl.
2976 5549 3068 5602 lib.
3097 5562 3171 5612 vt,
3199 5564 3318 5617 cap.
3348 5546 3436 5600 51.

2286 5627 2373 5696 17)
2416 5624 2568 5698 [Ἶιρι.
2597 5622 2736 5698 Bibl.
2775 5623 2897 5676 cod.
2924 5621 3016 5698 ᾗῇ.
3113 5686 3124 5698 _
3418 5696 3425 5698 Δ

2286 5621 2373 5704 l7)
2416 5624 2568 5704 Quot.
2775 5623 2897 5704 cod.
2924 5621 3016 5704 ξι.

2256 5684 2373 5825 £18)
2413 5695 2597 5749 Dodvv.
2637 5692 2858 5748 Dissert.
2889 5695 3022 5762 sing.
3057 5686 3124 5739 ad
3151 5704 3267 5759 opp.
3311 5696 3447 5758 post.
3481 5684 3761 5751 Peareon,

2193 5768 2220 5840 §
2295 5812 2308 5837 ,
2336 5764 2561 5839 pag.‘98
2588 5779 2700 5834 seq.
