3990 6214
304 347 354 407 l9
1655 332 1953 388 norma.
3359 322 3429 382 se

306 465 439 524 ita:
470 459 672 513 Liminio
717 468 766 513 et
815 459 1064 515 Catulino
1116 454 1278 530 usque
1310 460 1367 511 in
1422 457 1747 512 consulatum

1858 455 1947 508 bet
1975 471 1988 506 :
2017 453 2190 506 Μόνον
2214 452 2369 522 ῐσμεν
2407 448 2730 521 Ἀφρικανὸν
2756 447 3141 519 ἀκριϐέστατα,
3171 446 3263 497 καὶ
3296 446 3434 512 μᾶλ-

299 554 505 615 .Umtini
526 562 569 605 et
600 550 823 607 Nevitta:
851 550 1109 607 CONSS.
1138 552 1263 604 anni
1288 548 1466 606 ΧΙΙΙ.

441 662 517 716 Fit
542 665 592 715 in
616 679 817 717 summa
844 664 1010 717 omnis
1040 664 1167 717 anni
1208 659 1534 717 VDCCCLI.

323 780 495 835 [mres
522 778 659 847 ipsos
695 777 1204 846 repraesentavimus
1247 790 1379 829 sane
1418 772 1750 828 foedissimus

274 869 578 941 imperitissimi
623 868 854 922 librarii.
904 865 1014 922 Nec
1052 868 1196 922 enim
1240 874 1398 920 vacat
1439 866 1751 934 imprtesen-

268 965 414 1019 tiarum
455 961 544 1015 alia
595 961 849 1014 adnotare
874 974 1036 1028 quam
1082 973 1202 1027 qua:
1248 956 1450 1011 faciant
1481 955 1545 1009 ad
1581 954 1748 1019 illam,

264 1073 338 1127 qua
381 1055 433 1108 de
473 1054 704 1123 agimus.
759 1037 1008 1105 causam:
1057 1048 1191 1103 Illud
1238 1048 1421 1118 itaque
1466 1047 1520 1100 in
1558 1045 1752 1115 primis

260 1157 421 1203 constat
458 1161 484 1201 e
525 1145 769 1217 Syneello
803 1145 951 1214 (l9),
980 1158 1182 1197 annum
1219 1142 1392 1211 ipsum
1438 1154 1547 1209 quo
1583 1137 1754 1193 Chro-

257 1242 370 1291 ηἱεοιι
403 1253 535 1292 suum
574 1236 881 1291 terminavit
924 1232 1246 1297 Africanus,
1302 1229 1471 1285 fuisse
1516 1229 1747 1294 primum

254 1329 413 1400 Olvmp.
443 1344 544 1393 CCL,
571 1343 677 1396 quo
704 1325 867 1380 fuerit
910 1326 1113 1380 archon
1150 1323 1429 1387 Philenus,
1475 1319 1750 1391 Elagabali

254 1439 298 1475 ιιι
319 1436 435 1475 coss.
459 1418 610 1473 Grato
633 1427 686 1472 et
724 1416 971 1480 Seleuco,
998 1432 1028 1470 a
1051 1415 1243 1486 primis
1291 1413 1550 1466 nimirum
1596 1426 1741 1466 coss.

250 1526 318 1577 pm
337 1507 548 1561 Africani
577 1507 895 1573 rationibus,
922 1506 1132 1560 vitiosis
1153 1515 1331 1558 tamen
1362 1502 1487 1566 illis,
1523 1517 1746 1555 occxxv.

248 1600 313 1653 H22
334 1611 454 1654 noue
482 1615 669 1653 annum
701 1598 901 1653 Christi
946 1598 1232 1669 designant
1269 1612 1458 1661 ccxxi,
1502 1611 1600 1664 pro
1630 1594 1747 1649 Aﬁr.

249 1694 351 1760 vnlg.
392 1690 501 1745 lluc
540 1706 704 1760 usque
747 1690 914 1759 igitur
944 1689 1239 1745 Cltronicon
1299 1704 1458 1742 suum
1504 1696 1614 1743 tam
1664 1702 1753 1740 ar-

244 1780 484 1834 chontibus
522 1794 674 1847 quam
710 1793 857 1832 coss.
912 1794 941 1832 a
992 1778 1183 1848 primis
1217 1793 1390 1846 usque
1425 1777 1749 1832 archontum

244 1875 533 1927 etronsuium
558 1873 1056 1944 initiisinsignitum
1078 1872 1368 1927 deduxisse
1406 1872 1523 1957 ipse
1540 1871 1752 1925 videtur
1785 1861 1823 1914 Β

244 1965 486 2019 Africanus.
525 1965 589 2020 Et
612 1968 834 2035 quidem
868 1966 915 2019 si
959 1980 1056 2034 pio
1093 1965 1194 2017 hac
1224 1962 1397 2016 forma
1447 1972 1501 2017 et
1542 1961 1748 2030 reliqua

244 2058 494 2123 deduxerit,
540 2072 669 2111 cum
730 2058 887 2112 annis
940 2057 1100 2109 etiam
1160 2055 1550 2124 imperatorum
1600 2068 1743 2109 coss.

250 2150 356 2201 alios
379 2149 495 2201 illum
515 2150 880 2218 conjunxisse
910 2157 1333 2202 consentaneum
1364 2155 1467 2211 est,
1493 2160 1615 2200 cum
1650 2143 1751 2198 bos

257 2242 365 2307 ipsos
386 2254 495 2293 coss.
520 2255 645 2294 cum
682 2256 743 2294 ιιι
769 2240 1029 2294 Antonini
1054 2237 1328 2309 Elagabali
1354 2253 1499 2293 anno
1522 2236 1752 2305 conjun-

253 2333 365 2387 ιρι-ιι.
401 2330 645 2385 Nimirum
711 2347 912 2386 annum
955 2332 1108 2384 illum
1162 2331 1441 2398 intelligit,
1487 2346 1597 2384 non
1640 2343 1750 2397 quo

249 2425 541 2478 monarchiam
590 2423 907 2479 Alexander
941 2428 1168 2493 adeptus
1206 2430 1309 2487 est,
1359 2421 1452 2476 sed
1494 2435 1604 2490 quo
1640 2419 1749 2487 pri—

242 2529 349 2567 mum
374 2514 643 2584 adoptatus
675 2525 762 2568 est
790 2515 859 2569 ab
902 2513 1216 2585 Elagabalo,
1262 2522 1317 2566 et
1343 2512 1525 2567 Caesar
1550 2510 1748 2573 factus,

239 2613 277 2654 et
299 2603 449 2657 socius
473 2605 521 2657 in
551 2603 814 2672 imperio.
846 2623 864 2655 ι
896 2601 1169 2659 Hactenus
1187 2601 1514 2658 Dodwellus.

287 2714 354 2769 ιι.
398 2717 465 2770 Ex
495 2717 596 2772 hoc
643 2726 829 2771 autem
879 2716 1123 2771 Africani
1176 2729 1340 2785 opere
1391 2713 1487 2782 qui
1540 2713 1755 2782 primus

236 2806 535 2878 thronoIOgia:
573 2808 760 2862 fontes
798 2807 1088 2862 reclusisse
1123 2805 1477 2874 comperitur.
1507 2802 1598 2872 (Ιυί
1628 2809 1751 2869 [305l

236 2898 370 2965 ipsum
391 2898 605 2954 ﬂoruere
638 2908 853 2953 veteres
883 2899 1353 2967 chronographos,
1395 2904 1607 2949 tantum
1641 2907 1747 2947 non

232 3004 406 3049 omnes.
446 3000 499 3044 ut
534 2991 706 3045 modo
741 2990 1050 3055 innuimus,
1095 2987 1386 3042 Eusebium
1426 2987 1479 3039 in
1524 2984 1746 3054 primis,

232 3078 503 3149 Syncellusn,
532 3080 786 3133 Chronici
817 3080 1097 3133 Paschalis
1134 3088 1433 3145 auctorem,
1465 3076 1551 3130 Jo.
1580 3074 1751 3130 Malav

230 3171 746 3241 lam,The0pbanem
809 3172 1097 3241 aliosque,
1155 3170 1403 3226 hausisse
1463 3168 1745 3238 complura

228 3263 418 3331 atquein
446 3280 539 3319 sua
563 3266 775 3335 scripta
801 3266 1099 3329 derivasse,
1132 3267 1266 3321 satis
1296 3276 1496 3320 norunt
1524 3263 1741 3319 eruditi.

228 3352 381 3406 Eorum
427 3366 598 3411 tamen
651 3358 899 3426 plerique
941 3358 1033 3427 qui
1083 3357 1203 3411 loca
1253 3373 1319 3411 ex
1358 3355 1614 3411 Africano
1656 3355 1747 3408 de-

228 3450 522 3515 scripserunt,
551 3451 805 3503 auctoris
836 3465 1028 3503 nomen
1062 3449 1398 3519 praeteriere:
1430 3456 1485 3501 ut
1517 3446 1744 3517 proinde

230 3538 345 3591 haud
375 3541 517 3595 multa
558 3542 848 3610 supersint
873 3582 887 3605 ,
939 3557 1059 3611 qua:
1101 3541 1513 3610 chronographo
1558 3547 1747 3593 nostro

230 3627 328 3681 sine
366 3632 452 3685 ulla
490 3632 877 3687 controversia
928 3632 1252 3687 tribuantur.
1300 3631 1589 3685 Maximam
1628 3630 1745 3698 ejus

224 3722 371 3787 operis
404 3722 823 3795 fragmentorum
856 3736 1059 3792 partem
1105 3724 1409 3793 suppeditat
1441 3721 1744 3793 Synccllus,

223 3813 380 3879 quibus
404 3819 596 3884 passim
645 3816 893 3870 Africani
931 3831 1127 3870 nomen
1167 3816 1551 3886 pra-figendum
1586 3829 1747 3868 cura-

221 3906 297 3956 uit:
334 3923 482 3961 unum
522 3910 836 3962 alterumve
870 3908 1070 3971 locum,
1107 3917 1161 3962 et
1194 3908 1413 3977 quidem
1454 3905 1743 3976 insignem,

221 4010 449 4053 servarunt
492 3998 808 4063 Eusebius,
860 3998 1216 4071 Hieronymus
1263 4008 1424 4068 atque
1470 3997 1744 4060 Basilius;

218 4086 412 4144 Classici
443 4108 673 4163 quoque
715 4092 993 4145 Paschalis
1028 4101 1219 4147 auctor
1248 4091 1477 4160 paucula
1522 4087 1742 4158 profert.

219 4179 308 4234 Hae
325 4183 493 4252 itaque
514 4185 710 4238 omnia
736 4194 884 4239 certo
900 4183 1266 4249 Africaniana,
1311 4185 1366 4236 in
1384 4196 1552 4235 unum
1580 4179 1744 4235 colle-

216 4280 297 4334 cta,
336 4274 483 4342 juxta
535 4274 790 4329 ordinem
847 4274 1105 4329 librorum
1157 4275 1269 4329 sive
1295 4290 1391 4345 pro
1436 4282 1745 4343 temporum

217 4362 375 4418 ratione
411 4367 785 4436 digessimus:
830 4366 1051 4436 reliquis
1090 4366 1305 4421 interim
1342 4374 1525 4435 utpote
1564 4363 1745 4418 dubiis

216 4456 570 4513 pratermissis.

1851 547 1940 598 λον
1962 545 2110 617 παρὰ
2131 544 2257 607 τοὺς
2282 543 2501 605 λοιποὺς
2521 539 2982 610 ἐπιτετευγμένως
3009 537 3387 607 τεθεωρηκότα
3408 547 3427 566 ο

1852 638 1945 692 καὶ
1984 637 2045 708 δή
2094 653 2183 707 μοι
2208 635 2354 688 δοκεῖ
2385 635 2674 703 ἀναγκαῖον
2700 628 2856 694 εἶναι,
2890 629 3102 701 πρῶτον
3134 626 3299 680 αὑτοῦ
3327 625 3430 697 τὴν

1849 733 1930 794 εἰς
1961 731 2088 792 τοὺς
2120 729 2317 791 τόπους
2349 728 2597 798 διήγησιν
2630 727 2709 788 εἰς
2740 725 2901 796 μέσον
2931 723 3177 791 ἀγαγεῖν,
3212 719 3311 771 εἶθ’
3337 715 3433 770 οὒ-

1849 841 1957 886 τως
2005 820 2423 889 ἐπισκέψασθαι,
2464 820 2516 871 εἴ
2561 836 2613 871 τι
2658 820 2767 890 ἄρα
2816 817 2910 872 καὶ
2954 815 3107 868 αὐτοὶ
3152 807 3429 881 δυνάμεθα

1852 912 2223 984 συμϐαλέσθαι
2247 912 2324 983 τῷ
2352 911 2513 981 λόγῳ.
2535 910 2741 981 Γράφει
2760 908 2823 979 δὴ
2850 902 2941 960 οὖν
2968 908 3026 958 ὲν
3055 904 3289 974 πέμπτῳ
3315 900 3427 956 τῶν

1851 1001 2301 1072 χρονογραριῶν
2335 998 2473 1053 κατὰ
2504 998 2647 1062 λέξιν
2673 996 2843 1059 οὕτως
2860 994 2999 1060 (21).

2420 1129 2839 1184 ᾹΦΡΙΚΛΝΟΥ.

1933 1248 1993 1299 Ἦ
2015 1248 2112 1317 μὲν
2128 1243 2219 1300 οὖν
2248 1245 2519 1317 περικοπὴ
2543 1244 2686 1298 οὕτω
2706 1243 2821 1307 πῶς
2837 1243 3036 1313 ἔχουσα
3053 1240 3222 1294 πολλά
3244 1256 3303 1291 τε
3326 1237 3421 1291 καὶ

1853 1336 2128 1407 παράδοξα
2156 1335 2549 1407 σημαίνει.Νῦν
2577 1335 2620 1387 δ’
2655 1332 2845 1405 ἂν(2Ξ)
2875 1333 3032 1405 χρεία
3060 1332 3184 1402 περί
3208 1347 3265 1382 τε
3294 1331 3422 1395 τοὺς

1851 1433 2075 1505 χρόνους
2107 1433 2200 1485 καὶ
2236 1430 2307 1484 τὰ
2335 1430 2556 1494 τούτους
2588 1430 2925 1482 συντείνοντα
2952 1427 3044 1480 τὸν
3069 1426 3224 1494 λόγον
3260 1440 3422 1495 ποιη-

1854 1525 2088 1595 σάμεθα·
2122 1525 2202 1577 ὃτι
2254 1524 2353 1595 μὲν
2387 1520 2478 1577 οὖν
2521 1523 2650 1595 περὶ
2682 1524 2780 1593 τῆς
2810 1522 2906 1575 τοῦ
2946 1521 3180 1592 Χριστοῦ
3212 1534 3421 1589 παρου-

1853 1617 1972 1680 σίας
2018 1616 2231 1684 λέγεται
2280 1615 2472 1679 ταῦτα,
2522 1614 2656 1685 μετὰ
2707 1613 3003 1680 ἑϐδομάδας
3049 1619 3089 1665 ο’
3141 1610 3423 1683 μέλλοντος

1851 1708 2252 1775 ἐπιφαίνεσθαι,
2297 1708 2451 1777 δῆλον
2497 1707 2589 1759 ἐπὶ
2621 1706 2729 1777 γὰρ
2771 1706 2863 1759 τοῦ
2892 1706 3161 1776 Σωτῆρος,
3197 1721 3249 1757 κ.
3285 1720 3335 1754 τ.
3368 1700 3420 1756 λ.

1853 1798 1953 1853 llic
1986 1816 2114 1855 vero
2147 1799 2559 1863 advertendum,
2594 1798 2908 1867 hujusmodi
2938 1813 3001 1851 ex
3034 1796 3291 1849 Africano
3323 1809 3423 1849 ex-

1852 1902 2095 1962 cerptum
2129 1892 2274 1961 quod
2318 1890 2651 1944 Lambecius
2682 1889 2829 1943 velut
2866 1888 3131 1943 ineditum
3158 1885 3419 1957 vulgavit,

1850 1983 1991 2052 apud
2014 1982 2306 2038 Eusebium
2343 1979 2638 2050 etquidem
2678 1979 3017 2033 emendatius
3048 1986 3262 2031 exstare
3300 1973 3416 2048 (23)

1853 2076 2130 2146 ipsiusque
2170 2074 2433 2143 integram
2454 2070 2755 2125 versionem
2780 2070 3020 2140 praebere
3052 2067 3111 2122 S.
3155 2065 3422 2136 Hierony-

1853 2184 1999 2221 mum
2026 2166 2378 2237 (24).Estque
2411 2164 2624 2218 initium
2652 2161 2939 2232 fragmenti
2970 2176 3079 2225 xvr,
3106 2161 3248 2229 quod
3278 2160 3420 2214 infra

1852 2272 1954 2310 suo
1983 2258 2103 2312 loco
2128 2258 2301 2328 legere
2322 2264 2404 2310 est
2424 2270 2547 2325 pag.
2584 2252 2709 2307 570.
2738 2252 2922 2306 Mirari
2947 2252 3113 2311 subit,
3150 2251 3201 2304 id
3228 2258 3421 2320 praeter

1853 2347 2225 2415 Lambecium,
2261 2348 2464 2418 fugisse
2492 2361 2710 2417 quoque
2740 2344 2979 2400 Caveum
3009 2343 3119 2414 (25)
3150 2351 3203 2397 et
3232 2342 3422 2396 Fabri-

1851 2442 1993 2495 cium
2028 2441 2161 2511 (εδ).

1920 2530 2099 2601 Pergit
2174 2545 2338 2600 porro
2393 2529 2759 2592 Lambecius,
2828 2537 2879 2582 et
2957 2526 3087 2581 alibi
3139 2527 3253 2581 haec
3328 2540 3415 2580 re-

1853 2624 1954 2679 fert
2003 2623 2115 2694 (27)
2166 2641 2176 2676 :
2230 2641 2247 2674 ι
2308 2622 2576 2683 Cancrum
2630 2620 2776 2691 quod
2838 2618 3119 2689 speciatim
3172 2618 3238 2672 ad
3283 2616 3417 2671 Sex-

1855 2724 1967 2769 tum
2028 2712 2231 2767 Julium
2275 2711 2592 2765 Africanum
2642 2711 2871 2774 attinet,
2925 2709 3124 2762 eitatur
3180 2709 3226 2761 is
3278 2708 3420 2761 inter

1853 2805 2145 2876 Γνωμικὰς
2182 2803 2449 2875 διαφόρων
2502 2802 2587 2857 his
2631 2801 2811 2855 verbis
2843 2819 2865 2855 τι
2914 2801 3224 2871 Ἰστορεῖται
3267 2798 3420 2870 παρὰ

1864 2894 2191 2966 Ἀφρικανῷ,
2219 2895 2299 2946 ὅτι
2325 2896 2380 2946 ὲν
2402 2893 2480 2964 τῷ
2501 2894 2677 2963 λέγειν
2699 2895 2797 2965 τὴν
2827 2887 2963 2965 ᾧδὴν
2984 2894 3073 2945 τὸν
3098 2893 3417 2965 Μανασσῆν,

1850 2987 1920 3041 τὰ
1948 2986 2120 3058 δεσμὰ
2163 2987 2527 3060 διερρἀησαν
2575 2986 2768 3058 σιδηρᾶ
2810 2986 2959 3048 ὄντα,
2997 2986 3088 3038 καὶ
3134 2985 3353 3054 ἔφυγεν.
3394 3004 3412 3037 ι

1854 3079 2087 3135 Secutus
2111 3079 2199 3134 hic
2220 3080 2304 3132 vir
2336 3080 2580 3133 eruditus
2610 3089 2882 3134 errantem
2915 3079 3161 3146 Suidam,
3195 3079 3289 3149 qui
3318 3077 3418 3132 Ju-

1852 3173 1983 3226 lium
2022 3172 2339 3226 Africanum
2386 3188 2510 3227 cum
2541 3171 2798 3227 Africano
2831 3170 2997 3225 Sexto
3026 3170 3333 3238 confundit,
3360 3183 3422 3226 ut

1853 3280 2015 3334 supra
2045 3272 2290 3319 notatum
2324 3263 2351 3335 §
2384 3264 2433 3318 l.
2487 3262 2778 3333 Ipsumque
2819 3262 3012 3317 deinde
3053 3271 3180 3318 sunt
3223 3263 3418 3317 imitati

1852 3356 2133 3413 Fabricius
2158 3366 2213 3413 et
2238 3358 2469 3412 Caveus.

1923 3450 2168 3520 Denique
2208 3451 2348 3505 alius
2403 3448 2688 3520 fragmenti
2736 3447 2983 3502 meminit
3014 3446 3152 3501 idem
3183 3446 3418 3500 Lambe-

1850 3543 2116 3614 cius(28),
2136 3543 2280 3613 quod
2293 3544 2471 3597 adhuc
2488 3560 2591 3597 ms.
2617 3544 2669 3597 in
2693 3541 3014 3596 bibliotheca
3036 3540 3281 3595 Caesarea
3304 3555 3419 3593 ser-

1848 3645 2027 3689 vatur.
2062 3634 2158 3690 Est
2190 3645 2370 3689 autem
2405 3635 2524 3703 ejus
2559 3633 2840 3702 inscriptio
2873 3650 2885 3686 :
2925 3634 3184 3703 Διήγησις
3228 3632 3417 3701 Ἀφρι-

1850 3727 2013 3780 κανοῦ
2053 3730 2175 3799 περὶ
2205 3727 2313 3779 τῶν
2346 3729 2401 3779 ὲν
2430 3728 2645 3798 Περσίδι
2675 3726 2978 3797 γενομένων
3017 3724 3106 3777 διὰ
3140 3725 3237 3795 τῆς
3266 3725 3423 3777 ἐνανεο

1851 3821 2181 3891 Θρωπήσεως
2226 3820 2317 3873 τοῦ
2367 3820 2569 3890 Κυρίου
2614 3820 2707 3872 καὶ
2746 3819 2997 3889 Σωτῆρος
3036 3817 3191 3888 ἡμῶν
3245 3814 3417 3885 Ἰησοῦ

1849 3911 2107 3984 Χριστοῦ.
2143 3911 2335 3982 Incipit
2379 3930 2391 3966 ;
2435 3913 2529 3965 Ἐκ
2563 3911 2817 3982 Περσίδος
2845 3910 3088 3981 ἐγνώσθη
3116 3909 3208 3961 ἀπ’
3244 3908 3419 3979 ἀρχῆς

1848 4007 1877 4057 ὁ
1909 4004 2173 4077 Χριστός“
2209 4004 2360 4056 οὐδὲν
2404 4003 2512 4075 γὰρ
2544 4002 2793 4056 λανθάνει
2828 4004 2953 4065 τοὺς
2987 4004 3043 4053 ὲν
3074 4003 3211 4071 αὐτῇ
3256 4016 3417 4068 νομο-

1853 4097 2045 4167 μαθείς
2095 4098 2306 4151 ἅπαντα
2358 4094 2791 4166 φιλοπονοῦντας.
2827 4096 2977 4147 Ὅσοι
3023 4093 3150 4165 γὰρ,
3181 4110 3234 4147 κ.
3268 4110 3319 4146 τ.
3364 4090 3413 4145 λ.

1852 4188 1915 4243 Et
1964 4189 2029 4243 ad
2074 4187 2317 4242 Africani
2360 4188 2577 4257 quidem
2616 4186 3100 4255 Chronogrup/iiam
3149 4183 3415 4253 ejusmodi

1852 4283 2216 4351 fragmentum
2278 4290 2524 4349 spectare
2588 4280 2783 4334 merito
2851 4277 3215 4332 existimatur.
3276 4275 3416 4330 Iluic

1849 4375 1993 4428 enim
2043 4374 2257 4444 gemina
2294 4383 2550 4429 tmemata
2600 4373 2852 4428 similiter
2901 4374 3157 4442 inscripta
3199 4371 3415 4425 exhibet

1851 4465 2152 4537 Syncellus,
2180 4477 2239 4521 ut
2267 4466 2446 4519 videre
2472 4474 2555 4521 est
2583 4466 2724 4520 infra
2752 4481 2906 4535 pagg.
2946 4466 3070 4531 572,
3102 4464 3225 4518 374.

261 4542 693 4614 Quandoquidem
761 4559 892 4597 vero
950 4543 1213 4597 nonnulla
1270 4541 1619 4607 deteximus,
1676 4540 1742 4594 ad

1924 4554 2019 4609 liis
2062 4565 2321 4625 prazterea
2352 4572 2415 4609 ex
2452 4555 2738 4609 Lambecio
2762 4556 2947 4610 relatis
2983 4543 3127 4611 aliud
3163 4558 3417 4613 addimus

212 4636 407 4691 tantilem
465 4638 720 4705 Africani
775 4636 1181 4707 Chronologiam
1238 4632 1586 4705 pertinentia,
1619 4650 1743 4689 cum

215 4726 289 4791 iam
314 4731 441 4799 typis
474 4731 801 4800 coasignata
832 4743 1013 4785 essent
1038 4746 1160 4800 qua:
1202 4731 1467 4785 hactenus
1499 4742 1743 4783 summa-

214 4832 277 4871 um
298 4823 670 4877 recensuimus
697 4841 710 4887 ;
735 4838 915 4892 opera:
940 4824 1169 4892 pretium
1199 4822 1362 4878 fuerit
1388 4838 1450 4877 ea
1481 4823 1568 4875 hic
1590 4822 1742 4875 exhi-

214 4910 321 4972 bere,
349 4926 509 4982 prout
558 4926 775 4971 exstant
803 4917 945 4985 apud
978 4915 1325 4971 Lambecium
1355 4932 1422 4971 ex
1466 4915 1744 4971 codicibus

214 4996 688 5062 liudobonensihus
712 5024 878 5062 manu
908 5010 1144 5063 exaratis
1168 5009 1457 5077 descripta.

259 5095 445 5149 Auctor
474 5098 649 5167 igitur
664 5096 1100 5167 Propheticarum
1123 5099 1415 5169 eclogarum
1447 5099 1510 5151 de
1535 5096 1744 5153 Christo

210 5183 277 5248 qui
298 5184 571 5242 Eusebius
594 5187 860 5259 Pamphili
883 5205 1004 5244 esse
1025 5191 1336 5260 perhibetur
1362 5191 1495 5259 (ιο),
1516 5191 1569 5245 in
1598 5193 1745 5248 illius

209 5277 351 5340 operis
391 5279 586 5334 adhuc
637 5282 819 5335 inediti
852 5283 993 5337 libro
1026 5299 1110 5347 ιιι,
1148 5300 1264 5352 cap.
1310 5285 1428 5346 ult.,
1478 5285 1592 5337 haec
1645 5287 1741 5339 ha-

258 5389 357 5466 (19)
386 5394 663 5466 §ynce_ll.,
692 5412 814 5466 pag.
845 5395 971 5448 212.

259 5462 353 5538 (ιιι)
385 5462 524 5538 Ῡὶύε
544 5462 934 5538 _F_abric.'Bibl.
965 5465 1057 5520 Gr.
1086 5476 1212 5520 tom.
1243 5467 1333 5533 VI,
1359 5483 1480 5538 pag.
1510 5467 1597 5523 57.

264 5532 358 5607 (ἐξ)
391 5534 559 5607 ἀρμά
588 5534 832 5607 Lambec.
872 5536 1162 5589 Comment.
1199 5539 1292 5591 lib.
1321 5532 1507 5607 r,'pa'g.
1548 5539 1669 5592 Ml.

260 5600 358 5675 ιξέι
395 5598 549 5675 ﬁdit.
570 5598 672 5675 ὧν.
700 5605 765 5659 Et
792 5609 954 5675 paulo
990 5616 1129 5675 post,
1161 5598 1368 5672 τούτοις
1385 5598 1541 5662 auiis.

218 5670 363 5765 "(-9.32
404 5672 615 5729 Euseb.
661 5670 958 5730 Demonstr.
990 5670 1178 5747 cvang.
1231 5680 1325 5734 lib.
1350 5670 1479 5745 ‘vm,
1522 5694 1642 5748 cap.
1687 5684 1743 5743 ‘2,

219 5758 634 5882 111ξίνιῑὶἶὶἶὶεῐοιι.
666 5816 949 5872 Comment.
1005 5819 1057 5871 in
1109 5818 1315 5874 Daniel.
1366 5835 1442 5889 ix,
1471 5820 1560 5885 Ἡ,
1609 5819 1741 5890 Opp.

1852 4648 2210 4720 fragmentum
2234 4665 2265 4702 e
2291 4650 2475 4703 codice
2509 4647 2675 4718 Regio
2696 4648 2859 4711 ειιι,
2886 4666 2913 4702 a
2946 4647 3012 4702 V.
3044 4649 3104 4702 (3.
3132 4648 3407 4703 Montfau-

1849 4743 2009 4796 conio
2060 4740 2389 4810 descriptum
2446 4741 2593 4810 (29};
2645 4740 2733 4793 ubi
2782 4741 2848 4795 de
2892 4740 3083 4794 Adami
3134 4742 3412 4810 sepultura

1849 4842 2208 4905 pertractasse
2236 4832 2528 4885 Africanus
2581 4843 2632 4885 et
2678 4832 3010 4886 Athanasius
3060 4834 3415 4901 perhibentur

1850 4926 1934 4979 his
1983 4924 2164 4977 verbis
2216 4942 2229 4977 :
2274 4916 2438 4977 Οὗτοι
2486 4924 2542 4975 δέ
2578 4926 2712 4976 εἰσιν
2740 4926 2787 4975 οἱ
2818 4925 2944 4994 περὶ
2983 4923 3081 4993 τῆς
3110 4925 3284 4993 ταφῆς
3318 4921 3415 4976 τοῦ

1862 5016 2034 5085 Ἀδὰμ
2054 5015 2355 5088 εἰρηκότες,
2392 5014 2714 5087 Ἀφρικανὸς
2734 5017 2826 5069 καὶ
2849 5019 2876 5069 ὁ
2901 5019 3052 5086 ἅγιος
3080 5018 3414 5081 Ἀθανάσιος.

1850 5104 1988 5161 lIinc
2017 5106 2068 5159 in
2098 5106 2306 5175 prmfat.
2335 5103 2633 5160 Illontfauc.
2653 5122 2705 5175 ιι.
2732 5124 2805 5170 vi,
2837 5106 2863 5177 §
2892 5108 2977 5170 18,
3003 5109 3413 5164 rescribendum

1848 5201 1912 5253 de
1942 5198 2213 5268 sepultura
2236 5197 2450 5264 Adami,
2481 5198 2569 5251 ubi
2597 5198 2660 5251 de
2686 5200 2955 5267 sepultura
2988 5199 3197 5253 Domini
3222 5216 3416 5271 perpe-

1848 5309 1964 5346 ram
2008 5293 2220 5360 legitur.

1850 5416 1983 5460 tom.
2010 5404 2098 5466 III,
2130 5420 2251 5473 pag.
2284 5404 2420 5456 ΗΝ)
2440 5402 2568 5458 edit.
2594 5402 2845 5457 Martian.

1918 5475 2031 5545 (25')
2063 5471 2363 5545 (Ean—Hist.
2397 5475 2660 5545 litt._tom.
2696 5476 2739 5536 I,
2772 5489 2892 5545 pag.
2924 5471 3040 5527 lll.

1919 5541 2030 5613 (‘26)
2064 5543 2275 5599 Fabric.
2317 5544 2458 5597 Bibl.
2492 5543 2583 5597 Gr.
2616 5553 2745 5596 tom.
2782 5541 2999 5613 V,Ipag.
3034 5546 3154 5600 169.

1920 5616 2032 5683 (Ξῖ)
2066 5613 2320 5669 Lambec.
2357 5616 2392 5667 l.
2421 5632 2470 5667 (ε.
2502 5615 2596 5667 lib.
2627 5629 2708 5677 ιιι,
2743 5629 2863 5683 pag.
2899 5614 2987 5669 '59.

1922 5686 2034 5756 (28)
2067 5686 2141 5756 Id.
2179 5685 2310 5739 ibid.
2337 5685 2429 5737 lib.
2458 5701 2511 5756 v_.
2538 5699 2658 5756 pag:
2678 5683 2818 5756 @97:

1921 5753 2032 5827 (29)
2068 5755 2255 5810 Montl’.
2289 5756 2424 5810 Coll.
2450 5753 2583 5808 Nov.
2618 5753 2736 5808 PP.
2771 5753 2962 5827 Gram,
2988 5769 3026 5815 ι.
3052 5759 3113 5830 II,
3153 5777 3203 5825 ι).
3238 5760 3358 5818 105.
