3990 6214
309 340 363 398 ω
1309 319 1645 377 EPISTOLA

1708 319 1801 373 AD
1846 315 2233 373 ARISTIDEM.
3360 311 3420 362 50

313 449 506 529 ἀηιβῦς
547 447 654 500 ἐστι
699 444 944 518 Πατρός,
983 445 1081 507 τὰς
1120 443 1390 515 ἡμετέρας
1424 442 1561 512 πρὸς
1600 440 1767 495 αὑτὸν

1880 462 1945 516 sit
1974 459 2115 530 apud
2159 457 2371 512 Patrem
2422 455 2694 527 pontifex,
2742 467 2928 524 preces
2957 460 3171 508 nostras
3203 450 3252 505 ei
3293 449 3396 506 om)

309 548 416 618 εὐχάς
444 539 726 610 ἀναςέρων,
783 539 876 592 καὶ
922 535 1172 608 βασιλεὺς
1226 535 1623 607 ὑπερκόσμιος,
1675 532 1768 595 οὓς

304 636 548 706 gis-abigas:
589 630 760 699 νέμων
805 627 881 698 τῷ
911 627 1219 698 Πνεύματι,
1251 625 1510 697 συνεργὸς
1554 626 1632 688 είς
1671 623 1769 695 τὴν

293 726 565 792 ιιιχόσμησιν
604 720 706 772 τῶν
753 719 888 772 ὅλων
936 718 1222 788 γενόμενος
1241 734 1253 747 ·
1300 719 1394 770 καὶ
1445 715 1601 769 τοῦτο
1641 717 1769 786 ἡμῖν

295 812 602 884 τῳσῄγγειλεν
639 811 736 880 οὐχ
778 813 809 864 ό
856 809 1154 878 κατάλογος
1192 808 1303 861 τῶν
1348 807 1560 877 φυλῶν,
1599 807 1696 877 οὺχ
1733 808 1767 877 ἡ

289 907 397 974 pia;
418 903 500 956 τῶν
527 902 877 973 άναγράπτων
908 900 1100 969 γενῶν,
1142 899 1276 954 ἀλλὰ
1321 899 1648 971 πατριάρχαι
1679 899 1773 950 καὶ

289 993 510 1065 προφῆται·
541 991 608 1062 μὴ
629 987 721 1044 οὖν
748 991 1021 1060 κατίωμεν
1049 990 1128 1052 είς
1167 988 1432 1060 τοσαύτην
1465 987 1771 1051 θεοσεϐείας

282 1081 614 1152 σμικρολογίαν,
655 1080 742 1131 ἴνα
780 1083 847 1149 τῇ
891 1077 1156 1148 ἐναλλαγῇ
1197 1075 1305 1128 τῶν
1349 1075 1644 1147 ὀνομάτων,
1672 1076 1772 1147 τὴν

280 1171 458 1244 Χριστοῦ
485 1170 742 1241 βασιλείαν
788 1169 880 1221 καὶ
921 1167 1220 1238 ἱερωσύνην
1264 1165 1617 1236 συνιστῶμεν·
1653 1165 1774 1218 ἐπεὶ

277 1268 326 1334 τῇ
358 1263 487 1315 Ἰούδα
509 1261 636 1330 φυλῇ
665 1263 730 1329 τῇ
766 1258 1038 1329 βασιλικῇ,
1072 1259 1105 1327 ἠ
1138 1254 1230 1308 τοῦ
1273 1255 1404 1307 Λευὶ
1437 1254 1575 1324 φυλὴ
1624 1255 1771 1325 ἱερα-

273 1355 368 1424 τική
391 1351 645 1420 συνεζύγη,
674 1351 768 1403 τοῦ
809 1347 1078 1403 Ναασσὼν
1104 1345 1334 1416 ἀδελφὴν
1359 1346 1456 1416 τὴν
1497 1344 1773 1399 Ἐλισάϐετ

285 1445 444 1515 Ἀαρὼν
483 1443 772 1513 ἀξαμένου,
821 1441 915 1494 καὶ
959 1439 1117 1493 πάλιν
1173 1437 1433 1508 Ἐλεάζαρ
1466 1437 1561 1508 τὴν
1608 1435 1774 1503 θυγα-

269 1538 368 1608 τέρα
404 1534 611 1605 Φατιὴλ,
640 1533 732 1586 καὶ
775 1531 986 1585 ἐνθένδε
1022 1531 1578 1600 παιδοποιησαμένων·
1615 1526 1774 1597 ἐψεύ-

269 1644 392 1681 σαντο
414 1624 497 1680 οὖν
520 1628 565 1678 οἱ
592 1623 987 1693 εὖαγγελισταὶ,
1008 1622 1351 1685 συνιστάντες
1377 1623 1475 1674 οὐκ
1493 1618 1770 1690 ἀλήθειαν,

391 1721 711 1790 εἰκαζόμενον
755 1717 995 1770 ἐπαινον·
1040 1716 1133 1769 καὶ
1179 1714 1267 1768 διὰ
1306 1711 1463 1770 τοῦτο
1488 1714 1516 1764 6
1559 1712 1653 1781 μὲν
1686 1709 1773 1764 διὰ

267 1808 534 1877 Σηλομῶνος
562 1806 662 1859 ἀπὸ
699 1806 865 1858 Δαϐὶδ
891 1805 1310 1874 ἐγενεαλόγησεν
1339 1803 1430 1856 τὸν
1474 1799 1664 1855 Ἰακὼϐ
1683 1800 1774 1853 τὸν
1805 1793 1847 1846 Β

270 1901 334 1952 τοῦ
370 1900 542 1970 Ἰωσὴφ
566 1899 796 1968 πατέρα’
830 1900 858 1951 6
889 1898 944 1950 δὲ
978 1897 1084 1950 ἀπὸ
1128 1896 1312 1949 Νάθαν
1340 1894 1433 1948 τοῦ
1464 1893 1644 1956 Δαϐὶδ,
1687 1893 1776 1948 τὸν

275 1991 388 2044 Ἠλεὶ
409 1992 484 2043 τὸν
508 1991 592 2044 τοῦ
633 1990 835 2061 Ἰωσὴφ
863 1990 1062 2060 ὁμοίως
1091 1987 1264 2051 ἄλλως
1303 1987 1512 2057 πατέρα
1532 2003 1545 2016 ο
1575 1986 1666 2039 καί
1696 2001 1777 2038 τοι

269 2086 430 2149 ἀγνοεῖν
461 2083 641 2145 αὐτοὺς
680 2083 781 2134 οὐκ
814 2081 1003 2152 ἐχρῆν,
1044 2081 1119 2144 ὡς
1150 2080 1382 2150 ἑκατέρα
1413 2080 1520 2132 τῶν
1553 2095 1780 2148 κατηρι-

275 2175 498 2244 θμημένων
530 2173 716 2240 τάξις,
759 2173 819 2225 τὸ
861 2172 956 2225 τοῦ
990 2171 1150 2226 Δαϐὶδ
1193 2173 1310 2225 ἐστὶ
1355 2172 1511 2241 γένος
1533 2167 1554 2234 ,’
1601 2172 1634 2240 ἡ
1685 2169 1778 2223 τοῦ

289 2263 410 2316 Ἰούδα
437 2265 551 2336 φυλὴ
591 2265 872 2336 βασιλική·
920 2266 970 2318 εἰ
1015 2263 1122 2335 γὰρ
1161 2264 1454 2335 προφήτης
1498 2263 1526 2314 ὁ
1572 2260 1776 2326 Νάθαν,

373 2353 446 2410 οὖν
471 2359 557 2411 καὶ
590 2356 872 2427 Σολομὼν,
901 2358 930 2410 ὃ
959 2374 1018 2410 τε
1043 2355 1245 2409 τούτων
1285 2356 1464 2427 πατὴρ
1497 2353 1774 2426 ἐκατέρου·

267 2451 314 2501 ἐκ
338 2449 506 2502 πολλῶν
529 2450 582 2502 δὲ
613 2450 802 2519 φυλῶν
831 2448 1069 2517 ἐγίνοντο
1093 2447 1402 2519 προφῆται,
1442 2447 1606 2517 ἱερεῖς
1635 2445 1692 2497 δὲ
1721 2444 1780 2512 ἐξ

261 2541 464 2612 caespiti;
488 2543 559 2611 (2)
597 2542 716 2595 τῶν
747 2541 954 2594 δώδεκα
986 2539 1194 2610 φυλῶν,
1245 2538 1392 2611 μόνοι
1438 2537 1495 2589 δὲ
1535 2538 1776 2590 Λευῖταιο

261 2631 398 2700 μάτην
427 2632 591 2693 αὐτοῖς
638 2631 751 2701 ἄρα
797 2629 1100 2682 πέπλασται
1143 2627 1204 2680 τὸ
1251 2624 1607 2696 ἐψευσμένον·
1648 2623 1782 2695 μηδὲ

259 2722 435 2792 κρατοίη
460 2721 698 2784 τοιοῦτος
729 2720 884 2789 λόγος
927 2722 984 2773 ἐν
1013 2713 1559 2788 ἘκκλησίᾳΧριστοῦ
1594 2713 1781 2786 [κατὰ]

258 2814 462 2884 ἀκριϐοῦς
503 2814 799 2886 ἀληθείας,
833 2814 915 2866 ὅτι
953 2811 1142 2881 ψεῦδος
1188 2809 1470 2878 σύγκειται
1511 2810 1590 2871 είς
1637 2803 1783 2862 αἶνον

258 2908 328 2957 καὶ
351 2905 624 2975 δοξολογίαν
679 2905 934 2977 Χριστοῦο
981 2904 1064 2968 τίς
1106 2903 1214 2974 γὰρ
1266 2903 1367 2956 οὐκ
1402 2897 1508 2954 οἶδε
1536 2901 1784 2953 κάκεῖνον

256 2996 324 3048 τόν
351 2997 612 3067 ἱερώτατον
635 2994 732 3047 τοῦ
754 2996 1072 3049 Ἀιτοστόλου
1112 2995 1268 3062 λόγον
1303 2991 1666 3065 κηρύσσοντος
1691 2990 1785 3044 καὶ

255 3087 602 3157 διαγγέλλοντος
668 3090 762 3158 τὴν
816 3089 1110 3142 ἀνάστασιν
1164 3085 1257 3139 τοῦ
1310 3085 1559 3157 Σωτῆρος
1605 3084 1780 3156 ἡμῶν,

255 3181 324 3230 καὶ
357 3181 802 3252 διιηυριζομένου
861 3181 958 3251 τὴν
1021 3179 1313 3251 ἀλήθειαν,
1366 3177 1584 3250 μεγάλῳ
1633 3177 1783 3248 φόϐῳ

254 3271 466 3339 λέγοντος,
487 3293 503 3324 ι
524 3275 604 3326 ὅτι
637 3271 934 3342 είΧριστὸν
959 3270 1176 3339 λέγουσί
1213 3286 1357 3332 τινες
1378 3269 1450 3340 μὴ
1468 3267 1782 3342 ἐγηγέρθαι,

253 3364 377 3430 ἡμεῖς
407 3364 456 3417 δὲ
490 3367 654 3417 τοῦτο
693 3364 785 3415 καὶ
829 3362 1005 3431 φαμὲν
1044 3362 1138 3414 καὶ
1181 3360 1644 3430 πεπιστεύκαμεν,
1692 3361 1784 3412 καὶ

257 3453 354 3505 αὑτὴ
378 3455 457 3506 καὶ
482 3454 782 3524 ἐλπίζομεν
808 3453 902 3505 καὶ
929 3451 1275 3523 κηρύσσομεν
1295 3491 1310 3516 ,
1338 3450 1785 3521 καταψευδομαρ-

259 3543 471 3612 τδροῆμεν
510 3545 605 3598 τοῦ
653 3544 810 3608 Θεοῦ,
860 3545 942 3597 ὅτι
973 3545 1160 3614 ἤγειρε
1203 3543 1292 3595 τὸν
1331 3542 1562 3614 Χριστὸν
1595 3541 1653 3594 ὃν
1685 3541 1785 3594 οὐκ

258 3631 456 3704 ἧγειρει·
490 3657 508 3687 ο
531 3639 581 3690 εί
627 3636 686 3690 δὲ
714 3635 891 3699 οὕτως
913 3636 941 3686 6
959 3633 1246 3702 δοξολογῶν
1275 3633 1408 3686 θεὸν
1436 3633 1671 3705 Πατέρα,
1699 3632 1784 3686 δέ-

254 3726 370 3778 δοικε
395 3728 453 3797 μὴ
475 3728 802 3797 ψευδολόγος
827 3727 1028 3797 δοκοίη,
1064 3726 1222 3798 ἔργον
1251 3726 1548 3798 παράδοξον
1567 3724 1780 3796 διηγού-

253 3833 392 3884 μενος,
418 3819 522 3883 πῶς
538 3819 730 3873 οὐκᾶν
759 3819 978 3882 δικαίως
1003 3817 1284 3891 φοϐηθείη,
1301 3819 1383 3872 ὃτι
1410 3817 1471 3889 [1.
1491 3816 1662 3889 ὅστις]
1698 3817 1787 3871 διὰ.

249 3909 544 3979 deri/alaris;
566 3911 836 3983 ἀληθείας
856 3911 1112 3981 σύστασιν
1126 3910 1496 3984 ποριζόμενος,
1515 3909 1670 3973 δόξαν
1686 3910 1785 3962 οὐκ

252 4000 389 4071 ἁληθῆ
421 4004 727 4068 συντιθείς
762 4005 810 4054 εἰ
845 4003 956 4074 γὰρ
1001 4002 1069 4055 τὰ
1099 4002 1230 4072 γένη
1261 4001 1513 4072 διάφορα,
1554 3999 1646 4052 καὶ
1679 4017 1786 4070 μη-

247 4093 313 4144 δὲν
337 4097 632 4166 καταφέρει
672 4097 893 4166 γνήσιον
937 4095 1157 4166 σπέρμα
1199 4095 1292 4148 ἐπ)⁵
1320 4093 1411 4147 τὸν
1464 4091 1682 4163 Ἰωσὴφ,
1712 4093 1787 4145 et-

247 4199 375 4252 ρηται
415 4187 470 4239 δὲ
513 4189 682 4258 μόνον
729 4190 810 4250 είς
856 4187 1108 4241 σύστασιν
1155 4187 1250 4241 τοῦ
1298 4185 1783 4258 γεννηθησομένου,

244 4275 302 4327 ότι
328 4277 568 4346 βασιλεὺς
597 4280 691 4332 καὶ
717 4280 894 4351 ἱερεὺς
921 4279 1068 4332 ἐσται
1097 4282 1125 4333 6
1155 4279 1430 4350 ἐσόμενος,
1455 4275 1785 4340 ἀποδείξεως

251 4368 305 4436 μὴ
340 4371 674 4442 προσούσης,
709 4370 846 4424 ἀλλὰ
871 4371 971 4442 τῆς
1005 4371 1114 4424 τῶν
1153 4370 1327 4438 λόγων
1360 4369 1682 4440 σεμνότητος
1707 4369 1786 4431 εἰς

246 4456 378 4528 ὕμνον
409 4463 621 4533 ἀδρανῆ
665 4461 1003 4534 φερομένης,
1035 4461 1194 4532 δῆλον
1225 4460 1300 4524 ὡς
1325 4458 1421 4513 τοῦ
1452 4458 1586 4512 Θεοῦ
1625 4459 1722 4530 μὲν
1756 4460 1786 4512 6

247 4551 424 4616 ἔπαινος
461 4555 562 4625 οὐχ
601 4555 852 4619 ἅπτεται,
897 4552 1089 4623 ψεῦδος
1114 4551 1207 4605 ὢν·
1241 4551 1422 4623 κρίσις
1448 4551 1504 4604 δὲ
1531 4549 1608 4621 τῷ
1636 4551 1783 4621 εἰρη-

245 4642 366 4709 κότι,
412 4647 473 4699 τὸ
517 4647 620 4699 οὐκ
657 4645 718 4698 ὃν
763 4645 840 4708 ὼς
898 4643 958 4697 ὃν
999 4643 1367 4714 κομπάσαντι.·
1413 4643 1530 4696 Ἵνα
1571 4638 1664 4696 οὖν
1690 4641 1783 4696 καὶ

244 4735 371 4788 τοῦτο
403 4738 499 4806 μὲν
549 4738 644 4790 τοῦ
698 4736 977 4809 εἰρηκότος
1032 4735 1338 4806 ἐλέγξωμεν
1374 4735 1473 4806 τὴν
1525 4733 1782 4805 ἀμαθία-νς

243 4826 507 4899 παύσωμεν
561 4829 618 4881 δὲ
668 4827 762 4881 τοῦ
824 4827 1022 4899 μηδένα
1073 4827 1163 4880 ὑπ’
1222 4827 1443 4895 ἀγνοίας
1507 4825 1784 4879 σκανδαλι-

244 4917 440 4986 «ﬁrm,
479 4921 582 4991 τὴν
637 4920 810 4991 ἀληθῆ
853 4919 959 4972 τῶν
997 4919 1295 4988 γεγονότων
1352 4919 1590 4991 ἱστορίαν
1626 4917 1788 4988 ἐκθή-

242 5006 425 5081 θυμω]

297 5310 358 5371 BZ?
368 5312 418 5380 3)
435 5313 653 5386 Ἐπειδὴ
663 5315 771 5388 γὰρ
787 5316 854 5368 τὰ
869 5316 1103 5388 ὀνόματα
1114 5317 1186 5387 (4)
1205 5317 1310 5370 τῶν
1323 5318 1494 5386 γενῶν
1510 5317 1789 5390 ἐντΊσραὴλ

300 5447 313 5475 ¹
343 5447 515 5505 Exod.
548 5467 622 5517 vi,
647 5453 737 5507 23.
813 5457 835 5486 ²
858 5453 993 5509 lbid.
1022 5455 1116 5510 25.
1189 5455 1254 5511 ³1
1288 5456 1418 5512 Cor.
1451 5472 1542 5522 xv,
1573 5457 1640 5511 12
1665 5473 1746 5527 sq.

297 5580 366 5650 (2)
397 5581 457 5638 In
483 5586 722 5654 epitome
747 5591 916 5645 codex
949 5589 1108 5645 habet
1140 5592 1364 5647 omnino
1391 5593 1450 5646 οὐ
1476 5592 1666 5656 δεῖνες,
1689 5592 1792 5650 sed

245 5664 580 5734 "ERN"?
609 5659 1060 5734 νὲἀβεὶεοιίρειειη
1089 5660 1148 5728 ἐξ
1182 5662 1454 5733 οὐδεμιᾶς.
1511 5661 1640 5716 MAI.

303 5721 372 5862 (ἲς
405 5721 510 5780 Hic
548 5726 730 5796 incipit
762 5729 1048 5786 Eusebius.
1130 5721 1146 5728 ’
1308 5721 1321 5733 ’

303 5791 352 5856 (ι
411 5794 650 5862 Ἐπειδὴ
672 5803 782 5862 γὰρ
812 5803 882 5855 τὰ
907 5802 1185 5862 ὀνόματα.
1215 5801 1358 5858 Parti

301 5791 372 5862 (ι)
411 5791 782 5867 Ἐπειδθίτὰρ
812 5803 882 5855 τὰ
907 5802 1185 5871 ὀνόματα.
1215 5801 1490 5860 Particula
1506 5803 1614 5872 γὰρ
1638 5801 1798 5860 abest

1870 569 2043 621 rens;
2093 567 2187 606 rex
2233 561 2413 606 autem
2456 547 2946 620 supermundialis,
3001 559 3139 615 quos
3183 543 3423 598 liberavit

1872 659 2102 716 pascens
2150 641 2390 712 Spiritu,
2436 650 2755 712 cooperator
2797 637 3020 693 effectus
3072 635 3126 689 in
3187 634 3426 688 omnium

1872 751 2054 791 rerum
2107 734 2467 790 ordinatione.
2519 732 2684 803 quue
2733 731 2892 786 nobis
2937 728 3275 798 exploratum
3306 723 3425 778 fecit

1873 845 1980 884 non
2012 828 2252 883 tribuum
2283 827 2582 897 catalogus,
2615 839 2787 894 neque
2821 822 3244 893 perscripturum
3272 830 3427 887 gene-

1872 923 2145 976 rationum
2189 921 2414 987 mistio,
2454 919 2548 975 sed
2584 917 2905 987 patriarchas
2933 923 3094 984 atque
3136 911 3429 982 prophetae.

1872 1012 2172 1066 Caveamus
2203 1011 2367 1080 igitur
2399 1025 2428 1064 a
2458 1009 2664 1064 minuto
2691 1006 3001 1078 hujusmodi
3033 1002 3309 1074 religionis
3341 1016 3431 1055 ar-

1873 1104 2060 1168 tiﬁcio,
2090 1111 2151 1157 ut
2184 1102 2462 1157 nominum
2505 1099 2903 1171 permutatione
2951 1097 3154 1151 Christi
3210 1107 3432 1164 regnum

1873 1210 1937 1249 ac
1967 1193 2331 1250 sacerdotium
2373 1195 2727 1262 comprobare
2764 1191 3008 1245 velimus.
3047 1187 3179 1241 Nam
3211 1197 3263 1240 et
3300 1186 3434 1238 alio-

1873 1287 1965 1356 qui
1999 1286 2163 1356 regali
2191 1283 2344 1341 Judte
2366 1285 2531 1339 tribui
2565 1282 2917 1340 sacerdotalis
2941 1280 3067 1335 Levi
3095 1280 3267 1334 tribus
3294 1277 3433 1332 facta

1872 1389 1990 1434 erat
2021 1380 2194 1434 allinis
2214 1419 2231 1444 ,
2270 1393 2335 1434 ex
2368 1395 2477 1448 quo
2509 1375 2801 1432 Naassonis
2833 1390 3075 1431 sororem
3107 1371 3434 1427 Elisabetam

1872 1472 2027 1526 duxit
2074 1472 2254 1527 Aaron
2296 1487 2522 1525 uxorein
2563 1470 2604 1535 ί,
2647 1475 2947 1538 rursusque
2993 1467 3217 1521 Eleazar
3248 1462 3438 1518 Phati-

1873 1561 2023 1616 helis
2058 1561 2225 1616 ﬁliam
2267 1563 2309 1628 ³,
2340 1562 2489 1631 prole
2532 1561 2657 1616 inde
2703 1568 2971 1630 suscepta.
3022 1557 3163 1630 Ergo
3205 1571 3439 1624 evange-

1872 1656 2011 1712 lista?
2056 1656 2264 1710 mentiti
2300 1666 2445 1721 sunt,
2494 1656 2622 1711 dum
2670 1669 2778 1709 non
2827 1654 3105 1708 veritatem
3151 1657 3435 1717 asserunt,

1875 1751 1966 1805 sed
1996 1749 2305 1804 simulatam
2334 1750 2544 1804 laudem
2581 1749 2777 1818 :cujus
2812 1749 2887 1802 rei
2932 1762 3117 1809 causa,
3149 1747 3283 1799 alter
3311 1743 3436 1813 qui-

1875 1839 1996 1893 dem
2027 1856 2122 1909 per
2156 1838 2502 1893 Salomonem
2544 1854 2574 1892 a
2611 1836 2811 1892 Davide
2844 1836 3030 1892 Jacobi
3075 1837 3298 1904 stirpem
3329 1844 3440 1888 tra-

1878 1933 1976 1999 xit,
2017 1931 2108 2002 qui
2143 1931 2242 1987 fuit
2267 1929 2490 2002 Josephi
2522 1940 2704 2002 pater;
2739 1930 2874 1985 alter
2905 1939 3082 1983 autem
3130 1943 3158 1981 a
3184 1925 3438 1982 Nathano

1878 2024 2097 2078 Davidis
2123 2023 2235 2078 ﬁlio
2264 2021 2436 2078 Helim
2467 2022 2686 2077 deduxit
2709 2019 2931 2091 Josephi
2965 2020 3189 2090 pariter,
3218 2019 3310 2074 sed
3333 2019 3440 2073 alia

1877 2115 2113 2179 ratione,
2141 2123 2370 2186 patrem.
2403 2114 2566 2184 Atqui
2594 2129 2689 2170 eos
2715 2115 2966 2184 ignorare
3001 2129 3107 2167 non
3137 2113 3437 2182 oportebat,

1880 2217 2172 2277 utrumque
2201 2215 2609 2261 numeratorum
2640 2207 2922 2260 hominum
2967 2204 3237 2268 ordinem,
3271 2219 3444 2275 genus

1879 2313 1997 2354 esse
2024 2297 2261 2361 Davidis,
2292 2295 2444 2351 Judze
2473 2311 2665 2366 nempe
2707 2295 2911 2366 regiam
2959 2295 3184 2350 tribum.
3212 2293 3440 2349 Etiamsi

1879 2391 2021 2445 enim
2052 2388 2316 2460 propheta
2342 2386 2622 2443 Nathanus
2660 2387 2783 2456 fuit,
2811 2398 2863 2445 et
2889 2389 3106 2459 quidem
3137 2387 3299 2442 etiam
3337 2385 3440 2441 Sa-

1881 2482 2084 2545 lomon,
2139 2490 2190 2535 et
2242 2481 2437 2534 horum
2498 2482 2782 2551 utriusque
2836 2497 3033 2551 parcns
3075 2480 3318 2552 (David);
3373 2496 3441 2535 ex

1882 2573 2066 2630 multis
2112 2589 2243 2627 sane
2289 2573 2537 2628 tribubus
2578 2574 2834 2628 exstitere
2876 2572 3184 2643 propheta;
3233 2573 3324 2626 sed
3359 2583 3443 2626 ta-

1883 2681 2004 2720 men
2050 2665 2357 2720 sacerdotes
2407 2665 2542 2719 nulli
2586 2663 2807 2720 l‘uernnt
2854 2679 2920 2718 ex
2963 2664 3109 2717 nulla
3155 2662 3442 2718 duodecim

1882 2757 2145 2823 tribuum;
2175 2758 2266 2812 sed
2299 2758 2400 2812 soli
2439 2756 2657 2811 Levitaa.
2694 2755 2920 2812 Frustra
2949 2757 3113 2826 igitur
3140 2758 3443 2826 composita

1883 2849 1952 2903 ab
1981 2848 2087 2903 illis
2127 2847 2231 2902 l'uit
2270 2847 2386 2902 lucc
2421 2846 2670 2912 falsitas;
2702 2861 2874 2916 neque
2904 2848 3214 2916 praevalebit
3252 2847 3445 2917 hujusc-

1885 2937 2030 2993 modi
2079 2953 2264 2994 sermo
2303 2939 2358 2992 in
2387 2938 2589 2994 Christi
2631 2936 2873 2994 Ecclesia
2903 2951 3093 2994 contra
3135 2950 3446 2995 accuratam

1885 3031 2164 3086 veritatem
2187 3071 2208 3096 ,
2233 3045 2427 3100 nempe
2471 3039 2531 3084 ut
2560 3030 2903 3085 mendacium
2939 3031 3346 3086 consarcinetur
3379 3031 3447 3085 ad

1811 3139 1852 3197 ρ
1884 3119 2085 3175 Christi
2124 3119 2336 3174 laudem
2367 3127 2529 3189 atque
2562 3111 2915 3188 praeconium.
2945 3118 3078 3186 Quis
3107 3135 3235 3174 vero
3275 3128 3330 3174 et
3357 3119 3447 3173 illa

1889 3211 2064 3266 nescit
2103 3211 2469 3267 sacratissima
2510 3209 2754 3281 Apostoli
2800 3212 2962 3266 verba
2994 3213 3447 3268 resurrectionem

1887 3304 2194 3360 Servatoris
2226 3305 2396 3359 nostri
2425 3303 2770 3374 praadicantis
2799 3313 2961 3375 atque
2997 3305 3316 3370 nuntiantis,
3341 3306 3449 3362 rci-

1884 3412 1990 3467 que
2019 3397 2300 3452 veritatem
2337 3412 2536 3468 magno
2565 3413 2689 3452 cum
2738 3412 2937 3466 pavore
2975 3397 3291 3452 allirmantis
3318 3399 3450 3454 dum

1885 3487 1996 3540 alitiI
2017 3505 2029 3540 :
2054 3505 2073 3537 ι
2105 3485 2166 3539 Si
2187 3485 2462 3541 Christum
2489 3488 3081 3558 resurrexissequidam
3113 3497 3332 3558 negant,
3349 3503 3449 3543 nos

1884 3589 2066 3635 autem
2127 3579 2424 3633 asserimus
2477 3589 2638 3650 atque
2689 3580 2994 3646 credimus,
3049 3594 3330 3650 speramus
3385 3596 3451 3637 ac

1884 3671 2264 3741 praedicamus,
2305 3668 2426 3726 falsi
2454 3678 2617 3726 testes
2652 3670 2743 3727 Dei
2784 3688 2973 3728 sumus
2993 3713 3008 3738 ,
3040 3675 3184 3743 quod
3212 3673 3448 3729 suscita-

1885 3763 2024 3817 verit
2052 3761 2352 3828 Christum,
2386 3777 2547 3832 quem
2571 3778 2680 3816 non
2709 3764 3011 3819 suscitavit.
3039 3784 3058 3816 ›
3081 3764 3234 3830 Quod
3251 3765 3294 3819 si
3315 3766 3450 3821 adeo

1887 3855 1976 3910 hic
2005 3854 2096 3924 qui
2128 3853 2297 3909 Deum
2330 3853 2544 3908 Patrem
2572 3855 2821 3922 honorat,
2843 3871 2911 3910 ne
2938 3857 3171 3910 mendax
3201 3855 3450 3912 videatur

1886 3946 2063 4012 timet,
2101 3945 2225 4015 quia
2257 3959 2371 3999 rem
2403 3945 2597 4000 miram
2631 3954 2849 4011 narrat;
2877 3961 2977 3999 cur
3018 3960 3128 3999 non
3163 3946 3356 4001 metito
3383 3947 3450 4000 ti-

1887 4047 2036 4093 meat
2063 4039 2310 4108 quisquis
2359 4036 2497 4092 falso
2533 4051 2781 4092 sermone
2807 4036 3089 4091 veritatem
3121 4038 3233 4091 vult
3275 4038 3446 4090 sta-hi-

1886 4129 2020 4194 lire,
2053 4144 2161 4184 non
2199 4145 2382 4184 veram
2427 4129 2751 4184 sententiam
2799 4128 3174 4184 concinnans?
3214 4127 3348 4184 Nam
3402 4132 3448 4185 si

1888 4221 2260 4293 generationes
2290 4223 2625 4288 abluderent,
2667 4223 2908 4292 nihilque
2948 4223 3190 4292 germani
3230 4224 3450 4278 seminis

1889 4315 1957 4370 ad
1993 4313 2291 4386 Josephum
2333 4313 2691 4379 conferretur,
2738 4317 2832 4370 sed
2865 4329 2929 4368 ea
2965 4329 3048 4370 res
3085 4317 3150 4369 ad
3193 4314 3448 4370 fulcimen

1890 4406 2265 4460 tantummodo
2293 4406 2552 4461 nascituri
2579 4406 2720 4461 dicta
2757 4415 2931 4473 esset,
2960 4422 3150 4477 nempe
3187 4407 3328 4476 quod
3354 4421 3452 4462 rex

1813 4485 1863 4544 Ι)
1891 4503 2055 4566 atque
2081 4496 2334 4552 sacerdos
2361 4496 2500 4551 foret
2524 4497 2568 4551 is
2593 4498 2685 4567 qui
2713 4507 2974 4553 venturus
2999 4510 3138 4565 erat,
3169 4497 3452 4554 deﬁciente

1889 4589 2244 4658 probatione,
2298 4597 2521 4658 totoque
2570 4591 2838 4645 orationis
2883 4602 3082 4646 ornatu
3141 4591 3195 4644 in
3241 4590 3452 4645 futilem

1891 4680 2154 4750 hymnum
2183 4680 2485 4746 desinente,
2519 4681 2721 4736 nullam
2763 4682 2888 4737 hinc
2928 4683 3136 4738 laudem
3161 4681 3270 4737 Deo
3299 4698 3452 4738 acce-

1897 4772 2026 4826 dere
2069 4773 2406 4842 exploratum
2452 4772 2540 4840 ﬁt,
2570 4775 2695 4844 quia
2741 4783 2915 4829 totum
2961 4775 3300 4830 mendacium
3327 4784 3446 4839 est;

1893 4862 1986 4915 sed
2019 4861 2419 4918 damnationem
2445 4865 2623 4934 potius
2649 4864 2848 4919 dicenti
2874 4864 3118 4930 conﬂari,
3141 4864 3266 4934 quia
3305 4863 3448 4932 quod

1895 4954 2030 5008 nihil
2068 4967 2174 5022 εει,
2215 4956 2420 5027 aliquid
2458 4972 2578 5012 esse
2603 4957 2847 5027 jactavit.
2876 4955 3056 5025 Quare
3090 4965 3148 5010 ut
3181 4964 3234 5010 et
3266 4955 3338 5007 ita
3369 4955 3450 5008 lo-

1899 5047 2176 5115 quentium
2205 5063 2496 5120 coarguam
2539 5049 2828 5114 inscitiam,
2865 5058 2919 5103 et
2958 5051 3011 5102 in
3045 5056 3316 5119 posterum
3354 5061 3450 5101 ca-

1897 5154 2050 5192 veam
2081 5142 2303 5210 nequis
2349 5141 2403 5195 in
2445 5141 2758 5211 huiusmodi
2816 5139 3140 5210 imperitiam
3192 5139 3450 5205 incurrat,

1894 5246 2081 5285 veram
2104 5243 2375 5302 gestarum
2404 5247 2583 5287 rerum
2610 5232 2890 5287 historiam
2916 5227 3238 5300 proleram.]

1965 5322 2026 5377 ll.
2053 5323 2318 5393 Quoniam
2341 5326 2481 5396 apud
2509 5325 2779 5380 lsraelitas
2801 5322 3206 5395 generationum
3232 5323 3454 5380 nomina

1896 5609 1927 5648 a
1959 5593 2160 5648 nostris
2189 5594 2467 5649 codicibus
2497 5592 2658 5658 Maz.,
2690 5592 2856 5655 Med,
2880 5591 3016 5645 Fuit.
3049 5601 3102 5645 et
3129 5590 3326 5659 Savil.,
3351 5607 3452 5646 nee

1894 5664 2135 5734 habetur:
2162 5665 2216 5718 in
2249 5665 2688 5734 interpretatione
2717 5661 2918 5718 Ruﬁni.
2950 5661 3137 5716 Exstat
3168 5674 3346 5734 tamen
3390 5663 3450 5717 in

1894 5735 2077 5790 codice
2105 5732 2296 5806 Regio,
2329 5731 2554 5820 et‘apnd
2580 5731 2941 5808 Nicephorum
2985 5733 3037 5788 in
3066 5746 3185 5804 cap.
3213 5747 3254 5787 ιι
3283 5732 3377 5788 lib.
3407 5747 3449 5791 t.
