3990 6214
428 350 497 408 59
1793 345 1966 404 JULII
2005 341 2332 403 AFRICANI
3587 345 3658 398 oo

425 467 644 538 Ioseph,
669 465 760 536 qui
788 465 890 534 fuit
915 463 1060 530 Heli,
1087 464 1175 534 qui
1207 464 1309 534 fuit
1343 462 1531 517 Metelli
1551 463 1593 518 '.
1635 461 1820 533 Neque
1851 465 1995 520 enim

2114 464 2352 529 ἐξειπεῖν.
2385 466 2492 518 Καὶ
2522 463 2584 517 τὸ
2603 463 2932 535 ἐγέννησεν
2969 461 3060 516 ἐπὶ
3100 439 3197 530 τῆς
3239 459 3446 515 τοιᾶσδε
3476 463 3663 514 παιδο-

431 569 640 629 poterat
669 558 926 612 disertius
957 555 1187 626 exprimi
1228 555 1414 610 ﬁctilia
1445 556 1537 609 illa
1582 556 1871 627 generandi
1911 573 1998 611 ra-

429 653 529 716 tio,
563 666 684 720 qua:
709 666 775 704 ex
815 647 930 718 lege
957 646 1198 717 profecta
1224 655 1325 700 est.
1358 645 1479 701 Ideo
1507 647 1560 700 in
1595 648 1903 718 huiusmodi
1932 647 1996 702 li-

427 743 679 797 berorum
704 740 1066 811 generatione,
1090 737 1317 791 verbum
1345 737 1494 804 illud,
1523 740 1715 808 genuit,
1741 739 1806 793 ad
1835 741 1995 794 finem

2102 557 2283 618 ποιῒας
2310 553 2435 625 ἄχρι
2466 555 2654 618 τέλους
2685 553 2976 624 ἐσιώπησε,
3005 551 3101 620 τὴν
3132 553 3404 622 ἀναφορὰν
3436 552 3665 620 ποιησά-

2105 665 2264 718 μενος
2304 647 2408 710 ἐως
2453 647 2544 700 τοῦ
2601 645 2771 717 Ἀδὰμ
2798 645 3014 698 καὶτοῦ
3057 643 3190 697 Θεοῦ
3231 643 3341 715 (14)
3373 645 3492 698 κατ’
3525 643 3662 698 ἀνά-

2100 739 2162 792 λυ
2171 757 2272 792 σιν.

425 850 599 906 usque
626 834 862 897 reticuit,
895 848 1018 888 cum
1049 833 1116 886 ad
1148 833 1323 902 ipsum
1370 848 1540 902 usque
1577 833 1866 902 Adamum,
1920 835 2016 904 qui
2045 827 2148 889 fuit
2170 834 2287 899 Dei,
2335 833 2599 904 gradatim
2647 831 3010 897 ascendendo,
3041 830 3202 886 totius
3227 831 3437 901 generis
3466 831 3660 884 seriem

426 928 785 998 perduxisset.

497 1019 588 1074 IV.
629 1018 812 1088 Neque
841 1032 968 1072 vero
1000 1016 1053 1072 id
1088 1026 1238 1072 certa
1282 1017 1494 1071 ratione
1536 1016 1876 1082 destitutum,
1905 1025 2000 1071 aut

427 1117 631 1162 temere
662 1105 951 1160 contictum
1003 1112 1106 1159 est.
1138 1105 1365 1174 Cognati
1397 1106 1541 1159 enim
1570 1104 1873 1160 Servatoris
1901 1121 2003 1161 no-

427 1195 548 1258 stri,
578 1193 690 1248 sive
734 1192 800 1246 ad
853 1191 1240 1246 ostendendam
1274 1191 1488 1261 generis
1526 1191 1609 1246 sui
1638 1191 1996 1258 nobilitatem,

428 1287 545 1340 sive
571 1294 629 1338 ut
665 1283 985 1354 simpliciter
1020 1299 1132 1337 rem
1160 1283 1436 1347 docerent,
1463 1283 1640 1337 veraci
1677 1284 1860 1352 utique
1883 1299 1999 1338 ser-

429 1394 591 1433 mone
624 1380 734 1432 hzec
766 1377 921 1430 nobis
953 1375 1287 1430 tradiderunt
1321 1394 1333 1428 :
1368 1374 1607 1431 latrones
1636 1376 1838 1431 scilicet
1873 1374 1997 1430 ldu-

429 1486 616 1536 mtnos,
649 1485 772 1522 cum
803 1468 1059 1521 Ascaloni
1099 1466 1399 1521 Palaestinae
1425 1467 1631 1522 civitati
1658 1468 2002 1537 supervenis-

430 1570 572 1624 sent,
612 1577 678 1614 ex
711 1561 937 1614 delubro
975 1559 1209 1628 quodam
1245 1559 1509 1628 Apollinis
1553 1560 1696 1628 quod
1741 1559 1807 1612 ad
1854 1560 2001 1627 ipsos

431 1650 581 1706 urbis
609 1666 795 1704 muros
841 1650 1078 1719 positum
1105 1657 1242 1716 erat,
1272 1649 1616 1718 Antipatrum
1647 1648 1877 1703 Herodis
1906 1663 2004 1700 cu-

427 1743 641 1812 jusdam
694 1743 959 1796 hieroduli
1009 1742 1177 1795 lilium
1224 1742 1387 1795 simul
1429 1757 1554 1796 cum
1612 1742 1820 1812 reliqua
1846 1755 2000 1796 saera

431 1835 610 1904 praeda
638 1835 908 1904 captivum
937 1834 1178 1888 duxisse.
1195 1833 1334 1886 Cum
1359 1849 1485 1888 vero
1510 1848 1609 1903 pro
1632 1833 2000 1902 redemptione

437 1931 535 1984 filii
571 1930 819 1984 minister
876 1927 1057 1995 templi
1113 1925 1343 1995 pretium
1400 1925 1606 1980 solvere
1638 1940 1746 1981 non
1777 1925 1999 1990 valeret,

436 2024 722 2092 Antipater
775 2021 1130 2076 ldumaeorum
1155 2033 1306 2072 more
1339 2019 1694 2088 institutoque
1720 2017 2002 2080 educatus,

433 2116 777 2185 postmodum
836 2113 1069 2182 Hyrcani
1129 2111 1329 2166 summi
1382 2110 1687 2164 Iudaeorum
1738 2109 2008 2178 pontificis

433 2209 643 2262 amicus
669 2206 894 2261 eﬂeetus
920 2214 1022 2260 est.
1045 2203 1166 2258 Mox
1200 2203 1410 2273 legatus
1440 2203 1506 2256 ad
1536 2201 1852 2271 Pompeium
1881 2201 2009 2256 mis-

445 2316 541 2354 sus
565 2299 634 2352 ab
668 2296 938 2368 Hyrcano,
975 2311 1099 2350 cum
1136 2295 1182 2349 ei
1228 2309 1451 2363 regnum
1484 2293 1628 2362 quod
1660 2292 2009 2347 Aristobulus

435 2390 669 2444 maxima
703 2405 767 2443 ex
801 2397 955 2458 parte
984 2394 1363 2455 occupaverat,
1389 2385 1619 2438 liberum
1653 2384 2002 2448 restituisset,

434 2481 501 2536 ad
536 2495 804 2536 summam
837 2479 1148 2534 felicitatem
1176 2476 1440 2548 pervenit,
1465 2483 1681 2530 curator
1706 2474 2005 2529 Palzestime

443 2581 743 2643 promotus.
779 2571 1017 2624 Tandem
1056 2570 1124 2624 ab
1155 2571 1221 2623 iis
1244 2569 1334 2638 qui
1364 2567 1610 2623 felicitati
1646 2567 1764 2636 ejus
1795 2566 2003 2621 invide-

446 2663 573 2717 hant
605 2677 701 2732 per
730 2662 956 2716 insidias
993 2659 1329 2724 interfectus,
1363 2656 1628 2712 Herodem
1675 2657 1842 2710 tilium
1876 2672 2002 2711 suc-

437 2763 708 2802 cessorem
752 2747 987 2817 reliquit,
1020 2747 1106 2802 cui
1145 2756 1331 2816 postea
1364 2745 1632 2800 Antonius
1656 2751 2006 2817 etAugustus

435 2852 502 2891 ex
562 2837 1034 2892 senatusconsulto
1089 2853 1315 2907 regnum
1361 2835 1559 2890 Judteze
1604 2835 1999 2905 adjudicaruut.

440 2927 612 2998 Hujus
643 2927 868 2982 Herodis
901 2928 1044 2982 filius
1074 2927 1176 2982 fuit
1195 2927 1456 2994 Herodes,
1477 2928 1676 2998 aliique
1697 2927 1999 2983 tetrarchae.

2172 991 2398 1050 Δ¹.Ούδὲ
2448 993 2554 1064 μὴν
2583 993 2980 1046 ’ἀναπόδεικτον
3021 994 3054 1065 ἢ
3093 991 3500 1063 ἐσχεδιασμένον
3544 990 3662 1043 ἐστὶ

2098 1085 2286 1139 τοῦτο·
2327 1083 2421 1136 τοῦ
2451 1084 2577 1152 γοῦν
2611 1085 2860 1156 Σωτῆρος
2897 1087 2944 1138 οἱ
2981 1083 3120 1137 κατὰ
3150 1083 3328 1154 σάρκα
3359 1084 3658 1150 συγγενεῖς,

2099 1178 2196 1230 εἶτ’
2250 1173 2342 1230 οὖν
2398 1177 2790 1246 φανητιῶντες,
2845 1175 2940 1228 εἴθ’
2996 1175 3179 1239 ἁπλῶς
3228 1175 3659 1237 ἐκδιδάσκοντες,

2100 1269 2315 1332 πάντως
2353 1269 2409 1321 δὲ
2452 1268 2820 1340 ἀληθεύοντες,
2853 1268 3153 1341 παρέδοσαν
3204 1266 3310 1320 καὶο
3335 1266 3540 1318 ταῦτα’
3586 1265 3665 1328 ὼς

2111 1361 2392 1431 Ἰδουμαῖοι
2418 1360 2610 1432 λῃσταὶ¹
2653 1361 2950 1415 Ἀσκάλωνι
2995 1359 3142 1412 πόλει
3163 1359 3264 1428 τῆς
3303 1357 3666 1428 Παλαιστίνης

2097 1451 2431 1517 ἐπελθόντες,
2473 1451 2532 1518 ἐξ
2575 1452 2839 1505 είδωλείου
2899 1451 3248 1514 Ἀπόλλωνος,
3292 1450 3321 1503 ὃ
3365 1449 3502 1522 πρὸς
3551 1451 3668 1511 τοῖς

2094 1543 2325 1612 τείχεσιν
2361 1543 2559 1614 ἵδρυτο,
2609 1543 2957 1615 Ἀντίπατρον
3007 1542 3241 1614 Ἡρώδου
3270 1542 3413 1604 τινὸς
3447 1540 3556 1610 (15)
3591 1543 3670 1592 le-

2099 1635 2343 1706 ροδούλου
2375 1635 2559 1698 παῖδα,
2592 1636 2726 1706 πρὸς
2752 1638 2865 1698 τοῖς
2893 1635 3071 1698 ἄλλοις
3107 1635 3285 1697 σύλοις
3322 1634 3668 1704 αἰχμάλωτον

2097 1729 2310 1798 ἀπῆγον
2333 1745 2346 1758 ·
2395 1727 2472 1799 τῷ
2499 1727 2554 1781 δὲ
2584 1727 2762 1799 λύτρῳ
2794 1727 2933 1798 ὑπὲρ
2962 1725 3055 1779 τοῦ
3086 1725 3201 1779 υἱοῦ
3230 1723 3558 1779 καταθέσθαι
3587 1721 3668 1795 μὴ

2099 1819 2357 1874 δύνασθαι
2406 1821 2496 1872 τὸν
2555 1820 2700 1888 ἱερέα
2751 1818 2931 1889 (16),ὁ
2995 1819 3345 1888 Ἀντίπατρος
3392 1819 3504 1878 τοῖς
3557 1815 3668 1868 τῶν

2119 1911 2427 1982 Ἰδουμαίων
2475 1911 2650 1964 ἔθεσιν
2698 1910 3002 1982 ἐντραφεὶς,
3038 1909 3261 1981 ὕστερον
3303 1906 3550 1979 Ὑρκανῷ
3579 1923 3671 1976 φι-

2101 2003 2308 2058 λιοῦται
2337 2004 2446 2075 (17)
2490 2003 2567 2073 τῷ
2597 2005 2696 2074 τῆς
2734 2003 2990 2066 Ἰουδαίας
3018 2003 3280 2074 ἀρχιερεῖ.
3320 1999 3670 2072 Πρεσὸεύσας

2101 2097 2160 2150 δὲ
2191 2098 2328 2169 πρὸς
2357 2097 2640 2167 Πομπήϊον
2669 2097 2808 2166 ὑπὲρ
2839 2095 2930 2148 τοῦ
2963 2093 3248 2166 Ὑρκανοῦ,
3273 2094 3368 2147 καὶ
3391 2093 3489 2162 τὴν
3515 2091 3674 2161 βασι-

2101 2191 2250 2244 λείαν
2311 2187 2678 2260 ἐλευθερώσας
2737 2186 2884 2258 αύτῷ
2939 2186 3043 2240 ὑπὸ
3113 2183 3515 2256 Ἀριστοϐούλου
3571 2179 3671 2234 τοῦ

2101 2281 2328 2351 ἀδελφοῦ
2361 2279 2846 2351 περικοπτομένην,
2880 2278 3041 2341 αὐτὸς
3069 2277 3375 2349 ηύτύχησεν
3407 2273 3672 2344 ἐπιμελη-

2103 2373 2200 2442 τὴς
2229 2373 2329 2442 τῆς
2364 2371 2723 2441 Παλαιστίνης
2751 2371 3084 2441 χρηματίσαι
3117 2368 3244 2438 (18).
3279 2367 3581 2437 Διαδὲχεται
3607 2365 3670 2418 δὲ

2104 2460 2198 2513 τὸν
2253 2460 2604 2531 Ἀντίπατρον
2655 2457 2831 2528 φθόνῳ
2875 2459 2976 2528 τῆς
3008 2457 3207 2528 πολλῆς
3239 2457 3490 2526 εὐτυχίας
3519 2454 3670 2509 δολο-

2107 2552 2428 2622 φονηθέντα,
2461 2554 2490 2605 ὁ
2529 2551 2642 2615 υίὸς
2682 2549 2924 2621 Ἡρώδης
2945 2567 2957 2581 ·
2989 2551 3047 2613 ὃς
3080 2550 3301 2621 ὕστερον
3343 2550 3432 2602 ὑπ’
3472 2550 3672 2603 Ἀντω-

2105 2644 2217 2697 νίου
2243 2645 2335 2697 καὶ
2363 2643 2455 2697 τοῦ
2489 2642 2781 2708 Σεϐαστοῦ,
2819 2642 3118 2712 συγκλήτου
3143 2643 3368 2712 δόγματι
3395 2641 3502 2695 τῶν
3539 2641 3674 2693 Ἰου-

2105 2735 2267 2788 δαίων
2297 2736 2487 2806 ἐκρίθη
2524 2735 2825 2806 βασιλεύειν
2848 2751 2862 2763 ο
2899 2727 2960 2787 οῦ
2995 2734 3202 2797 παῖδες.
3249 2731 3493 2806 Ἡρώδης
3529 2733 3585 2786 οῖ
3617 2733 3671 2785 τ’

2111 2821 2257 2876 ἄλλοι
2288 2823 2598 2894 τετράρχαι.
2642 2823 2824 2878 Ταῦτα
2856 2824 2954 2894 μὲν
2985 2822 3050 2894 δὴ
3094 2823 3247 2878 κοινὰ
3272 2823 3366 2876 καὶ
3394 2825 3515 2886 ταῖς
3553 2821 3667 2875 Ἐλ-

2109 2912 2282 2984 λήνων
2311 2915 2592 2986 ἱστορίαις.

440 3022 502 3078 Ει
539 3021 654 3077 διες
673 3023 889 3091 quidem
923 3024 1196 3092 gentilium
1229 3023 1389 3077 etiam
1425 3023 1666 3078 historia:
1699 3038 1822 3077 cum
1846 3022 2072 3080 Judaica
2111 3030 2420 3084 communia
2454 3042 2599 3086 sunt.

511 3110 576 3166 V.
608 3112 874 3166 Caeterum
908 3127 1030 3166 eum
1064 3113 1131 3166 ad
1166 3113 1216 3166 id
1247 3127 1419 3181 usque
1445 3113 1707 3181 temporis
1740 3113 1792 3166 in
1837 3113 1999 3166 tabu-

2174 3119 2252 3171 E'.
2276 3120 2662 3190 Ἀναγράπτων
2684 3121 2740 3174 δέ
2769 3122 2848 3185 είς
2874 3121 2994 3175 τότε
3018 3122 3074 3175 ἐν
3099 3123 3213 3185 τοῖς
3243 3119 3482 3192 ἀρχείοις
3502 3117 3673 3172 ὄντων

439 3204 592 3258 lariis
621 3203 851 3272 publicis
875 3203 1161 3273 descripr
1211 3212 1394 3258 essent
1421 3205 1660 3274 origines
1686 3212 1796 3257 tam
1842 3203 2006 3258 fami-

2114 3208 2212 3262 τῶν
2247 3209 2544 3282 Ἑϐραϊκῶν
2572 3211 2764 3280 γενῶν,
2791 3215 2884 3267 καὶ
2905 3214 3011 3266 τῶν
3033 3215 3159 3284 ἄχρι
3181 3211 3532 3284 προσηλύτων
3559 3211 3672 3282 (19)

509 3289 532 3321 ⁸
571 3288 703 3344 Lttc.
747 3306 830 3355 ιιι,
861 3291 951 3354 25,
980 3291 1070 3345 ‘24.

441 3380 778 3453 deChristo
812 3382 1028 3453 dixerit,
1067 3383 1142 3445 ὼς
1187 3379 1463 3453 ἐνομίζετο
1507 3382 1619 3445 υίὸς
1648 3382 1875 3453 βιωσὴφ
1917 3383 2011 3436 τοῦ

453 3451 573 3504 Ἥλὶ
603 3450 694 3503 τοῦ
730 3452 924 3522 Μελχί,
964 3462 1097 3518 etc.,
1136 3450 1424 3507 Africanus
1459 3468 1617 3506 vocrs
1645 3452 1763 3506 illas
1793 3450 1866 3516 ὡς
1895 3456 2012 3506 evo-

449 3521 635 3613 μίζετο
669 3521 1020 3613 referri-uult
1067 3539 1171 3613 pop
1223 3523 1510 3613 solum-And
1546 3521 1636 3613 illa
1683 3524 1846 3602 verba

474 3591 674 3660 ιωσήφ.
707 3592 799 3645 sed
830 3592 990 3645 etiam
1018 3592 1082 3644 ad
1121 3593 1206 3645 illa
1236 3608 1354 3660 quze
1387 3602 1711 3661 sequuntur,
1743 3592 1836 3645 τοῦ
1873 3593 2010 3647 Ἠλί.

444 3659 607 3726 Quod
632 3659 734 3714 etsi
784 3659 1271 3725 acutumvidctur,
1307 3671 1391 3715 est
1433 3659 1610 3714 tamen
1650 3663 1888 3730 ineptum
1931 3673 2014 3714 at-

444 3746 558 3816 que.
578 3731 881 3816 insulsum._
901 3731 1032 3816 Nam
1057 3733 1101 3786 si
1129 3732 1305 3816 lineas
1331 3733 1657 3812 evangelista
1685 3733 1766 3786 his
1786 3733 2011 3816 vocibus

445 3799 520 3862 ώς
543 3799 838 3872 ἐνομίζετο,
871 3803 1094 3871 legalem
1129 3803 1272 3855 illam
1311 3804 1713 3872 generationem
1749 3817 1842 3856 seu
1877 3803 2012 3856 ado-

449 3871 687 3939 ptionem
741 3871 1011 3941 intelligit,
1062 3882 1122 3926 ιιι
1172 3873 1286 3925 vult
1322 3871 1650 3935 Africanus,
1693 3883 2016 3940 sequeretur

450 3941 723 3994 Christum
773 3942 942 3995 lilium
976 3943 1145 3996 fuisse
1189 3941 1408 4011 Josephi
1438 3958 1530 4011 per
1563 3942 1903 4010 adoptionem
1939 3943 2016 3996 le-

449 4011 644 4080 galem,
676 4011 862 4064 eodem
895 4013 1053 4080 plane
1102 4014 1260 4065 modo
1291 4027 1400 4080 quo
1428 4011 1697 4080 Iosephus
1743 4012 1885 4064 ﬁlius
1918 4011 2017 4065 fuit

450 4079 586 4134 Heli.
630 4083 708 4134 lta
739 4079 1025 4134 dicendum
1057 4091 1217 4146 esset,
1258 4079 1482 4135 Mariam
1515 4079 1642 4150 post
1665 4091 1894 4134 mertem
1923 4081 2016 4135 Jo-

449 4151 604 4219 Sephi
635 4153 884 4220 nupsisse
905 4153 1023 4220 ejus
1047 4151 1220 4215 fratri,
1248 4162 1408 4219 atque
1433 4166 1497 4204 ex
1516 4149 1590 4204 eo
1618 4149 1892 4203 Christum
1925 4167 2017 4219 pe-

448 4224 673 4290 perisse.
711 4222 854 4290 quod
889 4223 1111 4289 impium
1161 4233 1242 4274 est
1285 4231 1337 4274 et
1385 4221 1703 4290 absurdum.
1743 4221 1799 4272 Id
1836 4230 2014 4273 tamen

451 4288 761 4344 necessario
787 4288 1034 4359 sequitur
1065 4307 1128 4343 ex
1157 4291 1334 4344 verbis
1364 4290 1626 4344 Africani.
1656 4288 1919 4343 Praeterea
1970 4289 2016 4342 si

452 4375 613 4432 voces
643 4362 764 4432 illae,
795 4361 869 4422 ὡς
912 4361 1205 4432 ἐνομίζετο,
1247 4359 1614 4432 extenduntur
1655 4360 1721 4413 ad
1761 4375 1822 4412 ea
1852 4359 2015 4414 verba

448 4428 544 4482 τοῦ
586 4430 727 4489 Ἥλί,
775 4431 960 4483 eadem
1006 4428 1229 4486 ratione
1272 4431 1485 4484 extendi
1547 4429 1709 4482 etiam
1763 4439 2016 4498 poterunt

451 4499 754 4571 adoinnes
815 4504 1220 4571 generationum
1283 4502 1482 4571 gradus
1546 4500 1646 4571 qui
1689 4510 2014 4567 sequuntur.

2113 3383 2364 3448 Rufinus,
2401 3393 2458 3437 ut
2491 3399 2554 3436 ex
2587 3385 2833 3438 versione
2855 3384 2975 3450 ejus
3008 3391 3250 3452 apparet.

2184 3454 2292 3524 (l5)
2335 3455 2710 3522 Ἀντίπατρον
2753 3453 3007 3521 Ἡρώδου
3046 3451 3230 3518 τινός.
3263 3451 3674 3524 limenarratio

2114 3520 2337 3594 prersus
2392 3520 2635 3578 fabulosa
2687 3532 2770 3577 est
2815 3520 2877 3577 iet
2931 3524 3339 3594 commentitiaa
3372 3520 3510 3594 Nam
3559 3521 3674 3594 An-

2115 3591 2309 3662 tipater
2361 3603 2566 3660 patrem
2618 3594 2806 3647 habuit
2847 3608 2955 3647 non
3010 3591 3273 3662 Herodem
3329 3592 3674 3646 hierodulum

2117 3661 2298 3733 templi
2352 3663 2649 3733 Apollinis,
2700 3665 2792 3716 sed
2842 3664 3180 3733 Antipatrum
3239 3661 3564 3733 ldumazum,
3614 3673 3678 3716 ut

2117 3731 2304 3788 scribit
2345 3731 2610 3801 Joscphus
2649 3735 2698 3786 in
2735 3733 2828 3786 lib.
2862 3731 2985 3798 xw,
3002 3747 3120 3800 cap.
3151 3731 3203 3784 2.
3234 3732 3403 3796 Quem
3449 3731 3678 3800 Antipa-

2119 3812 2264 3856 trum
2300 3803 2602 3856 Alexander
2641 3802 2950 3856 Judmorum
3001 3818 3092 3855 rex
3145 3805 3454 3870 praefectum
3505 3811 3678 3856 totius

2119 3873 2364 3926 Idumam:
2385 3874 2688 3926 constituit.
2715 3873 3034 3940 Primusque
3065 3871 3153 3925 hic
3179 3874 3460 3940 Antipater
3483 3881 3677 3926 auctor

2120 3942 2288 3997 fuisse
2316 3943 2527 3996 videtur
2563 3944 2724 4012 hujus
2757 3944 3026 4012 potentiae,
3057 3941 3124 3994 ad
3169 3957 3331 4012 quam
3368 3943 3566 4010 posteri
3599 3943 3678 4010 ip-

2119 4013 2233 4067 sius
2284 4026 2466 4082 postea
2501 4010 2877 4081 pervenerunt.
2908 4010 3043 4065 Nam
3075 4019 3128 4063 et
3157 4011 3529 4079 praefecturam
3559 4012 3680 4065 ldu-

2119 4098 2266 4136 marte
2295 4083 2478 4150 gessit,
2511 4082 2816 4136 Alexandro
2863 4091 2918 4134 et
2948 4083 3252 4134 Alexandra
3287 4082 3674 4151 regnantibus;

2117 4163 2169 4206 et
2195 4149 2426 4222 hospitio
2451 4162 2608 4219 atque
2629 4152 2862 4205 amicitia
2890 4167 3012 4204 cum
3040 4149 3369 4222 Ascalonitis
3390 4164 3442 4204 et
3470 4149 3679 4205 Gazaeis

2118 4233 2172 4275 et
2224 4223 2488 4274 Arabibus
2521 4222 2672 4286 inita,
2707 4222 2971 4275 maximas
3021 4221 3121 4274 sibi
3157 4236 3286 4289 opes
3319 4222 3676 4290 comparavit.

2191 4291 2300 4361 (16)
2348 4291 2462 4343 Τὸν
2489 4290 2659 4358 ἱερέα.
2697 4290 2986 4360 Improprie
3009 4293 3343 4344 sacerdotem
3372 4302 3548 4361 vocat,
3581 4292 3680 4361 qui

2120 4359 2236 4414 erat
2268 4359 2600 4414 hierodulus.
2631 4361 2811 4430 Longe
2837 4359 2980 4414 enim
3006 4362 3119 4414 haec
3151 4362 3289 4414 inter
3319 4376 3376 4415 se
3399 4359 3675 4428 differunt,

2123 4441 2180 4484 ut
2219 4447 2380 4498 supra
2410 4433 2613 4484 notavi.
2644 4431 2782 4483 Fieri
2814 4439 2992 4484 tamen
3042 4432 3236 4498 potuit,
3267 4439 3326 4484 ut
3361 4433 3499 4484 idem
3535 4441 3682 4487 esset

2127 4501 2379 4555 sacerdos
2409 4513 2461 4554 et
2497 4502 2840 4564 hierodulus;
2875 4511 3000 4569 puta
3031 4502 3076 4554 si
3126 4501 3238 4554 haec
3274 4513 3392 4555 erat
3439 4502 3680 4556 conditio

450 4567 607 4650 Nulla
663 4567 831 4622 enim’
864 4569 1002 4648 ratio
1051 4581 1154 4634 est,
1207 4567 1307 4650 cur
1343 4572 1399 4650 in
1453 4569 1688 4650 secundo
1713 4571 2029 4650 gradusub-
2059 4569 2103 4626 D
2132 4571 2437 4636 sacerdotii,
2467 4581 2525 4625 ut
2567 4587 2672 4625 non
2724 4571 2829 4625 nisi
2869 4567 3030 4625 exuta
3077 4570 3324 4624 libertate
3373 4573 3680 4627 sacerdotes

454 4639 748 4692 audiantur
779 4639 956 4707 potius
1027 4656 1188 4707 quam
1225 4643 1275 4694 in
1309 4640 1530 4709 reliquis
1566 4639 1739 4694 lineis.
1773 4639 1886 4692 Hoc
1917 4641 2017 4708 igi-

457 4718 544 4761 tur
563 4709 737 4777 primo
757 4709 1172 4776 improbaudum
1193 4720 1276 4764 cst
1300 4711 1351 4763 in
1369 4710 1727 4779 explicatione
1751 4709 2013 4762 Africani.

458 4780 711 4832 Secundo
739 4779 857 4831 luco
909 4782 1205 4833 notandum
1239 4792 1342 4843 est,
1379 4780 1523 4848 quod
1572 4780 1648 4832 ait
1696 4781 1748 4832 in
1795 4795 2018 4848 genera-

458 4849 606 4918 tione
636 4847 724 4901 illa
761 4849 958 4902 Christi
1001 4864 1163 4918 quam
1212 4847 1602 4918 refertLucas.
1631 4847 1847 4902 tertium
1900 4863 2020 4902 esse

458 4917 650 4973 Melehi
683 4937 696 4972 :
724 4919 871 4986 atqui
905 4919 957 4971 in
986 4917 1276 4988 Evangelia
1305 4917 1461 4988 Lucae
1490 4919 1680 4972 tertius
1709 4919 2020 4972 nominatur

459 4989 684 5055 Mathat,
712 5004 845 5041 avus
873 4991 1081 5044 scilicet
1101 4987 1322 5057 JOSephi
1348 5005 1362 5054 ;
1396 4987 1585 5042 Melchi
1612 5003 1740 5041 vero
1771 4991 2017 5056 quintus,

459 5061 670 5129 abavus
695 5059 899 5112 scilicet
928 5058 1171 5129 Josephi.
1208 5058 1393 5127 Itaque
1423 5067 1516 5111 aut
1547 5057 1861 5111 Africanum
1909 5074 2022 5129 meo

462 5130 632 5182 moria
663 5128 869 5197 lapsum
901 5144 1021 5183 esse
1048 5128 1335 5184 dicendurm
1362 5136 1582 5197 est:aut
1605 5130 1812 5181 ccrtein
1832 5128 2022 5182 codice

465 5196 734 5268 Evangelii
766 5213 875 5268 quo
899 5215 1030 5253 usus
1064 5209 1148 5254 est
1186 5199 1498 5264 Africanus,
1531 5196 1723 5251 Melchi
1758 5199 2018 5268 scriptum

461 5265 635 5322 fuisse
666 5284 761 5336 pro
784 5265 999 5322 'Mathat
1045 5285 1060 5323 :
1111 5284 1237 5338 quae
1276 5278 1363 5322 est
1409 5269 1716 5338 conjectura
1763 5265 1920 5320 Beda:
1969 5270 2020 5338 in

463 5348 624 5407 caput
667 5353 729 5391 ιιι
783 5338 960 5393 Lucae.
1008 5336 1165 5394 Certe
1214 5336 1522 5408 Gregorius
1558 5336 1932 5408 Nazianzenus
1968 5336 2020 5390 in

465 5406 813 5478 carmine_58
841 5411 906 5462 de
953 5409 1158 5463 Christi
1202 5406 1538 5478 gendalbgia,
1571 5406 1886 5478 Africanum
1938 5422 2024 5460 se-

466 5493 659 5547 quens,
695 5476 884 5547 Melchi
926 5495 1022 5547 pro
1057 5476 1259 5532 Mathat
1290 5476 1499 5547 posuit;
1539 5485 1592 5532 et
1611 5477 1931 5533 Ambrosius
1969 5480 2021 5530 in

467 5546 562 5602 lib.
589 5561 645 5600 ιιι
678 5546 1182 5602 Commentariorum
1223 5546 1537 5602 in’Lucam.

537 5616 650 5687 (14)
696 5616 841 5688 Ἕως
884 5619 990 5672 τοῦ
1036 5619 1206 5688 Ἀδὰμ
1245 5619 1351 5672 τοῦ
1383 5617 1548 5672 Θεοῦ.
1583 5614 1763 5671 Nostri
1813 5619 2024 5675 codices

471 5685 606 5741 hlaz.
632 5702 694 5740 ac
719 5686 854 5741 Med.
895 5704 1016 5742 cum
1054 5685 1188 5743 Fuk'.
1219 5706 1281 5744 ac
1313 5688 1477 5744 Savil.
1509 5688 1828 5757 particulam
1864 5690 2026 5744 inter-

472 5766 657 5830 serunt
681 5757 785 5813 hoc
801 5757 994 5830 Amrodo,
1019 5758 1122 5822 ἕως
1145 5759 1238 5813 τοῦ
1276 5759 1444 5830 Ἀδὰμ
1465 5759 1556 5814 καὶ
1581 5759 1676 5812 τοῦ
1701 5758 1857 5823 Θεοῦ,
1880 5761 2024 5830 quod

471 5825 687 5894 quidem
741 5828 873 5882 mihi
924 5829 1134 5884 videtur
1165 5825 1501 5899 .elegantius.
1555 5830 1731 5900 Atque
1777 5831 1849 5885 ita
1899 5825 2025 5902 legit

2118 4649 2458 4706 caperentur.

2190 4709 2299 4779 (17)
2341 4709 2592 4778 ἰξρκανῷ
2623 4709 2939 4778 φιλισῧται.
2973 4709 3087 4763 lloc
3111 4725 3326 4778 quoque
3352 4710 3405 4762 in
3437 4711 3558 4764 loco
3588 4726 3681 4765 no-

2118 4783 2215 4834 stri
2241 4781 2456 4835 codices
2491 4781 2708 4850 liegius,
2736 4781 3063 4843 Mazarinus,
3099 4781 3386 4834 Medicaeus
3419 4795 3481 4836 ac
3512 4779 3681 4836 Fuke-

2119 4851 2298 4904 tianus
2327 4861 2638 4904 constanter
2663 4852 2922 4919 scriptum
2952 4852 3149 4904 habent
3193 4850 3479 4919 φιλιοῦται.
3505 4850 3679 4915 Quam

2123 4921 2451 4988 scripturam
2504 4921 2689 4991 nescio
2737 4918 3150 4991 curﬂRobertus
3179 4918 3483 4991 Stephanus
3527 4937 3684 4991 repu‘

2120 4991 2290 5062 diavit
2327 4990 2621 5062 :erAOt-J'Tat
2652 4992 2795 5062 enim
2812 4990 3045 5062 _dicitur,
3076 5001 3135 5043 ιιι
3159 4990 3465 5062 ἐκθροῦται.

2192 5061 2303 5129 (18)
2345 5058 2728 5129 Ἐπιμελητὴς
2764 5058 2873 5127 τῆς
2911 5058 3318 5127 Παλαιστίνης
3347 5060 3678 5128 προκόψας.

2122 5132 2400 5199 Antipater
2433 5129 2661 5184 Herodis
2706 5145 2922 5198 parens,
2955 5135 3054 5185 sub
3083 5129 3332 5201 Hyrcano
3367 5131 3680 5184 Judaeorum

2123 5217 2247 5270 rege
2288 5203 2725 5269 procurationem
2760 5201 2924 5255 totius
2964 5203 3113 5269 regni
3157 5202 3343 5270 gessit,
3383 5209 3438 5255 et
3467 5201 3679 5270 negotia

2123 5267 2232 5324 tam
2282 5267 2460 5325 civilia
2512 5287 2675 5340 quam
2723 5271 2976 5340 militaria
3025 5267 3442 5325 administravit.
3496 5267 3684 5336 Itaque

2123 5340 2454 5412 ἐπιμελητὴς
2485 5339 2580 5410 τῆς
2612 5339 2870 5412 Ἰουδαίας
2899 5351 2951 5394 et
2972 5343 3259 5412 ἐπίτροπος
3283 5352 3506 5412 vocatur
3531 5355 3561 5391 a
3590 5339 3684 5392 Jo-

2123 5409 2292 5480 sepho
2321 5409 2374 5464 in
2403 5409 2546 5466 dicto
2569 5411 2662 5464 lib.
2697 5413 2868 5462 Porro
2900 5413 3066 5465 Codex
3103 5409 3240 5466 Med.
3267 5421 3319 5463 et
3350 5409 3514 5480 Savil.
3544 5426 3681 5480 χρη-

2129 5479 2355 5550 ματίσας
2387 5493 2647 5552 scriptum
2682 5481 2904 5544 habent,
2959 5497 3067 5552 non
3116 5481 3412 5552 προκόψας.
3449 5479 3506 5552 in
3541 5479 3680 5532 M‘az.

2125 5561 2302 5604 autem
2333 5560 2384 5604 et
2413 5550 2546 5621 ifilli.
2573 5552 2764 5621 legitur
2779 5551 3132 5621 χρηματίσαι.
3164 5550 3335 5617 Quam
3355 5551 3682 5621 scripturam

2125 5623 2411 5674 contirmat
2432 5619 2786 5690 Nicephbrus.
2820 5619 2912 5675 Sic
2933 5623 3076 5676 enim
3101 5625 3259 5674 habet
3281 5634 3398 5687 cap.
3432 5620 3465 5672 9
3491 5620 3613 5671 libri
3642 5633 3683 5690 ι,

2123 5690 2427 5763 ηύτύχησεν
2471 5687 2621 5755 οὗτος
2641 5691 2990 5763 ἐπιμελητὴς
3019 5693 3116 5762 τῆς
3146 5687 3681 5763 Παλαιστίνηςγενέ-

2131 5757 2593 5840 σθαιιέξΕΑθειιιιιοι·
2625 5757 2796 5817 Graeci
2830 5757 3017 5840 dicunt
3047 5757 3286 5840 εὖτυχεῖν
3315 5760 3373 5813 τὸ
3403 5757 3681 5840 γενέσθαι.

2198 5831 2307 5901 (19)
2341 5828 2466 5887 Τῶν
2497 5832 2633 5902 ἄχρι
2671 5833 3084 5901 προσηλύτων.
3116 5828 3308 5884 Mirum
3331 5841 3412 5886 est
3447 5832 3500 5884 in
3530 5828 3680 5884 codi-
