3990 6214
448 356 523 414 05
1815 344 1991 404 JULII
2030 339 2358 401 AFRICANI
3617 323 3685 378 64

452 478 535 532 ris
573 482 629 531 et
656 473 908 531 Cochaba
963 470 1164 526 iudica:
1193 469 1330 527 vicis
1362 467 1418 522 in
1448 465 1631 523 varias
1674 466 1924 535 regiones
1947 463 2031 518 di-

2152 462 2206 526 ἱις
2230 462 2404 531 ἔγωγε
2437 456 2661 530 νομίζω,
2694 455 2800 519 πᾶς
2813 470 2873 507 τε
2897 452 2957 516 ὃς
2977 445 3271 519 εὐγνώμων
3282 439 3692 535 matutini.

455 569 629 638 spcrsi
657 564 1021 636 supradictam
1058 562 1273 634 generis
1296 560 1492 617 seriem
1518 574 1585 613 ex
1615 557 2021 628 ephemeridum

456 625 597 713 li'hro
623 625 786 727 quam
819 625 1086 725 poterant.
1121 650 1436 707 fidelissime
1471 625 1856 719 exposuerunt.
1900 644 2025 700 Sive

2152 644 2206 715 τῷ
2254 642 2327 715 μὴ
2379 641 2657 713 κρείττονα
2699 638 2734 710 ἢ
2782 631 3150 707 ἀληθεστέραν
3194 626 3335 697 ἔχειν
3376 625 3566 678 εἰπεῖν.

2129 530 2426 625 ὴμῖναῦτη
2462 548 2690 621 μελέτω,
2723 549 2772 599 εἱ
2801 544 2894 599 καὶ
2929 540 3004 613 μὴ
3036 533 3383 611 ἑμμάρτυρός
3413 531 3522 603 (27)
3552 530 3693 594 ἐστι,

2129 644 2205 674 -:_'.
2255 642 2326 674 ...t..
2379 641 2653 674 «ne’mun
2699 638 2733 674 a
2782 631 3150 674 Αιὶιηῆι-ητέηαν
3194 626 3335 674 Evam
3376 625 3566 674 εἰπεῖν.
3619 619 3697 674 Τδ

456 752 622 823 igitur
640 721 733 805 ita
758 721 835 804 sci
855 762 944 802 res
970 747 1153 809 habet,
1195 744 1311 800 sive
1341 744 1519 806 aliter,
1547 741 1845 811 planiorem
1877 746 2025 795 certe

2152 736 2313 789 ιέντοι
2344 730 2695 801 Εὐαγγέλιον,
2726 729 2941 791 πάντως
2964 721 3234 795 ἀληθεύει.

458 809 980 915 interpretationem,
1017 856 1141 896 meo
1166 841 1386 911 quidem
1414 838 1643 908 judicio,
1690 837 2031 906 aliorumque
2074 834 2168 903 qui
2206 830 2347 901 aequi
2386 844 2570 884 rerum
2625 827 2984 882 aestimatores
3036 834 3158 877 esse
3186 817 3386 919 volent,
3432 826 3595 919 nemo
3613 809 3696 866 fa-

455 937 558 991 cile
580 908 860 1006 repererit.
914 934 1150 991 Proinde
1183 908 1325 989 illaec
1370 932 1528 987 uobis
1569 930 1798 986 sufficiat
1821 972 1835 997 ,
1900 928 2115 984 tametsi
2147 926 2297 980 nullo
2328 921 2638 979 testimonio
2658 920 2822 986 fulta;
2844 917 3060 989 quando
3084 927 3185 968 nec
3204 912 3479 967 meliorem
3509 908 3694 972 aliam,

456 1043 558 1082 nec
577 1028 845 1083 veriorem
877 1026 1122 1098 proferre
1151 1041 1464 1099 possumus.
1496 1023 1759 1079 Caeterum
1781 1022 1912 1093 quin
1938 1035 2064 1075 vera
2097 1020 2167 1074 sit
2198 1015 2475 1086 Evangelii
2504 1013 2765 1075 narratio,
2791 1009 3028 1065 dubitari
3047 1024 3153 1063 non
3184 1011 3380 1077 potest.

528 1121 618 1176 Vl.
653 1123 895 1177 Matthan
923 1139 953 1176 a
982 1121 1273 1177 Salomone
1298 1135 1469 1192 genus
1499 1121 1726 1182 ducens,
1766 1116 2028 1173 Jacohum

460 1215 669 1283 genuit.
708 1215 922 1270 Mortuo
952 1215 1149 1270 deinde
1178 1212 1487 1278 Matthane,
1535 1210 1729 1266 Mclchi
1766 1209 2030 1265 oriundus

459 1323 530 1362 ex
562 1304 827 1361 Nathanis
857 1305 1046 1376 stirpe,
1076 1321 1145 1360 ex
1173 1304 1362 1359 eadem
1416 1302 1644 1358 muliere
1666 1300 1852 1372 genuit
1889 1297 2028 1353 Heli.

2207 1109 2534 1180 C.".Ma':0av
2564 1108 2720 1164 ὁάπὸ
2763 1104 3072 1177 Σολομῶνος
3123 1101 3257 1173 (28),
3305 1098 3560 1168 ἐγέννησε
3603 1091 3699 1147 τὸν

2148 1203 2363 1260 Ἰακώϐ.
2398 1202 2623 1259 Ματθὰν
2668 1198 3047 1263 ἀποθανόντος,
3081 1195 3252 1266 Μελχὶ
3281 1194 3309 1246 ὁ
3340 1189 3448 1245 ἀπὸ
3486 1186 3696 1250 Νάθαν,

2137 1300 2203 1352 ἐκ
2244 1298 2343 1370 τῆς
2388 1298 2556 1368 αὐτῆς
2582 1294 2858 1365 γυναικὸς,
2895 1291 3150 1362 ἐγέννησε
3177 1288 3268 1341 τὸν
3302 1282 3417 1339 Ἦλε
3438 1299 3452 1313 ³
3487 1279 3700 1352 ὁμομή-

462 1398 730 1465 Quocirca
762 1372 1001 1454 Jacobus
1029 1405 1083 1452 et
1110 1395 1225 1451 Heli
1260 1394 1457 1450 fratres
1487 1402 1643 1448 erant
1668 1392 1886 1448 uterini.
1917 1388 2035 1445 Heli

2152 1409 2277 1464 τριοι
2334 1391 2442 1463 ἄρα
2500 1388 2721 1458 ἀδελφοὶ
2781 1386 2894 1458 (29)
2965 1383 3082 1438 Ἠλὶ
3121 1380 3229 1436 ⁸καὶ.
3299 1374 3511 1432 Ἰακώϐ.
3583 1372 3704 1465 '10.}

463 1491 659 1548 deinde
681 1492 797 1548 sine
823 1491 1018 1547 tliberis
1046 1488 1303 1545 defuncto
1325 1530 1341 1555 ,
1373 1486 1609 1543 Iacobus
1640 1486 1687 1542 ei
1724 1500 1905 1541 semen
1936 1499 2034 1540 su-

466 1584 706 1649 scitavit,
733 1582 973 1654 Josepbo
997 1582 1177 1653 genito
1202 1601 1216 1636 :
1238 1582 1330 1652 qui
1359 1588 1553 1635 natura
1583 1579 1800 1650 quidem
1822 1576 2032 1642 Jacobi,

465 1676 583 1746 lege
612 1684 792 1731 autem
819 1675 935 1730 llcli
967 1675 1112 1730 illius
1146 1673 1268 1729 fuit.
1290 1671 1383 1727 Sic
1420 1680 1652 1743 uterque
1694 1669 1917 1739 Iosephi
1942 1683 2036 1739 pa~

466 1775 547 1821 ter
580 1775 725 1821 recte
752 1766 973 1821 dicitur.

505 1946 2902 1988 ψ

2135 1462 2362 1537 ἀτέκνου
2415 1479 2805 1546 ἀποθανόντος,
2842 1479 2872 1531 ὁ
2933 1472 3126 1530 Ἰακὼὸ
3206 1470 3501 1539 ἀνέστησεν
3552 1462 3705 1535 αὐτῷ

2138 1574 2380 1646 σπέρμα,
2411 1573 2675 1643 γεννήσας
2703 1569 2793 1623 τὸν
2837 1567 3055 1640 Ἰωσὴφ,
3086 1562 3228 1619 κατὰ
3258 1560 3416 1632 φύσιν
3450 1557 3545 1630 μὲν
3573 1557 3705 1610 ἐαυ-

2133 1666 2235 1737 τῷ,
2262 1664 2400 1719 κατὰ
2429 1664 2590 1734 νόμον
2621 1662 2677 1716 δὲ
2703 1661 2782 1733 τῷ
2823 1660 2963 1714 Ἠλι.
2999 1656 3187 1719 Οὕτως
3233 1650 3556 1724 ἀμφοτέρων
3589 1648 3706 1713 υἱὸς

2133 1753 2252 1831 ἧνὸ
2290 1757 2505 1829 Ἰωσήφ-

2907 1932 3705 1969 3m

1362 2135 1858 2294 JULII
1955 2126 2842 2288 AFRICANI

1794 2423 1965 2495 oua:
2003 2421 2417 2482 supsnsuur

673 2611 855 2724 EX
931 2607 1565 2744 QUINQUE
1650 2602 2119 2719 LIBRIS
2204 2591 3505 2739 CHRONOGRAPHIAE,

1098 2832 1198 2893 Ad
1229 2848 1357 2892 rem
1385 2846 1627 2891 sacram
1657 2836 1716 2888 et
1745 2824 2224 2889 ecclesiasticam
2266 2822 2667 2902 potissimum
2701 2820 3071 2901 spectantia.
3142 2852 3145 2857 -

985 3141 1028 3197 1.
1065 3142 1219 3212 Apud
1251 3141 1529 3213 Georgium
1566 3143 1870 3214 Syncetlum
1899 3142 2189 3214 Chronogr.
2221 3158 2345 3212 pag.
2377 3139 2444 3195 i7
2472 3139 2601 3193 edit.
2635 3138 2816 3192 Paris.
2839 3178 2854 3202 ,
2892 3136 2959 3192 M
3000 3134 3177 3191 Venet.

545 3254 620 3314 De
655 3260 1028 3315 commentitia
1058 3258 1435 3332 @gyptiorum
1487 3259 1977 3332 Chaldmorumque

1066 3329 1428 3399 Chronologia
1439 3370 1453 3384 .

548 3438 786 3510 Egyptii
824 3447 970 3494 certe
998 3437 1065 3495 de
1098 3453 1217 3494 sua;
1247 3438 1422 3492 mtatis
1464 3436 1788 3507 antiquitate
1821 3438 2037 3508 jactan—

2154 3258 2290 3331 Περὶ
2319 3256 2418 3327 τῆς
2466 3254 2574 3308 τῶν
2615 3254 2922 3331 Αἰγυπτίων
2976 3254 3069 3331 καὶ
3106 3251 3386 3307 Χαλδαίων
3439 3249 3718 3323 μυθώδους

2402 3346 2406 3355 ι
2696 3323 2701 3325 ⁷
2745 3323 3107 3398 χρονολογίας.

2213 3442 2496 3511 Αἰγύπτιοι
2546 3440 2644 3512 μὲν
2688 3433 2781 3492 οὖν
2828 3437 2921 3490 ἐπὶ
2956 3439 3065 3491 τῶν
3106 3437 3560 3510 κομπωδέστερον
3600 3436 3718 3509 (30)

480 3579 587 3633 hoc
620 3579 674 3649 in
703 3578 823 3637 loco
837 3576 1050 3649 aliquid
1086 3577 1274 3649 deesse
1303 3585 1522 3649 apparet
1568 3592 1631 3631 ex
1656 3577 1918 3649 particula
1947 3597 2046 3643 τε,
2072 3589 2115 3645 Β
2143 3580 2384 3637 ﬂectunt.
2414 3580 2471 3635 lu
2517 3579 2686 3649 Regio
2726 3594 2792 3634 ac
2834 3577 2973 3633 Med.
3011 3576 3225 3649 duplex
3285 3586 3370 3633 est
3435 3588 3715 3648 accentus,

477 3665 598 3719 qua:
620 3647 955 3719 inomnibus
980 3648 1180 3701 nostris
1206 3648 1508 3719 codicibus,
1532 3656 1585 3701 et
1607 3649 1748 3717 apud
1775 3648 2042 3719 Nicepho-

476 3716 599 3773 rum
616 3717 863 3772 habetur.
879 3717 1057 3783 Quare
1074 3716 1368 3786 supplenda
1390 3716 1764 3786 videnturhaec
1776 3716 1935 3775 verba
1950 3722 2044 3775 καὶ

478 3788 589 3841 ἀπὸ
620 3789 839 3859 μνήμης
870 3790 929 3852 ὲς
953 3790 1075 3842 ὅσον
1108 3785 1428 3853 ἐξικνοῦντο.
1448 3785 1713 3859 ltacerte
1743 3790 1937 3859 legisse
1960 3792 2042 3845 vi~

483 3856 642 3913 detur
665 3856 916 3923 Rufinus,
945 3859 1036 3927 qui
1072 3859 1151 3914 sic
1197 3860 1389 3914 vertit:
1423 3856 1673 3912 Ordinem
1725 3856 2045 3929 supradictas

482 3930 833 3996 generationis
884 3931 1079 3998 partim
1142 3935 1458 3990 memoriter,
1519 3929 1715 3996 partim
1773 3931 1933 3984 etiam
1980 3947 2045 3986 ea:

486 3998 705 4121 bierunt
736 4000 920 4064 libris,
975 4004 1030 4054 in
1078 4014 1330 4069 quantum
1374 4008 1489 4053 erat
1523 3999 1803 4066 possibile,
1852 4003 2045 4071 perdo-

486 4085 537 4121 ce
575 4079 688 4121 aut.

482 4079 688 4124 cenant.

556 4139 766 4210 (27)}?!
794 4139 890 4192 καὶ
913 4138 998 4208 μὴ
1045 4138 1433 4207 ἐμμάρτιιρος.
1476 4135 1532 4210 In
1578 4139 1763 4210 codice
1798 4138 1966 4210 Regio
1992 4148 2048 4195 et

485 4207 625 4277 apud
653 4207 1017 4279 Nicephorum
1051 4209 1245 4279 legitur
1286 4210 1332 4260 εἰ
1380 4209 1858 4279 καὶᾼὰμάρτυρος,
1882 4207 2047 4279 wquod

488 4279 627 4333 idem
686 4277 799 4333 cst.
846 4277 1154 4343 Caeterum]
1222 4280 1411 4348 quanti
1472 4277 1744 4332 facienda
1783 4280 1854 4333 sit
1924 4277 2049 4334 hinc

485 4351 785 4419 evangelici
820 4349 924 4403 lect
953 4350 1263 4419 explicatio,
1289 4358 1436 4418 patet
1458 4363 1523 4419 ex
1547 4348 1630 4402 his
1658 4348 1898 4403 Africani
1929 4366 2049 4404 ver-

488 4419 605 4473 bis:
637 4421 836 4488 quippe
881 4420 972 4488 qui
1001 4418 1197 4475 fatetur
1240 4435 1359 4474 c.un
1416 4418 1566 4472 nullo
1599 4419 1909 4475 testimonio
1939 4419 2050 4473 ful-

487 4488 586 4540 ciri
627 4500 869 4559 veterum
916 4492 1267 4559 scriptorum.
1298 4488 1519 4543 Admitti
1550 4498 1728 4542 tamen
1764 4505 1885 4544 eam
1936 4491 2050 4545 vult

489 4574 518 4611 τι
550 4558 741 4623 nobis,
772 4575 837 4612 eo
883 4558 1043 4628 quod
1076 4562 1223 4614 nulla
1259 4561 1449 4613 melior
1487 4559 1663 4612 afferri
1696 4561 1884 4627 possit.
1918 4559 2050 4627 Qua:

494 4644 616 4681 cum
645 4630 714 4681 ita
742 4630 872 4693 sint,
901 4630 1092 4683 nollem
1118 4629 1409 4685 Eusebium
1436 4631 1486 4683 in
1510 4629 1777 4682 vestibulo
1797 4629 2051 4686 Historia:

492 4713 605 4769 suze
646 4700 974 4753 mentionem
1011 4700 1175 4769 hujus
1208 4701 1282 4753 rei
1313 4701 1522 4769 fecisse.
1573 4699 1755 4754 Satius
1806 4702 2049 4769 profecto

490 4767 680 4841 fuisset
706 4785 775 4841 ac
804 4767 1104 4841 consultius
1141 4774 1279 4822 hanc
1323 4768 1734 4841 Evangeliorum
1764 4767 2054 4826 dissonan-

492 4839 623 4893 tiam
671 4840 886 4894 silentio
933 4840 1226 4902 involvere,
1258 4854 1325 4893 ne
1354 4839 1646 4894 lectoribus
1672 4856 1701 4894 a
1732 4842 1836 4899 fide
1865 4853 2051 4897 nostra

493 4909 704 4981 alienis,
723 4910 1027 4981 cujusmodi
1052 4919 1181 4963 tunc
1199 4910 1454 4981 temporis
1469 4913 2051 4981 erantquamplurimi,

2150 3661 2265 3706 tum
2323 3652 2375 3705 in
2428 3647 2765 3720 penultima,
2810 3658 2952 3721 itum
3009 3647 3544 3721 in_antepenultima
3586 3647 3716 3721 syl-P

2148 3723 2289 3778 laba.
2326 3717 2490 3790 quue
2516 3722 2569 3775 in
2603 3721 2724 3775 aliis
2751 3720 2912 3790 etiam
2951 3717 3263 3790 nominibus
3302 3720 3597 3787 supradicti
3621 3717 3717 3775 co-

2148 3793 2299 3848 dices
2328 3788 2632 3871 robservant
2654 3831 2670 3856 ,
2727 3788 2940 3871 quoties
2974 3788 3288 3871 ambiguum
3319 3796 3406 3871 est
3426 3827 3441 3851 ,
3473 3805 3711 3871 quonam

2150 3870 2375 3918 accentu
2430 3862 2664 3916 notanda
2712 3858 2823 3914 sint
2855 3858 3117 3913 vocabula
3146 3899 3162 3922 ,
3217 3867 3276 3911 ut
3327 3858 3615 3915 denotetur
3655 3861 3713 3916 in

2150 3932 2273 3987 aliis
2299 3931 2517 3999 quidem
2539 3930 2937 3999 exemplaribus
2965 3929 3109 3981 hunc
3146 3936 3429 3999 accentum
3450 3970 3465 3994 ,
3499 3931 3553 3984 in
3588 3930 3715 3986 aliis

2150 4017 2281 4056 vero
2310 3997 2462 4056 illum
2508 3997 2754 4070 reperiri.
2779 3999 3084 4070 Quinetiam
3112 3997 3281 4070 nostri
3304 3998 3521 4070 cmlices
3550 4001 3715 4068 paulo

2151 4081 2277 4127 ante
2305 4066 2819 4139 scriptum-habent,
2851 4068 2959 4122 ἀπὸ
2987 4066 3079 4139 τοῦ
3109 4067 3273 4139 Δαᾷὶδ
3318 4068 3406 4121 διὰ
3438 4066 3715 4139 Σολομῶν-

2152 4158 2243 4204 τος
2274 4142 2370 4205 τὰς
2400 4137 2592 4209 γενεὰς
2613 4137 3157 4211 καταριθμουμένοις.
3195 4137 3298 4211 Sic
3326 4139 3469 4211 enim
3520 4137 3717 4198 omnes

2153 4212 2325 4335 ἶιοῗινῑὶ
2351 4208 2584 4275 codices,
2620 4208 2865 4279 excepto
2900 4208 3089 4277 Hegio,
3134 4208 3228 4279 qui
3262 4209 3572 4281 Σολόμωνος
3602 4211 3716 4267 illic

2174 4297 2222 4334 ιιι
2248 4297 2292 4333 te
2322 4319 2336 4332 .

2174 4290 2336 4334 taliet.

2226 4350 2339 4421 (29)
2374 4347 2741 4421 Ὀμομήτριοι
2767 4348 2887 4421 (ipa
2914 4347 3184 4418 ἀδελφοί.
3225 4347 3284 4403 1η
3322 4348 3426 4403 hac
3456 4352 3714 4406 concilia-

2158 4419 2304 4473 tione
2323 4436 2485 4487 quam
2515 4420 2681 4475 refert
2710 4419 3019 4484 Africanus,
3044 4423 3312 4489 duosunt
3351 4436 3472 4489 qua:
3516 4422 3715 4476 nonni-

2156 4490 2232 4543 hil
2262 4486 2595 4545 diflicultatis
2626 4491 2824 4545 habere
2860 4491 3130 4543 \izlentur.
3165 4486 3408 4544 Primum
3436 4491 3580 4543 enim
3609 4494 3714 4546 du-

2158 4560 2394 4625 bito,an
2421 4561 2634 4614 licuerit
2685 4560 2901 4615 uterino
2946 4558 3102 4613 fratri
3142 4561 3359 4614 viduam
3399 4559 3581 4615 fratris
3626 4560 3713 4616 sui

2158 4646 2382 4685 uxorem
2416 4631 2634 4695 ducere,
2667 4640 2715 4684 et
2752 4645 2817 4684 cx
2854 4645 2916 4683 ea
2946 4630 3145 4684 liberos
3170 4645 3456 4698 procreare
3508 4632 3560 4684 in
3612 4647 3715 4686 no-

2157 4715 2278 4769 men
2310 4717 2376 4769 ac
2423 4701 2679 4755 familiam
2712 4699 2895 4753 fratris
2929 4702 3012 4755 sui
3049 4701 3391 4755 transituros.
3421 4698 3529 4754 Lex
3565 4703 3710 4756 enim

2158 4768 2556 4840 Denterouomii
2578 4788 2698 4840 cap.
2728 4786 2833 4824 xxv
2860 4770 3098 4836 loquitur
3142 4771 3210 4825 de
3253 4770 3450 4831 fratre,
3493 4773 3585 4840 qui
3619 4773 3714 4824 ha-

2160 4839 2295 4893 bitat
2321 4843 2372 4894 in
2403 4841 2589 4895 eadem
2614 4839 2777 4896 dumo
2801 4880 2816 4903 ,
2862 4847 2916 4893 et
2957 4840 3049 4908 qui
3090 4850 3172 4895 est
3215 4839 3525 4907 συγγενής(
3554 4840 3711 4906 Quod

2159 4910 2374 4981 quidem
2409 4911 2541 4965 solis
2568 4911 2838 4981 germanis
2861 4918 2955 4963 aut
2985 4912 3404 4981 consanguineis
3429 4912 3709 4981 competit.

501 4980 722 5035 occasio
748 4978 1260 5034 subministraretur
1292 4978 1359 5034 de
1390 4978 2053 5048 Evangeliorum'veritate
2080 4984 2122 5040 C
2156 4979 2289 5033 Nam
2325 4978 2771 5036 uterinus'frater
2800 4993 2908 5033 non
2937 4990 3021 5034 est
3062 4996 3127 5033 ex
3173 4978 3361 5035 eadem
3393 4978 3579 5045 domo,
3609 4996 3710 5036 ne-

493 5048 794 5121 dubitaudi.
830 5051 988 5121 Certe
1024 5048 1275 5121 Julianus
1306 5051 1580 5121 Augustus
1611 5049 1665 5103 in
1695 5049 1834 5104 libro
1862 5064 2050 5107 contra
2157 5066 2263 5121 (ιιιο
2284 5067 2349 5104 ex
2376 5051 2563 5104 eodem
2589 5066 2782 5121 genere
2810 5067 2825 5113 ;
2854 5064 2974 5121 cum
3012 5065 3200 5119 genus,
3244 5052 3537 5120 praesertim
3568 5051 3712 5120 apud

492 5120 827 5175 Christianos
869 5120 1007 5175 hanc
1048 5118 1495 5189 evangelistarum
1527 5118 1914 5189 dissmsioucm
1952 5137 2048 5175 no-

494 5189 576 5271 bis
608 5192 811 5271 objicit,
854 5199 1006 5271 teste
1052 5188 1379 5271 Hieronymo
1426 5190 1478 5242 in
1538 5188 1941 5271 Commentariis
1995 5193 2047 5271 in

496 5256 824 5330 Mattlneum.
852 5259 1031 5316 Locus
1074 5256 1276 5315 Iuliani
1326 5267 1505 5314 exstat
1534 5259 1674 5328 apud
1702 5260 1961 5330 Cyrillum
1994 5262 2047 5314 iu

492 5327 633 5384 libro
655 5341 845 5385 octavo
872 5343 1057 5385 contra
1109 5329 1404 5385 lulianum.
1439 5330 1641 5382 Auctor
1689 5327 2049 5393 anstionum

510 5396 701 5453 Veteris
725 5411 775 5455 et
804 5399 940 5454 Novi
972 5401 1308 5464 Testamen'i,
1342 5416 1462 5467 cap.
1494 5400 1561 5454 56
1585 5439 1599 5462 ,
1627 5401 1692 5452 de
1723 5402 1824 5455 hac
1871 5402 2047 5454 disso-

497 5470 680 5523 nantia
718 5472 963 5540 loqueus,
997 5471 1234 5525 Africani
1272 5470 1578 5540 Opinionem
1621 5469 1909 5540 improbat.
1944 5468 2049 5526 Sed

496 5540 609 5608 ipse
636 5539 802 5593 aliam
832 5541 984 5595 affert
1014 5543 1190 5595 minus
1224 5541 1575 5608 probabilem.

568 5608 679 5679 (28)
701 5612 942 5664 Ματθάν
969 5615 1001 5665 ὀ
1042 5611 1159 5666 ἀπὸ
1194 5610 1559 5679 Σολομῶνος.
1600 5608 1733 5664 Mira
1758 5619 1841 5665 est
1874 5611 2048 5665 varie-

497 5690 581 5735 tas
602 5691 859 5735 accentus
894 5681 945 5732 iu
980 5682 1081 5735 hoe
1128 5699 1363 5735 nomine.
1403 5680 1537 5735 Maz.
1587 5682 1803 5750 quidem
1832 5690 1884 5736 et
1905 5681 2041 5737 Fuk.

500 5750 666 5805 codex
696 5758 974 5805 accentum
1020 5751 1233 5820 _habent
1280 5748 1331 5804 in
1379 5748 1819 5820 antepenultima.
1884 5751 2043 5807 Nice-

501 5820 704 5890 phorus
750 5832 880 5874 vero
922 5829 972 5873 et
1020 5817 1155 5876 Fuk.
1200 5822 1367 5875 codex
1415 5817 1764 5891 penultimam
1801 5823 2037 5879 circum-

2156 5120 2393 5185 Jzidaeos,
2421 5136 2483 5174 cx
2514 5120 2734 5189 paterna
2761 5120 3196 5189 stirpcducatur.
3226 5126 3384 5174 uerte
3422 5121 3713 5177 Africanus

2154 5192 2352 5244 diserte
2397 5188 2624 5244 testatur
2670 5190 2931 5245 Jacobutn
2971 5200 3025 5245 et
3070 5188 3185 5244 Heli
3228 5189 3423 5246 fratres
3464 5192 3710 5247 uterinos

2154 5260 2487 5315 euntribules
2536 5261 2755 5328 quidem
2794 5259 2962 5313 fuisse
2987 5298 3002 5317 .
3037 5276 3104 5314 ex
3137 5261 3355 5315 diverso
3406 5270 3583 5315 tamen
3617 5276 3712 5329 ge-

2154 5346 2302 5402 nere,
2325 5332 2387 5383 ὲκ
2414 5330 2680 5402 διαφόρων
2699 5330 2791 5383 δύο
2811 5330 2998 5398 γενῶν.
3022 5332 3271 5385 Secundo
3301 5332 3420 5387 loco
3463 5330 3713 5385 dubitare

2155 5401 2277 5468 quis
2309 5417 2413 5453 non
2437 5401 2706 5456 immerito
2728 5402 2931 5471 possit,
2962 5412 3140 5457 utrum
3183 5403 3234 5455 in
3270 5402 3711 5471 generationibus

2156 5416 2277 5468 quis
2309 5417 2413 5453 non
2437 5416 2706 5456 immerito
2728 5416 2931 5525 possut,
2962 5416 3140 5457 utrum
3183 5418 3234 5455 ιιι
3270 5416 3711 5471 generatioumus

2156 5473 2499 5541 recensendis
2521 5472 2703 5525 ratioa
2766 5472 2929 5525 udzeis
2952 5473 3132 5527 habita
3162 5473 3227 5527 sit
3259 5483 3469 5541 patrum
3501 5472 3713 5539 adopti-

2155 5555 2365 5592 vorum.
2404 5540 2719 5610 Exemplum
2749 5543 3009 5598 habemus
3037 5544 3243 5598 illustre
3262 5540 3321 5598 in
3355 5542 3525 5604 Obed,
3554 5542 3714 5610 cujus

2150 5610 2205 5663 ili
2244 5612 2559 5682 genealogia
2585 5612 2786 5667 Christi
2820 5613 2879 5666 fit
2907 5618 3131 5669 mentio.
3169 5611 3303 5667 Nam
3337 5630 3462 5669 cum
3497 5612 3707 5667 Maalou

3458 5692 3636 5736 mortu
3645 5694 3709 5735 118

2220 5752 2327 5821 (50)
2361 5752 2755 5825 Κωμπῳὸἐστ.
2819 5753 2945 5825 Leg.
3006 5756 3209 5825 χρόνων
3265 5752 3709 5824 κομπωδὲστερον

2149 5822 2523 5895 φλυαροῦντες.
2550 5824 2717 5880 ϐολιι.
