3990 6214
343 319 395 376 55
1191 311 1353 379 ρυΑῑ
1393 311 1806 368 SUPERSUNT
1847 313 1936 366 EX
1978 314 2203 370 LIBRI?
2241 315 2636 375 CHRONOGB.
3412 326 3478 380 65

349 438 482 511 πρέ-,ων
513 430 626 500 περὶ
664 428 759 491 τὰς
805 428 1080 499 περιόδους
1112 427 1205 480 καὶ
1242 427 1507 499 μυριάδας
1528 428 1684 493 ἑτῶν,
1713 445 1786 484 κα

1913 430 2022 486 tius
2051 432 2246 488 elocuti
2270 473 2285 498 ,
2312 449 2407 502 per
2430 451 2700 490 annorum
2728 439 3099 498 revolutiones
3121 453 3175 498 et
3203 447 3478 519 myriades

344 524 488 581 ςάύεεξν
509 537 616 573 τινα
642 518 749 571 τῶν
783 517 910 588 παρ’
941 517 1124 580 αὐτοῖς
1165 517 1674 589 ἁστρολογουμένων
1696 517 1813 582 ἐξέ-

336 619 452 671 βεντο·
483 612 539 674 ἃς
581 611 716 672 τινὲς
758 609 861 663 τῶν
900 606 1073 662 ταῦτα
1119 608 1378 680 ἀκριϐοῦν
1417 608 1679 672 δοξάντων
1715 626 1809 662 συ-

328 705 584 764 στέλλοντες,
613 699 940 769 σεληνιαίους
973 694 1125 752 εῐπον
1152 700 1447 763 ἐνιαυτοὺς,
1476 700 1624 753 οὐδὲν
1656 699 1810 753 ἐλατ-

322 815 387 850 τον
408 797 482 848 ἐπὶ
505 795 558 848 τὸ
584 794 820 864 μυθῶδες
844 795 1264 858 ἀπονενευκότες
1303 797 1670 867 συμπίπτουσι
1693 799 1812 860 ταῖς

319 889 423 940 ὀκτὼ
443 889 518 938 καὶ
546 886 694 938 ἐννέα
717 885 948 955 χιλιάσιν
975 885 1132 951 ἐτῶν,
1160 886 1224 950 ἃς
1246 888 1555 956 Αἰγυπτίων
1579 889 1626 940 οἱ
1661 887 1809 960 παρὰ

315 980 504 1032 Πλάτωνι
529 977 682 1047 ἱερεῖς
706 977 785 1038 είς
813 975 1022 1028 Σόλωνα
1067 975 1526 1047 καταριθμοῦντες
1557 977 1656 1030 οὐκ
1683 978 1811 1049 ἀλη-

315 1070 494 1122 θεύουσι.
520 1069 620 1121 Καὶ
660 1069 786 1136 μετ’
816 1069 1005 1136 ὀλίγα·
1038 1069 1119 1121 Τὰ
1160 1068 1268 1140 γὰρ
1298 1069 1554 1123 Φοινίκων
1577 1071 1808 1141 τρισμύ-

311 1181 380 1234 ρια
403 1160 495 1231 ἐτη.
519 1159 547 1228 ἦ
567 1159 655 1212 τὸν
680 1159 786 1212 τῶν
806 1159 1084 1213 Χαλδαίων
1113 1160 1296 1234 λῆρον,
1321 1161 1380 1214 τὸ
1407 1160 1514 1214 τῶν
1544 1163 1809 1232 τεσσαρά-

306 1271 428 1306 κοντα
456 1250 584 1304 ὀκτὼ
609 1253 902 1322 μυριάδων,
933 1252 987 1305 τί
1025 1253 1104 1305 δεῖ
1141 1253 1353 1319 λέγειν;
1384 1257 1446 1307 ὲκ
1470 1254 1673 1309 τούτων
1697 1256 1806 1326 γὰρ

312 1345 499 1399 ’Ῑωδαίοι
527 1343 582 1396 τὸ
621 1344 879 1397 ἀνέκαθεν
915 1344 1047 1417 (51),
1072 1347 1350 1415 γεγονότες
1388 1347 1494 1400 ἀπὸ
1535 1346 1802 1418 Ἀϐραὰμ,

296 1435 559 1505 ἀρξάμενοι,
587 1436 912 1508 ἀτυφότερόν
947 1455 1007 1490 τε
1038 1439 1131 1490 καὶ
1162 1438 1514 1510 ἀνθρωπίνως
1547 1441 1683 1510 μετὰ
1710 1442 1804 1494 τοῦ

293 1524 481 1595 ἀληθοῦς
498 1525 578 1578 διὰ
606 1525 699 1578 τοῦ
727 1527 1006 1592 Μωῦσέως
1037 1529 1342 1600 πνεύματος
1363 1531 1714 1601 διδαχθέντες,
1739 1532 1802 1586 ἐκ

289 1634 330 1669 τε
366 1618 460 1669 τῶν
504 1617 690 1670 λοιπῶν
725 1617 1028 1690 Ἑϐραϊκῶν
1080 1622 1347 1696 ίστοριῷν,
1393 1622 1621 1693 ἀριθμὸν
1667 1623 1802 1676 ἐτῶν

288 1709 504 1772 πεντάκις
529 1709 705 1779 χιλίων
735 1713 1104 1765 πεντακοσίων
1129 1715 1208 1777 είς
1234 1713 1330 1786 τὴν
1365 1715 1682 1784 ἐπιφάνειαν
1703 1715 1798 1769 τοῦ

1913 533 2254 592 prorogatam
2278 527 2569 595 quamdam
2595 529 2788 584 seriem
2817 546 2880 584 ex
2911 534 3251 605 astrologicis
3268 542 3480 609 experi-

1914 615 2110 668 mentis
2136 625 2481 671 statuerunt:
2514 634 2650 687 quas
2677 621 2894 689 quidem
2935 623 2971 676 ii
3018 626 3111 693 qui
3141 641 3199 680 se
3233 631 3476 696 penitius

1915 706 2216 774 inspexisse
2248 709 2607 776 arbitrantur,
2637 715 2950 768 summatim
2977 715 3240 786 legentes,
3277 718 3480 777 fabulis

1913 798 2085 851 nihilo
2135 799 2316 856 secius
2368 799 2606 866 addicti,
2660 818 2836 859 annos
2886 806 3201 874 hujusmodi
3256 811 3481 868 lunares

1913 889 2184 958 putandos
2221 892 2515 945 commenti
2551 904 2709 957 sunt,
2743 905 2796 948 et
2827 896 3072 952 conﬁctis
3107 910 3229 954 octo
3262 902 3344 956 vel
3380 919 3474 956 no-

1912 1000 2030 1037 vem
2064 1000 2330 1038 annorum
2379 985 2731 1053 millenariis,
2778 1003 2899 1058 qua:
2945 989 3162 1057 Soloni,
3197 995 3343 1050 velut
3385 1010 3482 1048 au-

1910 1075 2071 1134 ctori.
2096 1075 2474 1146 {Egyptiorum
2509 1080 2817 1135 sacerdotes
2835 1083 2974 1150 apud
2993 1081 3268 1140 Platonem
3297 1103 3478 1156 quon-

1910 1167 2035 1221 dam
2071 1169 2478 1238 ascripserunt,
2529 1187 2557 1225 a
2597 1172 2826 1228 veritate
2875 1176 3172 1244 probavere
3211 1193 3270 1232 se
3314 1179 3476 1248 longe

1908 1258 2153 1314 dissitos.
2201 1259 2267 1312 Et
2311 1262 2628 1330 quibusdam
2677 1265 2962 1334 interjectis
2988 1282 3006 1318 :
3047 1268 3091 1319 A
3124 1267 3476 1324 Phoenicibus

1907 1351 2110 1418 pariter
2141 1353 2412 1422 myriades
2448 1370 2717 1410 annorum
2753 1366 2862 1411 tres
2886 1359 3154 1426 jactatas,
3185 1359 3473 1415 Chaldaeo-

1909 1457 2140 1512 rumque
2168 1443 2357 1498 deliria
2385 1484 2398 1508 ,
2439 1461 2539 1500 nec
2580 1462 2688 1501 non
2715 1450 3074 1520 quadraginta
3104 1462 3157 1506 et
3182 1461 3303 1506 octo
3337 1453 3473 1506 alias

1907 1535 2212 1605 myriades,
2259 1537 2386 1605 quid
2435 1554 2741 1594 memorare
2781 1558 3005 1597 necesse
3043 1543 3169 1598 est?
3227 1545 3273 1597 Α
3310 1544 3474 1598 Chai-

1907 1624 2036 1678 daeis
2061 1625 2204 1678 enim
2238 1642 2334 1694 per
2356 1626 2724 1683 Abrahamum
2752 1640 2957 1700 patrem
2985 1633 3088 1686 orti
3117 1633 3285 1689 Judaei
3304 1675 3318 1699 ,
3344 1651 3474 1689 vero

1907 1713 2106 1787 Moysis
2139 1718 2332 1786 spiritu
2387 1718 2616 1784 imbuti,
2655 1736 2762 1790 qua
2795 1722 2950 1778 decet
2979 1725 3227 1781 homines
3254 1744 3283 1780 a
3327 1727 3470 1781 fastu

285 1802 507 1872 ποτηρίου
552 1802 659 1872 (52)
707 1801 868 1871 λόγου
917 1803 1013 1876 τὴν
1061 1807 1152 1858 ἐπὶ
1195 1807 1295 1876 τῆς
1345 1808 1642 1879 μοναρχίας
1691 1808 1786 1863 τῶι

1903 1808 2110 1862 alienos
2129 1849 2143 1872 ,
2171 1811 2363 1879 suique
2390 1825 2658 1866 memores
2677 1814 3012 1878 ,modestia,
3041 1831 3106 1869 ex
3135 1817 3338 1873 relictis
3365 1819 3470 1873 sibi

285 1895 524 1964 Καισάρων
551 1913 615 1966 κη
626 1898 965 1968 ρυσσομένην
994 1899 1453 1970 παραδεδώκασιν.

1902 1898 2256 1978 llebraeorum
2303 1903 2673 1957 monumentis
2716 1918 2988 1959 annorum
3020 1907 3313 1978 quinquies
3347 1909 3466 1962 mil-

427 1957 438 1964 .
605 1957 637 1966 ..
799 1957 810 1968 .
923 1957 934 1968 .
1072 1957 1083 1970 .
2847 1957 2878 1958 η
3025 1957 3312 1978 των---

286 1990 384 2043 lium
431 2002 478 2044 et
521 1990 944 2060 quingentorum
1001 2010 1287 2049 numerum
1319 2010 1493 2066 usque
1545 1996 1610 2050 ad
1640 1992 1894 2052 salutaris
1921 1957 2083 2049 verbi
2143 1995 2432 2051 adventum
2489 1996 2592 2052 sub
2643 1995 2921 2053 Cicsarum
2978 1999 3209 2070 imperio
3263 2005 3470 2058 mundo

287 2081 535 2151 uulgatum
575 2082 820 2151 posteris
853 2083 1210 2140 tradiderunt.

1389 2176 1454 2233 ll.
1499 2177 1666 2242 Ibid.,
1701 2195 1825 2250 pag.
1858 2176 1960 2242 l9,
1997 2172 2072 2227 al.
2108 2172 2193 2226 15.

677 2288 819 2360 Περὶ
851 2288 957 2342 τῶν
995 2291 1328 2363 ἐγρηγόρων.

331 2379 532 2451 Πλήθους
580 2381 887 2454 ἀνθρώπων
926 2384 1216 2456 γενομένου
1258 2384 1352 2437 ἐπὶ
1400 2386 1498 2456 τῆς
1533 2385 1657 2454 γῆς,
1697 2383 1797 2452 ἄγ-

279 2471 385 2540 γελοι
421 2473 504 2526 τοῦ
538 2474 773 2546 οὐρανοῦ
809 2477 1138 2548 θυγατράσιν
1172 2477 1469 2550 ἀνθρώπων
1513 2476 1790 2548 συνῆλθον.

277 2563 342 2616 ἐν
363 2565 497 2628 ἐνίοις
517 2567 878 2637 ἀντιγράφοις
909 2561 1085 2641 εὗρον,
1129 2573 1182 2624 ol
1208 2571 1323 2624 vici
1353 2570 1458 2624 τσῦ
1483 2570 1648 2624 Θεοῦ.
1683 2570 1797 2623 Μυ-

275 2654 440 2709 Osi-stat
475 2656 545 2720 δὲ,
589 2658 666 2721 ὡς
713 2654 869 2729 οἶμαι
897 2660 1038 2731 (55),
1071 2660 1178 2713 ἀπὸ
1219 2659 1312 2713 τοῦ
1367 2659 1494 2730 Σὴθ,
1541 2660 1646 2712 ὑπὸ
1697 2659 1792 2712 τοῦ

274 2743 549 2814 Πνεῦματος,
596 2749 645 2799 οἱ
688 2748 800 2800 υἱοὶ
834 2747 965 2801 Θεοῦ
1013 2748 1533 2821 προσαγορεύονται,
1561 2748 1649 2801 διὰ
1672 2750 1796 2813 τοὺς

273 2832 346 2885 ἀπ’
381 2835 528 2888 αὐτοῦ
576 2836 1106 2908 γενεαλογουμένους
1152 2838 1389 2901 δικαίους
1433 2855 1493 2891 τε
1546 2837 1639 2891 κα)⁸
1685 2855 1792 2892 πα-

271 2926 501 2996 τριάρχας,
542 2926 674 2999 ἄχρι
720 2927 814 2980 τοῦ
863 2929 1129 3000 Σωτῆρος·
1167 2930 1293 2992 τοὺς
1321 2929 1365 2982 δ’
1396 2928 1502 2982 ἀπὸ
1529 2929 1668 2982 Κάῖν
1700 2931 1795 2982 ἀν-

272 3013 470 3085 θρώπους
509 3018 811 3072 ἀποκαλεῖν
855 3019 965 3088 (54)
1003 3019 1231 3090 σπορὰν,
1283 3019 1358 3083 ὡς
1417 3019 1591 3072 οὐδὲτι
1652 3019 1792 3072 θεῖον

269 3106 516 3177 ἐσχηκότας
543 3109 632 3163 διὰ
677 3111 945 3182 πονηρίαν
975 3110 1188 3180 γένους,
1219 3111 1312 3164 καὶ
1338 3110 1425 3164 διὰ
1451 3111 1550 3181 τῆς
1579 3110 1792 3180 φύσεως

266 3196 487 3268 ἀνόμοιον,
514 3201 919 3272 ἐπιμιχθέντων
942 3201 1138 3264 αὐτῶν,
1161 3201 1258 3272 τὴν
1285 3201 1651 3271 ἀγανάκτησιν
1678 3200 1788 3272 (55)

268 3290 542 3360 ποιήσασθαι
570 3293 666 3345 τὸν
697 3292 850 3345 Θεόν.
887 3293 948 3344 Εἰ
976 3292 1032 3344 δὲ
1060 3292 1145 3344 ἐπ’
1175 3291 1419 3360 ἀγγέλων
1453 3294 1621 3345 νοοῖτο
1646 3291 1789 3363 ἔχειν

266 3379 457 3443 τούτους,
487 3382 613 3446 τοὺς
653 3383 786 3454 περὶ
835 3383 1063 3454 μαγείας
1107 3384 1198 3437 καὶ
1246 3383 1536 3453 γοητείας,
1583 3382 1689 3435 ἔτει
1733 3383 1789 3435 δὲ

265 3470 464 3542 ἀριθμῶν
489 3473 599 3545 (36)
633 3475 924 3544 κινήσεως,
957 3474 1063 3528 τῶν
1099 3474 1383 3546 μετεώρων
1429 3477 1546 3538 ταῖς
1575 3473 1789 3544 γυναιξὶ

271 3561 343 3631 rip
378 3563 561 3631 γνῶσιν
602 3565 1066 3637 παραδεδωκέναι,
1113 3566 1206 3634 ἀφ’
1247 3560 1321 3619 ὧν
1366 3565 1624 3637 ἐποίησαν
1663 3568 1788 3630 τοὺς

270 3654 418 3718 tam;
454 3659 577 3721 τοὺς
622 3658 910 3726 γίγαντας,
949 3657 1015 3708 δι’
1049 3656 1140 3719 οὓς
1178 3657 1279 3726 τῆς
1320 3657 1514 3720 κακίας
1545 3659 1787 3726 ἐπιγενο-

264 3743 411 3816 μένης,
435 3747 572 3816 ἔγνω
600 3751 714 3802 πᾶν
739 3750 995 3819 ἀυανίσαι
1025 3747 1174 3814 ζώων
1206 3749 1359 3817 γένος
1380 3751 1408 3802 ὁ
1439 3748 1570 3814 Θεὸς
1601 3753 1656 3803 ὲν
1690 3768 1789 3803 κα-

260 3837 506 3910 τακλυσμῷ
537 3841 794 3894 ἄπιστον.

2476 2283 2552 2340 De
2607 2285 2911 2357 egregoris.

1970 2381 2143 2435 Aucta
2183 2393 2344 2448 super
2382 2384 2582 2432 terram
2619 2379 2904 2433 hominum
2946 2379 3326 2449 multitudine,
3361 2397 3463 2439 aa-

1899 2471 2002 2543 geli
2040 2469 2163 2526 caeli
2202 2468 2416 2523 ﬁliabus
2445 2467 2728 2522 hominum
2759 2469 3032 2523 commisti
3070 2477 3219 2525 sunt.
3253 2469 3310 2524 In
3341 2471 3466 2540 qui-

1898 2563 2128 2618 busdam
2151 2560 2551 2631 exemplaribus
2576 2559 2699 2631 legi,
2723 2560 2826 2628 ﬁlii
2849 2559 2965 2614 Dei.
2987 2561 3214 2627 lndicat,
3239 2571 3296 2616 ut
3319 2577 3463 2628 reor,

1899 2653 2138 2724 Spiritus
2169 2661 2393 2707 sanctus
2427 2666 2455 2706 a
2495 2650 2625 2705 Seth
2660 2659 2811 2719 patre
2845 2651 2940 2705 Dei
2978 2651 3116 2706 [ilics
3149 2653 3365 2720 vocari,
3396 2652 3464 2707 ob

1897 2754 2086 2801 enatos
2123 2759 2189 2800 ex
2229 2743 2348 2812 ejus
2393 2743 2561 2812 stirpe
2597 2757 2770 2812 usque
2807 2741 2872 2796 ad
2915 2742 3251 2797 Salvatorem
3281 2743 3462 2813 justos

1897 2847 1951 2891 et
1982 2833 2361 2905 patriarchas;
2398 2831 2532 2885 Cain
2571 2847 2701 2886 vero
2738 2832 3085 2902 progeniem,
3128 2848 3225 2887 ceu
3260 2835 3332 2886 nil
3373 2836 3461 2888 di-

1896 2926 2082 2980 vinum
2116 2924 2437 2978 referentem
2458 2964 2473 2989 ,
2504 2923 2574 2978 ob
2603 2923 2818 2995 generis
2853 2924 3174 2994 pravitatem
3216 2940 3281 2981 ac
3321 2941 3458 2980 con-

1896 3015 2035 3072 fusas
2088 3025 2296 3070 naturae
2350 3014 2891 3078 dissimilitudinem,
2937 3015 3224 3070 hominum
3269 3031 3456 3072 semen

1895 3106 2158 3176 appellat;
2191 3107 2503 3178 eisdemque
2536 3108 2921 3179 indignationis
2951 3125 3064 3164 suae
3094 3111 3250 3180 signa
3283 3111 3452 3166 Deum

1897 3197 2161 3251 indixisse
2191 3205 2398 3250 narrat.
2434 3197 2503 3250 At
2535 3197 2580 3251 si
2623 3197 2691 3250 de
2739 3197 2944 3267 angelis
2987 3213 3298 3253 senionem
3341 3198 3457 3254 ﬁeri

1900 3289 2203 3344 sentiamus
2231 3329 2245 3352 ,
2279 3288 2473 3363 magiis
2502 3297 2555 3342 et
2587 3289 2874 3358 praestigiis
2905 3288 3117 3344 deditos
3150 3290 3324 3360 accipi
3364 3305 3456 3344 ue-

1893 3385 2049 3436 oes’se
2071 3387 2154 3435 est
2174 3421 2188 3446 ,
2214 3380 2306 3449 qui
2333 3388 2605 3435 astrorum
2636 3388 2689 3435 et
2714 3397 3069 3436 numerorum
3101 3392 3342 3451 motum,
3371 3400 3458 3439 re-

1896 3488 2129 3542 rumque
2159 3473 2478 3528 sublimium
2499 3474 2580 3528 vel
2599 3485 2964 3530 meteororum
2991 3476 3241 3530 notitiam
3261 3477 3454 3532 mulie-

1895 3565 2048 3619 ribus
2089 3564 2456 3631 tradiderunt,
2491 3581 2723 3635 quorum
2759 3581 3055 3636 congressu
3088 3578 3455 3638 conceperunt

1894 3655 2000 3709 illa:
2031 3655 2273 3724 gigantes
2293 3695 2307 3719 ,
2341 3669 2369 3708 a
2410 3655 2610 3724 quibus
2649 3658 2916 3712 scelerum
2947 3659 3194 3713 omnium
3225 3658 3457 3714 colluvie

1893 3744 1947 3799 in
2002 3745 2316 3800 universum
2365 3747 2548 3800 orbem
2599 3758 2928 3818 pr0pagata,
2980 3751 3243 3819 perﬁdum
3293 3763 3456 3805 omne

1891 3835 2188 3890 viventium
2217 3852 2388 3905 genus
2417 3837 2621 3892 diluvio
2647 3839 2870 3907 perdere
2899 3839 3043 3894 Deus
3072 3841 3328 3896 decrevit.

1445 3952 1530 4009 Ill.
1572 3951 1737 4019 Ibid.,
1777 3969 1896 4024 pag.
1937 3951 2036 4017 8|,
2078 3950 2153 4004 al.
2193 3949 2284 4007 65.

317 4048 465 4120 Ἀδὰμ
515 4049 811 4119 γενόμενος
861 4045 995 4100 ὲτῶν
1043 4046 1117 4099 σλ¹
1162 4047 1326 4116 γεννᾷ
1375 4045 1472 4098 τὸν
1509 4045 1650 4117 Σήθ·
1699 4045 1791 4098 καὶ

254 4139 424 4204 τούτοις
469 4140 740 4211 ἐπιζήσας
784 4139 878 4210 ἔτη
932 4138 986 4210 ψ’
1029 4137 1326 4201 ἀπέθανεν,
1373 4139 1490 4209 ἦτοι
1534 4137 1784 4209 δεύτερον

253 4228 461 4286 θάνατον.

304 4325 398 4394 Σὴθ
425 4325 716 4396 γενόμενος
748 4321 884 4376 ἐτῶν
921 4328 996 4375 σε’
1029 4321 1281 4390 ἐγέννησε
1317 4319 1406 4396 τὸν
1445 4320 1629 4385 Ἐνὼςο
1675 4321 1782 4375 ἀπὸ

261 4415 399 4487 Ἀδὰμ
437 4417 614 4470 τοίνυν
665 4415 825 4488 μέχρι
869 4415 1131 4482 γενέσεως
1174 4411 1360 4479 Ἐνὼς,
1394 4413 1488 4486 ἔτη
1534 4414 1602 4468 τὰ
1645 4415 1781 4486 σύμ-

251 4522 394 4559 παντα
416 4508 540 4560 υλε¹.

315 4598 461 4664 Ἐνὼς
492 4600 754 4672 ὑπάρχων
786 4598 919 4652 ἐτῶν
945 4602 1058 4670 ρξε’
1086 4598 1197 4668 (57)
1237 4598 1400 4669 γεννᾷ
1431 4597 1520 4652 τὸν
1551 4599 1778 4652 Καῖνᾶν.

256 4745 469 4790 ortuus
495 4736 690 4792 fuisset
719 4738 773 4790 in
811 4733 1119 4799 Moabitide,
1155 4742 1209 4788 et
1238 4733 1383 4788 Ruth
1412 4735 1630 4788 viduam
1664 4734 1783 4789 abs-

255 4818 336 4876 que
363 4806 544 4861 liberis
567 4807 895 4876 reliquisset,
919 4804 1058 4858 Booz
1086 4815 1314 4876 agnatus
1346 4803 1782 4876 Maalonis,_pro‘-

255 4874 450 4931 ximiore
498 4873 810 4946 agnatojus
855 4891 1014 4929 suum
1070 4873 1172 4946 ipsi
1209 4875 1586 4946 concedente,
1635 4873 1778 4946 Ru_th

255 4957 445 4998 uxorem
475 4943 702 5016 accepit,
722 4943 842 5016 quo
866 4961 1046 4999 semen
1087 4943 1316 5016 Maaloni
1353 4945 1661 5016 suscitaret.
1693 4943 1775 5016 Ei;

252 5025 310 5086 ea
335 5023 500 5086 tamen
535 5013 745 5086 genitus
770 5013 1017 5079 Obedus,
1049 5032 1151 5070 non
1182 5014 1442 5086 Maalonis
1476 5015 1569 5069 sed
1611 5013 1777 5086 Boozi

252 5082 370 5138 ﬁlius
397 5082 595 5140 dicitur
619 5089 686 5141 ab
709 5085 1072 5153 evangelistis,
1108 5085 1199 5156 qui
1227 5084 1774 5156 Christi_prosap_iam

254 5158 544 5224 texuerunt;
578 5166 632 5209 et
656 5161 708 5211 in
751 5152 924 5220 libro,
953 5156 1041 5224 qui
1075 5152 1388 5209 inscribitur
1431 5153 1594 5208 Ruth.
1618 5152 1778 5224 A'Scio

252 5223 358 5295 quid
384 5227 692 5293 responderi
733 5227 905 5295 possit
936 5221 1221 5295 :Moysem
1276 5224 1482 5279 scilicet
1514 5225 1580 5277 de
1609 5221 1777 5295 fratre

253 5291 492 5360 duntaxat
512 5291 749 5350 locutum
763 5314 778 5360 ;
812 5294 1048 5348 Boozum
1072 5291 1201 5349 vero
1230 5296 1452 5348 fratrem
1476 5309 1582 5347 non
1608 5291 1776 5346 fuisse

253 5357 508 5434 Haalonis,
535 5379 597 5418 ac
625 5357 849 5434 proinde
878 5365 1045 5433 legem
1070 5379 1176 5432 qua
1198 5365 1487 5434 jubebatur
1530 5371 1589 5434 ut
1633 5363 1777 5417 lilius

252 5443 304 5503 es
323 5433 495 5503 fratris
517 5433 672 5489 vidua
700 5443 982 5502 susceptus
1005 5435 1121 5502 ejus
1143 5433 1364 5488 nomine
1395 5433 1774 5503 appellaretur,

254 5501 307 5573 id
349 5501 579 5557 Boozum
631 5521 736 5559 non
789 5501 1131 5573 peitinuiSse.
1187 5503 1386 5558 Deinde
1431 5501 1539 5558 dici
1567 5512 1772 5573 potest,

254 5566 465 5643 Boozum
518 5573 715 5629 idcirco
768 5566 1038 5627 nominari
1088 5575 1142 5626 in
1177 5573 1520 5643 generatione
1549 5566 1772 5636 Christi,

255 5648 374 5707 quod
401 5642 654 5697 illustrior
690 5645 983 5699 exstitisset
1004 5659 1166 5711 quam
1186 5642 1427 5698 Maalon.
1750 5663 1758 5677 τ

313 5711 418 5783 (51))
442 5712 509 5765 Τὸ
536 5714 768 5769 ἀνέκαθ.
799 5713 925 5783 Leg.
968 5714 1247 5781 γεγονότες
1286 5713 1393 5768 ἀπὸ
1433 5711 1682 5783 Ἀϐραὰμ
1713 5711 1774 5764 τὸ

257 5778 492 5835 ἀνέκαθεν
515 5783 818 5852 ἀρξάμενοι.
855 5778 1030 5838 Costa.

1963 4041 2098 4097 Cum
2138 4052 2283 4098 esset
2320 4042 2560 4097 Adamus
2589 4058 2857 4098 annorum
2887 4044 3030 4109 250,
3060 4046 3243 4115 genuit
3271 4046 3401 4102 Seth
3432 4066 3447 4114 ;

1890 4143 2003 4189 tum
2039 4149 2168 4188 vero
2213 4144 2492 4204 superstes
2523 4135 2683 4190 annis
2727 4135 2830 4189 700
2876 4136 2996 4192 luce
3041 4137 3309 4207 privatur,
3342 4139 3447 4194 hoc

1886 4236 1970 4282 est
2002 4226 2297 4282 secundam
2334 4235 2564 4298 mortem
2595 4227 2728 4281 obiit

1962 4317 2090 4372 Seth
2139 4318 2298 4372 annis
2337 4316 2443 4372 205
2475 4327 2636 4372 natus
2675 4317 2860 4388 genuit
2895 4317 3078 4385 Enos;
3124 4318 3194 4373 ab
3236 4319 3450 4376 Adamo

1887 4409 2071 4481 itaque
2115 4425 2288 4480 usque
2331 4411 2398 4466 ad
2443 4408 2590 4465 Enos
2622 4410 2856 4464 natalem
2903 4411 3044 4466 diem
3094 4425 3451 4469 numerantur

1819 4518 1860 4573 ι)
1885 4503 2013 4557 anni
2041 4503 2167 4558 455.

1955 4593 2100 4649 Enos
2134 4607 2403 4648 annorum
2439 4591 2540 4649 £90
2571 4592 2758 4664 genuit
2786 4591 3022 4649 Cainan.

1954 4728 2064 4799 ('52)
2101 4730 2205 4793 Εἰς
2242 4727 2356 4799 τὴν
2396 4727 2746 4797 ἐπιφάνειαν
2789 4730 2895 4784 τοῦ
2935 4746 3150 4799 can-np.
3185 4730 3442 4795 Observa.

1882 4798 2085 4854 Christi
2131 4798 2362 4852 natalem
2412 4801 2552 4853 diem
2600 4800 2917 4868 ἐπιφάνειαν
2968 4798 3152 4855 vocari
3203 4802 3442 4857 Africani

1885 4868 2228 4989 testimpnio,
2279 4868 2371 4938 qui
2419 4869 2696 4925 Antonino
2756 4869 3105 4942 Heliogabalo
3146 4871 3446 4941 imperante

1885 4948 2033 4989 \‘ixtl.
2089 4953 2141 4989 ι).

1881 4939 2033 4993 Vixit.
2065 4939 2141 4990 In.

1953 5009 2064 5081 (52))
2107 5009 2198 5074 Ὠς
2225 5003 2399 5081 οἶμαι.
2443 5007 2682 5081 μεθ-ὼς
2719 5005 2893 5081 οἶμαι,
2937 5009 3041 5061 ὑπὸ
3067 5009 3161 5061 τοῦ
3195 5009 3445 5081 Πνεὺμα-

1878 5097 1988 5202 ἶος,
2017 5079 2098 5131 ὅτι
2126 5080 2172 5130 οἱ
2202 5079 2307 5131 υἱοὶ
2334 5078 2468 5132 Θεοῦ
2508 5079 2614 5132 ἀπὸ
2651 5079 2744 5132 τοῦ
2780 5078 2892 5150 ’Σὴθ
2932 5078 3441 5151 προσαγορεύονται.

1904 5167 1955 5202 υ.

1904 5167 1955 5204 υ.

1950 5219 2062 5286 (54)
2110 5218 2469 5273 Ἀποκαλεῖν.
2502 5217 2628 5286 Leg.
2654 5218 2933 5272 ἀποκαλεῖ.
2967 5218 3041 5272 in.

1949 5287 2057 5360 (δεῖ)
2080 5289 2490 5360 Τὴνὰγανξάκτ.
2512 5289 2601 5360 Εἰς
2619 5290 2893 5360 ἀγανάίκτη
2902 5304 2984 5360 σιν
3001 5288 3120 5359 κινή
3129 5287 3342 5343 σασθαι.
3363 5292 3440 5345 In.

1877 5357 2158 5413 —'L0cus
2187 5357 2476 5412 manifeste
2504 5359 2757 5412 vitiosus.
2786 5357 2891 5410 lin.
2919 5357 3091 5410 Pun.

1950 5429 2062 5502 (56)
2079 5431 2227 5502 Ἔτει
2252 5428 2320 5481 δὲ
2338 5429 2564 5502 ἀριθη-
2577 5429 3014 5502 Ἐσχολακότας
3032 5426 3269 5502 συνιέναι
3310 5434 3438 5502 χρὴ,

1876 5495 1975 5570 οὓς
1998 5495 2103 5552 τῶν
2136 5498 2350 5570 ἄστρων
2390 5495 2794 5570 κινήσεως-καλ
2844 5497 2954 5570 τῷν
3000 5495 3439 5570 μετεῴρῳνῆἱίν

1875 5561 2072 5636 γνῶσιν
2087 5571 2205 5632 ταῖς
2221 5561 2434 5636 γυναιξὶ
2451 5561 2878 5636 παραδεδωκέναι
2900 5561 3062 5635 λέγει,
3080 5561 3337 5635 ἀφ’ὗν...
3360 5561 3436 5622 lt}.

1949 5638 2060 5710 (57)
2102 5635 2279 5692 Ὲτῶν
2312 5641 2449 5708 ριιεκ
2478 5635 2642 5710 [Error
2671 5636 2872 5710 librarii
2895 5647 2982 5710 est
3023 5642 3156 5710 ριιέ,
3193 5647 3249 5692 ut
3279 5638 3439 5710 lineis

1877 5705 2249 5778 superioribus
2296 5705 2428 5773 dxs',
2469 5705 2672 5763 Graecis
2715 5707 2992 5765 codicibus
3023 5705 3112 5779 οι(
3156 5717 3210 5763 et
3254 5707 3436 5762 ac'le-

1869 5780 2147 5844 gentibus.
2184 5785 2258 5842 lu.
2353 5833 2356 5836 .
2652 5794 2654 5796 '
