3990 6214
473 322 547 379 6'!
1807 319 1981 378 IUL"
2016 320 2039 374 Α

2143 319 2345 376 ιιεΑΝι
3530 394 3535 399 δ
3635 317 3708 371 es

543 440 757 498 Cainan
792 449 972 496 autem
1007 454 1275 494 annorum
1310 439 1413 493 170
1442 438 1630 510 genuit
1658 436 1923 493 Malaleel.

543 531 789 587 Malnleel
822 546 955 586 vero
987 545 1258 586 annorum
1292 529 1395 585 l65
1421 530 1609 601 genuit
1636 527 1823 584 Jared.

542 625 706 681 Jared
735 626 913 680 etatis
943 624 1048 679 162
1077 625 1265 696 genuit
1298 622 1511 678 Enoch.

545 715 734 770 Enoch
769 730 898 769 vero
927 729 1196 769 annorum
1229 713 1329 767 165
1357 713 1542 782 genuit
1566 709 1869 766 Mathusala
1898 729 1910 765 :
1944 727 2043 765 an-

475 807 672 876 nisque
701 806 950 861 ducentis
974 813 1249 875 superstes
1273 819 1397 860 cum
1426 802 1538 859 Deo
1566 803 1897 874 placuisset,
1932 818 2040 858 non

477 897 709 952 ulterius
733 898 885 952 visus
913 905 1017 953 est.

547 988 851 1045 Mathusala
878 990 1037 1044 annis
1069 987 1172 1044 l87
1199 998 1361 1043 natus
1388 996 1575 1058 genuit
1605 984 1860 1042 Lamech.

547 1164 781 1220 Lamech
813 1164 972 1219 annis
1006 1162 1107 1217 188
1138 1174 1299 1217 natus
1330 1161 1516 1233 genuit
1546 1159 1678 1215 Noe.

2067 447 2114 496 Α
2211 438 2419 491 Καῖνᾶν
2447 436 2503 490 δὲ
2530 437 2664 491 ἐτῶν
2695 437 2768 509 ρο’
2793 437 2957 508 γεννᾷ.
2975 435 3064 490 τὸν
3093 434 3393 507 Μαλελεήλ.

2209 528 2492 601 Μαλελεήλ
2520 529 2577 583 δὲ
2609 531 2744 585 ἐτῶν
2773 531 2878 604 ρξε’
2903 530 3066 601 γεννᾷ
3091 529 3183 584 τὸν
3223 528 3407 601 Ἱάρεδ.

2225 619 2398 691 Ἰάρεδ
2424 619 2480 673 δὲ
2505 620 2640 675 ἐτῶν
2678 621 2789 694 ρξ6¹
2811 623 2975 693 γεννᾷ
2997 621 3089 675 τὸν
3131 619 3316 692 Ἑνώχ.

2222 711 2391 783 Ἑνὼχ
2424 712 2480 766 δὲ
2526 713 2786 785 ὑπάρχων
2828 714 2964 768 ἐτῶν
3007 712 3112 784 ρξε’
3156 714 3318 785 γεννᾷ
3366 712 3458 768 τὸν
3490 711 3708 769 Μαθου-

2107 812 2113 818 ·
2141 799 2296 857 σᾶλα’
2325 803 2420 855 καὶ
2443 801 2809 875 εὐαρεστήσας
2836 803 2914 874 τῷ
2947 802 3086 874 Θεῷ,
3120 800 3384 874 ἐπιζήσας
3414 801 3508 874 ἔτη
3541 809 3586 856 σ¹
3605 804 3706 875 οὐχ

2139 891 2439 945 εὑρίσκετο.

2244 910 2439 945 ισκετο.

2205 910 2537 1036 ῗίαθουσάλα
2567 981 2855 1051 γενόμενος
2880 980 3013 1036 ἐτῶν
3038 986 3163 1053 ρπη⁹
3197 980 3305 1053 (58)
3335 981 3589 1053 ἐγέννησε
3615 980 3708 1035 τὸν

2138 1073 2348 1129 Adita.

2207 1091 2223 1126 ι
2333 1112 2348 1129 .

2207 1091 2399 1237 Χείεῖεχ
2428 1165 2686 1236 ὑπάρχων
2716 1164 2853 1220 ἐτῶν
2885 1171 3006 1239 ρπη¹
3041 1165 3203 1238 γεννᾷ
3224 1166 3313 1220 τὸν
3337 1165 3478 1221 Νῶε.

1564 1291 1654 1348 ιν.
1701 1292 1867 1358 Ιὺὶά..
1906 1310 2030 1365 pag.
2068 1296 2170 1367 21,
2206 1301 2281 1357 al.
2328 1298 2411 1357 17.
2460 1301 2536 1359 De
2571 1303 2795 1359 diluvio.

552 1413 871 1469 Universum
903 1407 1262 1490 animantium
1299 1423 1468 1480 genus
1499 1407 1657 1478 aquis
1682 1406 1872 1462 diluvii
1906 1421 2041 1462 cou-

477 1522 754 1562 summare.
772 1503 1011 1560 decrevit
1037 1502 1211 1567 Deus,
1260 1500 1579 1556 vicesimum
1602 1506 1657 1554 et
1676 1499 2034 1553 centesimum

478 1614 683 1655 annum
717 1598 967 1653 homines
998 1611 1107 1652 non
1144 1602 1500 1665 superaturos
1540 1593 1801 1646 minatus.
1838 1588 2035 1646 Nullus

477 1707 646 1762 porro
686 1691 887 1746 dubius
918 1689 1152 1755 hesitet,
1186 1695 1280 1741 aut
1316 1685 1671 1756 quaestionem
1689 1682 1886 1738 anxius
1915 1698 2038 1738 mo-

477 1793 642 1847 veat,
698 1783 931 1852 spatium
978 1781 1085 1836 hoc
1133 1780 1257 1834 vitae
1308 1777 1576 1849 quosdam
1627 1783 2038 1846 praetergressos

478 1876 893 1945 contemplatus.
943 1871 1148 1928 IEtatis
1200 1870 1403 1941 quippe
1443 1868 1860 1937 durationisque
1914 1866 2037 1921 vitae

477 1969 713 2039 spatium
749 1975 871 2039 post
907 1967 1053 2023 solos
1090 1973 1307 2020 centum
1343 1977 1517 2018 annos
1556 1961 1762 2015 diluvio
1800 1960 2039 2013 instante

480 2059 881 2113 terminandum
899 2099 914 2124 ,
945 2055 1322 2127 peccatoribus
1349 2055 1665 2109 vicesimum
1695 2053 1808 2122 jam
1833 2068 2038 2107 annum

479 2153 799 2223 agentibus,
835 2150 891 2203 in
919 2149 1186 2204 scelerum
1219 2161 1436 2217 pmnam
1458 2186 1474 2210 ,
1509 2144 1653 2199 velut
1681 2145 1789 2199 lata
1822 2153 2042 2199 senten-

2214 1416 2396 1485 Ἔγνω
2435 1418 2543 1470 πᾶν
2572 1415 2602 1470 ὀ
2632 1417 2765 1481 Θεὸς
2789 1417 3048 1485 ἀφανίσαι
3092 1417 3243 1484 ζώων
3277 1418 3429 1488 γένος
3454 1420 3512 1472 ἐν
3540 1436 3708 1474 κατα·-

2137 1508 2383 1580 κλυσμῷ,
2417 1510 2720 1583 ἀπειλήσας
2762 1520 2847 1585 ρκ’
2877 1512 2972 1584 ἔτη
3001 1513 3099 1585 οὐχ
3138 1512 3538 1586 ὑπερϐήσεσθαι
3574 1514 3704 1578 τοὺς

2135 1598 2471 1671 ἀνθρώπους.
2501 1602 2652 1673 Μηδὲ
2684 1602 2983 1674 νομιζέσθω
3007 1603 3247 1675 ζήτημα,
3280 1603 3368 1658 διὰ
3395 1602 3457 1656 τὸ
3484 1602 3704 1658 πλείονα

2135 1692 2325 1764 χρόνον
2366 1694 2517 1758 τινας
2549 1682 2771 1767 ὕστερον
2802 1695 3013 1766 βιῶναι.
3039 1696 3112 1749 Τὸ
3139 1696 3246 1770 γὰρ
3289 1695 3559 1767 διάστημα
3604 1693 3701 1748 τοῦ

2138 1786 2330 1856 χρόνου
2378 1787 2599 1857 γέγονεν
2644 1788 2836 1844 ἑκατὸν
2868 1789 2961 1862 ἔτη
2995 1790 3155 1861 μέχρι
3188 1788 3281 1843 τοῦ
3318 1786 3703 1858 κατακλυσμοῦ

2143 1878 2282 1932 κατὰ
2312 1879 2417 1932 τῶν
2450 1880 2786 1953 ἁμαρτωλῶν
2817 1881 2924 1935 τῶν
2964 1881 3101 1935 τότε·
3136 1875 3275 1951 ἦσαν
3321 1880 3431 1953 γὰρ
3463 1882 3704 1934 εἰκοσαε-

2140 1969 2270 2031 τείς.
2307 1967 2396 2038 Τῷ
2428 1968 2552 2021 Νῶε
2583 1969 2671 2025 διὰ
2700 1969 3040 2041 δικαιοσύνην
3080 1970 3503 2042 εύαρεστήσαντι
3532 1971 3703 2023 κιὸω-

2140 2057 2233 2110 τὸν
2261 2058 2487 2112 ὑπέθετο
2515 2062 2917 2116 κατασκευάσαι
2939 2061 3088 2125 Θεός’
3116 2062 3208 2114 καὶ
3239 2060 3560 2133 γενομένης,
3591 2062 3705 2115 εἱσ-

2142 2147 2305 2218 ῆλθον
2367 2151 2668 2223 είςαύτὴν,
2697 2152 2857 2216 αὐτός
2886 2169 2946 2205 τε
2971 2151 3115 2217 Νῶε,
3134 2152 3227 2205 καὶ
3249 2153 3296 2205 nl
3325 2152 3450 2216 υἱοὶ,
3480 2154 3513 2224 ἡ
3542 2153 3703 2224 γυνὴ,

477 2244 552 2299 tia
583 2242 1003 2313 fuitprazlixum.
1030 2241 1142 2321 Noe
1157 2255 1286 2295 vero
1318 2240 1388 2294 ob
1417 2238 1747 2307 singularem
1771 2236 2039 2307 justitiam

2143 2236 2238 2292 καὶ
2268 2242 2323 2293 at
2355 2240 2581 2311 νύμφαι,
2614 2242 2707 2295 καὶ
2755 2242 2863 2296 ἀπὸ
2909 2242 3108 2305 παντὸς
3150 2239 3289 2307 ζώου
3330 2241 3588 2314 ἀπαρχὴ,
3623 2244 3705 2307 είς

478 2337 585 2393 sibi
620 2345 834 2407 gratum
874 2350 1055 2389 arcam
1096 2342 1416 2389 construere
1447 2330 1611 2401 jussit
1645 2329 1789 2384 Deus
1818 2347 1832 2384 :
1867 2344 2038 2399 eaque

477 2428 762 2491 absoluta,
806 2426 1033 2497 ingressi
1081 2434 1211 2479 sunt
1248 2422 1302 2478 in
1345 2437 1464 2479 eam
1509 2419 1624 2492 ipse
1666 2416 1779 2476 Noe
1821 2429 1875 2475 et
1904 2420 2035 2485 lilii,

481 2532 621 2572 uxor
650 2526 703 2572 et
738 2530 943 2583 nurus,
978 2523 1032 2570 et
1058 2514 1282 2569 selectae
1313 2511 1557 2583 quaedam
1594 2510 1660 2565 ad
1697 2508 1909 2581 generis
1945 2523 2039 2564 εοο

478 2625 602 2664 rum
659 2608 904 2679 cujusvis
958 2605 1317 2664 conservandi
1370 2600 1625 2659 ﬁduciam
1677 2598 2036 2656 animantium

479 2702 753 2775 primitiae.
786 2699 1109 2756 imminente
1136 2710 1296 2769 porro
1330 2693 1535 2751 diluvio
1564 2707 1737 2748 annos
1764 2691 1890 2746 vita:
1918 2705 2041 2747 sex-

478 2805 666 2871 centos
688 2793 802 2849 Noe
824 2793 937 2864 jam
963 2792 1214 2864 attigerat
1238 2805 1253 2857 ;
1279 2788 1435 2860 aquis
1453 2802 1582 2842 vero
1607 2784 2036 2852 subsidentibus,

478 2889 536 2944 in
568 2887 848 2943 montibus
883 2885 1112 2951 Ararat,
1142 2899 1281 2954 quos
1315 2897 1437 2939 esse
1473 2880 1706 2935 Parthiae
1741 2878 1992 2935 novimus
2020 2920 2036 2946 ,

478 2981 703 3053 quidam
742 2980 869 3035 licet
900 2978 1163 3041 Celaenis,
1198 2977 1283 3032 vel
1316 2977 1371 3031 in
1418 2974 1571 3046 nigra
1624 2972 1856 3045 Phrygia
1907 2987 2040 3028 con-

481 3075 707 3129 tendant
731 3080 944 3128 exstare
978 3071 1166 3142 (locus
1200 3077 1430 3138 uterque
1459 3066 1591 3121 mihi
1628 3066 1694 3121 de
1729 3067 1848 3120 visu
1873 3074 2038 3121 notus

477 3168 626 3236 est),
655 3180 779 3220 arca
810 3164 1070 3221 constitit.
1122 3164 1401 3231 Aquarum
1432 3161 1548 3215 ham
1578 3158 1864 3213 inundatio
1893 3173 2038 3212 anno

2139 2329 2395 2402 διαμονὴν
2421 2332 2516 2385 τοῦ
2546 2332 2753 2402 γένους.
2788 2328 2896 2386 Ἦν
2920 2333 2977 2386 δὲ
3005 2333 3143 2387 ἐτῶν
3174 2331 3466 2397 ἑξακοσίων
3491 2335 3520 2386 ὁ
3551 2333 3700 2396 Νῶε,

2139 2423 2228 2476 ὅτε
2259 2422 2289 2474 ὁ
2312 2424 2692 2496 κατακλυσμὸς
2721 2425 2952 2494 ἐγένετο.
2989 2425 3074 2489 Ὠς
3108 2425 3165 2479 δὲ
3201 2424 3356 2496 ἔληξε
3384 2425 3445 2479 τὸ
3471 2422 3633 2498 ὕδωρ,
3667 2425 3705 2497 ἡ

2143 2514 2374 2577 κιϐωτὸς
2406 2514 2591 2589 ἱδρύθη
2620 2518 2711 2571 ἐπὶ
2741 2517 2810 2571 τὰ
2839 2516 2939 2590 ὅρη
2968 2516 3223 2589 Ἀραρὰτ,
3249 2518 3285 2572 ἆ.
3309 2533 3431 2571 τινα
3457 2517 3613 2589 ἴσμεν
3643 2518 3702 2573 ὲν

2142 2603 2355 2679 Παρθίᾳ
2379 2606 2507 2679 (59)·
2536 2608 2677 2672 τινὲς
2702 2608 2759 2662 δὲ
2789 2610 2847 2662 ἐν
2871 2608 3158 2672 Κελαιναῖς
3185 2607 3284 2678 τῆς
3312 2605 3553 2680 Φρυγίας
3591 2607 3701 2680 (40)

2143 2692 2279 2750 εἷναί
2313 2715 2491 2768 φασινε
2529 2695 2667 2753 εἶδον
2698 2700 2753 2754 δέ
2785 2700 2877 2754 τὸν
2914 2702 3073 2756 τόπον
3120 2699 3396 2773 ἑκάτερον.
3440 2700 3705 2774 Ἐπεκράο

2143 2806 2274 2861 τησε
2297 2789 2353 2843 δὲ
2383 2793 2411 2844 ὁ
2445 2791 2818 2863 κατακλυσμὸς
2849 2790 3113 2848 ἐνιαυτόν·
3156 2793 3251 2846 καὶ
3288 2792 3406 2846 τότε
3434 2791 3700 2866 ἐξηράνθη

2135 2882 2169 2952 ἠ
2199 2882 2290 2952 γῆ.
2326 2884 2386 2936 Oi
2424 2881 2478 2936 δὲ
2507 2882 2809 2951 ἐξελθόντες
2839 2884 2936 2956 τῆς
2973 2880 3204 2938 κιϐωτοῦ
3231 2884 3371 2938 κατὰ
3420 2881 3700 2953 συζυγίας,

2134 2972 2210 3038 ῶς
2242 2972 2387 3027 ἐστιν
2416 2974 2615 3047 εὑρεῖν,
2656 2976 2750 3030 καὶ
2790 2974 2909 3048 οὐχ,
2948 2976 3008 3030 ὸν
3036 2974 3531 3049 είσῆλθον.τρόπον,
3561 2975 3704 3032 κατὰ

2135 3065 2288 3137 γένη,
2318 3065 2659 3136 εὐλογοῦνται
2704 3067 2840 3140 πρὸς
2882 3067 2974 3122 τοῦ
3008 3068 3160 3122 Θεοῦ.
3201 3067 3418 3123 Τούτων
3465 3066 3562 3140 μὲν
3607 3063 3704 3123 οὖν

2135 3158 2363 3212 ἕκαστον
2388 3158 2496 3212 τῶν
2527 3157 2891 3231 διαφερόντων
2922 3174 2974 3214 τι
3009 3159 3278 3231 σημαίνει.

479 3258 693 3327 integro
742 3255 921 3317 stetit,
979 3269 1045 3309 ac
1076 3253 1294 3308 demum
1347 3250 1615 3307 exsiccata
1670 3258 1753 3304 est
1816 3257 1981 3303 terra.
2019 3248 2337 3304 Combinata
2368 3249 2586 3304 demum
2619 3265 2738 3305 mas
2767 3258 2822 3305 et
2854 3249 3086 3314 femina,
3116 3260 3277 3321 prout
3308 3247 3531 3321 reperiri
3565 3265 3703 3307 con-

480 3349 633 3419 tigit,
667 3362 771 3403 non
807 3348 993 3402 ordine
1021 3345 1305 3417 quojuxta
1355 3338 1525 3415 geniis
1571 3342 1829 3398 distincta
1881 3339 2098 3396 fuerant
2156 3341 2436 3411 ingressa,
2489 3357 2555 3396 ex
2625 3356 2752 3397 arca
2813 3343 3131 3414 prodierunt
3190 3341 3485 3396 animantia
3514 3382 3531 3409 ,
3579 3355 3708 3412 qua

479 3440 709 3495 subinde
756 3455 787 3494 a
831 3438 942 3494 Deo
985 3452 1240 3508 prospera
1294 3435 1730 3515 benedictionum
1783 3432 2097 3489 accessione
2126 3433 2513 3489 cumulantur:
2546 3442 2600 3489 et
2647 3447 2833 3489 eorum
2869 3434 3088 3505 quidem
3111 3474 3127 3502 ,
3159 3449 3281 3504 quze
3311 3434 3467 3490 nobis
3493 3435 3706 3490 condu-

478 3541 645 3598 cunt,
676 3530 925 3587 nonnihil
955 3530 1059 3586 ista
1090 3526 1414 3600 signiﬁcant.

1706 3613 1773 3673 γ.
1812 3612 1976 3682 Ibid.,
2017 3631 2139 3687 pag.
2179 3609 2283 3677 83,
2324 3610 2397 3666 al.
2438 3608 2525 3665 67.
2566 3636 2567 3639 η

551 3736 839 3809 Ingruente
881 3734 1085 3792 diluvio
1124 3732 1231 3789 600
1283 3745 1556 3788 annorum
1596 3736 1714 3786 erat
1762 3726 1898 3784 Noe.
1950 3726 2035 3782 Ab

481 3830 689 3886 Adamn
716 3830 883 3901 igitur
918 3843 1110 3884 versus
1138 3823 1252 3882 Noe
1282 3833 1339 3881 et
1380 3824 1646 3880 diluvium
1680 3826 2037 3877 numerantur

480 3922 609 3978 anni
638 3921 800 3976 ἥδε.

2208 3722 2330 3778 Νῶε
2357 3717 2425 3793 ἦν
2450 3720 2585 3774 ἐτῶν
2612 3725 2657 3793 χ’
2691 3720 2780 3774 ὅτε
2818 3721 2846 3774 ὁ
2877 3718 3258 3791 κατακλυσμὸς
3294 3712 3526 3788 ἐγένετο.
3551 3717 3707 3772 Γίνε-

2140 3832 2229 3871 ται
2258 3815 2437 3869 τοίνυν
2473 3812 2580 3866 ἀπὸ
2619 3811 2787 3884 Ἀδὰμ.
2826 3811 2985 3886 μέχρι
3013 3811 3136 3865 Νῶε
3172 3811 3266 3865 καὶ
3307 3810 3399 3864 τοῦ
3432 3809 3706 3865 κατακλυ-

2146 3905 2286 3980 σμοῦ
2320 3904 2484 3978 ,βσξβ’
2507 3904 2621 3976 ετη.

1654 4027 1744 4084 Vl.
1786 4027 1952 4096 Ibid.,
1989 4043 2111 4098 pag.
2144 4023 2247 4092 86,
2288 4025 2364 4079 αι.
2404 4021 2495 4077 68.

548 4151 683 4208 Post
708 4150 971 4206 diluvium
1001 4147 1126 4204 Sem
1157 4147 1344 4217 genuit
1372 4142 1685 4216 Arphaxad.

550 4243 840 4314 Arphaxad
888 4241 1047 4297 annis
1084 4239 1187 4295 155
1232 4247 1394 4294 natus
1440 4235 1626 4309 genuit
1673 4232 1800 4288 Sala
1832 4271 1847 4296 ,
1894 4246 2039 4287 anno

477 4333 641 4389 2397.

591 4334 641 4389 7.

551 4334 679 4481 :ala
750 4425 910 4480 annis
979 4423 1083 4479 150
1151 4437 1312 4479 natus
1368 4419 1554 4493 genuit
1614 4416 1827 4484 Heber,
1891 4429 2038 4471 anno

552 4517 639 4572 27.

552 4518 639 4572 27.

478 4518 730 4663 25[leber
781 4607 942 4663 annis
996 4607 1100 4661 154
1152 4614 1352 4671 natus,
1411 4618 1556 4659 anno
1605 4601 1789 4668 2661,
1857 4586 2044 4674 genuit

481 4701 711 4763 Phalec.
750 4702 830 4757 sic
861 4707 1114 4756 vocatum
1140 4738 1157 4765 ,
1191 4699 1338 4770 quod
1368 4698 1489 4769 ejus
1517 4705 1679 4754 aetate
1716 4696 1888 4754 divisa
1922 4695 2044 4753 fue-

483 4797 556 4852 rit
583 4806 748 4851 terra.

549 4888 751 4943 Phalec
799 4885 958 4941 annis
998 4882 1101 4939 130
1162 4890 1323 4938 natus
1364 4881 1551 4952 genuit
1587 4880 1777 4951 Ragau
1804 4922 1821 4950 ,
1859 4889 1913 4937 et
1949 4896 2043 4937 su-

481 4990 691 5050 perstes
721 4978 880 5033 annis
905 4975 1011 5031 209
1041 4984 1215 5031 morte
1246 4975 1494 5030 sublatus
1524 4982 1628 5059 est.

555 5117 665 5207 (δέ)
696 5132 1064 5218 Μαθορσάμζα
1092 5132 1241 5201 ἐτῶν
1260 5137 1418 5257 pag.
1460 5128 1765 5213 .Legendum
1807 5126 1946 5200 ρπζ’,
1977 5143 2044 5182 ex

555 5208 718 5257 'ncelll
755 5214 1063 5257 testimonio
1094 5205 1315 5257 suadeo.
1397 5202 1555 5257 crtbtt
1589 5215 1731 5255 entm
1768 5215 1891 5257 patr.
1931 5197 2040 5251 l6:

488 5197 718 5273 Svncélli
755 5205 1063 5261 testimonio
1094 5197 1315 5259 Suadeo.
1357 5197 1555 5273 Scribit
1589 5200 1749 5273 (ιιιίηιΔ
1768 5197 1891 5273 pag.
1912 5197 2004 5273 16
2026 5216 2040 5250 :

484 5268 819 5332 Μαθουσάλα
861 5274 1147 5345 γενόμενος
1191 5273 1383 5345 ἑκατὸν
1433 5270 1692 5345 ἐξήκοντα
1731 5267 1871 5322 ἐπτὰ
1908 5267 2045 5345 ἐτῶν

486 5347 740 5417 ἐγέννησε
784 5337 885 5400 τὸν
919 5337 1140 5416 Λάμεχ,
1176 5343 1267 5417 Δτῷ
1315 5337 1572 5417 χιλιαστῷ
1616 5337 2044 5417 τετρακοσιοστῷ

487 5406 834 5487 πεντηκοστῷ
878 5406 1133 5487 τετάρτῷ
1161 5406 1267 5487 ira}
1305 5406 1402 5487 {abs
1438 5406 1661 5487 κόσμου.
1680 5406 1824 5487 ,Ἔινὰ
1847 5408 1903 5461 δὲ
1935 5406 2042 5487 τῶν

484 5477 851 5557 ἀντιγράφων,
885 5485 963 5557 τῷ
993 5477 1263 5555 ἑκατοστῷ
1294 5477 1630 5557 ὀγδοηκοστῷ
1676 5478 1885 5557 ἐᾷδᾴμῳ
1935 5477 2043 5557 ἔτει

487 5504 851 5557 αντιγραφων,
885 5504 915 5538 τ
993 5504 1263 5540 εκατοστω
1294 5504 1630 5552 ογοοηκοστῳ
1676 5504 1885 5548 ευοομῳ
1935 5504 2043 5531 ετει

487 5556 653 5610 αὑτοῦ
680 5504 1004 5609 Μαθουσὸἱλα
1027 5538 1280 5626 φέρουσίν
1308 5553 1404 5626 τῂν
1432 5552 1676 5621 γέννησιν
1708 5548 1916 5619 Λάμεχ.
1949 5543 2044 5611 Οἷς

485 5628 517 5679 ὁ
558 5626 878 5697 Ἀφρικανὸς
912 5624 1293 5697 ἀκολουθήσας.
1325 5624 1496 5697 ϐολιιι.

559 5687 675 5761 (59ῖ
708 5697 768 5748 Ἄ
798 5687 929 5747 τινα
958 5695 1135 5764 ἴσμεν
1159 5687 1228 5748 ἓν
1254 5687 1496 5762 Παρθίᾳ.
1524 5691 1637 5745 lmu
1664 5690 1717 5764 in
1746 5687 1997 5764 Armenia
2025 5705 2039 5743 :

491 5759 598 5822 nisi
646 5764 898 5822 librarius
944 5759 1154 5820 cunctis
1199 5759 1513 5820 auctoribus
1550 5763 1749 5819 certior
1785 5759 2045 5816 vaticine—

2064 4131 2106 4189 C
2209 4137 2364 4193 Μετὰ
2395 4136 2454 4190 δὲ
2484 4149 2575 4189 τον
2612 4133 2990 4205 κατακλυσμὸν
3014 4131 3134 4203 Σὴμ
3163 4131 3421 4201 ἐγέννησε
3449 4127 3539 4182 τὸν
3580 4130 3709 4195 ’Δρ-

2140 4229 2496 4392 “signa;
2543 4317 2837 4389 γενόμενος
2888 4315 3025 4369 ἐτῶν
3075 4314 3181 4388 ρλε⁹
3198 4314 3361 4385 γεννᾷ
3405 4311 3497 4366 τὸν
3539 4310 3706 4378 Σαλὰ,

2135 4413 2324 4485 ιβτιιξ.

2212 4505 2360 4561 Σαλὰ
2393 4505 2681 4577 γενόμενος
2716 4502 2850 4557 ἐτῶν
2888 4501 2964 4575 ρλ’
3001 4501 3163 4571 γεννᾷ
3189 4498 3279 4553 τὸν
3311 4496 3489 4570 Ἐὄὲρ,
3525 4495 3701 4567 βφκζκ

2222 4598 2378 4671 Ἐὁέρ
2396 4597 2679 4667 γενόμενος
2700 4592 2832 4648 ἐτῶν
2863 4592 2967 4665 ρλδ⁷
2993 4591 3156 4661 γεννᾷ
3177 4589 3266 4643 τὸν
3294 4587 3489 4651 Φαλὲκ,
3506 4585 3666 4656 ,βχξω
3682 4597 3700 4615 ⁸

2140 4690 2310 4755 οὕτως
2337 4688 2696 4760 ἐπικληθέντα
2726 4686 2816 4742 διὰ
2852 4685 2942 4739 τὸν
2971 4685 3028 4737 ἐν
3060 4682 3292 4755 ἡμέραις
3322 4677 3484 4735 αὑτοῦ
3548 4692 3706 4749 μερι-

2142 4782 2332 4855 σθῆναι
2366 4782 2465 4854 τὴν
2497 4779 2620 4850 γῆν.

2208 4854 2383 4927 dicit):
2409 4871 2544 4925 ἐτῶν
2577 4871 2652 4943 ρλ¹
2695 4867 2953 4940 ἐγέννησε
2984 4864 3074 4919 τὸν
3107 4861 3308 4932 Ῥαγαῦ
3327 4902 3343 4928 ,
3386 4859 3482 4914 καὶ
3514 4854 3707 4930 ἐπιζή-

2145 4984 2241 5033 σας
2266 4966 2359 5039 ἐτη
2385 4965 2463 5019 σθ’
2485 4964 2848 5037 ἐτελεύτησεν.

2143 5135 2249 5180 tur.
2276 5123 2554 5180 Cedrenus
2573 5137 2641 5176 ex
2668 5119 2900 5189 Georgio
2914 5136 2932 5189 ,ε
2950 5115 3033 5189 Τὰ
3062 5116 3163 5189 ὅρη
3202 5113 3437 5189 Ἀραρριτ
3460 5113 3618 5189 ἴσμεν
3640 5112 3706 5189 ἐν

2143 5136 2249 5180 tur.
2276 5136 2554 5180 ueurenus
2573 5137 2641 5176 ex
2668 5136 2900 5242 ueorgto
2919 5136 2932 5172 :
2952 5136 3033 5171 la
3062 5136 3163 5189 ορη
3216 5136 3437 5187 Αραρατ
3462 5136 3618 5182 ισμεν
3640 5136 3705 5191 5v

2143 5195 2357 5266 Παρθξᾳ
2400 5193 2706 5266 Ἀρμενίες
2736 5207 2817 5266 τιν
2849 5206 2876 5253 ς
2906 5188 2961 5266 δέ
2998 5202 3161 5266 εραςτιν
3206 5188 3262 5266 εγ
3290 5184 3575 5266 Κελᾳιῖαῖς
3605 5195 3705 5266 ‘F‘ls

2142 5252 2401 5387 Φίὺγὶἀς.
2444 5252 2727 5343 Sincellus
2778 5252 2892 5343 ipse
2935 5252 3200 5312 inferius:
3237 5256 3331 5309 ἐπὶ
3372 5253 3442 5308 τὰ
3471 5252 3572 5323 ὅρη
3605 5252 3703 5301 τοῦ

2155 5334 2170 5357 ’
2221 5334 2413 5387 οαοὰτ.
2437 5333 2577 5386 τουτ’
2607 5331 2718 5384 ἐστι
2743 5347 2842 5387 της
2876 5326 3182 5387 Ἀρμενίας.
3213 5329 3292 5379 In.

2216 5326 2413 5476 ράρὰτ,
2437 5326 2577 5386 τοῦτ’
2607 5331 2718 5384 ἐστι
2743 5326 2842 5401 τῆς
2876 5326 3182 5409 Ἀρμενίας..
3213 5329 3292 5379 In.

2236 5405 2335 5480 40)_
2358 5402 2519 5480 Τινες
2555 5401 2622 5455 δὲ
2650 5400 2719 5454 ὲν
2744 5402 3055 5480 Κελᾳινςιις
3092 5415 3201 5480 της
3237 5395 3510 5480 (ἰξουγὶαςἱ
3546 5394 3701 5462 Quod

2142 5464 2387 5544 Phrygia:
2429 5464 2594 5542 nigrm
2637 5486 2795 5544 mon_s
2839 5469 2909 5544 sit
2948 5464 3161 5532 Ararat,
3202 5480 3269 5520 ex
3309 5464 3703 5544 quo__Ma_r_sys_.s

2144 5535 2339 5599 fluvius
2364 5535 2600 5604 emanat,
2639 5549 2712 5604 et,
2743 5539 2942 5594 Ortelio
2976 5548 3127 5602 teste,
3155 5552 3220 5592 ex
3258 5535 3491 5606 oraculis
3524 5535 3705 5606 Sibyl-

2146 5614 2270 5669 linis
2304 5613 2516 5667 dicatur
2551 5611 2605 5665 in
2649 5626 2715 5666 eo
2761 5626 2886 5664 arca
2926 5609 3251 5663 constitisse.
3277 5605 3607 5661 Conciliatas
3628 5605 3703 5659 de

2144 5684 2371 5765 diversis
2400 5683 2609 5765 quibus
2626 5696 2759 5765 arca.
2776 5679 3043 5765 resedisse
3069 5677 3288 5765 rrliciturL
3301 5676 3445 5765 locis
3475 5683 3700 5765 senten-

2146 5756 2250 5811 tias
2278 5754 2391 5826 lege
2413 5742 2555 5809 inter
2581 5750 2764 5806 Allatii
2796 5761 2953 5805 notas
2974 5747 3043 5804 ad
3067 5745 3337 5824 Eustathii
3359 5743 3450 5799 49.
3476 5742 3553 5799 In.
