3990 6214
354 301 401 353 ω
1171 282 1334 349 ουΑι
1378 282 1769 340 ευρειιδυΝΊ

1879 283 1923 338 Χ
1964 283 2191 341 LIBI’JS
2227 283 2625 344 CHBONOGR.
3390 291 3463 348 70

1416 404 1529 460 VII.
1574 405 2018 479 Ibid.,pag.,95,
2056 406 2132 463 al.
2175 407 2262 462 74.

393 523 588 597 τῷπσοξ
634 522 740 577 ἔτει
791 523 878 577 τοῦ
938 523 1142 594 κόσμου
1190 518 1362 596 ἐπέϐη
1405 525 1654 597 ’Δϐραὰμ
1699 526 1795 595 τῆς
1819 575 1867 633 Α

340 617 644 688 ἐπηγγελμένης
670 616 1011 680 Χανανίτιδος
1048 621 1172 691 γῆς.

1965 526 2124 579 Anno
2184 525 2373 580 mundi
2411 525 2573 589 5277,
2636 534 2833 580 terram
2889 524 3301 581 Chananitidem
3352 526 3455 585 sibi

1896 617 2221 687 promissam
2253 616 2531 687 ingressus
2556 624 2638 673 est
2671 617 2970 672 Abraham.

1390 757 1521 813 VIII.
1564 757 1730 824 Ibid.,
1770 773 1893 828 pag.
1933 755 2041 821 99,
2083 754 2156 807 al.
2200 752 2287 809 79.

772 852 902 923 Περὶ
968 851 1232 924 Ἀϐραάμ.

368 964 506 1017 Ἔνθεν
552 965 768 1035 ἄρχεται
820 964 933 1017 τῶν
990 965 1257 1037 Ἐϐραίων
1314 967 1348 1037 ὴ
1410 963 1785 1036 προσωνυμία.

321 1055 492 1126 Ἑϐραῖοι
516 1056 612 1126 γὰρ
664 1056 714 1107 oi
745 1056 983 1123 Περάται
1012 1057 1432 1130 ἐρμηνεύονται,
1466 1059 1513 1111 οἳ
1540 1056 1794 1128 διεπερά-

311 1163 425 1198 eam
451 1146 707 1217 Εὖφράτην
751 1147 889 1215 μετὰ
937 1148 1212 1219 Ἀϐραάμσ
1251 1149 1342 1203 καὶ
1382 1149 1500 1219 οὐχ,
1547 1149 1622 1212 ὡς
1652 1147 1791 1201 οῖον-

305 1238 367 1289 ui
394 1254 522 1301 τινες,
561 1236 660 1289 ἀπὸ
701 1237 860 1307 Ἐϐἐρ
898 1238 993 1290 τοῦ
1031 1239 1444 1311 προειρημένου.
1492 1238 1790 1307 Συνάγεται

301 1327 428 1378 τοίνυν
472 1328 539 1388 εἰς
584 1326 675 1395 τὴν
730 1326 984 1380 ἐπίϐασιν
1041 1327 1139 1396 τῆς
1192 1326 1636 1398 κατηγγελμένης
1685 1327 1787 1397 γῆς

309 1416 495 1487 Ἀϐραὰμ
522 1457 535 1481 ,
572 1417 674 1469 ἀπο
731 1418 831 1488 μὲν
870 1418 965 1471 τοῦ
1030 1418 1410 1489 κατακλυσμοῦ
1471 1419 1566 1470 καὶ
1618 1418 1741 1471 Νῶε
1770 1458 1785 1481 ,

297 1506 446 1574 γενεῶν
480 1507 595 1559 δέκα
638 1506 728 1579 ἐτη
749 1515 903 1573 ,ιιιεν⁸
942 1508 1048 1561 ἀπὸ
1067 1509 1123 1562 δὲ
1156 1508 1325 1579 ’Δδὰμ
1358 1508 1558 1577 γενεῶν
1614 1512 1788 1563 εἴκοσι

295 1600 360 1666 ἐτη
384 1598 496 1665 xci"
523 1597 638 1667 (Il).

2473 848 2548 904 De
2582 848 2875 903 Abraham.

1955 960 2058 1017 Hic
2112 960 2350 1031 primum
2409 976 2604 1016 nomen
2657 960 3007 1016 Hebraeorum
3055 961 3300 1016 auditum
3355 971 3458 1016 est.

1892 1050 2102 1108 Hebraei
2144 1069 2378 1123 namque
2430 1053 2905 1124 Transmigrantes
2953 1063 3318 1123 exponuntur,
3365 1054 3457 1122 qui

1892 1160 2016 1199 cum
2050 1145 2325 1199 Abraham
2362 1144 2697 1214 trajecerunt
2724 1144 3051 1213 Euphratem
3082 1163 3096 1211 ;
3129 1155 3183 1198 et
3216 1161 3323 1199 non
3348 1185 3363 1211 ,
3400 1154 3460 1199 ut

1894 1234 2121 1304 quidam
2162 1244 2475 1302 autumant,
2501 1236 2584 1289 “ab
2615 1234 2790 1290 Heber
2819 1255 2831 1289 :
2864 1236 2929 1290 de
2960 1252 3069 1306 quo
3108 1237 3236 1291 alibi
3276 1253 3457 1293 sermo

1895 1326 2133 1381 habitus.
2174 1327 2221 1379 A
2255 1328 2528 1395 praeterito
2569 1327 2754 1394 itaque
2791 1326 3033 1389 diluvio,
3065 1326 3288 1397 Noeque
3317 1336 3455 1382 temo

1893 1419 2152 1488 poribus,
2192 1420 2367 1489 usque
2406 1419 2474 1473 ad
2506 1419 2813 1488 ingressum
2862 1418 3097 1474 Abrahae
3146 1421 3201 1473 in
3248 1428 3450 1475 terram

1889 1510 2252 1579 promissam,
2293 1510 2703 1581 generationum
2746 1509 2940 1583 decem.
2972 1512 3101 1565 anni
3144 1512 3282 1567 1015
3340 1514 3455 1567 ορ]-

1888 1599 2168 1670 liguntur:
2224 1600 2292 1655 ab
2340 1600 2550 1656 Adamo
2594 1615 2753 1666 vero,
2800 1602 3209 1673 generationum
3263 1602 3453 1674 viginti

1890 1693 2018 1746 anni
2049 1693 2208 1747 5277.

1373 1803 1464 1858 IX.
1509 1803 1673 1866 Ibid.,
1714 1823 1832 1877 pag.
1876 1808 2108 1874 100,af.
2139 1808 2226 1863 80.

1502 1898 1579 1954 De
1618 1900 1891 1957 Abraham
1924 1913 1978 1957 et
2017 1903 2137 1958 Lot.

343 1993 471 2064 Λιμοῦ
498 1993 850 2064 κατασχόντος
879 1992 977 2065 τὴν
1007 1994 1107 2065 γῆν
1147 1994 1244 2066 τὴν
1286 1994 1616 2048 Χανανίτιδα
1654 2013 1769 2048 κατ-

1956 1997 2120 2053 Fame
2145 2014 2240 2068 per
2266 2007 2461 2053 terram
2489 1996 2901 2053 Chananitidem
2928 2013 3213 2070 grassante
3232 2041 3246 2066 ,
3278 2000 3451 2055 Abra-

297 2084 409 2155 ἦλθεν
441 2086 498 2147 είς
539 2086 817 2153 Αἴγυπτον
855 2085 1132 2157 Ἀϐραάμ’
1169 2085 1263 2139 καὶ
1291 2083 1475 2147 δεδιὼς
1511 2084 1584 2155 μὴ
1613 2084 1698 2139 διὰ
1723 2087 1783 2139 τὸ

305 2176 439 2238 κάλλος
458 2176 529 2244 τῆς
556 2175 818 2244 γυναικὸς
848 2176 1127 2247 ἀναιρεθῇ,
1150 2177 1373 2245 ἀδελφὸς
1404 2170 1540 2229 εῖναι
1563 2176 1787 2230 σκέπτε-

304 2283 360 2319 ται
380 2268 487 2335 (41⁸).
504 2267 907 2321 Ἐπαινεθεῖσαν
932 2269 987 2321 δὲ
1014 2270 1248 2338 ⁴ι’λγάγετο
1267 2264 1463 2341 Φαραὼ
1482 2282 1497 2296 ·
1521 2265 1661 2319 οὕτω
1678 2268 1786 2339 γὰρ

294 2358 497 2425 Αἰγύπτιοι
535 2362 658 2423 τοὺς
714 2359 956 2431 βασιλεῖς
1013 2360 1393 2433 ἑρμηνεύουσι.
1447 2365 1557 2418 Καὶ
1600 2365 1628 2416 ὁ
1688 2362 1785 2433 μὲν

290 2448 394 2510 δίκας
425 2450 545 2502 ἔτισε
588 2451 666 2521 τῷ
710 2450 835 2519 Θεῷ
856 2468 870 2482 ο
922 2451 950 2502 ὁ
980 2450 1024 2503 δ’
1057 2450 1171 2519 ἅμα
1201 2455 1313 2515 τοῖς
1348 2452 1496 2517 ίδίοις
1539 2453 1786 2524 Ἀϐραὰμ

287 2540 355 2609 ἤδη
381 2539 582 2594 πλουτῶν
627 2540 1028 2610 ἀπηλλάσσετο.
1088 2542 1175 2593 Ἐν
1220 2542 1440 2596 Χαναὰν
1473 2543 1785 2615 διεπληκτί-

284 2646 395 2682 cava)
432 2633 665 2701 ποιμένες
709 2632 812 2685 τοῦ
868 2631 1148 2703 Ἀϐραὰμ,
1217 2633 1313 2685 καὶ
1352 2632 1445 2687 τοῦ
1478 2634 1633 2699 Λὼτ,
1661 2636 1780 2702 καὶ,

280 2724 459 2787 manu;
480 2724 672 2787 αὑτοῖς,
713 2723 1121 2794 ἐχωρίσθησαν,
1160 2723 1412 2794 ἑλομένου
1450 2722 1571 2777 Λὼτ
1602 2726 1659 2777 ἐν
1685 2726 1783 2778 Σο-

278 2813 405 2881 δόμοις
433 2816 581 2867 οἰκεῖν
608 2815 675 2867 δι’
712 2815 917 2886 ἀρετὴν
948 2815 1040 2869 καὶ
1068 2816 1263 2884 κάλλος
1294 2816 1393 2887 τῆς
1417 2816 1520 2886 γῆς
1553 2816 1782 2888 ἐχούσης

278 2907 386 2956 πέντε
410 2905 587 2969 πόλεις,
632 2906 880 2976 Σόδομα,
913 2906 1197 2978 Γόμορρα,
1257 2907 1465 2977 Ἀδαμὰ
1485 2946 1498 2969 ,
1532 2906 1783 2978 Σεϐοεὶμ,

276 2994 428 3065 Σηγὼρ,
452 2998 535 3049 καὶ
556 2998 853 3061 τοσούτους
878 2997 1133 3066 βασιλεῖς.
1161 2997 1382 3061 Τούτοις
1403 3001 1450 3051 οἱ
1474 2998 1782 3069 πλησιόχω-

273 3103 327 3154 ροι
348 3086 566 3157 τέσσαρες
598 3088 842 3157 βασιλεῖς
886 3087 1076 3160 Σύρων
1104 3088 1469 3160 ἐπολέμησαν,
1501 3086 1574 3143 ὧν
1599 3092 1781 3161 ἡγεῖτο

272 3176 596 3249 Χοδολλογόμορ
644 3178 904 3249 βασιλεὺς
943 3180 1155 3250 Δίλάμ·
1204 3180 1492 3234 συνέϐαλον
1535 3181 1590 3234 δὲ
1632 3182 1781 3256 παρὰ

266 3269 336 3339 τὴν
361 3269 595 3323 Θάλασσαν
646 3271 751 3341 τὴν
800 3270 1011 3343 ἁλικὴν,
1052 3271 1087 3340 ἢ
1117 3271 1361 3325 καλεῖται
1402 3271 1496 3326 νῦν
1544 3272 1777 3327 θάλαττα

1885 2089 2010 2144 ham
2035 2091 2313 2146 descendit
2337 2092 2388 2145 in
2419 2091 2713 2162 Egyptum
2742 2110 2757 2146 :
2788 2102 2841 2148 at
2873 2108 2940 2146 ne
2966 2092 3038 2146 ob
3064 2092 3255 2146 uxoris
3282 2107 3450 2145 venu-

1884 2192 2023 2236 stam
2053 2183 2287 2252 speciem
2328 2184 2687 2252 occideretur,
2726 2184 2910 2240 fratris
2937 2185 3156 2238 nomine
3194 2184 3449 2238 simulate

1885 2283 2110 2343 accepto
2151 2285 2425 2329 servatur.
2464 2274 2654 2329 Saram
2697 2274 2873 2329 forma
2915 2275 3185 2329 laudatam
3225 2274 3449 2327 abducit

1881 2361 2095 2418 Pharao
2121 2384 2133 2418 :
2167 2366 2271 2420 hoc
2305 2367 2504 2435 quippe
2536 2366 2758 2420 nomine
2787 2381 2943 2435 reges
2972 2366 3245 2435 appellant
3276 2364 3445 2437 Egy-

1882 2457 2001 2525 ptii.
2038 2454 2103 2510 Et
2144 2457 2235 2512 ille
2273 2459 2493 2527 quidem
2535 2458 2698 2513 simul
2734 2473 2859 2512 cum
2898 2458 3219 2513 domesticis
3256 2473 3446 2526 poenas

1882 2544 1993 2600 Deo
2023 2549 2185 2603 solvit
2213 2567 2227 2615 ;
2255 2550 2528 2603 Abraham
2562 2566 2692 2604 vero
2717 2565 2840 2603 cum
2871 2548 3138 2603 famulitio
3164 2550 3348 2603 multis
3370 2548 3448 2602 di-

1880 2632 2029 2689 vitiis
2061 2644 2257 2690 auctus
2288 2635 2600 2691 dimittitur.
2636 2636 2891 2692 Pastores
2920 2638 3192 2691 Abraham
3223 2647 3277 2691 et
3305 2636 3443 2691 Loth

1881 2722 2018 2778 rixis
2052 2727 2356 2797 pugnisque
2389 2730 2766 2797 contendunt;
2804 2730 2907 2799 ipsi
2948 2740 3128 2784 tamen
3164 2731 3440 2784 communi

1881 2816 2147 2870 sententia
2202 2827 2525 2887 separantur
2574 2820 2644 2874 ab
2694 2820 2969 2876 invicem:
3025 2819 3163 2874 Loth
3221 2832 3445 2890 propter

1880 2914 2038 2959 terrae
2091 2906 2332 2977 quinque
2382 2910 2697 2966 civitatibus
2751 2911 3041 2979 Sodomis,
3101 2911 3440 2979 Gomorrha,

1879 2994 2123 3062 Adama,
2158 2995 2379 3054 Sehoim
2419 3010 2471 3056 et
2511 3001 2700 3072 Segor,
2738 3002 3074 3071 totidemque
3105 3002 3324 3072 regibus
3356 3003 3442 3056 ἰησ-

1880 3087 2087 3157 signis,
2140 3090 2439 3146 ubertatem
2479 3101 2533 3146 et
2575 3102 2781 3162 gratam
2823 3093 3139 3161 planitiem,
3184 3093 3441 3147 Sodomis

1879 3176 2129 3234 habitare
2164 3180 2440 3252 seligente.
2486 3182 2581 3237 His
2617 3184 2782 3238 vicini
2825 3182 3085 3255 Syrorum
3117 3200 3271 3254 reges
3303 3200 3442 3253 qua-

1882 3276 2027 3336 tuor,
2067 3287 2299 3341 quorum
2333 3275 2441 3328 dux
2484 3276 2791 3346 praecipuus
2830 3285 2947 3331 erat
2982 3276 3440 3346 Chodollogomor

268 3360 420 3431 Νεκρά.
436 3362 512 3414 Ἐν
534 3362 711 3435 ταύτῃ
748 3361 974 3415 πλεῖστα
996 3361 1103 3415 τῶν
1135 3362 1450 3433 θαυμασίων
1475 3363 1769 3436 τεθέαμαι·

1878 3377 1973 3416 rex
2015 3362 2225 3431 Aelam,
2249 3366 2449 3421 bellum
2494 3369 2828 3432 intulerunt;
2857 3378 2911 3423 et
2954 3369 3020 3423 ad
3070 3385 3219 3424 mare
3246 3368 3388 3424 Salis
3411 3411 3427 3435 ,

270 3450 373 3516 ζώων
392 3471 439 3507 τε
466 3455 567 3525 γὰρ
597 3456 758 3508 οὐδὲν
779 3456 954 3508 ἐκεῖνο
978 3455 1038 3508 τὸ
1065 3455 1205 3526 ὕδωρ
1239 3455 1391 3526 φέρει
1416 3473 1429 3486 ’
1466 3456 1560 3510 καὶ
1591 3457 1774 3528 νεκροὶ

275 3543 342 3611 μὲν
363 3545 642 3618 ὑποϐρύχιοι
674 3547 965 3617 φέρονται,
1013 3546 1211 3611 ζῶντες
1250 3546 1306 3598 δὲ
1339 3547 1446 3599 οὐδ’
1481 3547 1546 3601 ἂν
1581 3547 1775 3619 ῥᾳδίως

274 3632 558 3701 βαπτίσαιντο.
630 3638 836 3708 Λύχνοι
896 3638 992 3708 μὲν
1052 3638 1331 3709 καιόμενοι
1401 3637 1771 3711 ἐπιφέρονται,

268 3724 534 3798 σϐεννύμενοι
561 3730 620 3784 δὲ
645 3728 1026 3784 καταδύουσιν.
1070 3729 1332 3783 Ἐνταῦθα
1353 3729 1409 3781 δὲ
1435 3731 1568 3784 εἰσὶν
1592 3733 1647 3784 αἱ
1672 3731 1773 3801 τῆς

261 3818 462 3887 ἀσφάλτου
492 3822 703 3893 πηγαί·
743 3821 896 3891 φέρει
934 3821 989 3875 δὲ
1036 3820 1371 3892 στυπτηρίαν
1401 3820 1496 3873 καὶ⁵
1531 3820 1633 3875 ἅλα
1666 3822 1773 3875 ὀλί-

259 3924 324 3973 γον
359 3913 519 3966 τιτῶν
548 3913 732 3967 ἄλλων
768 3913 1123 3983 διαφέροντα·
1175 3911 1351 3983 πικρά
1402 3930 1461 3964 τε
1506 3912 1612 3983 γάρ
1655 3916 1770 3968 ἐστι

258 4002 320 4051 καὶ
337 4002 499 4075 διαυγῆ
518 4024 531 4035 ο
565 4005 701 4062 ἔνθα
731 4005 774 4059 δ’
800 4005 865 4059 ἃν
893 4004 1102 4076 καρπὸς
1129 4004 1346 4076 εὑρεθῇ,
1373 4004 1580 4058 κάπνου
1611 4006 1769 4060 πλέον

253 4094 497 4163 εὑρίσκεται
524 4098 921 4169 θολερωτάτου.
943 4096 1028 4150 ’Τὸ
1051 4096 1107 4150 δὲ
1137 4096 1279 4168 ὕδωρ
1316 4098 1459 4150 ἰᾶται
1483 4099 1607 4162 τοὺς
1628 4118 1769 4171 χρω-

254 4185 397 4251 μένους
440 4189 603 4258 αὐτῷ,
651 4188 811 4259 λήγει
865 4205 925 4240 τε
970 4187 1138 4241 παντὶ
1203 4186 1356 4241 ῦδατι
1418 4187 1639 4259 πάσχων
1697 4190 1765 4244 τὰ

250 4274 431 4331 {rm-ria.
462 4282 521 4333 Εἰ
551 4280 609 4333 δὲ
657 4281 733 4350 μὴ
779 4279 1051 4349 Ἰορδάνην
1096 4276 1208 4348 εἶχε
1240 4278 1331 4332 τὸν
1377 4281 1619 4350 ποταμὸν
1642 4299 1767 4352 τρο-

252 4366 337 4436 φὴν,
361 4370 423 4432 ὠς
452 4371 743 4443 πορφύραν
780 4371 1158 4440 διατρέφοντα,
1196 4370 1291 4422 καὶ
1324 4370 1415 4422 ἐπὶ
1451 4370 1582 4424 πολὺ
1612 4372 1766 4426 ἀντέ-

249 4473 381 4523 χοντα,
416 4462 598 4533 ἔληξεν
646 4464 714 4516 ἂν
745 4462 937 4516 θᾶττον
974 4462 1007 4532 ἢ
1041 4462 1310 4530 φαίνεται.
1362 4463 1516 4516 Ἔστι
1544 4464 1600 4516 δὲ
1632 4466 1761 4535 παρ’

248 4546 341 4617 αὐτῇ
380 4552 628 4622 πάμπολυ
671 4552 763 4604 τοῦ
813 4551 1090 4622 βαλσάμου
1134 4552 1333 4621 φυτόν·
1376 4552 1679 4607 ὑπονοεῖται
1704 4554 1759 4606 δὲ

246 4637 590 4712 ἀνατετράφθαι
634 4644 741 4698 ὑπὸ
768 4643 862 4697 τοῦ
885 4642 1017 4696 Θεοῦ
1047 4643 1133 4696 διὰ
1159 4643 1255 4715 τὴν
1278 4642 1387 4696 τῶν
1420 4643 1759 4715 περιοικούν-

247 4744 320 4781 tm
341 4734 595 4787 ἀσέϐειαν.

1872 3468 2019 3508 nmc
2048 3452 2352 3519 Morinum,
2398 3472 2594 3511 manus
2627 3467 3038 3513 conseruerunt.
3071 3457 3126 3511 ln
3159 3458 3265 3512 isto
3299 3460 3437 3513 mari

1870 3546 2268 3619 quamplurima
2300 3558 2547 3619 portenta
2577 3550 2697 3605 visu
2744 3552 2906 3621 digna
2946 3551 3255 3606 observavi.
3303 3550 3438 3606 Nul-

1870 3634 1980 3690 lum
2015 3638 2266 3694 animans
2296 3641 2469 3696 nutrit
2493 3642 2614 3711 ejus
2644 3658 2786 3711 aqua
2814 3661 2829 3709 ;
2873 3651 2927 3697 et
2970 3652 3183 3697 mortua
3214 3642 3431 3713 quidem

1868 3726 2128 3781 cadavera
2158 3728 2210 3781 in
2244 3744 2363 3783 eam
2393 3732 2500 3785 cito
2527 3740 2872 3802 merguntur,
2899 3733 3020 3786 viva
3045 3748 3175 3788 vero
3199 3748 3429 3803 corpora

1869 3825 2127 3882 enatant,
2160 3833 2259 3873 nec
2292 3820 2460 3875 imum
2509 3820 2667 3876 facile
2712 3832 2941 3891 petunt;
2988 3823 3136 3877 faces
3181 3824 3434 3883 ardentes

1868 3908 1923 3961 iu
1967 3922 2031 3963 ea
2076 3924 2296 3964 sursum
2333 3910 2605 3975 feruntur,
2655 3914 2939 3968 exstinctae
2983 3923 3322 3982 merguntur.
3372 3916 3430 3973 In

1866 3999 2380 4058 eadem'bituminis
2423 4003 2580 4073 origo
2622 4015 2676 4058 et
2715 4004 2969 4061 ofﬁcina:
3019 4008 3269 4075 producit
3312 4009 3431 4063 alu-

1868 4106 1990 4145 men
2014 4132 2030 4158 ,
2062 4100 2115 4146 et
2148 4108 2382 4163 paucum
2415 4095 2603 4153 salem.
2631 4097 2926 4150 nonnihila
2952 4098 3177 4167 reliquis
3216 4098 3424 4154 discre-

1866 4185 2049 4252 pantia
2078 4202 2093 4250 ;
2124 4202 2311 4242 amara
2343 4197 2473 4243 sunt
2502 4189 2647 4243 enim
2679 4198 2734 4245 et
2763 4190 3053 4259 pellucida.
3106 4188 3428 4261 Ubicunque

1863 4276 2006 4330 circa
2041 4292 2160 4331 eam
2194 4277 2403 4333 fructus
2431 4280 2726 4345 enascitur,
2776 4280 2991 4334 turbido
3034 4288 3243 4334 tantum
3276 4281 3427 4338 fumo

1864 4381 2063 4442 turget.
2096 4372 2251 4443 Aqua
2284 4374 2398 4428 haec
2420 4375 2696 4428 utentibus
2723 4373 3013 4428 admodum
3045 4374 3281 4429 salubris
3304 4386 3386 4432 est
3407 4418 3423 4442 ,

1863 4478 1929 4517 ac
1954 4479 2106 4519 more
2134 4465 2359 4519 cuilibet
2384 4480 2540 4535 aquai
2568 4465 2844 4518 contrario
2871 4466 3175 4520 exsiccatur
3199 4484 3212 4519 :
3243 4475 3296 4520 et
3321 4468 3422 4523 nisi

1861 4553 2153 4610 Iordanem
2175 4556 2244 4610 ad
2272 4557 2443 4610 instar
2467 4556 2688 4611 concha:
2717 4557 3002 4611 nutritium
3028 4565 3083 4611 et
3104 4556 3419 4613 continuum

1863 4646 2141 4701 humorem
2182 4648 2685 4703 subministrantem
2720 4648 2958 4713 haberet,
2991 4665 3055 4705 ac
3086 4651 3227 4705 velut
3247 4652 3423 4706 exsic-

1789 4725 1832 4778 Ι)
1860 4739 2085 4793 catiouis
2106 4739 2348 4808 periculo
2373 4739 2723 4795 obsistentem
2744 4780 2758 4805 ,
2785 4740 2947 4795 citius
2970 4757 3130 4811 quam
3154 4744 3417 4809 videatur,

246 4825 492 4884 defecisset.
545 4831 980 4900 Circumquaque
1036 4845 1145 4885 non
1210 4829 1437 4884 minima
1499 4830 1729 4885 balsami
1780 4833 1980 4901 plantae
2029 4836 2183 4905 copia
2245 4845 2366 4901 est;
2423 4851 2586 4907 quam
2641 4836 2862 4906 quidem
2894 4839 2964 4892 ob
2996 4838 3297 4893 vicinorum
3331 4838 3420 4891 iu-

245 4918 433 4975 mlarum
460 4922 855 4993 improbitatem
884 4939 915 4978 a
948 4923 1055 4978 Deo
1079 4924 1265 4979 dicunt
1301 4922 1637 4993 proﬂigatam
1674 4925 1888 4992 penitus
1922 4935 1976 4980 et
2006 4928 2380 4996 exstirpatam.

1373 5017 1441 5072 Χ.
1481 5016 1647 5079 Ibid.,
1689 5035 1812 5089 pag.
1853 5020 1977 5085 107,
2020 5022 2093 5078 αι.
2134 5021 2223 5077 86.

1455 5112 1530 5167 De
1568 5114 1878 5183 patriarcha
1916 5117 2106 5173 Jacob.

296 5219 348 5273 Ἦ
377 5226 657 5298 ποιμενικὴ
680 5227 793 5299 (42)
840 5228 1010 5300 σκηνὴ
1046 5228 1139 5281 τοῦ
1183 5227 1376 5281 Ἰακὼϐ
1413 5230 1471 5280 ἐν
1526 5228 1745 5299 Ἐδέσσῃ

291 5332 376 5408 (ῌ)
410 5337 547 5404 Ἔτη
587 5338 737 5407 ,τσζὶ
784 5339 1098 5395 Memlosum
1155 5356 1440 5395 numerum
1494 5340 1626 5408 ,γσξ
1684 5341 1739 5394 in

242 5403 359 5479 ,γᾳιζῖ
380 5403 807 5479 εοιηηιυιόηιιυιη
837 5412 981 5479 cogit
1009 5416 1120 5465 haec
1140 5411 1299 5463 ratio.
1325 5412 1368 5463 A
1393 5403 1743 5463 mundi’ortu

240 5470 285 5548 ad
305 5474 544 5548 diluvium
574 5489 817 5533 numerat
848 5470 1135 5535 Africanus
1164 5496 1337 5533 annos
1356 5479 1517 5543 2262,
1541 5480 1742 5548 quibus

241 5539 286 5590 3d
327 5544 543 5597 Abrahae.
586 5552 812 5603 natalem
858 5551 1000 5603 diem
1059 5550 1205 5603 addit
1254 5550 1389 5603 alios
1452 5539 1610 5602 1013.
1662 5548 1743 5602 Ex

242 5616 616 5688 ultaquejgitur
650 5634 861 5673 summa
895 5620 1108 5688 collegit
1136 5619 1291 5686 ,γσοζ’
1329 5620 1487 5674 3277.
1519 5618 1691 5676 Cson.

290 5681 407 5754 (Μ’)
431 5682 589 5742 Forte
619 5691 935 5747 σκήπτεται.
969 5681 1391 5747 ΕοῖτζΡΑτιιοι..

1922 5232 1965 5287 I.
2005 5232 2285 5289 Pastorale
2314 5234 2483 5290 Iacob
2517 5237 2808 5292 tentorium
2847 5250 3019 5305 usque
3054 5234 3120 5289 ad
3154 5234 3410 5291 Antonini

1921 5346 2029 5419 (42)
2086 5349 2145 5403 Ἡ
2195 5364 2421 5417 ποιμεν.
2475 5349 2598 5405 llaec
2640 5358 2694 5404 et
2742 5350 3017 5419 sequentia
3047 5350 3113 5404 de
3144 5347 3310 5404 Jaroh
3342 5351 3412 5409 ab

1846 5415 2104 5490 Africano
2149 5415 2421 5490 enarrata,
2485 5430 2697 5474 exstant
2746 5415 2884 5488 apud
2934 5418 3241 5490 Syneellum
3279 5420 3313 5473 l.
3356 5437 3407 5478 c.

1845 5486 2117 5559 refertque
2145 5486 2382 5559 Scaliger
2400 5490 2451 5543 in
2477 5492 2592 5543 suis
2619 5486 2890 5557 excerptis
2919 5486 3120 5543 Graecis
3144 5490 3405 5547 Eusebia-

1843 5556 2112 5637 nisup'a‘g...
2158 5556 2246 5623 22,
2289 5556 3036 5637 tacito__Syneelli_nomine__:
3083 5562 3242 5637 quod
3272 5577 3411 5632 prau-

1843 5625 1989 5680 teriit
2013 5625 2416 5685 'I‘illemontium
2448 5625 2608 5686 Mém.
2631 5632 2757 5685 eccl.
2788 5640 2917 5687 tom.
2948 5630 3039 5698 lll,
3064 5625 3117 5702 pl
3138 5630 3264 5687 255.
