  <div class='ocr_page' id='page_1' title='image "/cluster/home/n/w/nwhite01/storage/ocr_20150623/10/hvd.32044073501330/051.png"; bbox 0 0 3990 6214; ppageno 0'>
   <div class='ocr_carea' id='block_1_1' title="bbox 436 253 3670 313">
    <p class='ocr_par' dir='ltr' id='par_1_1' title="bbox 436 253 3670 313">
     <span class='ocr_line' id='line_1_1' title="bbox 436 253 3670 313; baseline -0.002 0"><span class='ocrx_word' id='word_1_1' title='bbox 436 256 509 313; x_wconf 78' lang='grc'><strong>67</strong></span> <span class='ocrx_word' id='word_1_2' title='bbox 1769 255 1943 312; x_wconf 81' lang='lat' dir='ltr'><strong>JULll</strong></span> <span class='ocrx_word' id='word_1_3' title='bbox 1978 254 2303 310; x_wconf 74' lang='lat' dir='ltr'><strong>AFRICANI</strong></span> <span class='ocrx_word' id='word_1_4' title='bbox 3599 253 3670 308; x_wconf 78' lang='lat'><em>68</em></span> 
     </span>
    </p>
   </div>
   <div class='ocr_carea' id='block_1_2' title="bbox 505 371 1884 444">
    <p class='ocr_par' dir='ltr' id='par_1_2' title="bbox 505 371 1884 444">
     <span class='ocr_line' id='line_1_2' title="bbox 505 371 1884 444; baseline -0.004 -13"><span class='ocrx_word' id='word_1_5' title='bbox 505 375 719 431; x_wconf 79' lang='lat' dir='ltr'><strong>Cainan</strong></span> <span class='ocrx_word' id='word_1_6' title='bbox 755 384 934 430; x_wconf 84' lang='lat' dir='ltr'><strong>autem</strong></span> <span class='ocrx_word' id='word_1_7' title='bbox 969 389 1236 429; x_wconf 85' lang='lat' dir='ltr'><strong>annorum</strong></span> <span class='ocrx_word' id='word_1_8' title='bbox 1273 374 1375 428; x_wconf 84' lang='grc'><strong>170</strong></span> <span class='ocrx_word' id='word_1_9' title='bbox 1406 374 1592 444; x_wconf 92' lang='lat' dir='ltr'><strong>genuit</strong></span> <span class='ocrx_word' id='word_1_10' title='bbox 1621 371 1884 427; x_wconf 76' lang='lat' dir='ltr'><strong>Malaleel.</strong></span> 
     </span>
    </p>
   </div>
   <div class='ocr_carea' id='block_1_3' title="bbox 507 462 1784 536">
    <p class='ocr_par' dir='ltr' id='par_1_3' title="bbox 507 462 1784 536">
     <span class='ocr_line' id='line_1_3' title="bbox 507 462 1784 536; baseline -0.001 -16"><span class='ocrx_word' id='word_1_11' title='bbox 507 465 751 521; x_wconf 81' lang='lat' dir='ltr'><strong>Malaleel</strong></span> <span class='ocrx_word' id='word_1_12' title='bbox 785 481 917 521; x_wconf 85' lang='lat' dir='ltr'><strong>vero</strong></span> <span class='ocrx_word' id='word_1_13' title='bbox 950 480 1220 520; x_wconf 87' lang='lat' dir='ltr'><strong>annorum</strong></span> <span class='ocrx_word' id='word_1_14' title='bbox 1255 465 1356 520; x_wconf 81' lang='lat' dir='ltr'><strong>l65</strong></span> <span class='ocrx_word' id='word_1_15' title='bbox 1383 465 1571 536; x_wconf 85' lang='lat' dir='ltr'><strong>genuit</strong></span> <span class='ocrx_word' id='word_1_16' title='bbox 1599 462 1784 519; x_wconf 82' lang='lat' dir='ltr'><strong>Jared.</strong></span> 
     </span>
    </p>
   </div>
   <div class='ocr_carea' id='block_1_4' title="bbox 505 557 1473 630">
    <p class='ocr_par' dir='ltr' id='par_1_4' title="bbox 505 557 1473 630">
     <span class='ocr_line' id='line_1_4' title="bbox 505 557 1473 630; baseline -0.002 -16"><span class='ocrx_word' id='word_1_17' title='bbox 505 559 667 615; x_wconf 81' lang='lat' dir='ltr'><strong>Jared</strong></span> <span class='ocrx_word' id='word_1_18' title='bbox 698 560 874 615; x_wconf 70' lang='lat' dir='ltr'><strong>aetatis</strong></span> <span class='ocrx_word' id='word_1_19' title='bbox 905 559 1010 614; x_wconf 68' lang='lat'><strong>{69.</strong></span> <span class='ocrx_word' id='word_1_20' title='bbox 1040 559 1227 630; x_wconf 90' lang='lat' dir='ltr'><strong>genuit</strong></span> <span class='ocrx_word' id='word_1_21' title='bbox 1260 557 1473 613; x_wconf 88' lang='lat' dir='ltr'><strong>Enoch.</strong></span> 
     </span>
    </p>
   </div>
   <div class='ocr_carea' id='block_1_5' title="bbox 508 644 2004 716">
    <p class='ocr_par' dir='ltr' id='par_1_5' title="bbox 508 644 2004 716">
     <span class='ocr_line' id='line_1_5' title="bbox 508 644 2004 716; baseline -0.003 -13"><span class='ocrx_word' id='word_1_22' title='bbox 508 649 696 704; x_wconf 85' lang='lat' dir='ltr'><strong>Enoeh</strong></span> <span class='ocrx_word' id='word_1_23' title='bbox 732 665 861 703; x_wconf 83' lang='lat' dir='ltr'><strong>vero</strong></span> <span class='ocrx_word' id='word_1_24' title='bbox 889 663 1157 702; x_wconf 91' lang='lat' dir='ltr'><strong>annorum</strong></span> <span class='ocrx_word' id='word_1_25' title='bbox 1191 648 1291 702; x_wconf 82' lang='grc'><strong>165</strong></span> <span class='ocrx_word' id='word_1_26' title='bbox 1319 648 1504 716; x_wconf 91' lang='lat' dir='ltr'><strong>genuit</strong></span> <span class='ocrx_word' id='word_1_27' title='bbox 1528 644 1830 701; x_wconf 85' lang='lat' dir='ltr'><strong>Mathusala</strong></span> <span class='ocrx_word' id='word_1_28' title='bbox 1861 665 1872 700; x_wconf 93' lang='lat'>:</span> <span class='ocrx_word' id='word_1_29' title='bbox 1907 663 2004 700; x_wconf 89' lang='lat' dir='ltr'><strong>an-</strong></span> 
     </span>
    </p>
   </div>
   <div class='ocr_carea' id='block_1_6' title="bbox 438 737 2001 811">
    <p class='ocr_par' dir='ltr' id='par_1_6' title="bbox 438 737 2001 811">
     <span class='ocr_line' id='line_1_6' title="bbox 438 737 2001 811; baseline -0.001 -18"><span class='ocrx_word' id='word_1_30' title='bbox 438 741 634 811; x_wconf 80' lang='lat' dir='ltr'><strong>nisque</strong></span> <span class='ocrx_word' id='word_1_31' title='bbox 664 741 911 795; x_wconf 74' lang='lat' dir='ltr'><strong>ducentis</strong></span> <span class='ocrx_word' id='word_1_32' title='bbox 936 748 1210 808; x_wconf 87' lang='lat' dir='ltr'><strong>superstes</strong></span> <span class='ocrx_word' id='word_1_33' title='bbox 1235 754 1358 794; x_wconf 89' lang='lat' dir='ltr'><strong>cum</strong></span> <span class='ocrx_word' id='word_1_34' title='bbox 1389 737 1500 793; x_wconf 88' lang='lat' dir='ltr'><strong>Deo</strong></span> <span class='ocrx_word' id='word_1_35' title='bbox 1528 739 1859 809; x_wconf 78' lang='lat' dir='ltr'><strong>placuisset,</strong></span> <span class='ocrx_word' id='word_1_36' title='bbox 1894 754 2001 792; x_wconf 88' lang='lat' dir='ltr'><strong>non</strong></span> 
     </span>
    </p>
   </div>
   <div class='ocr_carea' id='block_1_7' title="bbox 441 832 978 886">
    <p class='ocr_par' dir='ltr' id='par_1_7' title="bbox 441 832 978 886">
     <span class='ocr_line' id='line_1_7' title="bbox 441 832 978 886; baseline 0 0"><span class='ocrx_word' id='word_1_37' title='bbox 441 832 671 886; x_wconf 88' lang='lat' dir='ltr'><strong>ulterius</strong></span> <span class='ocrx_word' id='word_1_38' title='bbox 697 833 847 886; x_wconf 92' lang='lat' dir='ltr'><strong>visus</strong></span> <span class='ocrx_word' id='word_1_39' title='bbox 875 840 978 886; x_wconf 90' lang='lat' dir='ltr'><strong>est.</strong></span> 
     </span>
    </p>
   </div>
   <div class='ocr_carea' id='block_1_8' title="bbox 510 919 1822 992">
    <p class='ocr_par' dir='ltr' id='par_1_8' title="bbox 510 919 1822 992">
     <span class='ocr_line' id='line_1_8' title="bbox 510 919 1822 992; baseline -0.002 -14"><span class='ocrx_word' id='word_1_40' title='bbox 510 923 812 978; x_wconf 80' lang='lat' dir='ltr'><strong>Mathusala</strong></span> <span class='ocrx_word' id='word_1_41' title='bbox 841 925 999 978; x_wconf 85' lang='lat' dir='ltr'><strong>annis</strong></span> <span class='ocrx_word' id='word_1_42' title='bbox 1031 922 1133 978; x_wconf 87' lang='lat' dir='ltr'><strong>l87</strong></span> <span class='ocrx_word' id='word_1_43' title='bbox 1161 933 1322 978; x_wconf 91' lang='lat' dir='ltr'><strong>natus</strong></span> <span class='ocrx_word' id='word_1_44' title='bbox 1351 931 1537 992; x_wconf 80' lang='lat' dir='ltr'><strong>genuit</strong></span> <span class='ocrx_word' id='word_1_45' title='bbox 1568 919 1822 976; x_wconf 88' lang='lat' dir='ltr'><strong>Lamech.</strong></span> 
     </span>
    </p>
   </div>
   <div class='ocr_carea' id='block_1_9' title="bbox 509 1094 1639 1167">
    <p class='ocr_par' dir='ltr' id='par_1_9' title="bbox 509 1094 1639 1167">
     <span class='ocr_line' id='line_1_9' title="bbox 509 1094 1639 1167; baseline -0.004 -13"><span class='ocrx_word' id='word_1_46' title='bbox 509 1098 742 1154; x_wconf 88' lang='lat' dir='ltr'><strong>Lamech</strong></span> <span class='ocrx_word' id='word_1_47' title='bbox 775 1098 932 1152; x_wconf 89' lang='lat' dir='ltr'><strong>annis</strong></span> <span class='ocrx_word' id='word_1_48' title='bbox 969 1096 1069 1151; x_wconf 89' lang='grc'><strong>188</strong></span> <span class='ocrx_word' id='word_1_49' title='bbox 1100 1109 1260 1151; x_wconf 89' lang='lat' dir='ltr'><strong>natus</strong></span> <span class='ocrx_word' id='word_1_50' title='bbox 1292 1096 1478 1167; x_wconf 83' lang='lat' dir='ltr'><strong>genuit</strong></span> <span class='ocrx_word' id='word_1_51' title='bbox 1508 1094 1639 1149; x_wconf 86' lang='lat' dir='ltr'><strong>Noe.</strong></span> 
     </span>
    </p>
   </div>
   <div class='ocr_carea' id='block_1_10' title="bbox 2029 371 3355 445">
    <p class='ocr_par' dir='ltr' id='par_1_10' title="bbox 2029 371 3355 445">
     <span class='ocr_line' id='line_1_10' title="bbox 2029 371 3355 445; baseline -0.001 -20"><span class='ocrx_word' id='word_1_52' title='bbox 2029 383 2076 431; x_wconf 72' lang='grc' dir='ltr'><strong>Α</strong></span> <span class='ocrx_word' id='word_1_53' title='bbox 2173 374 2381 426; x_wconf 85' lang='grc' dir='ltr'>Καῖνᾶν</span> <span class='ocrx_word' id='word_1_54' title='bbox 2410 372 2465 426; x_wconf 80' lang='grc' dir='ltr'>δὲ</span> <span class='ocrx_word' id='word_1_55' title='bbox 2493 373 2626 427; x_wconf 78' lang='grc' dir='ltr'>ἐτῶν</span> <span class='ocrx_word' id='word_1_56' title='bbox 2659 374 2731 445; x_wconf 84' lang='grc' dir='ltr'>ρο⁸</span> <span class='ocrx_word' id='word_1_57' title='bbox 2757 373 2918 444; x_wconf 76' lang='grc' dir='ltr'>γεννᾷ</span> <span class='ocrx_word' id='word_1_58' title='bbox 2937 372 3026 426; x_wconf 86' lang='grc' dir='ltr'><strong>τὸν</strong></span> <span class='ocrx_word' id='word_1_59' title='bbox 3055 371 3355 444; x_wconf 79' lang='grc' dir='ltr'><strong>Μαλελεήλ.</strong></span> 
     </span>
    </p>
   </div>
   <div class='ocr_carea' id='block_1_11' title="bbox 2172 464 3370 540">
    <p class='ocr_par' dir='ltr' id='par_1_11' title="bbox 2172 464 3370 540">
     <span class='ocr_line' id='line_1_11' title="bbox 2172 464 3370 540; baseline 0 -22"><span class='ocrx_word' id='word_1_60' title='bbox 2172 464 2454 536; x_wconf 81' lang='grc' dir='ltr'>Μαλελεὴλ</span> <span class='ocrx_word' id='word_1_61' title='bbox 2483 465 2539 518; x_wconf 85' lang='grc' dir='ltr'>δὲ</span> <span class='ocrx_word' id='word_1_62' title='bbox 2572 467 2706 520; x_wconf 84' lang='grc' dir='ltr'>ὲτῶν</span> <span class='ocrx_word' id='word_1_63' title='bbox 2736 467 2840 540; x_wconf 86' lang='grc' dir='ltr'>ρξε’</span> <span class='ocrx_word' id='word_1_64' title='bbox 2866 467 3028 537; x_wconf 78' lang='grc' dir='ltr'>γεννᾷ</span> <span class='ocrx_word' id='word_1_65' title='bbox 3054 467 3144 520; x_wconf 84' lang='grc' dir='ltr'><strong>τὸν</strong></span> <span class='ocrx_word' id='word_1_66' title='bbox 3186 466 3370 537; x_wconf 83' lang='grc' dir='ltr'>Ἰάρεδ.</span> 
     </span>
    </p>
   </div>
   <div class='ocr_carea' id='block_1_12' title="bbox 2187 555 3278 630">
    <p class='ocr_par' dir='ltr' id='par_1_12' title="bbox 2187 555 3278 630">
     <span class='ocr_line' id='line_1_12' title="bbox 2187 555 3278 630; baseline 0.002 -22"><span class='ocrx_word' id='word_1_67' title='bbox 2187 555 2360 626; x_wconf 84' lang='grc' dir='ltr'>Ἰἀρεδ</span> <span class='ocrx_word' id='word_1_68' title='bbox 2386 555 2442 609; x_wconf 80' lang='grc' dir='ltr'>δὲ</span> <span class='ocrx_word' id='word_1_69' title='bbox 2468 557 2602 610; x_wconf 77' lang='grc' dir='ltr'>ἐτῶν</span> <span class='ocrx_word' id='word_1_70' title='bbox 2641 558 2751 630; x_wconf 73' lang='grc' dir='ltr'>ρξε’</span> <span class='ocrx_word' id='word_1_71' title='bbox 2774 560 2936 629; x_wconf 78' lang='grc' dir='ltr'>γεννᾷ</span> <span class='ocrx_word' id='word_1_72' title='bbox 2960 558 3052 611; x_wconf 89' lang='grc' dir='ltr'><strong>τὸν</strong></span> <span class='ocrx_word' id='word_1_73' title='bbox 3093 555 3278 628; x_wconf 79' lang='grc' dir='ltr'>Ἑνώχ.</span> 
     </span>
    </p>
   </div>
   <div class='ocr_carea' id='block_1_13' title="bbox 2185 647 3670 721">
    <p class='ocr_par' dir='ltr' id='par_1_13' title="bbox 2185 647 3670 721">
     <span class='ocr_line' id='line_1_13' title="bbox 2185 647 3670 721; baseline 0.003 -21"><span class='ocrx_word' id='word_1_74' title='bbox 2185 647 2352 718; x_wconf 85' lang='grc' dir='ltr'>Ἑνὼχ</span> <span class='ocrx_word' id='word_1_75' title='bbox 2385 648 2441 702; x_wconf 87' lang='grc' dir='ltr'>δὲ</span> <span class='ocrx_word' id='word_1_76' title='bbox 2489 650 2747 721; x_wconf 76' lang='grc' dir='ltr'>ὑπάρχων</span> <span class='ocrx_word' id='word_1_77' title='bbox 2790 651 2926 704; x_wconf 77' lang='grc' dir='ltr'>ἑτῶν</span> <span class='ocrx_word' id='word_1_78' title='bbox 2970 649 3074 721; x_wconf 80' lang='grc' dir='ltr'>ρξε’</span> <span class='ocrx_word' id='word_1_79' title='bbox 3118 652 3280 720; x_wconf 78' lang='grc' dir='ltr'>γεννᾷ</span> <span class='ocrx_word' id='word_1_80' title='bbox 3329 649 3420 704; x_wconf 87' lang='grc' dir='ltr'><strong>τὸν</strong></span> <span class='ocrx_word' id='word_1_81' title='bbox 3453 649 3670 705; x_wconf 84' lang='grc' dir='ltr'>Μαθου-</span> 
     </span>
    </p>
   </div>
   <div class='ocr_carea' id='block_1_14' title="bbox 2070 735 3668 811">
    <p class='ocr_par' dir='ltr' id='par_1_14' title="bbox 2070 735 3668 811">
     <span class='ocr_line' id='line_1_14' title="bbox 2070 735 3668 811; baseline 0.003 -23"><span class='ocrx_word' id='word_1_82' title='bbox 2070 748 2074 753; x_wconf 89' lang='grc'><strong>’</strong></span> <span class='ocrx_word' id='word_1_83' title='bbox 2104 735 2258 792; x_wconf 86' lang='grc' dir='ltr'>σάλα·</span> <span class='ocrx_word' id='word_1_84' title='bbox 2287 738 2380 791; x_wconf 72' lang='grc' dir='ltr'><strong>καὶ</strong></span> <span class='ocrx_word' id='word_1_85' title='bbox 2405 738 2770 810; x_wconf 84' lang='grc' dir='ltr'>εὑαρεστήσας</span> <span class='ocrx_word' id='word_1_86' title='bbox 2798 739 2875 810; x_wconf 84' lang='grc' dir='ltr'><strong>τῷ</strong></span> <span class='ocrx_word' id='word_1_87' title='bbox 2909 739 3047 809; x_wconf 79' lang='grc' dir='ltr'>Θεῷ,</span> <span class='ocrx_word' id='word_1_88' title='bbox 3083 738 3347 810; x_wconf 75' lang='grc' dir='ltr'><strong>ἐπιζήσας</strong></span> <span class='ocrx_word' id='word_1_89' title='bbox 3377 739 3470 810; x_wconf 78' lang='grc' dir='ltr'>ἐτη</span> <span class='ocrx_word' id='word_1_90' title='bbox 3504 747 3548 793; x_wconf 82' lang='grc' dir='ltr'>ο¹</span> <span class='ocrx_word' id='word_1_91' title='bbox 3569 741 3668 811; x_wconf 84' lang='grc' dir='ltr'>οὑχ</span> 
     </span>
    </p>
   </div>
   <div class='ocr_carea' id='block_1_15' title="bbox 2101 827 2400 880">
    <p class='ocr_par' dir='ltr' id='par_1_15' title="bbox 2101 827 2400 880">
     <span class='ocr_line' id='line_1_15' title="bbox 2101 827 2400 880; baseline 0 -1"><span class='ocrx_word' id='word_1_92' title='bbox 2101 827 2400 880; x_wconf 75' lang='grc' dir='ltr'>εὑρίσκετο.</span> 
     </span>
    </p>
   </div>
   <div class='ocr_carea' id='block_1_16' title="bbox 2168 846 3668 990">
    <p class='ocr_par' dir='ltr' id='par_1_16' title="bbox 2168 846 3668 990">
     <span class='ocr_line' id='line_1_16' title="bbox 2206 846 2400 880; baseline 0.005 -2"><span class='ocrx_word' id='word_1_93' title='bbox 2206 846 2400 880; x_wconf 83' lang='grc' dir='ltr'>ισκετο.</span> 
     </span>
     <span class='ocr_line' id='line_1_17' title="bbox 2168 846 3668 990; baseline 0 -20"><span class='ocrx_word' id='word_1_94' title='bbox 2168 846 2498 972; x_wconf 55' lang='grc' dir='ltr'>ῗίαθουσάλα</span> <span class='ocrx_word' id='word_1_95' title='bbox 2529 917 2816 988; x_wconf 83' lang='grc' dir='ltr'>γενόμενος</span> <span class='ocrx_word' id='word_1_96' title='bbox 2841 917 2974 972; x_wconf 74' lang='grc' dir='ltr'>ἑτῶν</span> <span class='ocrx_word' id='word_1_97' title='bbox 2999 923 3124 990; x_wconf 88' lang='grc' dir='ltr'>ρπη⁹</span> <span class='ocrx_word' id='word_1_98' title='bbox 3159 917 3267 990; x_wconf 80' lang='grc'><strong>(58)</strong></span> <span class='ocrx_word' id='word_1_99' title='bbox 3297 919 3551 989; x_wconf 76' lang='grc' dir='ltr'><strong>ἐγέννησε</strong></span> <span class='ocrx_word' id='word_1_100' title='bbox 3577 917 3668 972; x_wconf 88' lang='grc' dir='ltr'><strong>τὸν</strong></span> 
     </span>
    </p>
   </div>
   <div class='ocr_carea' id='block_1_17' title="bbox 2101 1009 2310 1064">
    <p class='ocr_par' dir='ltr' id='par_1_17' title="bbox 2101 1009 2310 1064">
     <span class='ocr_line' id='line_1_18' title="bbox 2101 1009 2310 1064; baseline 0.01 -2"><span class='ocrx_word' id='word_1_101' title='bbox 2101 1009 2310 1064; x_wconf 71' lang='grc' dir='ltr'>Λάιιεγ.</span> 
     </span>
    </p>
   </div>
   <div class='ocr_carea' id='block_1_18' title="bbox 2169 1027 3440 1175">
    <p class='ocr_par' dir='ltr' id='par_1_18' title="bbox 2169 1027 3440 1175">
     <span class='ocr_line' id='line_1_19' title="bbox 2169 1027 2310 1064; baseline 0.021 -3"><span class='ocrx_word' id='word_1_102' title='bbox 2169 1027 2184 1061; x_wconf 91' lang='grc' dir='ltr'><strong>ι</strong></span> <span class='ocrx_word' id='word_1_103' title='bbox 2295 1049 2310 1064; x_wconf 90' lang='grc'><strong>.</strong></span> 
     </span>
     <span class='ocr_line' id='line_1_20' title="bbox 2169 1027 3440 1175; baseline 0.002 -21"><span class='ocrx_word' id='word_1_104' title='bbox 2169 1027 2359 1172; x_wconf 47' lang='grc' dir='ltr'><strong>ῧέεχ</strong></span> <span class='ocrx_word' id='word_1_105' title='bbox 2390 1101 2648 1172; x_wconf 83' lang='grc' dir='ltr'>ὑπάρχων</span> <span class='ocrx_word' id='word_1_106' title='bbox 2678 1102 2814 1156; x_wconf 72' lang='grc' dir='ltr'>ἐτῶν</span> <span class='ocrx_word' id='word_1_107' title='bbox 2845 1108 2967 1175; x_wconf 91' lang='grc' dir='ltr'>ρπη’</span> <span class='ocrx_word' id='word_1_108' title='bbox 3002 1103 3164 1175; x_wconf 82' lang='grc' dir='ltr'>γεννᾷ</span> <span class='ocrx_word' id='word_1_109' title='bbox 3185 1103 3275 1156; x_wconf 79' lang='grc' dir='ltr'><strong>τὸν</strong></span> <span class='ocrx_word' id='word_1_110' title='bbox 3300 1103 3440 1157; x_wconf 84' lang='grc' dir='ltr'>Νῶε.</span> 
     </span>
    </p>
   </div>
   <div class='ocr_carea' id='block_1_19' title="bbox 1526 1227 2756 1302">
    <p class='ocr_par' dir='ltr' id='par_1_19' title="bbox 1526 1227 2756 1302">
     <span class='ocr_line' id='line_1_21' title="bbox 1526 1227 2756 1302; baseline 0.009 -20"><span class='ocrx_word' id='word_1_111' title='bbox 1526 1227 1616 1282; x_wconf 84' lang='lat' dir='ltr'><strong>tv.</strong></span> <span class='ocrx_word' id='word_1_112' title='bbox 1663 1227 1828 1292; x_wconf 82' lang='lat' dir='ltr'><strong>lbid.,</strong></span> <span class='ocrx_word' id='word_1_113' title='bbox 1869 1245 1991 1300; x_wconf 82' lang='lat' dir='ltr'><strong>pag.</strong></span> <span class='ocrx_word' id='word_1_114' title='bbox 2030 1232 2132 1302; x_wconf 75' lang='lat' dir='ltr'><strong>at,</strong></span> <span class='ocrx_word' id='word_1_115' title='bbox 2169 1237 2242 1292; x_wconf 82' lang='lat' dir='ltr'><strong>al.</strong></span> <span class='ocrx_word' id='word_1_116' title='bbox 2290 1237 2373 1293; x_wconf 74' lang='grc' dir='ltr'><strong>ιτ.</strong></span> <span class='ocrx_word' id='word_1_117' title='bbox 2422 1238 2497 1294; x_wconf 89' lang='lat' dir='ltr'><strong>De</strong></span> <span class='ocrx_word' id='word_1_118' title='bbox 2533 1239 2756 1295; x_wconf 84' lang='lat' dir='ltr'><strong>diluvio.</strong></span> 
     </span>
    </p>
   </div>
   <div class='ocr_carea' id='block_1_20' title="bbox 514 1341 2002 1423">
    <p class='ocr_par' dir='ltr' id='par_1_20' title="bbox 514 1341 2002 1423">
     <span class='ocr_line' id='line_1_22' title="bbox 514 1341 2002 1423; baseline -0.003 -22"><span class='ocrx_word' id='word_1_119' title='bbox 514 1346 833 1402; x_wconf 85' lang='lat' dir='ltr'><strong>Universum</strong></span> <span class='ocrx_word' id='word_1_120' title='bbox 865 1342 1223 1423; x_wconf 86' lang='lat' dir='ltr'><strong>animantium</strong></span> <span class='ocrx_word' id='word_1_121' title='bbox 1260 1358 1429 1414; x_wconf 88' lang='lat' dir='ltr'><strong>genus</strong></span> <span class='ocrx_word' id='word_1_122' title='bbox 1460 1342 1618 1412; x_wconf 85' lang='lat' dir='ltr'><strong>aquis</strong></span> <span class='ocrx_word' id='word_1_123' title='bbox 1643 1341 1832 1396; x_wconf 89' lang='lat' dir='ltr'><strong>diluvii</strong></span> <span class='ocrx_word' id='word_1_124' title='bbox 1867 1357 2002 1397; x_wconf 90' lang='lat' dir='ltr'><strong>con-</strong></span> 
     </span>
    </p>
   </div>
   <div class='ocr_carea' id='block_1_21' title="bbox 439 1435 1995 1501">
    <p class='ocr_par' dir='ltr' id='par_1_21' title="bbox 439 1435 1995 1501">
     <span class='ocr_line' id='line_1_23' title="bbox 439 1435 1995 1501; baseline -0.006 -5"><span class='ocrx_word' id='word_1_125' title='bbox 439 1456 714 1496; x_wconf 84' lang='lat' dir='ltr'><strong>summare</strong></span> <span class='ocrx_word' id='word_1_126' title='bbox 735 1438 972 1492; x_wconf 86' lang='lat' dir='ltr'><strong>decrevit</strong></span> <span class='ocrx_word' id='word_1_127' title='bbox 999 1437 1172 1501; x_wconf 87' lang='lat' dir='ltr'><strong>Deus,</strong></span> <span class='ocrx_word' id='word_1_128' title='bbox 1221 1435 1540 1490; x_wconf 90' lang='lat' dir='ltr'><strong>vicesimum</strong></span> <span class='ocrx_word' id='word_1_129' title='bbox 1563 1443 1617 1488; x_wconf 92' lang='lat' dir='ltr'><strong>et</strong></span> <span class='ocrx_word' id='word_1_130' title='bbox 1637 1435 1995 1488; x_wconf 88' lang='lat' dir='ltr'><strong>centesimum</strong></span> 
     </span>
    </p>
   </div>
   <div class='ocr_carea' id='block_1_22' title="bbox 441 1523 1996 1598">
    <p class='ocr_par' dir='ltr' id='par_1_22' title="bbox 441 1523 1996 1598">
     <span class='ocr_line' id='line_1_24' title="bbox 441 1523 1996 1598; baseline -0.004 -11"><span class='ocrx_word' id='word_1_131' title='bbox 441 1548 644 1588; x_wconf 90' lang='lat' dir='ltr'><strong>annum</strong></span> <span class='ocrx_word' id='word_1_132' title='bbox 678 1532 929 1586; x_wconf 86' lang='lat' dir='ltr'><strong>homines</strong></span> <span class='ocrx_word' id='word_1_133' title='bbox 959 1546 1067 1585; x_wconf 90' lang='lat' dir='ltr'><strong>non</strong></span> <span class='ocrx_word' id='word_1_134' title='bbox 1107 1537 1460 1598; x_wconf 82' lang='lat' dir='ltr'><strong>superaturos</strong></span> <span class='ocrx_word' id='word_1_135' title='bbox 1501 1528 1762 1581; x_wconf 90' lang='lat' dir='ltr'><strong>minatus.</strong></span> <span class='ocrx_word' id='word_1_136' title='bbox 1800 1523 1996 1581; x_wconf 84' lang='lat' dir='ltr'><strong>Nullus</strong></span> 
     </span>
    </p>
   </div>
   <div class='ocr_carea' id='block_1_23' title="bbox 439 1617 1998 1695">
    <p class='ocr_par' dir='ltr' id='par_1_23' title="bbox 439 1617 1998 1695">
     <span class='ocr_line' id='line_1_25' title="bbox 439 1617 1998 1695; baseline -0.004 -16"><span class='ocrx_word' id='word_1_137' title='bbox 439 1640 608 1695; x_wconf 90' lang='lat' dir='ltr'><strong>porro</strong></span> <span class='ocrx_word' id='word_1_138' title='bbox 649 1625 848 1679; x_wconf 92' lang='lat' dir='ltr'><strong>dubius</strong></span> <span class='ocrx_word' id='word_1_139' title='bbox 880 1623 1113 1688; x_wconf 67' lang='lat' dir='ltr'><strong>haesitct,</strong></span> <span class='ocrx_word' id='word_1_140' title='bbox 1148 1630 1241 1675; x_wconf 90' lang='lat' dir='ltr'><strong>aut</strong></span> <span class='ocrx_word' id='word_1_141' title='bbox 1278 1620 1631 1690; x_wconf 65' lang='lat' dir='ltr'><strong>qumstionem</strong></span> <span class='ocrx_word' id='word_1_142' title='bbox 1651 1617 1846 1672; x_wconf 82' lang='lat' dir='ltr'><strong>anxius</strong></span> <span class='ocrx_word' id='word_1_143' title='bbox 1877 1634 1998 1672; x_wconf 77' lang='lat' dir='ltr'><strong>mo-</strong></span> 
     </span>
    </p>
   </div>
   <div class='ocr_carea' id='block_1_24' title="bbox 439 1711 1999 1786">
    <p class='ocr_par' dir='ltr' id='par_1_24' title="bbox 439 1711 1999 1786">
     <span class='ocr_line' id='line_1_26' title="bbox 439 1711 1999 1786; baseline -0.004 -16"><span class='ocrx_word' id='word_1_144' title='bbox 439 1727 603 1779; x_wconf 85' lang='lat' dir='ltr'><strong>veat,</strong></span> <span class='ocrx_word' id='word_1_145' title='bbox 660 1717 892 1786; x_wconf 83' lang='lat' dir='ltr'><strong>spatium</strong></span> <span class='ocrx_word' id='word_1_146' title='bbox 941 1715 1046 1768; x_wconf 91' lang='lat' dir='ltr'><strong>hoc</strong></span> <span class='ocrx_word' id='word_1_147' title='bbox 1095 1714 1217 1767; x_wconf 64' lang='lat' dir='ltr'><strong>vitae</strong></span> <span class='ocrx_word' id='word_1_148' title='bbox 1269 1711 1537 1782; x_wconf 82' lang='lat' dir='ltr'><strong>quosdam</strong></span> <span class='ocrx_word' id='word_1_149' title='bbox 1588 1719 1999 1781; x_wconf 69' lang='lat' dir='ltr'><strong>prmtergrcssos</strong></span> 
     </span>
    </p>
   </div>
   <div class='ocr_carea' id='block_1_25' title="bbox 439 1802 1998 1878">
    <p class='ocr_par' dir='ltr' id='par_1_25' title="bbox 439 1802 1998 1878">
     <span class='ocr_line' id='line_1_27' title="bbox 439 1802 1998 1878; baseline -0.005 -14"><span class='ocrx_word' id='word_1_150' title='bbox 439 1810 854 1878; x_wconf 83' lang='lat' dir='ltr'><strong>contemplatus.</strong></span> <span class='ocrx_word' id='word_1_151' title='bbox 905 1805 1108 1860; x_wconf 64' lang='lat' dir='ltr'><strong>Etatis</strong></span> <span class='ocrx_word' id='word_1_152' title='bbox 1162 1805 1363 1875; x_wconf 90' lang='lat' dir='ltr'><strong>quippe</strong></span> <span class='ocrx_word' id='word_1_153' title='bbox 1404 1803 1821 1872; x_wconf 85' lang='lat' dir='ltr'><strong>durationisque</strong></span> <span class='ocrx_word' id='word_1_154' title='bbox 1876 1802 1998 1856; x_wconf 81' lang='lat' dir='ltr'><strong>vitae</strong></span> 
     </span>
    </p>
   </div>
   <div class='ocr_carea' id='block_1_26' title="bbox 439 1896 2000 1972">
    <p class='ocr_par' dir='ltr' id='par_1_26' title="bbox 439 1896 2000 1972">
     <span class='ocr_line' id='line_1_28' title="bbox 439 1896 2000 1972; baseline -0.007 -15"><span class='ocrx_word' id='word_1_155' title='bbox 439 1903 672 1971; x_wconf 84' lang='lat' dir='ltr'><strong>spatium</strong></span> <span class='ocrx_word' id='word_1_156' title='bbox 710 1909 832 1972; x_wconf 89' lang='lat' dir='ltr'><strong>post</strong></span> <span class='ocrx_word' id='word_1_157' title='bbox 868 1901 1013 1956; x_wconf 92' lang='lat' dir='ltr'><strong>solos</strong></span> <span class='ocrx_word' id='word_1_158' title='bbox 1051 1908 1267 1953; x_wconf 88' lang='lat' dir='ltr'><strong>centum</strong></span> <span class='ocrx_word' id='word_1_159' title='bbox 1305 1911 1478 1951; x_wconf 90' lang='lat' dir='ltr'><strong>annos</strong></span> <span class='ocrx_word' id='word_1_160' title='bbox 1517 1896 1722 1950; x_wconf 88' lang='lat' dir='ltr'><strong>diluvio</strong></span> <span class='ocrx_word' id='word_1_161' title='bbox 1762 1896 2000 1948; x_wconf 82' lang='lat' dir='ltr'><strong>instante</strong></span> 
     </span>
    </p>
   </div>
   <div class='ocr_carea' id='block_1_27' title="bbox 441 1988 1998 2060">
    <p class='ocr_par' dir='ltr' id='par_1_27' title="bbox 441 1988 1998 2060">
     <span class='ocr_line' id='line_1_29' title="bbox 441 1988 1998 2060; baseline -0.002 -15"><span class='ocrx_word' id='word_1_162' title='bbox 441 1992 841 2046; x_wconf 89' lang='lat' dir='ltr'><strong>terminandum</strong></span> <span class='ocrx_word' id='word_1_163' title='bbox 860 2033 875 2057; x_wconf 95' lang='lat'><strong>,</strong></span> <span class='ocrx_word' id='word_1_164' title='bbox 906 1989 1283 2060; x_wconf 79' lang='lat' dir='ltr'><strong>peccatoribus</strong></span> <span class='ocrx_word' id='word_1_165' title='bbox 1311 1988 1626 2043; x_wconf 88' lang='lat' dir='ltr'><strong>vicesimum</strong></span> <span class='ocrx_word' id='word_1_166' title='bbox 1657 1988 1769 2056; x_wconf 85' lang='lat' dir='ltr'><strong>jam</strong></span> <span class='ocrx_word' id='word_1_167' title='bbox 1795 2003 1998 2042; x_wconf 90' lang='lat' dir='ltr'><strong>annum</strong></span> 
     </span>
    </p>
   </div>
   <div class='ocr_carea' id='block_1_28' title="bbox 2177 1351 3668 1424">
    <p class='ocr_par' dir='ltr' id='par_1_28' title="bbox 2177 1351 3668 1424">
     <span class='ocr_line' id='line_1_30' title="bbox 2177 1351 3668 1424; baseline 0.004 -20"><span class='ocrx_word' id='word_1_168' title='bbox 2177 1352 2358 1420; x_wconf 83' lang='grc' dir='ltr'><strong>Ἔγνω</strong></span> <span class='ocrx_word' id='word_1_169' title='bbox 2397 1355 2504 1406; x_wconf 79' lang='grc' dir='ltr'><strong>πᾶν</strong></span> <span class='ocrx_word' id='word_1_170' title='bbox 2534 1351 2562 1405; x_wconf 90' lang='lat'><strong>6</strong></span> <span class='ocrx_word' id='word_1_171' title='bbox 2594 1354 2726 1417; x_wconf 84' lang='grc' dir='ltr'>Θεὸς</span> <span class='ocrx_word' id='word_1_172' title='bbox 2751 1353 3008 1421; x_wconf 74' lang='grc' dir='ltr'><strong>ἀφανίσαι</strong></span> <span class='ocrx_word' id='word_1_173' title='bbox 3053 1355 3204 1420; x_wconf 77' lang='grc' dir='ltr'>ζώων</span> <span class='ocrx_word' id='word_1_174' title='bbox 3239 1355 3390 1424; x_wconf 84' lang='grc' dir='ltr'>γένος</span> <span class='ocrx_word' id='word_1_175' title='bbox 3416 1357 3474 1409; x_wconf 83' lang='grc' dir='ltr'>ἐν</span> <span class='ocrx_word' id='word_1_176' title='bbox 3503 1373 3668 1410; x_wconf 85' lang='grc' dir='ltr'>κατα-</span> 
     </span>
    </p>
   </div>
   <div class='ocr_carea' id='block_1_29' title="bbox 2099 1445 3664 1522">
    <p class='ocr_par' dir='ltr' id='par_1_29' title="bbox 2099 1445 3664 1522">
     <span class='ocr_line' id='line_1_31' title="bbox 2099 1445 3664 1522; baseline 0.005 -26"><span class='ocrx_word' id='word_1_177' title='bbox 2099 1445 2343 1516; x_wconf 84' lang='grc' dir='ltr'>κλυσμῷ,</span> <span class='ocrx_word' id='word_1_178' title='bbox 2380 1447 2681 1518; x_wconf 85' lang='grc' dir='ltr'>ἀπειλήσας</span> <span class='ocrx_word' id='word_1_179' title='bbox 2725 1457 2808 1520; x_wconf 86' lang='grc' dir='ltr'><strong>ρκ’</strong></span> <span class='ocrx_word' id='word_1_180' title='bbox 2838 1449 2933 1520; x_wconf 81' lang='grc' dir='ltr'><strong>ἔτη</strong></span> <span class='ocrx_word' id='word_1_181' title='bbox 2963 1450 3060 1520; x_wconf 88' lang='grc' dir='ltr'>οὑχ</span> <span class='ocrx_word' id='word_1_182' title='bbox 3099 1449 3499 1522; x_wconf 69' lang='grc' dir='ltr'>ὑπερϐήσεσθαι</span> <span class='ocrx_word' id='word_1_183' title='bbox 3537 1451 3664 1515; x_wconf 75' lang='grc' dir='ltr'>τοὺς</span> 
     </span>
    </p>
   </div>
   <div class='ocr_carea' id='block_1_30' title="bbox 2097 1534 3665 1610">
    <p class='ocr_par' dir='ltr' id='par_1_30' title="bbox 2097 1534 3665 1610">
     <span class='ocr_line' id='line_1_32' title="bbox 2097 1534 3665 1610; baseline 0.006 -24"><span class='ocrx_word' id='word_1_184' title='bbox 2097 1534 2432 1606; x_wconf 82' lang='grc' dir='ltr'>ἀνθρώπους.</span> <span class='ocrx_word' id='word_1_185' title='bbox 2463 1538 2613 1609; x_wconf 83' lang='grc' dir='ltr'><strong>Μηδὲ</strong></span> <span class='ocrx_word' id='word_1_186' title='bbox 2645 1539 2944 1610; x_wconf 77' lang='grc' dir='ltr'>νομιζέσθω</span> <span class='ocrx_word' id='word_1_187' title='bbox 2969 1540 3208 1610; x_wconf 79' lang='grc' dir='ltr'>ζήτημα,</span> <span class='ocrx_word' id='word_1_188' title='bbox 3241 1540 3329 1595; x_wconf 82' lang='grc' dir='ltr'>διὰ</span> <span class='ocrx_word' id='word_1_189' title='bbox 3357 1539 3418 1592; x_wconf 86' lang='grc' dir='ltr'><strong>τὸ</strong></span> <span class='ocrx_word' id='word_1_190' title='bbox 3445 1539 3665 1595; x_wconf 77' lang='grc' dir='ltr'>πλείονα</span> 
     </span>
    </p>
   </div>
   <div class='ocr_carea' id='block_1_31' title="bbox 2096 1619 3660 1706">
    <p class='ocr_par' dir='ltr' id='par_1_31' title="bbox 2096 1619 3660 1706">
     <span class='ocr_line' id='line_1_33' title="bbox 2096 1619 3660 1706; baseline 0.002 -25"><span class='ocrx_word' id='word_1_191' title='bbox 2096 1629 2286 1699; x_wconf 83' lang='grc' dir='ltr'>χρόνον</span> <span class='ocrx_word' id='word_1_192' title='bbox 2329 1630 2478 1694; x_wconf 74' lang='grc' dir='ltr'>τινας</span> <span class='ocrx_word' id='word_1_193' title='bbox 2511 1619 2732 1703; x_wconf 73' lang='grc' dir='ltr'>ὕστερον</span> <span class='ocrx_word' id='word_1_194' title='bbox 2764 1632 2974 1702; x_wconf 83' lang='grc' dir='ltr'>βιῶναι.</span> <span class='ocrx_word' id='word_1_195' title='bbox 3001 1633 3073 1686; x_wconf 90' lang='grc' dir='ltr'><strong>Τὸ</strong></span> <span class='ocrx_word' id='word_1_196' title='bbox 3101 1633 3208 1706; x_wconf 77' lang='grc' dir='ltr'>γὰρ</span> <span class='ocrx_word' id='word_1_197' title='bbox 3250 1632 3520 1703; x_wconf 83' lang='grc' dir='ltr'>διάστημα</span> <span class='ocrx_word' id='word_1_198' title='bbox 3565 1631 3660 1685; x_wconf 87' lang='grc' dir='ltr'><strong>τοῦ</strong></span> 
     </span>
    </p>
   </div>
   <div class='ocr_carea' id='block_1_32' title="bbox 2100 1722 3662 1798">
    <p class='ocr_par' dir='ltr' id='par_1_32' title="bbox 2100 1722 3662 1798">
     <span class='ocr_line' id='line_1_34' title="bbox 2100 1722 3662 1798; baseline 0.003 -25"><span class='ocrx_word' id='word_1_199' title='bbox 2100 1722 2291 1792; x_wconf 81' lang='grc' dir='ltr'>χρόνου</span> <span class='ocrx_word' id='word_1_200' title='bbox 2340 1723 2560 1793; x_wconf 82' lang='grc' dir='ltr'>γέγονεν</span> <span class='ocrx_word' id='word_1_201' title='bbox 2605 1725 2797 1780; x_wconf 80' lang='grc' dir='ltr'>ἑκατὸν</span> <span class='ocrx_word' id='word_1_202' title='bbox 2830 1726 2922 1798; x_wconf 78' lang='grc' dir='ltr'>ἐτη</span> <span class='ocrx_word' id='word_1_203' title='bbox 2957 1727 3115 1797; x_wconf 78' lang='grc' dir='ltr'>μέχρι</span> <span class='ocrx_word' id='word_1_204' title='bbox 3150 1725 3242 1778; x_wconf 85' lang='grc' dir='ltr'><strong>τοῦ</strong></span> <span class='ocrx_word' id='word_1_205' title='bbox 3279 1724 3662 1795; x_wconf 80' lang='grc' dir='ltr'>κατακλυσμοῦ</span> 
     </span>
    </p>
   </div>
   <div class='ocr_carea' id='block_1_33' title="bbox 2105 1813 3665 1889">
    <p class='ocr_par' dir='ltr' id='par_1_33' title="bbox 2105 1813 3665 1889">
     <span class='ocr_line' id='line_1_35' title="bbox 2105 1813 3665 1889; baseline 0.003 -23"><span class='ocrx_word' id='word_1_206' title='bbox 2105 1815 2243 1868; x_wconf 75' lang='grc' dir='ltr'>κατὰ</span> <span class='ocrx_word' id='word_1_207' title='bbox 2272 1815 2378 1868; x_wconf 83' lang='grc' dir='ltr'><strong>τῶν</strong></span> <span class='ocrx_word' id='word_1_208' title='bbox 2411 1817 2747 1888; x_wconf 82' lang='grc' dir='ltr'>ἁμαρτωλῶν</span> <span class='ocrx_word' id='word_1_209' title='bbox 2779 1817 2885 1871; x_wconf 81' lang='grc' dir='ltr'><strong>τῶν</strong></span> <span class='ocrx_word' id='word_1_210' title='bbox 2925 1818 3062 1870; x_wconf 84' lang='grc' dir='ltr'>τότε·</span> <span class='ocrx_word' id='word_1_211' title='bbox 3097 1813 3236 1887; x_wconf 85' lang='grc' dir='ltr'>ἦσαν</span> <span class='ocrx_word' id='word_1_212' title='bbox 3283 1817 3390 1889; x_wconf 78' lang='grc' dir='ltr'><strong>γὰρ</strong></span> <span class='ocrx_word' id='word_1_213' title='bbox 3424 1819 3665 1871; x_wconf 80' lang='grc' dir='ltr'>εἰκοσαε-</span> 
     </span>
    </p>
   </div>
   <div class='ocr_carea' id='block_1_34' title="bbox 2102 1903 3663 1978">
    <p class='ocr_par' dir='ltr' id='par_1_34' title="bbox 2102 1903 3663 1978">
     <span class='ocr_line' id='line_1_36' title="bbox 2102 1903 3663 1978; baseline 0.003 -24"><span class='ocrx_word' id='word_1_214' title='bbox 2102 1906 2231 1966; x_wconf 85' lang='grc' dir='ltr'>τείς.</span> <span class='ocrx_word' id='word_1_215' title='bbox 2269 1903 2357 1973; x_wconf 80' lang='grc' dir='ltr'><strong>Τῷ</strong></span> <span class='ocrx_word' id='word_1_216' title='bbox 2391 1905 2512 1957; x_wconf 75' lang='grc' dir='ltr'>Νῶε</span> <span class='ocrx_word' id='word_1_217' title='bbox 2544 1905 2631 1960; x_wconf 85' lang='grc' dir='ltr'><strong>διά</strong></span> <span class='ocrx_word' id='word_1_218' title='bbox 2661 1906 3001 1978; x_wconf 85' lang='grc' dir='ltr'>δικαιοσύνην</span> <span class='ocrx_word' id='word_1_219' title='bbox 3042 1907 3464 1978; x_wconf 80' lang='grc' dir='ltr'>εὐαρεστήσαντι</span> <span class='ocrx_word' id='word_1_220' title='bbox 3494 1907 3663 1960; x_wconf 79' lang='grc' dir='ltr'>κιϐω-</span> 
     </span>
    </p>
   </div>
   <div class='ocr_carea' id='block_1_35' title="bbox 2102 1993 3665 2069">
    <p class='ocr_par' dir='ltr' id='par_1_35' title="bbox 2102 1993 3665 2069">
     <span class='ocr_line' id='line_1_37' title="bbox 2102 1993 3665 2069; baseline 0.004 -25"><span class='ocrx_word' id='word_1_221' title='bbox 2102 1993 2194 2045; x_wconf 84' lang='grc' dir='ltr'><strong>τὸν</strong></span> <span class='ocrx_word' id='word_1_222' title='bbox 2222 1995 2448 2048; x_wconf 81' lang='grc' dir='ltr'>ὑπέθετο</span> <span class='ocrx_word' id='word_1_223' title='bbox 2476 1999 2878 2052; x_wconf 78' lang='grc' dir='ltr'>κατασκευάσαι</span> <span class='ocrx_word' id='word_1_224' title='bbox 2900 1997 3049 2060; x_wconf 85' lang='grc' dir='ltr'><strong>Θεὸς·</strong></span> <span class='ocrx_word' id='word_1_225' title='bbox 3077 1999 3168 2050; x_wconf 74' lang='grc' dir='ltr'><strong>καὶ</strong></span> <span class='ocrx_word' id='word_1_226' title='bbox 3200 1997 3522 2069; x_wconf 80' lang='grc' dir='ltr'>γενομένης,</span> <span class='ocrx_word' id='word_1_227' title='bbox 3553 1999 3665 2051; x_wconf 72' lang='grc' dir='ltr'>εἰσ-</span> 
     </span>
    </p>
   </div>
   <div class='ocr_carea' id='block_1_36' title="bbox 440 2080 1999 2160">
    <p class='ocr_par' dir='ltr' id='par_1_36' title="bbox 440 2080 1999 2156">
     <span class='ocr_line' id='line_1_38' title="bbox 440 2080 1999 2156; baseline -0.004 -17"><span class='ocrx_word' id='word_1_228' title='bbox 440 2086 760 2156; x_wconf 90' lang='lat' dir='ltr'><strong>agentibus,</strong></span> <span class='ocrx_word' id='word_1_229' title='bbox 796 2084 850 2136; x_wconf 93' lang='lat' dir='ltr'><strong>in</strong></span> <span class='ocrx_word' id='word_1_230' title='bbox 881 2083 1147 2138; x_wconf 82' lang='lat' dir='ltr'><strong>scelerum</strong></span> <span class='ocrx_word' id='word_1_231' title='bbox 1181 2095 1396 2151; x_wconf 68' lang='lat' dir='ltr'><strong>pinnam</strong></span> <span class='ocrx_word' id='word_1_232' title='bbox 1420 2121 1434 2144; x_wconf 96' lang='lat'><strong>,</strong></span> <span class='ocrx_word' id='word_1_233' title='bbox 1470 2080 1614 2134; x_wconf 85' lang='lat' dir='ltr'><strong>velut</strong></span> <span class='ocrx_word' id='word_1_234' title='bbox 1643 2080 1749 2134; x_wconf 89' lang='lat' dir='ltr'><strong>lata</strong></span> <span class='ocrx_word' id='word_1_235' title='bbox 1783 2088 1999 2134; x_wconf 88' lang='lat' dir='ltr'><strong>senten-</strong></span> 
     </span>
    </p>
   </div>
   <div class='ocr_carea' id='block_1_37' title="bbox 2103 2080 3663 2160">
    <p class='ocr_par' dir='ltr' id='par_1_37' title="bbox 2103 2083 3663 2160">
     <span class='ocr_line' id='line_1_39' title="bbox 2103 2083 3663 2160; baseline 0.004 -25"><span class='ocrx_word' id='word_1_236' title='bbox 2103 2083 2265 2153; x_wconf 70' lang='grc' dir='ltr'>ἦλθον</span> <span class='ocrx_word' id='word_1_237' title='bbox 2328 2087 2406 2149; x_wconf 82' lang='grc' dir='ltr'><strong>είς</strong></span> <span class='ocrx_word' id='word_1_238' title='bbox 2439 2087 2628 2159; x_wconf 77' lang='grc' dir='ltr'>αὑτὴν,</span> <span class='ocrx_word' id='word_1_239' title='bbox 2659 2089 2817 2152; x_wconf 82' lang='grc' dir='ltr'>αὑτός</span> <span class='ocrx_word' id='word_1_240' title='bbox 2847 2106 2905 2141; x_wconf 89' lang='grc' dir='ltr'><strong>τε</strong></span> <span class='ocrx_word' id='word_1_241' title='bbox 2932 2088 3075 2153; x_wconf 85' lang='grc' dir='ltr'>Νῶε,</span> <span class='ocrx_word' id='word_1_242' title='bbox 3095 2088 3187 2141; x_wconf 78' lang='grc' dir='ltr'><strong>καὶ</strong></span> <span class='ocrx_word' id='word_1_243' title='bbox 3209 2090 3257 2141; x_wconf 88' lang='grc' dir='ltr'><strong>οί</strong></span> <span class='ocrx_word' id='word_1_244' title='bbox 3287 2089 3410 2153; x_wconf 77' lang='grc' dir='ltr'>υἱοὶ,</span> <span class='ocrx_word' id='word_1_245' title='bbox 3441 2091 3474 2160; x_wconf 75' lang='grc' dir='ltr'><strong>ἡ</strong></span> <span class='ocrx_word' id='word_1_246' title='bbox 3504 2089 3663 2160; x_wconf 75' lang='grc' dir='ltr'>γυνὴ,</span> 
     </span>
    </p>
   </div>
   <div class='ocr_carea' id='block_1_38' title="bbox 438 2167 1999 2254">
    <p class='ocr_par' dir='ltr' id='par_1_38' title="bbox 438 2172 1999 2254">
     <span class='ocr_line' id='line_1_40' title="bbox 438 2172 1999 2254; baseline -0.004 -22"><span class='ocrx_word' id='word_1_247' title='bbox 438 2178 512 2232; x_wconf 86' lang='lat' dir='ltr'><strong>tia</strong></span> <span class='ocrx_word' id='word_1_248' title='bbox 545 2177 964 2246; x_wconf 68' lang='lat' dir='ltr'><strong>fuitpraeﬁxum.</strong></span> <span class='ocrx_word' id='word_1_249' title='bbox 992 2175 1102 2254; x_wconf 79' lang='lat' dir='ltr'><strong>Noe</strong></span> <span class='ocrx_word' id='word_1_250' title='bbox 1119 2190 1247 2228; x_wconf 84' lang='lat' dir='ltr'><strong>vero</strong></span> <span class='ocrx_word' id='word_1_251' title='bbox 1279 2174 1348 2228; x_wconf 94' lang='lat' dir='ltr'><strong>ob</strong></span> <span class='ocrx_word' id='word_1_252' title='bbox 1378 2172 1707 2241; x_wconf 77' lang='lat' dir='ltr'><strong>singularem</strong></span> <span class='ocrx_word' id='word_1_253' title='bbox 1732 2172 1999 2240; x_wconf 87' lang='lat' dir='ltr'><strong>justitiam</strong></span> 
     </span>
    </p>
   </div>
   <div class='ocr_carea' id='block_1_39' title="bbox 2103 2167 3665 2254">
    <p class='ocr_par' dir='ltr' id='par_1_39' title="bbox 2104 2174 3665 2250">
     <span class='ocr_line' id='line_1_41' title="bbox 2104 2174 3665 2250; baseline 0.004 -24"><span class='ocrx_word' id='word_1_254' title='bbox 2104 2174 2198 2227; x_wconf 76' lang='grc' dir='ltr'><strong>καὶ</strong></span> <span class='ocrx_word' id='word_1_255' title='bbox 2229 2177 2283 2227; x_wconf 91' lang='grc' dir='ltr'><strong>αί</strong></span> <span class='ocrx_word' id='word_1_256' title='bbox 2316 2176 2541 2246; x_wconf 81' lang='grc' dir='ltr'>νύμφαι,</span> <span class='ocrx_word' id='word_1_257' title='bbox 2576 2178 2667 2230; x_wconf 74' lang='grc' dir='ltr'><strong>καὶ</strong></span> <span class='ocrx_word' id='word_1_258' title='bbox 2716 2179 2824 2231; x_wconf 85' lang='grc' dir='ltr'><strong>ἀπὸ</strong></span> <span class='ocrx_word' id='word_1_259' title='bbox 2870 2178 3069 2241; x_wconf 85' lang='grc' dir='ltr'>παντὸς</span> <span class='ocrx_word' id='word_1_260' title='bbox 3111 2176 3249 2242; x_wconf 83' lang='grc' dir='ltr'>ζώου</span> <span class='ocrx_word' id='word_1_261' title='bbox 3291 2177 3548 2250; x_wconf 83' lang='grc' dir='ltr'>ἀπαρχὴ,</span> <span class='ocrx_word' id='word_1_262' title='bbox 3584 2181 3665 2243; x_wconf 86' lang='grc' dir='ltr'><strong>είς</strong></span> 
     </span>
    </p>
   </div>
   <div class='ocr_carea' id='block_1_40' title="bbox 439 2264 1999 2340">
    <p class='ocr_par' dir='ltr' id='par_1_40' title="bbox 439 2264 1999 2340">
     <span class='ocr_line' id='line_1_42' title="bbox 439 2264 1999 2340; baseline -0.004 -16"><span class='ocrx_word' id='word_1_263' title='bbox 439 2270 544 2325; x_wconf 82' lang='lat' dir='ltr'><strong>sibi</strong></span> <span class='ocrx_word' id='word_1_264' title='bbox 581 2280 793 2340; x_wconf 88' lang='lat' dir='ltr'><strong>gratum</strong></span> <span class='ocrx_word' id='word_1_265' title='bbox 834 2285 1015 2323; x_wconf 83' lang='lat' dir='ltr'><strong>arcam</strong></span> <span class='ocrx_word' id='word_1_266' title='bbox 1057 2278 1376 2322; x_wconf 90' lang='lat' dir='ltr'><strong>construere</strong></span> <span class='ocrx_word' id='word_1_267' title='bbox 1408 2265 1572 2336; x_wconf 89' lang='lat' dir='ltr'><strong>jussit</strong></span> <span class='ocrx_word' id='word_1_268' title='bbox 1607 2264 1748 2319; x_wconf 88' lang='lat' dir='ltr'><strong>Deus</strong></span> <span class='ocrx_word' id='word_1_269' title='bbox 1779 2283 1792 2318; x_wconf 88' lang='lat'><strong>:</strong></span> <span class='ocrx_word' id='word_1_270' title='bbox 1828 2279 1999 2333; x_wconf 88' lang='lat' dir='ltr'><strong>eaque</strong></span> 
     </span>
    </p>
   </div>
   <div class='ocr_carea' id='block_1_41' title="bbox 2103 2264 3660 2340">
    <p class='ocr_par' dir='ltr' id='par_1_41' title="bbox 2103 2264 3660 2337">
     <span class='ocr_line' id='line_1_43' title="bbox 2103 2264 3660 2337; baseline 0.004 -21"><span class='ocrx_word' id='word_1_271' title='bbox 2103 2264 2355 2337; x_wconf 77' lang='grc' dir='ltr'>διαμονὴν</span> <span class='ocrx_word' id='word_1_272' title='bbox 2382 2267 2476 2320; x_wconf 83' lang='grc' dir='ltr'><strong>τοῦ</strong></span> <span class='ocrx_word' id='word_1_273' title='bbox 2507 2268 2714 2336; x_wconf 76' lang='grc' dir='ltr'>γένους.</span> <span class='ocrx_word' id='word_1_274' title='bbox 2749 2264 2856 2321; x_wconf 85' lang='grc' dir='ltr'>Ἦν</span> <span class='ocrx_word' id='word_1_275' title='bbox 2881 2270 2937 2322; x_wconf 85' lang='grc' dir='ltr'>δὲ</span> <span class='ocrx_word' id='word_1_276' title='bbox 2966 2270 3102 2323; x_wconf 84' lang='grc' dir='ltr'>ὲτῶν</span> <span class='ocrx_word' id='word_1_277' title='bbox 3135 2267 3427 2333; x_wconf 77' lang='grc' dir='ltr'>ἑξακοσίων</span> <span class='ocrx_word' id='word_1_278' title='bbox 3453 2273 3480 2322; x_wconf 98' lang='lat'><strong>6</strong></span> <span class='ocrx_word' id='word_1_279' title='bbox 3514 2270 3660 2332; x_wconf 83' lang='grc' dir='ltr'>Νῶε,</span> 
     </span>
    </p>
   </div>
   <div class='ocr_carea' id='block_1_42' title="bbox 438 2352 1999 2435">
    <p class='ocr_par' dir='ltr' id='par_1_42' title="bbox 438 2352 1995 2431">
     <span class='ocr_line' id='line_1_44' title="bbox 438 2352 1995 2431; baseline -0.004 -16"><span class='ocrx_word' id='word_1_280' title='bbox 438 2361 722 2424; x_wconf 88' lang='lat' dir='ltr'><strong>absoluta,</strong></span> <span class='ocrx_word' id='word_1_281' title='bbox 767 2359 993 2431; x_wconf 83' lang='lat' dir='ltr'><strong>ingressi</strong></span> <span class='ocrx_word' id='word_1_282' title='bbox 1042 2369 1170 2413; x_wconf 90' lang='lat' dir='ltr'><strong>sunt</strong></span> <span class='ocrx_word' id='word_1_283' title='bbox 1210 2357 1262 2412; x_wconf 93' lang='lat' dir='ltr'><strong>in</strong></span> <span class='ocrx_word' id='word_1_284' title='bbox 1306 2372 1424 2413; x_wconf 90' lang='lat' dir='ltr'><strong>eam</strong></span> <span class='ocrx_word' id='word_1_285' title='bbox 1471 2354 1584 2426; x_wconf 87' lang='lat' dir='ltr'><strong>ipse</strong></span> <span class='ocrx_word' id='word_1_286' title='bbox 1627 2352 1739 2410; x_wconf 85' lang='lat' dir='ltr'><strong>Noe</strong></span> <span class='ocrx_word' id='word_1_287' title='bbox 1782 2364 1836 2410; x_wconf 90' lang='lat' dir='ltr'><strong>et</strong></span> <span class='ocrx_word' id='word_1_288' title='bbox 1864 2355 1995 2419; x_wconf 83' lang='lat' dir='ltr'><strong>ﬁlii,</strong></span> 
     </span>
    </p>
   </div>
   <div class='ocr_carea' id='block_1_43' title="bbox 2103 2352 3664 2435">
    <p class='ocr_par' dir='ltr' id='par_1_43' title="bbox 2103 2357 3664 2435">
     <span class='ocr_line' id='line_1_45' title="bbox 2103 2357 3664 2435; baseline 0.004 -25"><span class='ocrx_word' id='word_1_289' title='bbox 2103 2358 2188 2411; x_wconf 76' lang='grc' dir='ltr'>ὅτε</span> <span class='ocrx_word' id='word_1_290' title='bbox 2220 2357 2248 2409; x_wconf 86' lang='lat'><strong>6</strong></span> <span class='ocrx_word' id='word_1_291' title='bbox 2272 2360 2652 2431; x_wconf 81' lang='grc' dir='ltr'>κατακλυσμὸς</span> <span class='ocrx_word' id='word_1_292' title='bbox 2682 2361 2912 2429; x_wconf 76' lang='grc' dir='ltr'>ἐγένετο.</span> <span class='ocrx_word' id='word_1_293' title='bbox 2950 2362 3036 2424; x_wconf 86' lang='grc' dir='ltr'>Ὠς</span> <span class='ocrx_word' id='word_1_294' title='bbox 3069 2361 3124 2414; x_wconf 82' lang='grc' dir='ltr'><strong>δὲ</strong></span> <span class='ocrx_word' id='word_1_295' title='bbox 3162 2361 3316 2432; x_wconf 79' lang='grc' dir='ltr'>ἔληξε</span> <span class='ocrx_word' id='word_1_296' title='bbox 3345 2361 3405 2415; x_wconf 90' lang='grc' dir='ltr'><strong>τὸ</strong></span> <span class='ocrx_word' id='word_1_297' title='bbox 3431 2360 3593 2435; x_wconf 77' lang='grc' dir='ltr'>ὕδωρ,</span> <span class='ocrx_word' id='word_1_298' title='bbox 3628 2363 3664 2434; x_wconf 81' lang='grc' dir='ltr'>ἡ</span> 
     </span>
    </p>
   </div>
   <div class='ocr_carea' id='block_1_44' title="bbox 442 2443 1999 2525">
    <p class='ocr_par' dir='ltr' id='par_1_44' title="bbox 442 2443 1999 2517">
     <span class='ocr_line' id='line_1_46' title="bbox 442 2443 1999 2517; baseline -0.004 -12"><span class='ocrx_word' id='word_1_299' title='bbox 442 2467 581 2506; x_wconf 79' lang='lat' dir='ltr'><strong>uxor</strong></span> <span class='ocrx_word' id='word_1_300' title='bbox 611 2459 662 2505; x_wconf 90' lang='lat' dir='ltr'><strong>et</strong></span> <span class='ocrx_word' id='word_1_301' title='bbox 699 2465 902 2517; x_wconf 89' lang='lat' dir='ltr'><strong>nurus,</strong></span> <span class='ocrx_word' id='word_1_302' title='bbox 938 2458 991 2504; x_wconf 91' lang='lat' dir='ltr'><strong>et</strong></span> <span class='ocrx_word' id='word_1_303' title='bbox 1018 2448 1242 2502; x_wconf 60' lang='lat' dir='ltr'><strong>‘selecta:</strong></span> <span class='ocrx_word' id='word_1_304' title='bbox 1274 2446 1518 2516; x_wconf 59' lang='lat' dir='ltr'><strong>quaedam</strong></span> <span class='ocrx_word' id='word_1_305' title='bbox 1555 2445 1620 2500; x_wconf 90' lang='lat' dir='ltr'><strong>ad</strong></span> <span class='ocrx_word' id='word_1_306' title='bbox 1658 2443 1870 2515; x_wconf 78' lang='lat' dir='ltr'><strong>generis</strong></span> <span class='ocrx_word' id='word_1_307' title='bbox 1906 2458 1999 2498; x_wconf 80' lang='lat' dir='ltr'><strong>co-</strong></span> 
     </span>
    </p>
   </div>
   <div class='ocr_carea' id='block_1_45' title="bbox 2103 2443 3663 2525">
    <p class='ocr_par' dir='ltr' id='par_1_45' title="bbox 2105 2450 3663 2525">
     <span class='ocr_line' id='line_1_47' title="bbox 2105 2450 3663 2525; baseline 0.004 -22"><span class='ocrx_word' id='word_1_308' title='bbox 2105 2450 2334 2511; x_wconf 79' lang='grc' dir='ltr'>κιϐωτὸς</span> <span class='ocrx_word' id='word_1_309' title='bbox 2367 2451 2550 2524; x_wconf 78' lang='grc' dir='ltr'><strong>ἱδρύθη</strong></span> <span class='ocrx_word' id='word_1_310' title='bbox 2580 2455 2672 2506; x_wconf 76' lang='grc' dir='ltr'><strong>ἐπὶ</strong></span> <span class='ocrx_word' id='word_1_311' title='bbox 2703 2453 2770 2506; x_wconf 80' lang='grc' dir='ltr'>τὰ</span> <span class='ocrx_word' id='word_1_312' title='bbox 2800 2453 2899 2525; x_wconf 75' lang='grc' dir='ltr'>ὄρη</span> <span class='ocrx_word' id='word_1_313' title='bbox 2929 2453 3184 2525; x_wconf 75' lang='grc' dir='ltr'>Ἀραρὰτ,</span> <span class='ocrx_word' id='word_1_314' title='bbox 3211 2455 3245 2508; x_wconf 83' lang='grc' dir='ltr'><strong>ἆ</strong></span> <span class='ocrx_word' id='word_1_315' title='bbox 3271 2471 3390 2508; x_wconf 89' lang='grc' dir='ltr'>τινα</span> <span class='ocrx_word' id='word_1_316' title='bbox 3418 2453 3572 2524; x_wconf 74' lang='grc' dir='ltr'>ἴσμεν</span> <span class='ocrx_word' id='word_1_317' title='bbox 3604 2455 3663 2509; x_wconf 81' lang='grc' dir='ltr'>ὲν</span> 
     </span>
    </p>
   </div>
   <div class='ocr_carea' id='block_1_46' title="bbox 439 2534 1999 2616">
    <p class='ocr_par' dir='ltr' id='par_1_46' title="bbox 439 2534 1996 2612">
     <span class='ocr_line' id='line_1_48' title="bbox 439 2534 1996 2612; baseline -0.005 -16"><span class='ocrx_word' id='word_1_318' title='bbox 439 2559 562 2598; x_wconf 91' lang='lat' dir='ltr'><strong>rum</strong></span> <span class='ocrx_word' id='word_1_319' title='bbox 620 2543 863 2612; x_wconf 85' lang='lat' dir='ltr'><strong>cujusvis</strong></span> <span class='ocrx_word' id='word_1_320' title='bbox 919 2539 1277 2597; x_wconf 88' lang='lat' dir='ltr'><strong>conservandi</strong></span> <span class='ocrx_word' id='word_1_321' title='bbox 1331 2535 1585 2593; x_wconf 73' lang='lat' dir='ltr'><strong>fiduciam</strong></span> <span class='ocrx_word' id='word_1_322' title='bbox 1638 2534 1996 2590; x_wconf 88' lang='lat' dir='ltr'><strong>animantium</strong></span> 
     </span>
    </p>
   </div>
   <div class='ocr_carea' id='block_1_47' title="bbox 2103 2534 3662 2616">
    <p class='ocr_par' dir='ltr' id='par_1_47' title="bbox 2103 2539 3662 2616">
     <span class='ocr_line' id='line_1_49' title="bbox 2103 2539 3662 2616; baseline 0.003 -22"><span class='ocrx_word' id='word_1_323' title='bbox 2103 2539 2314 2614; x_wconf 82' lang='grc' dir='ltr'>Παρθίᾳ</span> <span class='ocrx_word' id='word_1_324' title='bbox 2339 2542 2466 2613; x_wconf 77' lang='grc'><strong>(59)·</strong></span> <span class='ocrx_word' id='word_1_325' title='bbox 2496 2544 2636 2608; x_wconf 84' lang='grc' dir='ltr'>τινὲς</span> <span class='ocrx_word' id='word_1_326' title='bbox 2663 2544 2719 2598; x_wconf 83' lang='grc' dir='ltr'>δὲ</span> <span class='ocrx_word' id='word_1_327' title='bbox 2751 2546 2807 2598; x_wconf 79' lang='grc' dir='ltr'>ἐν</span> <span class='ocrx_word' id='word_1_328' title='bbox 2831 2544 3118 2608; x_wconf 84' lang='grc' dir='ltr'>Κελαιναῖς</span> <span class='ocrx_word' id='word_1_329' title='bbox 3146 2544 3244 2614; x_wconf 80' lang='grc' dir='ltr'>τῆς</span> <span class='ocrx_word' id='word_1_330' title='bbox 3273 2543 3513 2616; x_wconf 80' lang='grc' dir='ltr'>Φρυγίας</span> <span class='ocrx_word' id='word_1_331' title='bbox 3551 2544 3662 2616; x_wconf 73' lang='grc'><strong>(40)</strong></span> 
     </span>
    </p>
   </div>
   <div class='ocr_carea' id='block_1_48' title="bbox 439 2626 2001 2707">
    <p class='ocr_par' dir='ltr' id='par_1_48' title="bbox 439 2626 2001 2707">
     <span class='ocr_line' id='line_1_50' title="bbox 439 2626 2001 2707; baseline -0.008 -16"><span class='ocrx_word' id='word_1_332' title='bbox 439 2637 712 2707; x_wconf 79' lang='lat' dir='ltr'><strong>primitiae.</strong></span> <span class='ocrx_word' id='word_1_333' title='bbox 747 2633 1068 2689; x_wconf 88' lang='lat' dir='ltr'><strong>Imminente</strong></span> <span class='ocrx_word' id='word_1_334' title='bbox 1096 2647 1256 2702; x_wconf 89' lang='lat' dir='ltr'><strong>porro</strong></span> <span class='ocrx_word' id='word_1_335' title='bbox 1291 2628 1496 2684; x_wconf 86' lang='lat' dir='ltr'><strong>diluvio</strong></span> <span class='ocrx_word' id='word_1_336' title='bbox 1525 2643 1697 2682; x_wconf 85' lang='lat' dir='ltr'><strong>annos</strong></span> <span class='ocrx_word' id='word_1_337' title='bbox 1726 2626 1850 2681; x_wconf 69' lang='lat' dir='ltr'><strong>vita:</strong></span> <span class='ocrx_word' id='word_1_338' title='bbox 1879 2641 2001 2680; x_wconf 80' lang='lat' dir='ltr'><strong>sex-</strong></span> 
     </span>
    </p>
   </div>
   <div class='ocr_carea' id='block_1_49' title="bbox 438 2719 1996 2800">
    <p class='ocr_par' dir='ltr' id='par_1_49' title="bbox 438 2719 1996 2800">
     <span class='ocr_line' id='line_1_51' title="bbox 438 2719 1996 2800; baseline -0.007 -15"><span class='ocrx_word' id='word_1_339' title='bbox 438 2740 625 2800; x_wconf 86' lang='lat' dir='ltr'><strong>centos</strong></span> <span class='ocrx_word' id='word_1_340' title='bbox 649 2727 762 2782; x_wconf 86' lang='lat' dir='ltr'><strong>Noe</strong></span> <span class='ocrx_word' id='word_1_341' title='bbox 784 2727 896 2797; x_wconf 89' lang='lat' dir='ltr'><strong>jam</strong></span> <span class='ocrx_word' id='word_1_342' title='bbox 923 2726 1174 2797; x_wconf 84' lang='lat' dir='ltr'><strong>attigerat</strong></span> <span class='ocrx_word' id='word_1_343' title='bbox 1199 2741 1213 2791; x_wconf 91' lang='lat'><strong>;</strong></span> <span class='ocrx_word' id='word_1_344' title='bbox 1240 2723 1395 2794; x_wconf 89' lang='lat' dir='ltr'><strong>aquis</strong></span> <span class='ocrx_word' id='word_1_345' title='bbox 1414 2737 1542 2776; x_wconf 89' lang='lat' dir='ltr'><strong>vero</strong></span> <span class='ocrx_word' id='word_1_346' title='bbox 1568 2719 1996 2786; x_wconf 89' lang='lat' dir='ltr'><strong>subsidentibus,</strong></span> 
     </span>
    </p>
   </div>
   <div class='ocr_carea' id='block_1_50' title="bbox 438 2813 1996 2888">
    <p class='ocr_par' dir='ltr' id='par_1_50' title="bbox 438 2813 1996 2888">
     <span class='ocr_line' id='line_1_52' title="bbox 438 2813 1996 2888; baseline -0.005 -11"><span class='ocrx_word' id='word_1_347' title='bbox 438 2823 495 2877; x_wconf 89' lang='lat' dir='ltr'><strong>in</strong></span> <span class='ocrx_word' id='word_1_348' title='bbox 528 2821 808 2876; x_wconf 87' lang='lat' dir='ltr'><strong>montibus</strong></span> <span class='ocrx_word' id='word_1_349' title='bbox 843 2819 1072 2884; x_wconf 83' lang='lat' dir='ltr'><strong>Ararat,</strong></span> <span class='ocrx_word' id='word_1_350' title='bbox 1102 2833 1241 2888; x_wconf 85' lang='lat' dir='ltr'><strong>quos</strong></span> <span class='ocrx_word' id='word_1_351' title='bbox 1276 2831 1397 2872; x_wconf 89' lang='lat' dir='ltr'><strong>esse</strong></span> <span class='ocrx_word' id='word_1_352' title='bbox 1434 2815 1666 2870; x_wconf 64' lang='lat' dir='ltr'><strong>Parthiae</strong></span> <span class='ocrx_word' id='word_1_353' title='bbox 1702 2813 1951 2869; x_wconf 81' lang='lat' dir='ltr'><strong>novimus</strong></span> <span class='ocrx_word' id='word_1_354' title='bbox 1980 2855 1996 2880; x_wconf 91' lang='lat'><strong>,</strong></span> 
     </span>
    </p>
   </div>
   <div class='ocr_carea' id='block_1_51' title="bbox 437 2907 2000 2986">
    <p class='ocr_par' dir='ltr' id='par_1_51' title="bbox 437 2907 2000 2986">
     <span class='ocr_line' id='line_1_53' title="bbox 437 2907 2000 2986; baseline -0.005 -17"><span class='ocrx_word' id='word_1_355' title='bbox 437 2915 662 2986; x_wconf 88' lang='lat' dir='ltr'><strong>quidam</strong></span> <span class='ocrx_word' id='word_1_356' title='bbox 703 2915 829 2968; x_wconf 91' lang='lat' dir='ltr'><strong>licet</strong></span> <span class='ocrx_word' id='word_1_357' title='bbox 860 2912 1122 2975; x_wconf 72' lang='lat' dir='ltr'><strong>Celmnis,</strong></span> <span class='ocrx_word' id='word_1_358' title='bbox 1159 2912 1242 2966; x_wconf 89' lang='lat' dir='ltr'><strong>vel</strong></span> <span class='ocrx_word' id='word_1_359' title='bbox 1277 2911 1330 2964; x_wconf 89' lang='lat' dir='ltr'><strong>in</strong></span> <span class='ocrx_word' id='word_1_360' title='bbox 1379 2909 1530 2980; x_wconf 91' lang='lat' dir='ltr'><strong>nigra</strong></span> <span class='ocrx_word' id='word_1_361' title='bbox 1585 2907 1816 2979; x_wconf 81' lang='lat' dir='ltr'><strong>Phrygia</strong></span> <span class='ocrx_word' id='word_1_362' title='bbox 1868 2922 2000 2962; x_wconf 93' lang='lat' dir='ltr'><strong>con-</strong></span> 
     </span>
    </p>
   </div>
   <div class='ocr_carea' id='block_1_52' title="bbox 440 3001 1998 3076">
    <p class='ocr_par' dir='ltr' id='par_1_52' title="bbox 440 3001 1998 3076">
     <span class='ocr_line' id='line_1_54' title="bbox 440 3001 1998 3076; baseline -0.004 -14"><span class='ocrx_word' id='word_1_363' title='bbox 440 3009 667 3063; x_wconf 88' lang='lat' dir='ltr'><strong>tendant</strong></span> <span class='ocrx_word' id='word_1_364' title='bbox 691 3015 904 3062; x_wconf 80' lang='lat' dir='ltr'><strong>exstare</strong></span> <span class='ocrx_word' id='word_1_365' title='bbox 939 3005 1126 3076; x_wconf 91' lang='lat' dir='ltr'><strong>(locus</strong></span> <span class='ocrx_word' id='word_1_366' title='bbox 1161 3013 1389 3072; x_wconf 85' lang='lat' dir='ltr'><strong>uterque</strong></span> <span class='ocrx_word' id='word_1_367' title='bbox 1420 3001 1551 3055; x_wconf 92' lang='lat' dir='ltr'><strong>mihi</strong></span> <span class='ocrx_word' id='word_1_368' title='bbox 1588 3001 1653 3056; x_wconf 91' lang='lat' dir='ltr'><strong>de</strong></span> <span class='ocrx_word' id='word_1_369' title='bbox 1690 3001 1808 3054; x_wconf 86' lang='lat' dir='ltr'><strong>visu</strong></span> <span class='ocrx_word' id='word_1_370' title='bbox 1834 3010 1998 3056; x_wconf 92' lang='lat' dir='ltr'><strong>notus</strong></span> 
     </span>
    </p>
   </div>
   <div class='ocr_carea' id='block_1_53' title="bbox 437 3093 1997 3170">
    <p class='ocr_par' dir='ltr' id='par_1_53' title="bbox 437 3093 1997 3170">
     <span class='ocr_line' id='line_1_55' title="bbox 437 3093 1997 3170; baseline -0.005 -15"><span class='ocrx_word' id='word_1_371' title='bbox 437 3101 586 3170; x_wconf 91' lang='lat' dir='ltr'><strong>est),</strong></span> <span class='ocrx_word' id='word_1_372' title='bbox 615 3115 738 3155; x_wconf 89' lang='lat' dir='ltr'><strong>arca</strong></span> <span class='ocrx_word' id='word_1_373' title='bbox 770 3099 1030 3154; x_wconf 90' lang='lat' dir='ltr'><strong>constitit.</strong></span> <span class='ocrx_word' id='word_1_374' title='bbox 1082 3099 1360 3165; x_wconf 85' lang='lat' dir='ltr'><strong>Aquarum</strong></span> <span class='ocrx_word' id='word_1_375' title='bbox 1393 3096 1508 3150; x_wconf 64' lang='lat' dir='ltr'><strong>haec</strong></span> <span class='ocrx_word' id='word_1_376' title='bbox 1539 3093 1824 3148; x_wconf 89' lang='lat' dir='ltr'><strong>inundatio</strong></span> <span class='ocrx_word' id='word_1_377' title='bbox 1853 3109 1997 3147; x_wconf 91' lang='lat' dir='ltr'><strong>anno</strong></span> 
     </span>
    </p>
   </div>
   <div class='ocr_carea' id='block_1_54' title="bbox 2103 2627 3666 2710">
    <p class='ocr_par' dir='ltr' id='par_1_54' title="bbox 2103 2627 3666 2710">
     <span class='ocr_line' id='line_1_56' title="bbox 2103 2627 3666 2710; baseline 0.004 -26"><span class='ocrx_word' id='word_1_378' title='bbox 2103 2627 2238 2685; x_wconf 82' lang='grc' dir='ltr'><strong>εἷναί</strong></span> <span class='ocrx_word' id='word_1_379' title='bbox 2273 2651 2451 2702; x_wconf 82' lang='grc' dir='ltr'>φασιν·</span> <span class='ocrx_word' id='word_1_380' title='bbox 2489 2631 2627 2689; x_wconf 73' lang='grc' dir='ltr'>εἶδον</span> <span class='ocrx_word' id='word_1_381' title='bbox 2659 2637 2713 2689; x_wconf 86' lang='grc' dir='ltr'>δὲ</span> <span class='ocrx_word' id='word_1_382' title='bbox 2746 2637 2837 2690; x_wconf 88' lang='grc' dir='ltr'><strong>τὸν</strong></span> <span class='ocrx_word' id='word_1_383' title='bbox 2875 2639 3034 2691; x_wconf 80' lang='grc' dir='ltr'>τόπον</span> <span class='ocrx_word' id='word_1_384' title='bbox 3080 2636 3356 2709; x_wconf 78' lang='grc' dir='ltr'>ἑκάτερον.</span> <span class='ocrx_word' id='word_1_385' title='bbox 3400 2638 3666 2710; x_wconf 76' lang='grc' dir='ltr'>Ἐπεκράο</span> 
     </span>
    </p>
   </div>
   <div class='ocr_carea' id='block_1_55' title="bbox 2103 2725 3660 2802">
    <p class='ocr_par' dir='ltr' id='par_1_55' title="bbox 2103 2725 3660 2802">
     <span class='ocr_line' id='line_1_57' title="bbox 2103 2725 3660 2802; baseline 0.003 -25"><span class='ocrx_word' id='word_1_386' title='bbox 2103 2741 2232 2796; x_wconf 87' lang='grc' dir='ltr'>τησε</span> <span class='ocrx_word' id='word_1_387' title='bbox 2257 2725 2312 2778; x_wconf 87' lang='grc' dir='ltr'>δὲ</span> <span class='ocrx_word' id='word_1_388' title='bbox 2343 2728 2370 2779; x_wconf 92' lang='lat'><strong>6</strong></span> <span class='ocrx_word' id='word_1_389' title='bbox 2406 2727 2778 2798; x_wconf 86' lang='grc' dir='ltr'>κατακλυσμὸς</span> <span class='ocrx_word' id='word_1_390' title='bbox 2810 2727 3072 2782; x_wconf 75' lang='grc' dir='ltr'>ἐνιαυτόνο</span> <span class='ocrx_word' id='word_1_391' title='bbox 3118 2729 3210 2782; x_wconf 75' lang='grc' dir='ltr'><strong>καὶ</strong></span> <span class='ocrx_word' id='word_1_392' title='bbox 3248 2729 3366 2782; x_wconf 87' lang='grc' dir='ltr'>τότε</span> <span class='ocrx_word' id='word_1_393' title='bbox 3394 2729 3660 2802; x_wconf 72' lang='grc' dir='ltr'>ἐξηράνθη</span> 
     </span>
    </p>
   </div>
   <div class='ocr_carea' id='block_1_56' title="bbox 2096 2817 3660 2891">
    <p class='ocr_par' dir='ltr' id='par_1_56' title="bbox 2096 2817 3660 2891">
     <span class='ocr_line' id='line_1_58' title="bbox 2096 2817 3660 2891; baseline 0.003 -21"><span class='ocrx_word' id='word_1_394' title='bbox 2096 2818 2128 2886; x_wconf 77' lang='grc' dir='ltr'>ἡ</span> <span class='ocrx_word' id='word_1_395' title='bbox 2159 2817 2250 2887; x_wconf 80' lang='grc' dir='ltr'><strong>γῆ.</strong></span> <span class='ocrx_word' id='word_1_396' title='bbox 2286 2819 2346 2871; x_wconf 86' lang='grc' dir='ltr'><strong>Οἱ</strong></span> <span class='ocrx_word' id='word_1_397' title='bbox 2384 2817 2437 2870; x_wconf 88' lang='grc' dir='ltr'>δὲ</span> <span class='ocrx_word' id='word_1_398' title='bbox 2467 2818 2768 2885; x_wconf 80' lang='grc' dir='ltr'>ἐξελθόντες</span> <span class='ocrx_word' id='word_1_399' title='bbox 2799 2821 2896 2891; x_wconf 83' lang='grc' dir='ltr'>τῆς</span> <span class='ocrx_word' id='word_1_400' title='bbox 2934 2819 3164 2874; x_wconf 79' lang='grc' dir='ltr'>κιϐωτοῦ</span> <span class='ocrx_word' id='word_1_401' title='bbox 3191 2821 3331 2874; x_wconf 86' lang='grc' dir='ltr'><strong>κατά</strong></span> <span class='ocrx_word' id='word_1_402' title='bbox 3380 2818 3660 2888; x_wconf 77' lang='grc' dir='ltr'>συζυγίας,</span> 
     </span>
    </p>
   </div>
   <div class='ocr_carea' id='block_1_57' title="bbox 2094 2908 3662 2984">
    <p class='ocr_par' dir='ltr' id='par_1_57' title="bbox 2094 2908 3662 2984">
     <span class='ocr_line' id='line_1_59' title="bbox 2094 2908 3662 2984; baseline 0.004 -24"><span class='ocrx_word' id='word_1_403' title='bbox 2094 2909 2169 2972; x_wconf 69' lang='grc' dir='ltr'>ὡς</span> <span class='ocrx_word' id='word_1_404' title='bbox 2203 2908 2347 2962; x_wconf 73' lang='grc' dir='ltr'>ἐστιν</span> <span class='ocrx_word' id='word_1_405' title='bbox 2376 2910 2575 2982; x_wconf 83' lang='grc' dir='ltr'>εὑρεῖν,</span> <span class='ocrx_word' id='word_1_406' title='bbox 2616 2912 2709 2964; x_wconf 57' lang='grc' dir='ltr'><strong>καὶ⁷</strong></span> <span class='ocrx_word' id='word_1_407' title='bbox 2750 2911 2869 2982; x_wconf 82' lang='grc' dir='ltr'>οὑχ,</span> <span class='ocrx_word' id='word_1_408' title='bbox 2909 2912 2967 2966; x_wconf 80' lang='grc' dir='ltr'>ὃν</span> <span class='ocrx_word' id='word_1_409' title='bbox 2996 2911 3489 2984; x_wconf 83' lang='grc' dir='ltr'>είσῆλθον.τρόπον,</span> <span class='ocrx_word' id='word_1_410' title='bbox 3521 2911 3662 2968; x_wconf 84' lang='grc' dir='ltr'><strong>κατά</strong></span> 
     </span>
    </p>
   </div>
   <div class='ocr_carea' id='block_1_58' title="bbox 2095 2999 3662 3076">
    <p class='ocr_par' dir='ltr' id='par_1_58' title="bbox 2095 2999 3662 3076">
     <span class='ocr_line' id='line_1_60' title="bbox 2095 2999 3662 3076; baseline 0.003 -23"><span class='ocrx_word' id='word_1_411' title='bbox 2095 3001 2248 3072; x_wconf 85' lang='grc' dir='ltr'>γένη,</span> <span class='ocrx_word' id='word_1_412' title='bbox 2277 3001 2618 3071; x_wconf 79' lang='grc' dir='ltr'>εὐλογοῦνται</span> <span class='ocrx_word' id='word_1_413' title='bbox 2665 3003 2799 3074; x_wconf 84' lang='grc' dir='ltr'>πρὸς</span> <span class='ocrx_word' id='word_1_414' title='bbox 2842 3003 2934 3058; x_wconf 88' lang='grc' dir='ltr'><strong>τοῦ</strong></span> <span class='ocrx_word' id='word_1_415' title='bbox 2968 3004 3120 3058; x_wconf 84' lang='grc' dir='ltr'>Θεοῦ.</span> <span class='ocrx_word' id='word_1_416' title='bbox 3162 3003 3377 3058; x_wconf 81' lang='grc' dir='ltr'>Τούτων</span> <span class='ocrx_word' id='word_1_417' title='bbox 3425 3003 3520 3076; x_wconf 74' lang='grc' dir='ltr'><strong>μὲν</strong></span> <span class='ocrx_word' id='word_1_418' title='bbox 3567 2999 3662 3058; x_wconf 84' lang='grc' dir='ltr'><strong>οῦν</strong></span> 
     </span>
    </p>
   </div>
   <div class='ocr_carea' id='block_1_59' title="bbox 2095 3093 3237 3167">
    <p class='ocr_par' dir='ltr' id='par_1_59' title="bbox 2095 3093 3237 3167">
     <span class='ocr_line' id='line_1_61' title="bbox 2095 3093 3237 3167; baseline 0.004 -22"><span class='ocrx_word' id='word_1_419' title='bbox 2095 3093 2322 3147; x_wconf 77' lang='grc' dir='ltr'>ἕκαστον</span> <span class='ocrx_word' id='word_1_420' title='bbox 2348 3093 2455 3147; x_wconf 89' lang='grc' dir='ltr'><strong>τῶν</strong></span> <span class='ocrx_word' id='word_1_421' title='bbox 2487 3094 2851 3167; x_wconf 85' lang='grc' dir='ltr'>διαφερόντων</span> <span class='ocrx_word' id='word_1_422' title='bbox 2882 3110 2933 3149; x_wconf 87' lang='grc' dir='ltr'><strong>τι</strong></span> <span class='ocrx_word' id='word_1_423' title='bbox 2969 3096 3237 3166; x_wconf 85' lang='grc' dir='ltr'>σημαίνει.</span> 
     </span>
    </p>
   </div>
   <div class='ocr_carea' id='block_1_60' title="bbox 438 3183 3662 3260">
    <p class='ocr_par' dir='ltr' id='par_1_60' title="bbox 438 3183 3662 3260">
     <span class='ocr_line' id='line_1_62' title="bbox 438 3183 3662 3260; baseline -0.002 -14"><span class='ocrx_word' id='word_1_424' title='bbox 438 3192 652 3260; x_wconf 86' lang='lat' dir='ltr'><strong>integro</strong></span> <span class='ocrx_word' id='word_1_425' title='bbox 703 3190 880 3251; x_wconf 81' lang='lat' dir='ltr'><strong>stetit,</strong></span> <span class='ocrx_word' id='word_1_426' title='bbox 940 3203 1004 3243; x_wconf 87' lang='lat' dir='ltr'><strong>ac</strong></span> <span class='ocrx_word' id='word_1_427' title='bbox 1036 3187 1254 3242; x_wconf 90' lang='lat' dir='ltr'><strong>demum</strong></span> <span class='ocrx_word' id='word_1_428' title='bbox 1307 3185 1574 3241; x_wconf 81' lang='lat' dir='ltr'><strong>exsiccata</strong></span> <span class='ocrx_word' id='word_1_429' title='bbox 1630 3194 1713 3240; x_wconf 90' lang='lat' dir='ltr'><strong>est</strong></span> <span class='ocrx_word' id='word_1_430' title='bbox 1777 3193 1940 3238; x_wconf 92' lang='lat' dir='ltr'><strong>terra.</strong></span> <span class='ocrx_word' id='word_1_431' title='bbox 1979 3183 2296 3238; x_wconf 87' lang='lat' dir='ltr'><strong>Combinata</strong></span> <span class='ocrx_word' id='word_1_432' title='bbox 2327 3184 2546 3239; x_wconf 89' lang='lat' dir='ltr'><strong>demum</strong></span> <span class='ocrx_word' id='word_1_433' title='bbox 2579 3201 2698 3240; x_wconf 89' lang='lat' dir='ltr'><strong>mas</strong></span> <span class='ocrx_word' id='word_1_434' title='bbox 2727 3194 2781 3240; x_wconf 90' lang='lat' dir='ltr'><strong>et</strong></span> <span class='ocrx_word' id='word_1_435' title='bbox 2815 3185 3045 3249; x_wconf 82' lang='lat' dir='ltr'><strong>femina,</strong></span> <span class='ocrx_word' id='word_1_436' title='bbox 3076 3196 3234 3256; x_wconf 90' lang='lat' dir='ltr'><strong>prout</strong></span> <span class='ocrx_word' id='word_1_437' title='bbox 3267 3185 3490 3256; x_wconf 90' lang='lat' dir='ltr'><strong>reperiri</strong></span> <span class='ocrx_word' id='word_1_438' title='bbox 3524 3201 3662 3242; x_wconf 79' lang='lat' dir='ltr'><strong>con-</strong></span> 
     </span>
    </p>
   </div>
   <div class='ocr_carea' id='block_1_61' title="bbox 440 3273 3666 3353">
    <p class='ocr_par' dir='ltr' id='par_1_61' title="bbox 440 3273 3666 3353">
     <span class='ocr_line' id='line_1_63' title="bbox 440 3273 3666 3353; baseline -0.002 -16"><span class='ocrx_word' id='word_1_439' title='bbox 440 3283 592 3353; x_wconf 90' lang='lat' dir='ltr'><strong>tigit,</strong></span> <span class='ocrx_word' id='word_1_440' title='bbox 627 3297 731 3336; x_wconf 82' lang='lat' dir='ltr'><strong>non</strong></span> <span class='ocrx_word' id='word_1_441' title='bbox 767 3283 952 3336; x_wconf 90' lang='lat' dir='ltr'><strong>ordine</strong></span> <span class='ocrx_word' id='word_1_442' title='bbox 981 3281 1264 3352; x_wconf 81' lang='lat' dir='ltr'><strong>quojuxta</strong></span> <span class='ocrx_word' id='word_1_443' title='bbox 1315 3273 1484 3350; x_wconf 77' lang='lat' dir='ltr'><strong>geniis</strong></span> <span class='ocrx_word' id='word_1_444' title='bbox 1531 3277 1788 3332; x_wconf 89' lang='lat' dir='ltr'><strong>distincta</strong></span> <span class='ocrx_word' id='word_1_445' title='bbox 1840 3275 2056 3331; x_wconf 85' lang='lat' dir='ltr'><strong>fuerant</strong></span> <span class='ocrx_word' id='word_1_446' title='bbox 2116 3277 2395 3346; x_wconf 86' lang='lat' dir='ltr'><strong>ingressa,</strong></span> <span class='ocrx_word' id='word_1_447' title='bbox 2448 3293 2514 3332; x_wconf 84' lang='lat' dir='ltr'><strong>ex</strong></span> <span class='ocrx_word' id='word_1_448' title='bbox 2585 3292 2711 3332; x_wconf 86' lang='lat' dir='ltr'><strong>arca</strong></span> <span class='ocrx_word' id='word_1_449' title='bbox 2773 3278 3090 3349; x_wconf 84' lang='lat' dir='ltr'><strong>prodierunt</strong></span> <span class='ocrx_word' id='word_1_450' title='bbox 3149 3278 3490 3345; x_wconf 87' lang='lat' dir='ltr'><strong>animantia,</strong></span> <span class='ocrx_word' id='word_1_451' title='bbox 3540 3292 3666 3348; x_wconf 62' lang='lat' dir='ltr'><strong>qua</strong></span> 
     </span>
    </p>
   </div>
   <div class='ocr_carea' id='block_1_62' title="bbox 439 3368 3664 3442">
    <p class='ocr_par' dir='ltr' id='par_1_62' title="bbox 439 3368 3664 3442">
     <span class='ocr_line' id='line_1_64' title="bbox 439 3368 3664 3442; baseline -0.002 -15"><span class='ocrx_word' id='word_1_452' title='bbox 439 3374 669 3428; x_wconf 87' lang='lat' dir='ltr'><strong>subinde</strong></span> <span class='ocrx_word' id='word_1_453' title='bbox 716 3390 746 3428; x_wconf 90' lang='lat' dir='ltr'><strong>a</strong></span> <span class='ocrx_word' id='word_1_454' title='bbox 791 3373 901 3428; x_wconf 88' lang='lat' dir='ltr'><strong>Deo</strong></span> <span class='ocrx_word' id='word_1_455' title='bbox 946 3387 1199 3442; x_wconf 86' lang='lat' dir='ltr'><strong>prospera</strong></span> <span class='ocrx_word' id='word_1_456' title='bbox 1255 3370 1689 3426; x_wconf 84' lang='lat' dir='ltr'><strong>benedictionum</strong></span> <span class='ocrx_word' id='word_1_457' title='bbox 1743 3368 2056 3424; x_wconf 89' lang='lat' dir='ltr'><strong>accessione</strong></span> <span class='ocrx_word' id='word_1_458' title='bbox 2085 3369 2472 3423; x_wconf 87' lang='lat' dir='ltr'><strong>cumulantur:</strong></span> <span class='ocrx_word' id='word_1_459' title='bbox 2506 3377 2560 3424; x_wconf 87' lang='lat' dir='ltr'><strong>et</strong></span> <span class='ocrx_word' id='word_1_460' title='bbox 2606 3384 2792 3424; x_wconf 86' lang='lat' dir='ltr'><strong>eorum</strong></span> <span class='ocrx_word' id='word_1_461' title='bbox 2829 3370 3047 3440; x_wconf 92' lang='lat' dir='ltr'><strong>quidem</strong></span> <span class='ocrx_word' id='word_1_462' title='bbox 3071 3410 3086 3436; x_wconf 97' lang='lat'><strong>,</strong></span> <span class='ocrx_word' id='word_1_463' title='bbox 3119 3385 3240 3439; x_wconf 65' lang='lat' dir='ltr'><strong>quae</strong></span> <span class='ocrx_word' id='word_1_464' title='bbox 3270 3370 3426 3426; x_wconf 90' lang='lat' dir='ltr'><strong>nobis</strong></span> <span class='ocrx_word' id='word_1_465' title='bbox 3453 3371 3664 3426; x_wconf 80' lang='lat' dir='ltr'><strong>condu-</strong></span> 
     </span>
    </p>
   </div>
   <div class='ocr_carea' id='block_1_63' title="bbox 439 3462 1372 3534">
    <p class='ocr_par' dir='ltr' id='par_1_63' title="bbox 439 3462 1372 3534">
     <span class='ocr_line' id='line_1_65' title="bbox 439 3462 1372 3534; baseline -0.005 -13"><span class='ocrx_word' id='word_1_466' title='bbox 439 3475 605 3532; x_wconf 89' lang='lat' dir='ltr'><strong>cunt,</strong></span> <span class='ocrx_word' id='word_1_467' title='bbox 637 3466 884 3520; x_wconf 90' lang='lat' dir='ltr'><strong>nonnihil</strong></span> <span class='ocrx_word' id='word_1_468' title='bbox 915 3465 1018 3520; x_wconf 87' lang='lat' dir='ltr'><strong>ista</strong></span> <span class='ocrx_word' id='word_1_469' title='bbox 1050 3462 1372 3534; x_wconf 79' lang='lat' dir='ltr'><strong>signiﬁcant.</strong></span> 
     </span>
    </p>
   </div>
   <div class='ocr_carea' id='block_1_64' title="bbox 1666 3544 2484 3621">
    <p class='ocr_par' dir='ltr' id='par_1_64' title="bbox 1666 3544 2484 3621">
     <span class='ocr_line' id='line_1_66' title="bbox 1666 3544 2484 3621; baseline -0.009 -15"><span class='ocrx_word' id='word_1_470' title='bbox 1666 3549 1732 3608; x_wconf 61' lang='grc' dir='ltr'>Ἴ.</span> <span class='ocrx_word' id='word_1_471' title='bbox 1771 3549 1935 3617; x_wconf 83' lang='lat' dir='ltr'><strong>Ibid.,</strong></span> <span class='ocrx_word' id='word_1_472' title='bbox 1977 3567 2097 3621; x_wconf 86' lang='lat' dir='ltr'><strong>pag.</strong></span> <span class='ocrx_word' id='word_1_473' title='bbox 2138 3545 2241 3612; x_wconf 80' lang='lat'><strong>83,</strong></span> <span class='ocrx_word' id='word_1_474' title='bbox 2283 3546 2356 3601; x_wconf 82' lang='lat' dir='ltr'><strong>al.</strong></span> <span class='ocrx_word' id='word_1_475' title='bbox 2397 3544 2484 3600; x_wconf 84' lang='lat'><strong>67.</strong></span> 
     </span>
    </p>
   </div>
   <div class='ocr_carea' id='block_1_65' title="bbox 511 3661 1993 3743">
    <p class='ocr_par' dir='ltr' id='par_1_65' title="bbox 511 3661 1993 3743">
     <span class='ocr_line' id='line_1_67' title="bbox 511 3661 1993 3743; baseline -0.007 -17"><span class='ocrx_word' id='word_1_476' title='bbox 511 3669 798 3743; x_wconf 81' lang='lat' dir='ltr'><strong>Ingruente</strong></span> <span class='ocrx_word' id='word_1_477' title='bbox 840 3669 1044 3726; x_wconf 88' lang='lat' dir='ltr'><strong>diluvio</strong></span> <span class='ocrx_word' id='word_1_478' title='bbox 1084 3667 1190 3722; x_wconf 88' lang='lat'><strong>600</strong></span> <span class='ocrx_word' id='word_1_479' title='bbox 1242 3681 1514 3722; x_wconf 83' lang='lat' dir='ltr'><strong>annorum</strong></span> <span class='ocrx_word' id='word_1_480' title='bbox 1556 3673 1672 3720; x_wconf 89' lang='lat' dir='ltr'><strong>erat</strong></span> <span class='ocrx_word' id='word_1_481' title='bbox 1721 3662 1856 3718; x_wconf 88' lang='lat' dir='ltr'><strong>Noe.</strong></span> <span class='ocrx_word' id='word_1_482' title='bbox 1910 3661 1993 3716; x_wconf 80' lang='lat' dir='ltr'><strong>Ab</strong></span> 
     </span>
    </p>
   </div>
   <div class='ocr_carea' id='block_1_66' title="bbox 440 3758 1996 3834">
    <p class='ocr_par' dir='ltr' id='par_1_66' title="bbox 440 3758 1996 3834">
     <span class='ocr_line' id='line_1_68' title="bbox 440 3758 1996 3834; baseline -0.008 -14"><span class='ocrx_word' id='word_1_483' title='bbox 440 3764 649 3820; x_wconf 81' lang='lat' dir='ltr'><strong>Adamo</strong></span> <span class='ocrx_word' id='word_1_484' title='bbox 677 3763 842 3834; x_wconf 89' lang='lat' dir='ltr'><strong>igitur</strong></span> <span class='ocrx_word' id='word_1_485' title='bbox 877 3778 1069 3818; x_wconf 91' lang='lat' dir='ltr'><strong>versus</strong></span> <span class='ocrx_word' id='word_1_486' title='bbox 1097 3758 1211 3816; x_wconf 82' lang='lat' dir='ltr'><strong>Noe</strong></span> <span class='ocrx_word' id='word_1_487' title='bbox 1241 3769 1297 3816; x_wconf 90' lang='lat' dir='ltr'><strong>et</strong></span> <span class='ocrx_word' id='word_1_488' title='bbox 1339 3758 1605 3814; x_wconf 91' lang='lat' dir='ltr'><strong>diluvium</strong></span> <span class='ocrx_word' id='word_1_489' title='bbox 1639 3762 1996 3812; x_wconf 87' lang='lat' dir='ltr'><strong>numerantur</strong></span> 
     </span>
    </p>
   </div>
   <div class='ocr_carea' id='block_1_67' title="bbox 440 3854 759 3910">
    <p class='ocr_par' dir='ltr' id='par_1_67' title="bbox 440 3854 759 3910">
     <span class='ocr_line' id='line_1_69' title="bbox 440 3854 759 3910; baseline -0.009 0"><span class='ocrx_word' id='word_1_490' title='bbox 440 3856 567 3910; x_wconf 83' lang='lat' dir='ltr'><strong>anni</strong></span> <span class='ocrx_word' id='word_1_491' title='bbox 598 3854 759 3908; x_wconf 68' lang='lat'><em>2263.</em></span> 
     </span>
    </p>
   </div>
   <div class='ocr_carea' id='block_1_68' title="bbox 2167 3649 3665 3728">
    <p class='ocr_par' dir='ltr' id='par_1_68' title="bbox 2167 3649 3665 3728">
     <span class='ocr_line' id='line_1_70' title="bbox 2167 3649 3665 3728; baseline -0.004 -15"><span class='ocrx_word' id='word_1_492' title='bbox 2167 3659 2289 3713; x_wconf 85' lang='grc' dir='ltr'>Νῶε</span> <span class='ocrx_word' id='word_1_493' title='bbox 2316 3653 2384 3728; x_wconf 77' lang='grc' dir='ltr'>ἦν</span> <span class='ocrx_word' id='word_1_494' title='bbox 2409 3656 2544 3709; x_wconf 81' lang='grc' dir='ltr'>ὲτῶν</span> <span class='ocrx_word' id='word_1_495' title='bbox 2571 3661 2617 3727; x_wconf 87' lang='grc' dir='ltr'><strong>χ’</strong></span> <span class='ocrx_word' id='word_1_496' title='bbox 2651 3656 2739 3709; x_wconf 83' lang='grc' dir='ltr'>ὅτε</span> <span class='ocrx_word' id='word_1_497' title='bbox 2777 3657 2805 3709; x_wconf 90' lang='lat'><strong>6</strong></span> <span class='ocrx_word' id='word_1_498' title='bbox 2837 3655 3216 3727; x_wconf 83' lang='grc' dir='ltr'>κατακλυσμὸς</span> <span class='ocrx_word' id='word_1_499' title='bbox 3254 3649 3485 3724; x_wconf 75' lang='grc' dir='ltr'>ἐγένετο.</span> <span class='ocrx_word' id='word_1_500' title='bbox 3511 3654 3665 3708; x_wconf 79' lang='grc' dir='ltr'>Γίνε-</span> 
     </span>
    </p>
   </div>
   <div class='ocr_carea' id='block_1_69' title="bbox 2099 3745 3662 3821">
    <p class='ocr_par' dir='ltr' id='par_1_69' title="bbox 2099 3745 3662 3821">
     <span class='ocr_line' id='line_1_71' title="bbox 2099 3745 3662 3821; baseline -0.004 -17"><span class='ocrx_word' id='word_1_501' title='bbox 2099 3767 2188 3805; x_wconf 79' lang='grc' dir='ltr'><strong>ται</strong></span> <span class='ocrx_word' id='word_1_502' title='bbox 2218 3751 2396 3804; x_wconf 85' lang='grc' dir='ltr'>τοίνυν</span> <span class='ocrx_word' id='word_1_503' title='bbox 2432 3748 2538 3800; x_wconf 88' lang='grc' dir='ltr'><strong>ἀπὸ</strong></span> <span class='ocrx_word' id='word_1_504' title='bbox 2579 3747 2746 3819; x_wconf 74' lang='grc' dir='ltr'>Ἀδὰμ</span> <span class='ocrx_word' id='word_1_505' title='bbox 2787 3748 2944 3821; x_wconf 79' lang='grc' dir='ltr'>μέχρι</span> <span class='ocrx_word' id='word_1_506' title='bbox 2973 3747 3095 3800; x_wconf 89' lang='grc' dir='ltr'>Νῶε</span> <span class='ocrx_word' id='word_1_507' title='bbox 3132 3747 3224 3801; x_wconf 78' lang='grc' dir='ltr'>καὶ</span> <span class='ocrx_word' id='word_1_508' title='bbox 3267 3746 3358 3799; x_wconf 86' lang='grc' dir='ltr'><strong>τοῦ</strong></span> <span class='ocrx_word' id='word_1_509' title='bbox 3392 3745 3662 3799; x_wconf 80' lang='grc' dir='ltr'>κατακλυο</span> 
     </span>
    </p>
   </div>
   <div class='ocr_carea' id='block_1_70' title="bbox 2105 3839 2580 3914">
    <p class='ocr_par' dir='ltr' id='par_1_70' title="bbox 2105 3839 2580 3914">
     <span class='ocr_line' id='line_1_72' title="bbox 2105 3839 2580 3914; baseline -0.006 -19"><span class='ocrx_word' id='word_1_510' title='bbox 2105 3841 2244 3914; x_wconf 87' lang='grc' dir='ltr'>σμοῦ</span> <span class='ocrx_word' id='word_1_511' title='bbox 2280 3839 2442 3912; x_wconf 83' lang='grc' dir='ltr'>,βσξβ’</span> <span class='ocrx_word' id='word_1_512' title='bbox 2467 3839 2580 3912; x_wconf 77' lang='grc' dir='ltr'>ἐτη.</span> 
     </span>
    </p>
   </div>
   <div class='ocr_carea' id='block_1_71' title="bbox 1612 3957 2453 4032">
    <p class='ocr_par' dir='ltr' id='par_1_71' title="bbox 1612 3957 2453 4032">
     <span class='ocr_line' id='line_1_73' title="bbox 1612 3957 2453 4032; baseline -0.007 -15"><span class='ocrx_word' id='word_1_513' title='bbox 1612 3961 1702 4018; x_wconf 84' lang='lat' dir='ltr'><strong>Vl.</strong></span> <span class='ocrx_word' id='word_1_514' title='bbox 1744 3961 1910 4030; x_wconf 82' lang='lat' dir='ltr'><strong>Ibid.,</strong></span> <span class='ocrx_word' id='word_1_515' title='bbox 1948 3978 2069 4032; x_wconf 84' lang='lat' dir='ltr'><strong>pag.</strong></span> <span class='ocrx_word' id='word_1_516' title='bbox 2103 3959 2206 4026; x_wconf 87' lang='lat'><strong>86,</strong></span> <span class='ocrx_word' id='word_1_517' title='bbox 2247 3960 2322 4014; x_wconf 78' lang='lat' dir='ltr'><strong>al.</strong></span> <span class='ocrx_word' id='word_1_518' title='bbox 2363 3957 2453 4012; x_wconf 85' lang='lat'><em>68.</em></span> 
     </span>
    </p>
   </div>
   <div class='ocr_carea' id='block_1_72' title="bbox 508 4077 1644 4150">
    <p class='ocr_par' dir='ltr' id='par_1_72' title="bbox 508 4077 1644 4150">
     <span class='ocr_line' id='line_1_74' title="bbox 508 4077 1644 4150; baseline -0.006 -12"><span class='ocrx_word' id='word_1_519' title='bbox 508 4084 642 4140; x_wconf 90' lang='lat' dir='ltr'><strong>Post</strong></span> <span class='ocrx_word' id='word_1_520' title='bbox 667 4083 929 4139; x_wconf 88' lang='lat' dir='ltr'><strong>diluvium</strong></span> <span class='ocrx_word' id='word_1_521' title='bbox 960 4081 1084 4137; x_wconf 87' lang='lat' dir='ltr'><strong>Sem</strong></span> <span class='ocrx_word' id='word_1_522' title='bbox 1117 4080 1302 4150; x_wconf 83' lang='lat' dir='ltr'><strong>genuit</strong></span> <span class='ocrx_word' id='word_1_523' title='bbox 1331 4077 1644 4149; x_wconf 80' lang='lat' dir='ltr'><strong>Arphaxad.</strong></span> 
     </span>
    </p>
   </div>
   <div class='ocr_carea' id='block_1_73' title="bbox 509 4167 1997 4247">
    <p class='ocr_par' dir='ltr' id='par_1_73' title="bbox 509 4167 1997 4247">
     <span class='ocr_line' id='line_1_75' title="bbox 509 4167 1997 4247; baseline -0.007 -18"><span class='ocrx_word' id='word_1_524' title='bbox 509 4176 798 4247; x_wconf 77' lang='lat' dir='ltr'><strong>Arphaxad</strong></span> <span class='ocrx_word' id='word_1_525' title='bbox 847 4175 1006 4230; x_wconf 88' lang='lat' dir='ltr'><strong>annis</strong></span> <span class='ocrx_word' id='word_1_526' title='bbox 1044 4173 1145 4228; x_wconf 80' lang='grc'><strong>155</strong></span> <span class='ocrx_word' id='word_1_527' title='bbox 1192 4181 1352 4228; x_wconf 87' lang='lat' dir='ltr'><strong>natus</strong></span> <span class='ocrx_word' id='word_1_528' title='bbox 1399 4169 1584 4242; x_wconf 89' lang='lat' dir='ltr'><strong>genuit</strong></span> <span class='ocrx_word' id='word_1_529' title='bbox 1631 4167 1757 4222; x_wconf 87' lang='lat' dir='ltr'><strong>Sala</strong></span> <span class='ocrx_word' id='word_1_530' title='bbox 1790 4206 1805 4231; x_wconf 92' lang='lat'><strong>,</strong></span> <span class='ocrx_word' id='word_1_531' title='bbox 1853 4181 1997 4222; x_wconf 90' lang='lat' dir='ltr'><strong>anno</strong></span> 
     </span>
    </p>
   </div>
   <div class='ocr_carea' id='block_1_74' title="bbox 437 4266 600 4322">
    <p class='ocr_par' dir='ltr' id='par_1_74' title="bbox 437 4266 600 4322">
     <span class='ocr_line' id='line_1_76' title="bbox 437 4266 600 4322; baseline 0.006 -2"><span class='ocrx_word' id='word_1_532' title='bbox 437 4266 600 4322; x_wconf 71' lang='lat'><strong>2397.</strong></span> 
     </span>
    </p>
   </div>
   <div class='ocr_carea' id='block_1_75' title="bbox 513 4350 1996 4426">
    <p class='ocr_par' dir='ltr' id='par_1_75' title="bbox 513 4350 1996 4426">
     <span class='ocr_line' id='line_1_77' title="bbox 513 4350 1996 4426; baseline -0.006 -12"><span class='ocrx_word' id='word_1_533' title='bbox 513 4358 637 4414; x_wconf 86' lang='lat' dir='ltr'><strong>Sala</strong></span> <span class='ocrx_word' id='word_1_534' title='bbox 709 4359 868 4413; x_wconf 87' lang='lat' dir='ltr'><strong>annis</strong></span> <span class='ocrx_word' id='word_1_535' title='bbox 937 4357 1041 4412; x_wconf 82' lang='grc'><strong>150</strong></span> <span class='ocrx_word' id='word_1_536' title='bbox 1110 4371 1270 4412; x_wconf 84' lang='lat' dir='ltr'><strong>natus</strong></span> <span class='ocrx_word' id='word_1_537' title='bbox 1326 4353 1512 4426; x_wconf 89' lang='lat' dir='ltr'><strong>genuit</strong></span> <span class='ocrx_word' id='word_1_538' title='bbox 1574 4350 1784 4418; x_wconf 84' lang='lat' dir='ltr'><strong>Heber,</strong></span> <span class='ocrx_word' id='word_1_539' title='bbox 1849 4364 1996 4405; x_wconf 86' lang='lat' dir='ltr'><strong>anno</strong></span> 
     </span>
    </p>
   </div>
   <div class='ocr_carea' id='block_1_76' title="bbox 437 4451 597 4506">
    <p class='ocr_par' dir='ltr' id='par_1_76' title="bbox 437 4451 597 4506">
     <span class='ocr_line' id='line_1_78' title="bbox 437 4451 597 4506; baseline -0.013 0"><span class='ocrx_word' id='word_1_540' title='bbox 437 4451 597 4506; x_wconf 74' lang='grc'>2527.</span> 
     </span>
    </p>
   </div>
   <div class='ocr_carea' id='block_1_77' title="bbox 513 4520 2002 4608">
    <p class='ocr_par' dir='ltr' id='par_1_77' title="bbox 513 4520 2002 4608">
     <span class='ocr_line' id='line_1_79' title="bbox 513 4520 2002 4608; baseline -0.003 -14"><span class='ocrx_word' id='word_1_541' title='bbox 513 4541 688 4596; x_wconf 81' lang='lat' dir='ltr'><strong>llcber</strong></span> <span class='ocrx_word' id='word_1_542' title='bbox 740 4541 900 4596; x_wconf 88' lang='lat' dir='ltr'><strong>annis</strong></span> <span class='ocrx_word' id='word_1_543' title='bbox 956 4541 1058 4594; x_wconf 70' lang='grc'><strong>154</strong></span> <span class='ocrx_word' id='word_1_544' title='bbox 1111 4547 1310 4604; x_wconf 85' lang='lat' dir='ltr'><strong>natus,</strong></span> <span class='ocrx_word' id='word_1_545' title='bbox 1371 4553 1514 4593; x_wconf 91' lang='lat' dir='ltr'><strong>anno</strong></span> <span class='ocrx_word' id='word_1_546' title='bbox 1565 4535 1697 4592; x_wconf 72' lang='lat' dir='ltr'><strong>266l</strong></span> <span class='ocrx_word' id='word_1_547' title='bbox 1731 4575 1747 4601; x_wconf 93' lang='lat'><strong>,</strong></span> <span class='ocrx_word' id='word_1_548' title='bbox 1815 4520 2002 4608; x_wconf 86' lang='lat' dir='ltr'><strong>genuit</strong></span> 
     </span>
    </p>
   </div>
   <div class='ocr_carea' id='block_1_78' title="bbox 440 4630 2001 4703">
    <p class='ocr_par' dir='ltr' id='par_1_78' title="bbox 440 4630 2001 4703">
     <span class='ocr_line' id='line_1_80' title="bbox 440 4630 2001 4703; baseline -0.002 -12"><span class='ocrx_word' id='word_1_549' title='bbox 440 4635 670 4696; x_wconf 87' lang='lat' dir='ltr'><strong>Phalec,</strong></span> <span class='ocrx_word' id='word_1_550' title='bbox 709 4635 788 4690; x_wconf 89' lang='lat' dir='ltr'><strong>sic</strong></span> <span class='ocrx_word' id='word_1_551' title='bbox 820 4641 1072 4688; x_wconf 89' lang='lat' dir='ltr'><strong>vocatum</strong></span> <span class='ocrx_word' id='word_1_552' title='bbox 1099 4672 1114 4697; x_wconf 92' lang='lat'><strong>,</strong></span> <span class='ocrx_word' id='word_1_553' title='bbox 1149 4633 1296 4702; x_wconf 92' lang='lat' dir='ltr'><strong>quod</strong></span> <span class='ocrx_word' id='word_1_554' title='bbox 1327 4633 1448 4703; x_wconf 90' lang='lat' dir='ltr'><strong>ejus</strong></span> <span class='ocrx_word' id='word_1_555' title='bbox 1477 4640 1638 4687; x_wconf 64' lang='lat' dir='ltr'><strong>aetate</strong></span> <span class='ocrx_word' id='word_1_556' title='bbox 1674 4631 1846 4688; x_wconf 90' lang='lat' dir='ltr'><strong>divisa</strong></span> <span class='ocrx_word' id='word_1_557' title='bbox 1881 4630 2001 4688; x_wconf 78' lang='lat' dir='ltr'><strong>fue-</strong></span> 
     </span>
    </p>
   </div>
   <div class='ocr_carea' id='block_1_79' title="bbox 443 4740 706 4784">
    <p class='ocr_par' dir='ltr' id='par_1_79' title="bbox 443 4740 706 4784">
     <span class='ocr_line' id='line_1_81' title="bbox 443 4740 706 4784; baseline -0.004 -1"><span class='ocrx_word' id='word_1_558' title='bbox 443 4741 515 4784; x_wconf 78' lang='grc' dir='ltr'><strong>ιίι</strong></span> <span class='ocrx_word' id='word_1_559' title='bbox 542 4740 706 4783; x_wconf 88' lang='lat' dir='ltr'><strong>terra.</strong></span> 
     </span>
    </p>
   </div>
   <div class='ocr_carea' id='block_1_80' title="bbox 509 4814 2001 4885">
    <p class='ocr_par' dir='ltr' id='par_1_80' title="bbox 509 4814 2001 4885">
     <span class='ocr_line' id='line_1_82' title="bbox 509 4814 2001 4885; baseline -0.002 -11"><span class='ocrx_word' id='word_1_560' title='bbox 509 4821 709 4875; x_wconf 85' lang='lat' dir='ltr'><strong>Phalee</strong></span> <span class='ocrx_word' id='word_1_561' title='bbox 758 4819 916 4874; x_wconf 92' lang='lat' dir='ltr'><strong>annis</strong></span> <span class='ocrx_word' id='word_1_562' title='bbox 957 4816 1059 4872; x_wconf 73' lang='lat'><strong>130</strong></span> <span class='ocrx_word' id='word_1_563' title='bbox 1121 4824 1282 4871; x_wconf 91' lang='lat' dir='ltr'><strong>natus</strong></span> <span class='ocrx_word' id='word_1_564' title='bbox 1323 4815 1509 4885; x_wconf 82' lang='lat' dir='ltr'><strong>genuit</strong></span> <span class='ocrx_word' id='word_1_565' title='bbox 1547 4814 1736 4884; x_wconf 80' lang='lat' dir='ltr'><strong>Ragau</strong></span> <span class='ocrx_word' id='word_1_566' title='bbox 1763 4857 1780 4884; x_wconf 90' lang='lat'><strong>,</strong></span> <span class='ocrx_word' id='word_1_567' title='bbox 1817 4825 1872 4871; x_wconf 86' lang='lat' dir='ltr'><strong>et</strong></span> <span class='ocrx_word' id='word_1_568' title='bbox 1908 4830 2001 4871; x_wconf 79' lang='lat' dir='ltr'><strong>su-</strong></span> 
     </span>
    </p>
   </div>
   <div class='ocr_carea' id='block_1_81' title="bbox 441 4909 1586 4982">
    <p class='ocr_par' dir='ltr' id='par_1_81' title="bbox 441 4909 1586 4982">
     <span class='ocr_line' id='line_1_83' title="bbox 441 4909 1586 4982; baseline -0.005 -15"><span class='ocrx_word' id='word_1_569' title='bbox 441 4923 650 4982; x_wconf 88' lang='lat' dir='ltr'><strong>perstes</strong></span> <span class='ocrx_word' id='word_1_570' title='bbox 681 4912 838 4966; x_wconf 85' lang='lat' dir='ltr'><strong>annis</strong></span> <span class='ocrx_word' id='word_1_571' title='bbox 864 4909 969 4964; x_wconf 70' lang='lat'><strong>209</strong></span> <span class='ocrx_word' id='word_1_572' title='bbox 999 4917 1173 4964; x_wconf 88' lang='lat' dir='ltr'><strong>morte</strong></span> <span class='ocrx_word' id='word_1_573' title='bbox 1206 4909 1452 4964; x_wconf 88' lang='lat' dir='ltr'><strong>sublatus</strong></span> <span class='ocrx_word' id='word_1_574' title='bbox 1483 4917 1586 4963; x_wconf 92' lang='lat' dir='ltr'><strong>est.</strong></span> 
     </span>
    </p>
   </div>
   <div class='ocr_carea' id='block_1_82' title="bbox 514 5060 2002 5139">
    <p class='ocr_par' dir='ltr' id='par_1_82' title="bbox 514 5060 2002 5139">
     <span class='ocr_line' id='line_1_84' title="bbox 514 5060 2002 5139; baseline -0.005 -16"><span class='ocrx_word' id='word_1_575' title='bbox 514 5069 623 5139; x_wconf 77' lang='lat'><strong>(&#39;58)</strong></span> <span class='ocrx_word' id='word_1_576' title='bbox 655 5066 1022 5123; x_wconf 73' lang='grc' dir='ltr'>Μαθουσάλα</span> <span class='ocrx_word' id='word_1_577' title='bbox 1051 5066 1198 5120; x_wconf 73' lang='grc' dir='ltr'>ἐτῶν</span> <span class='ocrx_word' id='word_1_578' title='bbox 1219 5072 1376 5139; x_wconf 59' lang='lat' dir='ltr'><strong>pml&#39;.</strong></span> <span class='ocrx_word' id='word_1_579' title='bbox 1421 5063 1722 5139; x_wconf 36' lang='lat' dir='ltr'><strong>[ﬁgendum</strong></span> <span class='ocrx_word' id='word_1_580' title='bbox 1766 5060 1911 5139; x_wconf 58' lang='grc' dir='ltr'>ρπζ’,</span> <span class='ocrx_word' id='word_1_581' title='bbox 1930 5077 2002 5139; x_wconf 60' lang='lat' dir='ltr'><strong>ex</strong></span> 
     </span>
    </p>
   </div>
   <div class='ocr_carea' id='block_1_83' title="bbox 447 5132 1999 5206">
    <p class='ocr_par' dir='ltr' id='par_1_83' title="bbox 447 5132 1999 5206">
     <span class='ocr_line' id='line_1_85' title="bbox 447 5132 1999 5206; baseline -0.005 -14"><span class='ocrx_word' id='word_1_582' title='bbox 447 5132 676 5206; x_wconf 66' lang='lat' dir='ltr'><strong>Syncelli</strong></span> <span class='ocrx_word' id='word_1_583' title='bbox 715 5139 1021 5192; x_wconf 86' lang='lat' dir='ltr'><strong>testimonio</strong></span> <span class='ocrx_word' id='word_1_584' title='bbox 1053 5132 1272 5192; x_wconf 86' lang='lat' dir='ltr'><strong>suadeo.</strong></span> <span class='ocrx_word' id='word_1_585' title='bbox 1317 5132 1513 5206; x_wconf 85' lang='lat' dir='ltr'><strong>Scribit</strong></span> <span class='ocrx_word' id='word_1_586' title='bbox 1547 5134 1706 5206; x_wconf 80' lang='lat' dir='ltr'><strong>enim</strong></span> <span class='ocrx_word' id='word_1_587' title='bbox 1727 5132 1849 5206; x_wconf 82' lang='lat' dir='ltr'><strong>pag.</strong></span> <span class='ocrx_word' id='word_1_588' title='bbox 1873 5132 1999 5206; x_wconf 61' lang='lat' dir='ltr'><strong>dii:</strong></span> 
     </span>
    </p>
   </div>
   <div class='ocr_carea' id='block_1_84' title="bbox 443 5201 2004 5277">
    <p class='ocr_par' dir='ltr' id='par_1_84' title="bbox 443 5201 2004 5277">
     <span class='ocr_line' id='line_1_86' title="bbox 443 5201 2004 5277; baseline -0.007 -13"><span class='ocrx_word' id='word_1_589' title='bbox 443 5202 777 5264; x_wconf 79' lang='grc' dir='ltr'>Μαθουσάλα</span> <span class='ocrx_word' id='word_1_590' title='bbox 820 5207 1106 5277; x_wconf 85' lang='grc' dir='ltr'>γενόμενος</span> <span class='ocrx_word' id='word_1_591' title='bbox 1149 5207 1340 5277; x_wconf 79' lang='grc' dir='ltr'>ἑκατὸν</span> <span class='ocrx_word' id='word_1_592' title='bbox 1392 5204 1650 5277; x_wconf 75' lang='grc' dir='ltr'>ἑξήκοντα</span> <span class='ocrx_word' id='word_1_593' title='bbox 1690 5201 1829 5255; x_wconf 79' lang='grc' dir='ltr'><strong>ἐπτὰ</strong></span> <span class='ocrx_word' id='word_1_594' title='bbox 1867 5201 2004 5277; x_wconf 62' lang='grc' dir='ltr'>ἑτῶν</span> 
     </span>
    </p>
   </div>
   <div class='ocr_carea' id='block_1_85' title="bbox 445 5272 2003 5350">
    <p class='ocr_par' dir='ltr' id='par_1_85' title="bbox 445 5272 2003 5350">
     <span class='ocr_line' id='line_1_87' title="bbox 445 5272 2003 5350; baseline -0.006 -17"><span class='ocrx_word' id='word_1_595' title='bbox 445 5280 698 5350; x_wconf 80' lang='grc' dir='ltr'>ἐγέννησε</span> <span class='ocrx_word' id='word_1_596' title='bbox 744 5272 844 5350; x_wconf 72' lang='grc' dir='ltr'><strong>τὸν</strong></span> <span class='ocrx_word' id='word_1_597' title='bbox 878 5272 1098 5349; x_wconf 75' lang='grc' dir='ltr'>Λάμεχ,</span> <span class='ocrx_word' id='word_1_598' title='bbox 1135 5277 1224 5350; x_wconf 65' lang='grc' dir='ltr'><strong>Δ’τῷ</strong></span> <span class='ocrx_word' id='word_1_599' title='bbox 1274 5272 1528 5350; x_wconf 74' lang='grc' dir='ltr'>χιλιαστῷ</span> <span class='ocrx_word' id='word_1_600' title='bbox 1574 5272 2003 5350; x_wconf 63' lang='grc' dir='ltr'>τετρακοσιοστξῷ</span> 
     </span>
    </p>
   </div>
   <div class='ocr_carea' id='block_1_86' title="bbox 446 5341 2001 5420">
    <p class='ocr_par' dir='ltr' id='par_1_86' title="bbox 446 5341 2001 5420">
     <span class='ocr_line' id='line_1_88' title="bbox 446 5341 2001 5420; baseline -0.006 -18"><span class='ocrx_word' id='word_1_601' title='bbox 446 5341 792 5419; x_wconf 72' lang='grc' dir='ltr'>πεντηκοστῷ</span> <span class='ocrx_word' id='word_1_602' title='bbox 837 5341 1076 5420; x_wconf 75' lang='grc' dir='ltr'>τετάρτῷ</span> <span class='ocrx_word' id='word_1_603' title='bbox 1121 5341 1226 5420; x_wconf 52' lang='lat' dir='ltr'><strong>Etet</strong></span> <span class='ocrx_word' id='word_1_604' title='bbox 1263 5341 1360 5420; x_wconf 60' lang='grc' dir='ltr'><strong>τοῦ</strong></span> <span class='ocrx_word' id='word_1_605' title='bbox 1396 5341 1619 5420; x_wconf 59' lang='grc' dir='ltr'>κόσμῳ.</span> <span class='ocrx_word' id='word_1_606' title='bbox 1639 5341 1782 5420; x_wconf 28' lang='grc' dir='ltr'>μ’ξινά</span> <span class='ocrx_word' id='word_1_607' title='bbox 1807 5342 1861 5394; x_wconf 84' lang='grc' dir='ltr'>δὲ</span> <span class='ocrx_word' id='word_1_608' title='bbox 1895 5341 2001 5420; x_wconf 65' lang='grc' dir='ltr'><strong>τῶν</strong></span> 
     </span>
    </p>
   </div>
   <div class='ocr_carea' id='block_1_87' title="bbox 443 5412 2002 5490">
    <p class='ocr_par' dir='ltr' id='par_1_87' title="bbox 443 5412 2002 5490">
     <span class='ocr_line' id='line_1_89' title="bbox 443 5412 2002 5490; baseline -0.007 -16"><span class='ocrx_word' id='word_1_609' title='bbox 443 5412 809 5490; x_wconf 70' lang='grc' dir='ltr'>ἀντιγράφων,</span> <span class='ocrx_word' id='word_1_610' title='bbox 844 5419 921 5490; x_wconf 73' lang='grc' dir='ltr'>τῷ</span> <span class='ocrx_word' id='word_1_611' title='bbox 951 5412 1220 5487; x_wconf 71' lang='grc' dir='ltr'>ἑκατοστῷ</span> <span class='ocrx_word' id='word_1_612' title='bbox 1253 5412 1588 5490; x_wconf 81' lang='grc' dir='ltr'>ὀγδοηκοστῷ</span> <span class='ocrx_word' id='word_1_613' title='bbox 1634 5413 1843 5490; x_wconf 62' lang='grc' dir='ltr'>ὲᾷδρμῳ</span> <span class='ocrx_word' id='word_1_614' title='bbox 1894 5412 2002 5490; x_wconf 61' lang='grc' dir='ltr'>ἔτει</span> 
     </span>
    </p>
   </div>
   <div class='ocr_carea' id='block_1_88' title="bbox 445 5477 2002 5559">
    <p class='ocr_par' dir='ltr' id='par_1_88' title="bbox 445 5477 2002 5559">
     <span class='ocr_line' id='line_1_90' title="bbox 445 5477 2002 5559; baseline -0.006 -16"><span class='ocrx_word' id='word_1_615' title='bbox 445 5477 616 5543; x_wconf 61' lang='grc' dir='ltr'>αὑτοῦ</span> <span class='ocrx_word' id='word_1_616' title='bbox 638 5477 962 5542; x_wconf 51' lang='grc' dir='ltr'>ὒλῐαθουσάλα</span> <span class='ocrx_word' id='word_1_617' title='bbox 987 5477 1238 5559; x_wconf 76' lang='grc' dir='ltr'>φέρουσίν</span> <span class='ocrx_word' id='word_1_618' title='bbox 1267 5477 1361 5559; x_wconf 73' lang='grc' dir='ltr'>τὴν</span> <span class='ocrx_word' id='word_1_619' title='bbox 1390 5477 1634 5554; x_wconf 81' lang='grc' dir='ltr'>γέννησιν</span> <span class='ocrx_word' id='word_1_620' title='bbox 1667 5477 1874 5554; x_wconf 69' lang='grc' dir='ltr'>Λάμεχ.</span> <span class='ocrx_word' id='word_1_621' title='bbox 1909 5477 2002 5544; x_wconf 78' lang='grc' dir='ltr'><strong>Οἷς</strong></span> 
     </span>
    </p>
   </div>
   <div class='ocr_carea' id='block_1_89' title="bbox 445 5558 1454 5630">
    <p class='ocr_par' dir='ltr' id='par_1_89' title="bbox 445 5558 1454 5630">
     <span class='ocr_line' id='line_1_91' title="bbox 445 5558 1454 5630; baseline -0.002 -20"><span class='ocrx_word' id='word_1_622' title='bbox 445 5561 474 5611; x_wconf 79' lang='lat'><strong>6</strong></span> <span class='ocrx_word' id='word_1_623' title='bbox 517 5559 836 5630; x_wconf 81' lang='grc' dir='ltr'>Ἀφρικανὸς</span> <span class='ocrx_word' id='word_1_624' title='bbox 870 5558 1252 5630; x_wconf 84' lang='grc' dir='ltr'>ἀκολουθήσας.</span> <span class='ocrx_word' id='word_1_625' title='bbox 1284 5558 1454 5630; x_wconf 60' lang='grc' dir='ltr'>(ὶομι.</span> 
     </span>
    </p>
   </div>
   <div class='ocr_carea' id='block_1_90' title="bbox 518 5622 1998 5696">
    <p class='ocr_par' dir='ltr' id='par_1_90' title="bbox 518 5622 1998 5696">
     <span class='ocr_line' id='line_1_92' title="bbox 518 5622 1998 5696; baseline -0.003 -15"><span class='ocrx_word' id='word_1_626' title='bbox 518 5622 634 5695; x_wconf 73' lang='grc' dir='ltr'><strong>(59Ῐ</strong></span> <span class='ocrx_word' id='word_1_627' title='bbox 667 5630 726 5681; x_wconf 76' lang='grc' dir='ltr'>Ἄ</span> <span class='ocrx_word' id='word_1_628' title='bbox 755 5644 886 5680; x_wconf 81' lang='grc' dir='ltr'>τινα</span> <span class='ocrx_word' id='word_1_629' title='bbox 916 5629 1093 5696; x_wconf 76' lang='grc' dir='ltr'>ἴσμεν</span> <span class='ocrx_word' id='word_1_630' title='bbox 1118 5622 1187 5680; x_wconf 74' lang='grc' dir='ltr'><strong>ἐν</strong></span> <span class='ocrx_word' id='word_1_631' title='bbox 1213 5628 1453 5695; x_wconf 81' lang='grc' dir='ltr'>Παρθίᾳ.</span> <span class='ocrx_word' id='word_1_632' title='bbox 1483 5625 1596 5678; x_wconf 78' lang='lat' dir='ltr'><strong>lmn</strong></span> <span class='ocrx_word' id='word_1_633' title='bbox 1624 5623 1675 5677; x_wconf 87' lang='lat' dir='ltr'><strong>in</strong></span> <span class='ocrx_word' id='word_1_634' title='bbox 1705 5622 1955 5696; x_wconf 79' lang='lat' dir='ltr'><strong>Armenia</strong></span> <span class='ocrx_word' id='word_1_635' title='bbox 1984 5640 1998 5676; x_wconf 87' lang='lat'>:</span> 
     </span>
    </p>
   </div>
   <div class='ocr_carea' id='block_1_91' title="bbox 450 5694 2003 5755">
    <p class='ocr_par' dir='ltr' id='par_1_91' title="bbox 450 5694 2003 5755">
     <span class='ocr_line' id='line_1_93' title="bbox 450 5694 2003 5755; baseline -0.003 -3"><span class='ocrx_word' id='word_1_636' title='bbox 450 5694 556 5755; x_wconf 88' lang='lat' dir='ltr'><strong>nisi</strong></span> <span class='ocrx_word' id='word_1_637' title='bbox 605 5698 856 5754; x_wconf 87' lang='lat' dir='ltr'><strong>librarius</strong></span> <span class='ocrx_word' id='word_1_638' title='bbox 902 5694 1112 5753; x_wconf 83' lang='lat' dir='ltr'><strong>eunetis</strong></span> <span class='ocrx_word' id='word_1_639' title='bbox 1157 5694 1472 5753; x_wconf 79' lang='lat' dir='ltr'><strong>aucturibus</strong></span> <span class='ocrx_word' id='word_1_640' title='bbox 1508 5697 1707 5752; x_wconf 89' lang='lat' dir='ltr'><strong>certior</strong></span> <span class='ocrx_word' id='word_1_641' title='bbox 1745 5694 2003 5748; x_wconf 82' lang='lat' dir='ltr'><strong>vaticine-</strong></span> 
     </span>
    </p>
   </div>
   <div class='ocr_carea' id='block_1_92' title="bbox 2023 4062 3664 4139">
    <p class='ocr_par' dir='ltr' id='par_1_92' title="bbox 2023 4062 3664 4139">
     <span class='ocr_line' id='line_1_94' title="bbox 2023 4062 3664 4139; baseline -0.004 -17"><span class='ocrx_word' id='word_1_642' title='bbox 2023 4066 2065 4122; x_wconf 89' lang='lat' dir='ltr'><strong><em>C</em></strong></span> <span class='ocrx_word' id='word_1_643' title='bbox 2167 4073 2322 4126; x_wconf 88' lang='grc' dir='ltr'>Μετά</span> <span class='ocrx_word' id='word_1_644' title='bbox 2354 4071 2412 4124; x_wconf 71' lang='grc' dir='ltr'>δὲ</span> <span class='ocrx_word' id='word_1_645' title='bbox 2443 4085 2534 4124; x_wconf 87' lang='grc' dir='ltr'><strong>τον</strong></span> <span class='ocrx_word' id='word_1_646' title='bbox 2571 4069 2948 4139; x_wconf 82' lang='grc' dir='ltr'>κατακλυσμὸν</span> <span class='ocrx_word' id='word_1_647' title='bbox 2973 4066 3092 4137; x_wconf 81' lang='grc' dir='ltr'><strong>Σὴμ</strong></span> <span class='ocrx_word' id='word_1_648' title='bbox 3121 4065 3379 4135; x_wconf 74' lang='grc' dir='ltr'>ἐγέννησε</span> <span class='ocrx_word' id='word_1_649' title='bbox 3407 4062 3496 4116; x_wconf 83' lang='grc' dir='ltr'><strong>τὸν</strong></span> <span class='ocrx_word' id='word_1_650' title='bbox 3539 4065 3664 4130; x_wconf 76' lang='grc' dir='ltr'>’Δρ-</span> 
     </span>
    </p>
   </div>
   <div class='ocr_carea' id='block_1_93' title="bbox 2243 4164 2290 4217">
    <p class='ocr_par' dir='ltr' id='par_1_93' title="bbox 2243 4164 2290 4217">
     <span class='ocr_line' id='line_1_95' title="bbox 2243 4164 2290 4217; baseline 0.021 -1"><span class='ocrx_word' id='word_1_651' title='bbox 2243 4164 2290 4217; x_wconf 83' lang='grc' dir='ltr'><strong>δ.</strong></span> 
     </span>
    </p>
   </div>
   <div class='ocr_carea' id='block_1_94' title="bbox 2099 4165 3664 4326">
    <p class='ocr_par' dir='ltr' id='par_1_94' title="bbox 2099 4165 3664 4326">
     <span class='ocr_line' id='line_1_96' title="bbox 2243 4165 2290 4217; baseline 0.021 -1"><span class='ocrx_word' id='word_1_652' title='bbox 2243 4165 2290 4217; x_wconf 81' lang='grc' dir='ltr'><strong>δ.</strong></span> 
     </span>
     <span class='ocr_line' id='line_1_97' title="bbox 2099 4165 3664 4326; baseline -0.005 -18"><span class='ocrx_word' id='word_1_653' title='bbox 2099 4165 2453 4326; x_wconf 39' lang='lat' dir='ltr'><strong>“inpages</strong></span> <span class='ocrx_word' id='word_1_654' title='bbox 2502 4252 2795 4322; x_wconf 86' lang='grc' dir='ltr'>γενόμενος</span> <span class='ocrx_word' id='word_1_655' title='bbox 2847 4250 2982 4304; x_wconf 74' lang='grc' dir='ltr'>ἑτῶν</span> <span class='ocrx_word' id='word_1_656' title='bbox 3033 4249 3139 4322; x_wconf 82' lang='grc' dir='ltr'>ρλε¹</span> <span class='ocrx_word' id='word_1_657' title='bbox 3156 4250 3318 4320; x_wconf 76' lang='grc' dir='ltr'>γεννᾷ</span> <span class='ocrx_word' id='word_1_658' title='bbox 3364 4247 3455 4300; x_wconf 90' lang='grc' dir='ltr'><strong>τὸν</strong></span> <span class='ocrx_word' id='word_1_659' title='bbox 3497 4246 3664 4313; x_wconf 62' lang='lat' dir='ltr'><strong>ma,</strong></span> 
     </span>
    </p>
   </div>
   <div class='ocr_carea' id='block_1_95' title="bbox 2093 4348 2282 4419">
    <p class='ocr_par' dir='ltr' id='par_1_95' title="bbox 2093 4348 2282 4419">
     <span class='ocr_line' id='line_1_98' title="bbox 2093 4348 2282 4419; baseline -0.037 -7"><span class='ocrx_word' id='word_1_660' title='bbox 2093 4348 2282 4419; x_wconf 65' lang='grc' dir='ltr'><strong>,βτῖ-ιξ.</strong></span> 
     </span>
    </p>
   </div>
   <div class='ocr_carea' id='block_1_96' title="bbox 2171 4431 3658 4510">
    <p class='ocr_par' dir='ltr' id='par_1_96' title="bbox 2171 4431 3658 4510">
     <span class='ocr_line' id='line_1_99' title="bbox 2171 4431 3658 4510; baseline -0.008 -15"><span class='ocrx_word' id='word_1_661' title='bbox 2171 4439 2317 4495; x_wconf 88' lang='grc' dir='ltr'>Σαλά</span> <span class='ocrx_word' id='word_1_662' title='bbox 2351 4439 2638 4510; x_wconf 84' lang='grc' dir='ltr'>γενόμενος</span> <span class='ocrx_word' id='word_1_663' title='bbox 2675 4437 2808 4491; x_wconf 78' lang='grc' dir='ltr'>ἐτῶν</span> <span class='ocrx_word' id='word_1_664' title='bbox 2848 4436 2922 4509; x_wconf 80' lang='grc' dir='ltr'>ρλ¹</span> <span class='ocrx_word' id='word_1_665' title='bbox 2959 4436 3121 4506; x_wconf 78' lang='grc' dir='ltr'>γεννᾷ</span> <span class='ocrx_word' id='word_1_666' title='bbox 3148 4433 3237 4488; x_wconf 85' lang='grc' dir='ltr'><strong>τὸν</strong></span> <span class='ocrx_word' id='word_1_667' title='bbox 3269 4432 3447 4504; x_wconf 80' lang='grc' dir='ltr'>Ἐὁὲρ,</span> <span class='ocrx_word' id='word_1_668' title='bbox 3484 4431 3658 4502; x_wconf 60' lang='grc' dir='ltr'>βφκζν.</span> 
     </span>
    </p>
   </div>
   <div class='ocr_carea' id='block_1_97' title="bbox 2180 4520 3657 4604">
    <p class='ocr_par' dir='ltr' id='par_1_97' title="bbox 2180 4520 3657 4604">
     <span class='ocr_line' id='line_1_100' title="bbox 2180 4520 3657 4604; baseline -0.009 -18"><span class='ocrx_word' id='word_1_669' title='bbox 2180 4532 2336 4604; x_wconf 75' lang='grc' dir='ltr'><strong>Ἐσὲρ</strong></span> <span class='ocrx_word' id='word_1_670' title='bbox 2354 4531 2637 4602; x_wconf 88' lang='grc' dir='ltr'>γενόμενος</span> <span class='ocrx_word' id='word_1_671' title='bbox 2659 4527 2791 4582; x_wconf 80' lang='grc' dir='ltr'>ἐτῶν</span> <span class='ocrx_word' id='word_1_672' title='bbox 2823 4527 2925 4599; x_wconf 88' lang='grc' dir='ltr'>ρλδ’</span> <span class='ocrx_word' id='word_1_673' title='bbox 2951 4526 3114 4596; x_wconf 82' lang='grc' dir='ltr'>γεννᾷ</span> <span class='ocrx_word' id='word_1_674' title='bbox 3136 4524 3224 4577; x_wconf 81' lang='grc' dir='ltr'><strong>τὸν</strong></span> <span class='ocrx_word' id='word_1_675' title='bbox 3253 4523 3446 4584; x_wconf 61' lang='lat' dir='ltr'><strong>eam,</strong></span> <span class='ocrx_word' id='word_1_676' title='bbox 3465 4520 3622 4591; x_wconf 80' lang='grc' dir='ltr'>,βχξα⁸</span> <span class='ocrx_word' id='word_1_677' title='bbox 3640 4533 3657 4551; x_wconf 80' lang='grc'><strong><em>⁸</em></strong></span> 
     </span>
    </p>
   </div>
   <div class='ocr_carea' id='block_1_98' title="bbox 2099 4613 3664 4694">
    <p class='ocr_par' dir='ltr' id='par_1_98' title="bbox 2099 4613 3664 4694">
     <span class='ocr_line' id='line_1_101' title="bbox 2099 4613 3664 4694; baseline -0.01 -15"><span class='ocrx_word' id='word_1_678' title='bbox 2099 4625 2268 4690; x_wconf 73' lang='grc' dir='ltr'>οὕτως</span> <span class='ocrx_word' id='word_1_679' title='bbox 2297 4623 2654 4694; x_wconf 79' lang='grc' dir='ltr'>ἐπικληθέντα</span> <span class='ocrx_word' id='word_1_680' title='bbox 2685 4621 2774 4676; x_wconf 83' lang='grc' dir='ltr'>διὰ</span> <span class='ocrx_word' id='word_1_681' title='bbox 2811 4620 2900 4674; x_wconf 87' lang='grc' dir='ltr'><strong>τὸν</strong></span> <span class='ocrx_word' id='word_1_682' title='bbox 2931 4621 2986 4672; x_wconf 79' lang='grc' dir='ltr'>ὲν</span> <span class='ocrx_word' id='word_1_683' title='bbox 3019 4617 3250 4689; x_wconf 74' lang='grc' dir='ltr'>ἡμέραις</span> <span class='ocrx_word' id='word_1_684' title='bbox 3281 4613 3442 4669; x_wconf 85' lang='grc' dir='ltr'>αὑτοῦ</span> <span class='ocrx_word' id='word_1_685' title='bbox 3507 4628 3664 4685; x_wconf 78' lang='grc' dir='ltr'>μερι-</span> 
     </span>
    </p>
   </div>
   <div class='ocr_carea' id='block_1_99' title="bbox 2101 4714 2578 4790">
    <p class='ocr_par' dir='ltr' id='par_1_99' title="bbox 2101 4714 2578 4790">
     <span class='ocr_line' id='line_1_102' title="bbox 2101 4714 2578 4790; baseline -0.01 -20"><span class='ocrx_word' id='word_1_686' title='bbox 2101 4717 2290 4790; x_wconf 78' lang='grc' dir='ltr'>σθῆναι</span> <span class='ocrx_word' id='word_1_687' title='bbox 2326 4716 2424 4788; x_wconf 82' lang='grc' dir='ltr'>τὴν</span> <span class='ocrx_word' id='word_1_688' title='bbox 2457 4714 2578 4784; x_wconf 79' lang='grc' dir='ltr'>γῆν.</span> 
     </span>
    </p>
   </div>
   <div class='ocr_carea' id='block_1_100' title="bbox 2167 4790 3665 4877">
    <p class='ocr_par' dir='ltr' id='par_1_100' title="bbox 2167 4790 3665 4877">
     <span class='ocr_line' id='line_1_103' title="bbox 2167 4790 3665 4877; baseline -0.013 -15"><span class='ocrx_word' id='word_1_689' title='bbox 2167 4808 2341 4862; x_wconf 77' lang='grc' dir='ltr'>Φαλὲκ</span> <span class='ocrx_word' id='word_1_690' title='bbox 2369 4806 2503 4859; x_wconf 85' lang='grc' dir='ltr'>ὲτῶν</span> <span class='ocrx_word' id='word_1_691' title='bbox 2536 4806 2610 4877; x_wconf 84' lang='grc' dir='ltr'>ρλ¹</span> <span class='ocrx_word' id='word_1_692' title='bbox 2654 4803 2910 4874; x_wconf 79' lang='grc' dir='ltr'>ἐγέννησε</span> <span class='ocrx_word' id='word_1_693' title='bbox 2943 4801 3033 4854; x_wconf 87' lang='grc' dir='ltr'><strong>τὸν</strong></span> <span class='ocrx_word' id='word_1_694' title='bbox 3067 4796 3266 4866; x_wconf 87' lang='grc' dir='ltr'>Ῥαγαῦ</span> <span class='ocrx_word' id='word_1_695' title='bbox 3287 4837 3302 4862; x_wconf 93' lang='grc'><strong>,</strong></span> <span class='ocrx_word' id='word_1_696' title='bbox 3345 4795 3440 4848; x_wconf 63' lang='grc' dir='ltr'><strong>καὶ⁸</strong></span> <span class='ocrx_word' id='word_1_697' title='bbox 3473 4790 3665 4865; x_wconf 69' lang='grc' dir='ltr'>ὲπιζήυ</span> 
     </span>
    </p>
   </div>
   <div class='ocr_carea' id='block_1_101' title="bbox 2103 4898 2806 4973">
    <p class='ocr_par' dir='ltr' id='par_1_101' title="bbox 2103 4898 2806 4973">
     <span class='ocr_line' id='line_1_104' title="bbox 2103 4898 2806 4973; baseline -0.007 -17"><span class='ocrx_word' id='word_1_698' title='bbox 2103 4919 2200 4967; x_wconf 89' lang='grc' dir='ltr'><strong>σας</strong></span> <span class='ocrx_word' id='word_1_699' title='bbox 2225 4901 2318 4973; x_wconf 74' lang='grc' dir='ltr'>ἐτη</span> <span class='ocrx_word' id='word_1_700' title='bbox 2345 4900 2421 4953; x_wconf 91' lang='grc' dir='ltr'><strong>σθ’</strong></span> <span class='ocrx_word' id='word_1_701' title='bbox 2443 4898 2806 4971; x_wconf 76' lang='grc' dir='ltr'>ἐτελεύτησεν.</span> 
     </span>
    </p>
   </div>
   <div class='ocr_carea' id='block_1_102' title="bbox 2102 5047 3664 5124">
    <p class='ocr_par' dir='ltr' id='par_1_102' title="bbox 2102 5047 3664 5124">
     <span class='ocr_line' id='line_1_105' title="bbox 2102 5047 3664 5124; baseline -0.011 -10"><span class='ocrx_word' id='word_1_702' title='bbox 2102 5070 2206 5114; x_wconf 90' lang='lat' dir='ltr'><strong>tnr.</strong></span> <span class='ocrx_word' id='word_1_703' title='bbox 2235 5058 2512 5113; x_wconf 90' lang='lat' dir='ltr'><strong>Cedrenus</strong></span> <span class='ocrx_word' id='word_1_704' title='bbox 2532 5072 2598 5110; x_wconf 79' lang='lat' dir='ltr'><strong>ex</strong></span> <span class='ocrx_word' id='word_1_705' title='bbox 2627 5055 2858 5124; x_wconf 86' lang='lat' dir='ltr'><strong>Georgio</strong></span> <span class='ocrx_word' id='word_1_706' title='bbox 2874 5072 2890 5124; x_wconf 10' lang='lat'><strong>7:</strong></span> <span class='ocrx_word' id='word_1_707' title='bbox 2910 5052 2992 5106; x_wconf 78' lang='grc' dir='ltr'><strong>Τὰ</strong></span> <span class='ocrx_word' id='word_1_708' title='bbox 3021 5053 3122 5124; x_wconf 77' lang='grc' dir='ltr'>ὅρη</span> <span class='ocrx_word' id='word_1_709' title='bbox 3162 5048 3396 5124; x_wconf 32' lang='grc' dir='ltr'>Ἀραρ-ὰτ</span> <span class='ocrx_word' id='word_1_710' title='bbox 3420 5049 3577 5124; x_wconf 72' lang='grc' dir='ltr'>ἴσμεν</span> <span class='ocrx_word' id='word_1_711' title='bbox 3599 5047 3664 5124; x_wconf 57' lang='grc' dir='ltr'>ἐν</span> 
     </span>
    </p>
   </div>
   <div class='ocr_carea' id='block_1_103' title="bbox 2102 5115 3663 5201">
    <p class='ocr_par' dir='ltr' id='par_1_103' title="bbox 2102 5115 3663 5201">
     <span class='ocr_line' id='line_1_106' title="bbox 2102 5115 3663 5201; baseline 0 0"><span class='ocrx_word' id='word_1_712' title='bbox 2102 5129 2315 5201; x_wconf 49' lang='lat' dir='ltr'><strong>“armis</strong></span> <span class='ocrx_word' id='word_1_713' title='bbox 2359 5127 2664 5201; x_wconf 59' lang='lat' dir='ltr'><strong>’Apeeviss&#39;</strong></span> <span class='ocrx_word' id='word_1_714' title='bbox 2695 5115 2835 5201; x_wconf 55' lang='grc' dir='ltr'><strong>τινὲς</strong></span> <span class='ocrx_word' id='word_1_715' title='bbox 2865 5123 2920 5201; x_wconf 63' lang='grc' dir='ltr'>δέ</span> <span class='ocrx_word' id='word_1_716' title='bbox 2958 5115 3122 5201; x_wconf 60' lang='grc' dir='ltr'>εραςίιπλ</span> <span class='ocrx_word' id='word_1_717' title='bbox 3165 5115 3533 5201; x_wconf 56' lang='grc' dir='ltr'><strong>έγᾘέλτξιῖαῖς</strong></span> <span class='ocrx_word' id='word_1_718' title='bbox 3564 5115 3663 5201; x_wconf 66' lang='grc' dir='ltr'><strong>τῆς</strong></span> 
     </span>
    </p>
   </div>
   <div class='ocr_carea' id='block_1_104' title="bbox 2101 5188 3660 5321">
    <p class='ocr_par' dir='ltr' id='par_1_104' title="bbox 2101 5188 3660 5321">
     <span class='ocr_line' id='line_1_107' title="bbox 2101 5188 3660 5321; baseline -0.012 -69"><span class='ocrx_word' id='word_1_719' title='bbox 2101 5188 2359 5321; x_wconf 44' lang='lat' dir='ltr'><strong>(Provide.</strong></span> <span class='ocrx_word' id='word_1_720' title='bbox 2403 5188 2685 5278; x_wconf 51' lang='lat' dir='ltr'><strong>Sincellus</strong></span> <span class='ocrx_word' id='word_1_721' title='bbox 2736 5197 2850 5283; x_wconf 67' lang='lat' dir='ltr'><strong>ipse</strong></span> <span class='ocrx_word' id='word_1_722' title='bbox 2895 5188 3159 5248; x_wconf 66' lang='lat' dir='ltr'><strong>inferius:</strong></span> <span class='ocrx_word' id='word_1_723' title='bbox 3197 5192 3290 5243; x_wconf 70' lang='grc' dir='ltr'><strong>ἐπὶ</strong></span> <span class='ocrx_word' id='word_1_724' title='bbox 3331 5189 3402 5243; x_wconf 87' lang='grc' dir='ltr'><strong>τά</strong></span> <span class='ocrx_word' id='word_1_725' title='bbox 3431 5188 3530 5257; x_wconf 77' lang='grc' dir='ltr'>ὅρη</span> <span class='ocrx_word' id='word_1_726' title='bbox 3564 5188 3660 5236; x_wconf 79' lang='grc' dir='ltr'><strong>τοῦ</strong></span> 
     </span>
     <span class='ocr_line' id='line_1_108' title="bbox 2115 5264 3251 5321; baseline -0.007 1"><span class='ocrx_word' id='word_1_727' title='bbox 2115 5269 2128 5290; x_wconf 88' lang='grc'><strong>’</strong></span> <span class='ocrx_word' id='word_1_728' title='bbox 2180 5270 2371 5321; x_wconf 74' lang='grc' dir='ltr'>οαοὰτ.</span> <span class='ocrx_word' id='word_1_729' title='bbox 2395 5269 2535 5320; x_wconf 82' lang='grc' dir='ltr'>τουτ’</span> <span class='ocrx_word' id='word_1_730' title='bbox 2565 5267 2675 5318; x_wconf 75' lang='grc' dir='ltr'>ἐστι</span> <span class='ocrx_word' id='word_1_731' title='bbox 2702 5283 2800 5321; x_wconf 81' lang='grc' dir='ltr'><strong>της</strong></span> <span class='ocrx_word' id='word_1_732' title='bbox 2849 5264 3142 5321; x_wconf 82' lang='grc' dir='ltr'>Αρμενίας.</span> <span class='ocrx_word' id='word_1_733' title='bbox 3172 5264 3251 5314; x_wconf 82' lang='lat' dir='ltr'><strong>lu.</strong></span> 
     </span>
    </p>
   </div>
   <div class='ocr_carea' id='block_1_105' title="bbox 2175 5264 3658 5409">
    <p class='ocr_par' dir='ltr' id='par_1_105' title="bbox 2175 5264 3658 5409">
     <span class='ocr_line' id='line_1_109' title="bbox 2178 5264 3251 5342; baseline -0.008 -20"><span class='ocrx_word' id='word_1_734' title='bbox 2178 5264 2371 5342; x_wconf 65' lang='grc' dir='ltr'>ραρὰτ,</span> <span class='ocrx_word' id='word_1_735' title='bbox 2395 5264 2535 5320; x_wconf 78' lang='grc' dir='ltr'>τοῦτ’</span> <span class='ocrx_word' id='word_1_736' title='bbox 2565 5267 2675 5318; x_wconf 75' lang='grc' dir='ltr'>ἐστι</span> <span class='ocrx_word' id='word_1_737' title='bbox 2702 5267 2800 5335; x_wconf 78' lang='grc' dir='ltr'>τῆς</span> <span class='ocrx_word' id='word_1_738' title='bbox 2835 5264 3142 5335; x_wconf 84' lang='grc' dir='ltr'>Ἀρμενίας.</span> <span class='ocrx_word' id='word_1_739' title='bbox 3172 5264 3251 5314; x_wconf 82' lang='lat' dir='ltr'><strong>lu.</strong></span> 
     </span>
     <span class='ocr_line' id='line_1_110' title="bbox 2175 5330 3658 5409; baseline -0.005 -17"><span class='ocrx_word' id='word_1_740' title='bbox 2175 5339 2283 5409; x_wconf 73' lang='grc'>(40)</span> <span class='ocrx_word' id='word_1_741' title='bbox 2317 5337 2477 5403; x_wconf 81' lang='grc' dir='ltr'>Τινὲς</span> <span class='ocrx_word' id='word_1_742' title='bbox 2514 5337 2580 5389; x_wconf 83' lang='grc' dir='ltr'>δὲ</span> <span class='ocrx_word' id='word_1_743' title='bbox 2608 5335 2676 5388; x_wconf 75' lang='grc' dir='ltr'><strong><em>ἐν</em></strong></span> <span class='ocrx_word' id='word_1_744' title='bbox 2702 5335 3014 5409; x_wconf 67' lang='grc' dir='ltr'>Κελαιναῖς</span> <span class='ocrx_word' id='word_1_745' title='bbox 3052 5330 3159 5400; x_wconf 79' lang='grc' dir='ltr'>τῆς</span> <span class='ocrx_word' id='word_1_746' title='bbox 3196 5331 3468 5409; x_wconf 44' lang='grc' dir='ltr'>Φρυγίαςί</span> <span class='ocrx_word' id='word_1_747' title='bbox 3505 5330 3658 5397; x_wconf 85' lang='lat' dir='ltr'><strong>Quod</strong></span> 
     </span>
    </p>
   </div>
   <div class='ocr_carea' id='block_1_106' title="bbox 2102 5400 3660 5478">
    <p class='ocr_par' dir='ltr' id='par_1_106' title="bbox 2102 5400 3660 5478">
     <span class='ocr_line' id='line_1_111' title="bbox 2102 5400 3660 5478; baseline 0.008 -16"><span class='ocrx_word' id='word_1_748' title='bbox 2102 5400 2345 5478; x_wconf 63' lang='lat' dir='ltr'><strong>Phrygia:</strong></span> <span class='ocrx_word' id='word_1_749' title='bbox 2387 5400 2552 5475; x_wconf 67' lang='lat' dir='ltr'><strong>nigra:</strong></span> <span class='ocrx_word' id='word_1_750' title='bbox 2596 5422 2752 5478; x_wconf 78' lang='lat' dir='ltr'><strong>mons</strong></span> <span class='ocrx_word' id='word_1_751' title='bbox 2798 5405 2867 5478; x_wconf 67' lang='lat' dir='ltr'><strong>sit</strong></span> <span class='ocrx_word' id='word_1_752' title='bbox 2907 5406 3120 5467; x_wconf 64' lang='lat' dir='ltr'><strong>Arari“,</strong></span> <span class='ocrx_word' id='word_1_753' title='bbox 3161 5417 3226 5456; x_wconf 65' lang='grc' dir='ltr'><strong>εκ</strong></span> <span class='ocrx_word' id='word_1_754' title='bbox 3268 5400 3660 5478; x_wconf 53' lang='grc' dir='ltr'><strong>(ΙυθηΜἮῖξῖθβ</strong></span> 
     </span>
    </p>
   </div>
   <div class='ocr_carea' id='block_1_107' title="bbox 2104 5470 3662 5540">
    <p class='ocr_par' dir='ltr' id='par_1_107' title="bbox 2104 5470 3662 5540">
     <span class='ocr_line' id='line_1_112' title="bbox 2104 5470 3662 5540; baseline -0.006 -8"><span class='ocrx_word' id='word_1_755' title='bbox 2104 5470 2297 5532; x_wconf 75' lang='lat' dir='ltr'><strong>ﬂuvius</strong></span> <span class='ocrx_word' id='word_1_756' title='bbox 2323 5470 2558 5539; x_wconf 74' lang='lat' dir='ltr'><strong>emanat,</strong></span> <span class='ocrx_word' id='word_1_757' title='bbox 2597 5485 2670 5538; x_wconf 92' lang='lat' dir='ltr'><strong>et,</strong></span> <span class='ocrx_word' id='word_1_758' title='bbox 2701 5475 2900 5529; x_wconf 84' lang='lat' dir='ltr'><strong>Ortelio</strong></span> <span class='ocrx_word' id='word_1_759' title='bbox 2936 5484 3087 5537; x_wconf 76' lang='lat' dir='ltr'><strong>teste,</strong></span> <span class='ocrx_word' id='word_1_760' title='bbox 3115 5489 3178 5527; x_wconf 81' lang='lat' dir='ltr'><strong>ex</strong></span> <span class='ocrx_word' id='word_1_761' title='bbox 3217 5470 3449 5525; x_wconf 86' lang='lat' dir='ltr'><strong>oraculis</strong></span> <span class='ocrx_word' id='word_1_762' title='bbox 3482 5470 3662 5540; x_wconf 79' lang='lat' dir='ltr'><strong>Sibyl-</strong></span> 
     </span>
    </p>
   </div>
   <div class='ocr_carea' id='block_1_108' title="bbox 2105 5541 3660 5603">
    <p class='ocr_par' dir='ltr' id='par_1_108' title="bbox 2105 5541 3660 5603">
     <span class='ocr_line' id='line_1_113' title="bbox 2105 5541 3660 5603; baseline -0.006 -1"><span class='ocrx_word' id='word_1_763' title='bbox 2105 5548 2229 5603; x_wconf 89' lang='lat' dir='ltr'><strong>linis</strong></span> <span class='ocrx_word' id='word_1_764' title='bbox 2263 5548 2474 5602; x_wconf 85' lang='lat' dir='ltr'><strong>dicatur</strong></span> <span class='ocrx_word' id='word_1_765' title='bbox 2511 5546 2563 5600; x_wconf 91' lang='lat' dir='ltr'><strong>in</strong></span> <span class='ocrx_word' id='word_1_766' title='bbox 2607 5562 2673 5600; x_wconf 93' lang='lat' dir='ltr'><strong>eo</strong></span> <span class='ocrx_word' id='word_1_767' title='bbox 2719 5561 2844 5598; x_wconf 85' lang='lat' dir='ltr'><strong>arca</strong></span> <span class='ocrx_word' id='word_1_768' title='bbox 2885 5545 3210 5598; x_wconf 90' lang='lat' dir='ltr'><strong>constitisse.</strong></span> <span class='ocrx_word' id='word_1_769' title='bbox 3237 5541 3564 5595; x_wconf 86' lang='lat' dir='ltr'><strong>Conciliatas</strong></span> <span class='ocrx_word' id='word_1_770' title='bbox 3591 5541 3660 5593; x_wconf 85' lang='lat' dir='ltr'><strong>de</strong></span> 
     </span>
    </p>
   </div>
   <div class='ocr_carea' id='block_1_109' title="bbox 2103 5611 3657 5686">
    <p class='ocr_par' dir='ltr' id='par_1_109' title="bbox 2103 5611 3657 5686">
     <span class='ocr_line' id='line_1_114' title="bbox 2103 5611 3657 5686; baseline -0.008 -13"><span class='ocrx_word' id='word_1_771' title='bbox 2103 5618 2329 5673; x_wconf 81' lang='lat' dir='ltr'><strong>diversis</strong></span> <span class='ocrx_word' id='word_1_772' title='bbox 2359 5618 2555 5686; x_wconf 88' lang='lat' dir='ltr'><strong>quibus</strong></span> <span class='ocrx_word' id='word_1_773' title='bbox 2584 5632 2706 5669; x_wconf 83' lang='lat' dir='ltr'><strong>arca</strong></span> <span class='ocrx_word' id='word_1_774' title='bbox 2734 5615 3002 5686; x_wconf 79' lang='lat' dir='ltr'><strong>resedisse</strong></span> <span class='ocrx_word' id='word_1_775' title='bbox 3029 5614 3233 5686; x_wconf 57' lang='lat' dir='ltr'><strong>dicitur</strong></span> <span class='ocrx_word' id='word_1_776' title='bbox 3261 5611 3403 5686; x_wconf 67' lang='lat' dir='ltr'><strong>locis</strong></span> <span class='ocrx_word' id='word_1_777' title='bbox 3434 5619 3657 5686; x_wconf 72' lang='lat' dir='ltr'><strong>senten-</strong></span> 
     </span>
    </p>
   </div>
   <div class='ocr_carea' id='block_1_110' title="bbox 2105 5678 3511 5760">
    <p class='ocr_par' dir='ltr' id='par_1_110' title="bbox 2105 5678 3511 5760">
     <span class='ocr_line' id='line_1_115' title="bbox 2105 5678 3511 5760; baseline -0.007 -16"><span class='ocrx_word' id='word_1_778' title='bbox 2105 5690 2208 5745; x_wconf 84' lang='lat' dir='ltr'><strong>tias</strong></span> <span class='ocrx_word' id='word_1_779' title='bbox 2237 5689 2348 5758; x_wconf 87' lang='lat' dir='ltr'><strong>lege</strong></span> <span class='ocrx_word' id='word_1_780' title='bbox 2373 5678 2512 5742; x_wconf 81' lang='lat' dir='ltr'><strong>inter</strong></span> <span class='ocrx_word' id='word_1_781' title='bbox 2540 5686 2722 5740; x_wconf 83' lang='lat' dir='ltr'><strong>Allatii</strong></span> <span class='ocrx_word' id='word_1_782' title='bbox 2755 5697 2912 5740; x_wconf 88' lang='lat' dir='ltr'><strong>notas</strong></span> <span class='ocrx_word' id='word_1_783' title='bbox 2934 5683 3001 5738; x_wconf 89' lang='lat' dir='ltr'><strong>ad</strong></span> <span class='ocrx_word' id='word_1_784' title='bbox 3026 5681 3295 5760; x_wconf 77' lang='lat' dir='ltr'><strong>Eustathii</strong></span> <span class='ocrx_word' id='word_1_785' title='bbox 3318 5678 3407 5734; x_wconf 72' lang='grc'>49.</span> <span class='ocrx_word' id='word_1_786' title='bbox 3435 5678 3511 5734; x_wconf 81' lang='lat' dir='ltr'><strong>lo.</strong></span> 
     </span>
    </p>
   </div>
  </div>
