3990 6214
317 294 369 347 59
1211 281 1375 349 QUAE
1418 280 1829 338 SUPERSUNT
1871 281 1963 336 EX
2004 281 2231 338 LIBRIS
2267 280 2664 341 CHRONOGR.
3430 286 3502 345 70

1014 416 1015 419 ‘
1456 403 1570 459 νη.
1614 403 2058 476 Ibid.,pag.,95,
2097 403 2172 460 al.
2216 405 2302 459 74.

369 520 612 593 ΐῷ,γσοζ’
667 523 773 577 ἔτει
824 523 918 577 τοῦ
977 524 1183 594 κόσμου
1230 516 1402 595 ἐπέϐη
1445 523 1694 595 ’Δϐραὰμ
1739 524 1836 594 τῆς
1860 573 1907 630 Α

309 615 678 688 ἐπηγγελμένης
705 616 1050 680 Χανανίτιδος
1087 620 1213 690 γῆς.

2004 524 2164 577 Anno
2224 522 2413 577 mundi
2452 522 2613 587 5277,
2676 530 2873 576 terram
2929 520 3340 577 Chananitidem
3392 522 3495 579 sibi

1936 614 2262 685 promissam
2293 614 2571 684 ingressus
2595 622 2679 669 est
2711 612 3010 668 Abraham.

1430 755 1562 811 VIII.
1604 755 1771 822 Ibid.,
1811 771 1934 825 pag.
1973 753 2082 818 99,
2124 751 2196 805 al.
2240 750 2328 805 79.

808 852 943 923 Περὶ
1008 850 1273 924 Ἀϐραάμ.

353 962 521 1016 Ἔνθεν
574 964 806 1036 ἄρχεται
860 964 972 1017 τῶν
1030 964 1297 1037 Ἐϐραίων
1355 965 1389 1035 ἠ
1451 962 1827 1034 προσωνυμία.

299 1052 505 1124 Ἑϐραῖοι
534 1056 646 1126 γὰρ
702 1057 752 1108 οἱ
782 1056 1024 1123 Περάται
1052 1057 1473 1129 έρμηνεύονται,
1506 1057 1554 1109 οἳ
1581 1054 1835 1126 διεπερά-

290 1161 427 1197 σαντο
458 1145 746 1217 Εύφράτην
791 1146 930 1215 μετὰ
977 1147 1253 1219 Ἀϐραάμο
1293 1148 1383 1201 καὶ
1423 1148 1541 1218 οὐχ,
1588 1147 1663 1210 ὡς
1694 1145 1832 1199 οἴον-

283 1236 359 1287 ταί
392 1253 544 1301 τινες,
590 1237 699 1289 ἀπὸ
740 1237 901 1307 Ἔϐἐρ
940 1237 1033 1290 τοῦ
1072 1238 1485 1309 προειρημένου.
1534 1236 1831 1305 Συνάγεται

282 1325 433 1376 τοίνυν
487 1327 565 1388 εἰς
618 1325 715 1396 τὴν
771 1327 1026 1379 ἐπίϐασιν
1082 1326 1181 1395 τῆς
1234 1324 1677 1396 κατηγγελμένης
1726 1326 1828 1395 γῆς

291 1416 516 1486 Ἀϐραὰμ
548 1457 564 1481 ,
608 1417 716 1469 ἁπῆ
773 1418 873 1488 μὲν
912 1418 1006 1470 τοῦ
1070 1417 1452 1487 κατακλυσμοῦ
1513 1417 1608 1469 καὶ
1660 1416 1783 1469 Νῶε
1812 1456 1827 1480 ,

278 1504 459 1573 γενεῶν
500 1506 634 1560 δέκα
683 1507 945 1579 ἒτηηεαιεη
983 1507 1090 1561 ἀπὸ
1109 1508 1166 1561 δέ
1198 1507 1367 1578 Ἀδὰμ
1400 1506 1600 1575 γενεῶν
1656 1509 1830 1560 εἴκοσι

278 1598 359 1667 ιτη
388 1597 520 1664 ,γσςι
552 1598 682 1668 (ιι).

2513 845 2589 900 De
2622 844 2916 899 Abraham.

1996 958 2100 1015 Hic
2153 958 2390 1029 primum
2449 973 2644 1013 nomen
2698 956 3048 1013 Hebraeorum
3095 957 3341 1012 auditum
3396 965 3499 1011 est.

1933 1048 2142 1106 Hebraei
2185 1067 2419 1119 namque
2472 1050 2946 1120 Transmigrantes
2994 1059 3359 1119 exponuntur,
3405 1049 3498 1117 qui

1934 1158 2057 1197 cum
2091 1142 2366 1197 Abraham
2404 1140 2738 1211 trajecerunt
2765 1140 3092 1209 Euphratem
3123 1158 3137 1207 ;
3170 1150 3224 1193 et
3256 1156 3363 1194 non
3388 1181 3403 1207 ,
3442 1149 3501 1193 ut

1936 1232 2161 1302 quidam
2204 1240 2517 1299 autumant,
2542 1232 2625 1286 ‘ab
2656 1231 2831 1286 Heber
2860 1251 2872 1286 :
2905 1232 2970 1286 de
3002 1247 3110 1301 quo
3149 1232 3277 1286 alibi
3318 1248 3497 1287 sermo

1936 1324 2174 1378 habitus.
2216 1324 2262 1376 A
2297 1324 2569 1392 praeterito
2610 1323 2795 1390 itaque
2833 1322 3074 1386 diluvio,
3107 1321 3329 1393 Noeque
3358 1331 3497 1377 tem-

1935 1416 2193 1486 poribus,
2233 1418 2408 1486 usque
2447 1416 2515 1469 ad
2548 1415 2854 1484 ingressum
2904 1414 3138 1469 Abrahaa
3188 1416 3243 1469 in
3289 1424 3491 1470 terram

1931 1508 2293 1577 promissam,
2334 1507 2744 1577 generationum
2787 1506 2981 1577 decem
3013 1508 3142 1561 anni
3185 1507 3323 1562 1015
3382 1508 3496 1562 ccl-

1929 1596 2210 1667 liguntur:
2265 1598 2333 1652 ab
2382 1596 2591 1652 Adamo
2635 1611 2795 1662 vero,
2842 1598 3251 1668 generationum
3304 1597 3494 1669 viginti

1932 1690 2060 1743 anni
2092 1690 2249 1744 5277.

1415 1802 1506 1856 IX.
1551 1801 1715 1865 Ibid.,
1756 1821 1874 1875 pag.
1918 1805 2150 1871 100,αί.
2182 1805 2269 1860 80.

1545 1896 1621 1952 De
1661 1898 1933 1954 Abraham
1967 1910 2021 1955 et
2060 1900 2179 1956 Lot.

336 1992 494 2064 Λιμοῦ
527 1993 893 2064 κατασχόντος
921 1992 1018 2064 τὴν
1048 1993 1150 2064 γῆν
1189 1992 1286 2065 τὴν
1329 1992 1658 2046 Χανανίτιδα
1696 2011 1822 2046 κατμ

1999 1994 2163 2050 Fame
2188 2011 2282 2065 per
2308 2004 2503 2049 terram
2531 1993 2943 2048 Chananitidem
2970 2009 3254 2066 grassante
3274 2036 3289 2062 ,
3320 1995 3493 2050 Abra-

279 2084 415 2155 ἦλθεν
455 2086 527 2149 είς
574 2086 861 2153 Αἴγυπτον
898 2084 1175 2156 Ἀϐραάμ*
1212 2084 1306 2138 καὶ
1334 2082 1518 2145 δεδιὼς
1554 2081 1627 2153 μὴ
1655 2081 1741 2137 διὰ
1766 2084 1826 2137 τὸ

288 2175 451 2239 κάλλος
474 2176 563 2245 τῆς
599 2175 862 2244 γυναικὸς
891 2175 1170 2247 ἀναιρεθῇ,
1192 2175 1416 2244 ἀδελφὸς
1446 2168 1582 2227 εἶναι
1605 2173 1831 2227 σκέπτε-

288 2284 358 2320 ται
382 2266 514 2337 (41⁸).
534 2267 948 2321 Ἐπαινεθεῖσαν
974 2268 1029 2321 δὲ
1057 2268 1291 2337 ηγάγετο
1311 2263 1506 2339 Φαραώ
1525 2280 1541 2295 ’
1564 2263 1704 2317 οὕτω
1721 2266 1829 2337 γὰρ

279 2358 527 2426 Δίγύπτιοι
575 2362 709 2423 τοὺς
763 2359 999 2430 βασιλεῖς
1057 2359 1436 2432 ὲρμηνεύουσι.
1491 2363 1600 2416 Καὶ
1644 2363 1671 2414 ὁ
1731 2360 1828 2431 μὲν

275 2449 403 2512 δίκας
443 2450 590 2503 ἔτισε
640 2450 718 2521 τῷ
759 2450 913 2519 Θεῷο
964 2450 993 2501 ὁ
1022 2449 1067 2502 δ’
1100 2450 1213 2518 ἅμα
1243 2453 1356 2514 τοῖς
1391 2450 1540 2515 ἰδίοις
1583 2450 1829 2522 Ἀϐραὰμ

275 2541 359 2610 ἤδη
391 2539 634 2594 πλουτῶν
680 2540 1072 2609 ἀπηλλάσσετο.
1132 2540 1218 2592 Ἑν
1263 2541 1483 2595 Χαναὰν
1517 2542 1829 2613 διεπληκτί-

272 2648 409 2684 σαντο
454 2632 717 2702 ποιμένες
759 2631 856 2685 τοῦ
911 2631 1191 2702 Ἀϐραὰμ,
1261 2632 1356 2684 καὶ
1395 2630 1489 2685 τοῦ
1521 2632 1677 2697 Λὼτ,
1706 2634 1824 2700 καὶ,

270 2725 486 2789 δόξαντος
512 2724 724 2789 αὐτοῖς,
762 2722 1164 2793 ἐχωρίσθησαν,
1203 2721 1456 2792 ἑλομένου
1494 2721 1615 2775 Λὼτ
1645 2725 1703 2775 ἐν
1728 2724 1827 2776 Σο-

268 2815 424 2884 δόμοις
457 2817 633 2868 οἰκεῖν
661 2815 726 2867 δι’
762 2814 961 2885 ἀρετὴν
992 2815 1084 2868 καὶ
1113 2814 1307 2883 κάλλος
1338 2815 1437 2885 τῆς
1461 2815 1564 2884 γῆς
1597 2814 1826 2886 ἐχούσης

432 2906 639 2969 πόλεις,
685 2905 892 2975 Σόδομα
910 2945 924 2967 ,
956 2905 1208 2977 Γόμορρα
1226 2945 1242 2969 ,
1301 2905 1509 2975 Ἀδαμὰ
1529 2944 1543 2967 ,
1577 2903 1828 2976 Σεϐοεὶμ,

268 2996 454 3067 Σηγὼρ,
482 2997 585 3051 καὶ
608 2997 897 3060 τοσούτους
923 2995 1178 3066 βασιλεῖς.
1205 2996 1427 3059 Τούτοις
1448 2999 1494 3049 οἱ
1518 2996 1826 3067 πλησιόχωο

267 3105 335 3157 pot
360 3088 618 3158 τέσσαρες
652 3087 886 3157 βασιλεῖς
930 3086 1121 3158 Σύρων
1149 3087 1514 3158 ἐπολέμησαν,
1545 3084 1619 3141 ὧν
1643 3090 1826 3160 ἡγεῖτο

265 3178 650 3249 Χοδολλογὸμορ
698 3177 948 3248 βασιλεὺς
988 3179 1200 3249 Λίλάμ·
1248 3178 1537 3233 συνέϐαλον
1579 3180 1635 3232 δὲ
1676 3179 1825 3254 παρὰ

260 3271 348 3342 τὴν
378 3271 649 3324 θάλασσαν
700 3271 797 3340 τὴν
846 3270 1057 3342 ἀλικὴν,
1097 3270 1132 3339 ἢ
1162 3270 1406 3323 καλεῖται
1446 3269 1541 3325 νῦν
1588 3270 1823 3325 θάλαττα

1928 2086 2053 2142 ham
2078 2088 2356 2143 descendit
2380 2088 2431 2142 in
2462 2088 2756 2159 Egyptum
2786 2106 2799 2142 :
2830 2098 2883 2143 at
2916 2103 2984 2142 ne
3008 2088 3080 2141 ob
3106 2087 3297 2142 uxoris
3323 2102 3492 2141 venu-

1927 2189 2066 2233 stam
2096 2180 2329 2249 speciem
2371 2181 2729 2248 occideretur,
2769 2180 2952 2235 fratris
2980 2181 3199 2234 nomine
3236 2179 3491 2234 simulate

1928 2280 2153 2341 accepto
2194 2281 2467 2325 servatur.
2507 2270 2697 2325 Saram
2741 2270 2916 2325 forma
2956 2270 3228 2324 laudatam
3268 2269 3492 2323 abducit

1925 2359 2138 2415 Pharao
2164 2382 2177 2415 :
2212 2362 2315 2417 hoc
2348 2364 2547 2432 quippe
2580 2362 2801 2416 nomine
2830 2377 2986 2431 reges
3015 2362 3289 2430 appellant
3319 2360 3488 2432 Eg)"-

1924 2454 2045 2522 ptii.
2080 2452 2147 2507 Et
2188 2454 2278 2509 ille
2317 2456 2537 2524 quidem
2579 2454 2741 2510 simul
2777 2469 2902 2508 cum
2941 2454 3261 2509 domesticis
3299 2469 3489 2522 poenas

1926 2542 2036 2598 Deo
2067 2546 2229 2599 solvit
2257 2564 2271 2613 ;
2298 2547 2572 2600 Abraham
2606 2562 2735 2601 vero
2760 2561 2883 2600 cum
2915 2544 3181 2599 famulitio
3207 2545 3391 2599 multis
3413 2543 3491 2597 di-

1924 2629 2073 2686 vitiis
2105 2641 2300 2687 auctus
2332 2632 2644 2687 dimittitur.
2679 2632 2935 2688 Pastores
2964 2634 3235 2687 Abraham
3267 2643 3321 2686 et
3349 2631 3486 2686 Loth

1925 2720 2062 2775 rixis
2096 2723 2400 2794 pugnisque
2433 2726 2810 2792 contendunt;
2847 2726 2951 2794 ipsi
2992 2736 3172 2780 tamen
3208 2726 3484 2780 communi

1924 2813 2191 2868 sententia
2247 2823 2569 2884 separantur
2619 2817 2688 2871 ab
2738 2817 3013 2871 invicem:
3069 2815 3207 2869 Loth
3264 2826 3489 2885 propter

1925 2912 2083 2957 terrae
2136 2903 2376 2974 quinque
2427 2907 2741 2962 civitatibus
2795 2907 3085 2974 Sodomis,
3144 2906 3484 2973 Gomorrha,

1923 2991 2131 3048 Adama
2153 3034 2168 3059 ,
2202 2992 2423 3050 Seboim
2464 3007 2516 3052 et
2555 2998 2744 3068 Segor,
2782 2998 3119 3067 totidemque
3150 2998 3368 3068 regibus
3401 2998 3487 3051 in-

1925 3085 2131 3155 signis,
2184 3086 2483 3143 uhertatem
2524 3097 2578 3143 et
2619 3097 2826 3159 gratam
2867 3089 3183 3157 planitiem,
3228 3088 3485 3142 Sodomis

1924 3174 2173 3231 habitare
2209 3178 2485 3249 seligente.
2531 3178 2626 3234 His
2662 3180 2827 3234 vicini
2869 3179 3131 3251 Syrorum
3162 3195 3315 3249 reges
3348 3195 3486 3249 qua-

1926 3274 2072 3334 tuor,
2112 3284 2344 3338 quorum
2378 3272 2485 3325 dux
2528 3273 2835 3342 praecipuus
2874 3281 2992 3326 erat
3027 3271 3484 3342 Chodollogomor

264 3362 451 3433 Νεκρὰ.
469 3363 562 3415 Ἑν
587 3362 761 3434 ταύτῃ
794 3360 1019 3414 πλεῖστα
1042 3360 1148 3414 τῶν
1181 3360 1495 3432 Θαυμασίων
1520 3361 1782 3433 τεθέαμαι
1802 3378 1818 3395 ο

1922 3375 2019 3414 rex
2060 3360 2270 3428 Aelam,
2294 3362 2495 3418 bellum
2538 3365 2873 3429 intulerunt;
2902 3374 2956 3419 et
2998 3365 3064 3419 ad
3115 3380 3263 3419 mare
3291 3364 3432 3419 Salis
3455 3406 3471 3430 ,

264 3452 397 3519 ζώων
422 3473 476 3508 τε
508 3455 621 3525 γὰρ
651 3455 804 3507 οὐδὲν
826 3455 999 3507 ἐκεῖνο
1023 3454 1083 3507 τὸ
1110 3454 1250 3525 ὕδωρ
1284 3454 1474 3524 φέρει·
1511 3454 1605 3508 καὶ
1636 3454 1820 3526 νεκροὶ

272 3545 359 3615 μὲν
389 3546 694 3618 ὑποϐρύχιοι
726 3546 1010 3616 φέρονται,
1058 3545 1257 3610 ζῶντες
1295 3544 1351 3597 δὲ
1385 3545 1492 3598 οὐδ’
1526 3545 1592 3599 ἂν
1627 3545 1820 3618 ῥᾳδίως

272 3635 612 3705 βαπτίσαιντο.
684 3637 882 3707 Λύχνοι
942 3636 1038 3707 μὲν
1098 3637 1377 3707 καιόμενοι
1446 3636 1817 3709 ἐπιφέρονται,

266 3728 589 3801 σϐεννύμενοι
615 3730 672 3783 δὲ
697 3728 1072 3783 καταδύουσιν.
1117 3727 1378 3782 Ἐνταῦθα
1399 3727 1454 3780 δὲ
1481 3729 1614 3783 εἰσὶν
1637 3731 1693 3782 αί
1717 3729 1819 3799 τῆς

258 3821 511 3889 ἀσφάλτου
547 3821 751 3892 πηγαί·
789 3820 941 3890 φέρει
980 3820 1036 3875 δὲ
1082 3819 1417 3891 στυπτηρίαν
1446 3818 1542 3872 καὶ
1577 3818 1679 3872 ἅλα
1712 3820 1819 3872 ὀλί-

257 3928 341 3979 γον
385 3931 433 3965 τι
459 3913 576 3966 τῶν
606 3912 777 3966 ἄλλων
815 3912 1169 3983 διαφέροντα·
1221 3910 1396 3982 πικρά
1448 3928 1508 3963 τε
1552 3910 1658 3982 γάρ
1701 3914 1817 3965 ἐστι

256 4005 336 4055 καὶ
356 4005 553 4074 διαυγῆ
574 4024 587 4035 ο
620 4004 748 4060 ἔνθα
777 4004 821 4058 δ’
845 4005 910 4058 ἂν
939 4002 1149 4075 καρπὸς
1176 4003 1393 4074 εὑρεθῇ,
1419 4002 1627 4057 κάπνου
1657 4003 1815 4059 πλέον

252 4097 553 4168 εὑρίσκεται
580 4097 966 4169 θολερωτάτου.
990 4096 1074 4149 ’Τὸ
1097 4095 1153 4149 δὲ
1184 4095 1326 4166 ὕδωρ
1363 4097 1505 4149 ἰᾶται
1529 4097 1654 4160 τοὺς
1673 4116 1815 4169 χρω-

253 4188 431 4257 μένους
485 4188 656 4257 αὐτῷ,
702 4188 858 4258 λήγει
911 4204 971 4239 τε
1017 4186 1184 4239 παντὶ
1250 4185 1403 4240 ὕδατι
1464 4186 1686 4257 πάσχων
1744 4188 1813 4242 τὰ

248 4277 475 4334 ἐναντία.
514 4281 576 4333 Εἰ
606 4279 660 4332 δὲ
706 4280 781 4350 μὴ
827 4278 1097 4349 Ἰορδάνην
1142 4275 1255 4347 εἶχε
1287 4277 1377 4330 τὸν
1424 4280 1665 4348 ποταμὸν
1689 4297 1814 4350 τρο-

250 4371 361 4441 φὴν,
389 4372 467 4434 ὡς
503 4370 791 4442 πορφύραν
828 4370 1204 4440 διατρέφοντα,
1242 4369 1337 4421 καὶ
1370 4368 1463 4421 ἐπὶ
1497 4369 1629 4422 πολὺ
1659 4370 1813 4423 ἀντέ-

248 4478 414 4529 χοντα,
459 4462 649 4533 ἔληξεν
695 4464 761 4516 ἂν
794 4461 984 4515 θᾶττον
1021 4461 1053 4532 ἦ
1088 4461 1358 4529 φαίνεται.
1408 4462 1564 4514 Ἐστι
1591 4462 1647 4515 δὲ
1679 4463 1808 4533 παρ’

247 4552 367 4623 αὐτῇ
414 4551 677 4623 πάμπολυ
719 4551 812 4604 τοῦ
861 4550 1137 4621 βαλσάμου
1181 4550 1379 4620 φυτόν·
1423 4550 1727 4605 ὐπονοεῖται
1751 4551 1806 4604 δὲ

245 4641 639 4715 ἀνατετράφθαι
684 4643 790 4698 ὑπὸ
816 4642 909 4696 τοῦ
932 4641 1064 4696 Θεοῦ
1095 4641 1181 4696 διὰ
1206 4642 1302 4713 τὴν
1325 4641 1434 4696 τῶν
1468 4642 1806 4713 περιοικούν-

246 4750 342 4786 των
369 4735 467 4788 ἁσέ
476 4734 644 4788 ϐειαν.

1918 3465 2064 3505 nunc
2093 3450 2397 3515 Mortuum,
2444 3469 2639 3508 manus
2671 3462 3083 3509 conseruerunt.
3116 3452 3170 3507 In
3204 3454 3310 3508 isto
3344 3455 3482 3508 mari

1915 3544 2313 3617 quamplurima
2346 3555 2591 3616 portenta
2623 3547 2741 3601 visu
2789 3548 2952 3617 digna
2990 3547 3300 3601 observavi.
3349 3545 3483 3601 Nul-

1916 3632 2025 3687 lum)
2061 3635 2311 3691 animans
2342 3638 2514 3693 nutrit
2539 3639 2659 3708 ejus
2689 3654 2831 3707 aqua
2860 3657 2875 3705 ;
2918 3648 2973 3692 et
3015 3647 3228 3693 mortua
3259 3638 3476 3709 quidem

1914 3723 2174 3778 uadavera
2204 3726 2256 3778 in
2289 3741 2408 3780 eam
2438 3729 2547 3782 cito
2573 3737 2917 3798 merguntur,
2945 3728 3066 3783 viva
3090 3744 3220 3783 vero
3245 3743 3474 3798 corpora

1915 3823 2173 3878 enatant,
2206 3830 2305 3870 nec
2339 3817 2507 3871 imum
2554 3817 2714 3872 facile
2758 3827 2987 3887 petunt;
3034 3818 3181 3873 faces
3226 3820 3480 3877 ardentes

1914 3905 1968 3958 in
2014 3920 2077 3961 ea
2122 3922 2342 3961 sursum
2379 3907 2651 3972 feruntur,
2701 3910 2985 3964 exstincta:
3028 3918 3368 3977 merguntur.
3418 3911 3475 3966 ln

1912 3997 2426 4055 eademrbituminis
2469 3999 2626 4069 origo
2668 4010 2722 4054 et
2761 4000 3015 4056 ofﬁcina:
3064 4003 3315 4070 producit
3358 4003 3476 4057 alu-

1914 4103 2037 4143 men
2060 4130 2076 4156 ,
2109 4098 2162 4144 et
2194 4105 2429 4160 paucum
2461 4090 2649 4150 salem.
2678 4092 2973 4146 nonnihila
2998 4093 3223 4162 reliquis
3262 4093 3470 4149 discre-

1912 4183 2096 4250 pantia
2125 4200 2139 4247 ;
2171 4198 2358 4239 amara
2390 4193 2519 4240 sunt
2548 4185 2694 4239 enim
2726 4194 2780 4240 et
2810 4186 3099 4255 pellucida.
3152 4183 3474 4256 Ubicunque

1910 4274 2053 4328 circa
2088 4289 2206 4328 eam
2239 4275 2449 4330 fructus
2477 4276 2773 4341 enascitur,
2822 4275 3037 4329 turbido
3080 4284 3289 4329 tantum
3322 4276 3473 4333 fumo

1911 4379 2110 4440 turget.
2143 4370 2298 4440 Aqua
2330 4371 2444 4425 haec
2464 4371 2743 4425 utentibus
2769 4368 3059 4424 admodum
3092 4368 3327 4424 salubris
3350 4380 3432 4427 est
3453 4413 3468 4436 ,

1911 4475 1975 4514 ac
2001 4477 2153 4516 more
2181 4462 2405 4517 cuilibet
2431 4477 2586 4531 aqua:
2614 4460 2891 4514 contrario
2918 4461 3221 4515 exsiccatur
3246 4479 3258 4514 :
3290 4470 3342 4515 et
3368 4462 3469 4517 nisi

1907 4551 2198 4608 Jordanem
2223 4553 2291 4608 ad
2318 4554 2490 4607 instar
2514 4552 2735 4608 concha:
2765 4553 3048 4607 nutritium
3075 4560 3129 4606 et
3151 4551 3466 4608 continuum

1910 4644 2190 4699 humorem
2229 4645 2732 4700 subministrantem
2767 4644 3005 4710 haberet,
3038 4660 3101 4701 ac
3133 4646 3274 4700 velut
3294 4647 3470 4700 exsic-

1836 4722 1880 4776 Ῑ)
1908 4736 2133 4789 catiouis
2154 4735 2395 4805 periculo
2420 4735 2771 4791 obsistentem
2791 4776 2805 4801 ,
2832 4737 2994 4791 citius
3017 4752 3177 4807 quam
3201 4738 3464 4803 videatur,

245 4830 543 4885 defecisset.
596 4830 1027 4899 Circumquaque.
1083 4844 1192 4884 non
1258 4828 1485 4883 minima
1548 4829 1776 4884 balsami
1827 4831 2027 4899 plantae
2077 4833 2231 4901 copia
2293 4841 2414 4897 est;
2470 4848 2634 4903 quam
2689 4832 2909 4902 quidem
2942 4834 3011 4887 ob
3043 4834 3345 4889 vicinorum
3377 4834 3467 4886 in-

244 4923 481 4978 colarum
509 4922 903 4993 improbitatem
932 4938 963 4977 a
995 4922 1103 4977 Deo
1127 4923 1312 4978 dicunt
1349 4921 1685 4992 proﬂigatam
1721 4923 1936 4990 penitus
1970 4933 2024 4977 et
2054 4926 2427 4993 exstirpatam.

1422 5015 1489 5071 X.
1530 5014 1695 5076 Ibid.,
1737 5033 1859 5087 pag.
1900 5018 2025 5084 107,
2067 5018 2141 5075 al.
2182 5018 2271 5074 86.

1504 5111 1579 5165 De
1617 5112 1926 5181 patriarcha
1964 5114 2154 5170 Jacob.

316 5224 382 5278 Ἦ
418 5226 703 5298 ποιμενικὴ
728 5226 843 5297 (42)
889 5226 1059 5299 σκηνὴ
1095 5226 1188 5280 τοῦ
1232 5226 1424 5280 Ἰακὼϐ
1461 5229 1519 5279 ἐν
1574 5227 1794 5297 Ἐδέσσῃ

310 5337 592 5409 (41)Ἔτη
633 5337 785 5407 ,γσζι
834 5338 1147 5394 Mendosum
1204 5354 1489 5393 numerum
1543 5338 1674 5406 ,γσζ’
1732 5339 1787 5392 in

246 5408 393 5471 ,γους
422 5416 856 5462 commutantium
886 5410 1030 5477 cogit
1058 5415 1169 5464 hinc
1189 5410 1348 5462 ratio.
1374 5410 1417 5461 A
1441 5409 1631 5462 mundi
1667 5417 1791 5462 ortu

244 5477 306 5546 ad
331 5478 585 5531 diluvium
618 5488 867 5532 numerat
897 5478 1184 5533 Africanus
1213 5494 1385 5532 annos
1404 5478 1566 5541 2262,
1591 5478 1791 5546 quibus

246 5545 308 5597 ad
360 5548 584 5600 Ahrahm
630 5552 861 5602 natalem
908 5550 1050 5602 diem
1109 5549 1253 5602 addit
1303 5549 1438 5601 alios
1502 5545 1659 5601 1015.
1712 5546 1791 5601 Ex

248 5618 662 5687 utraquejgitur
698 5634 910 5672 summa
944 5619 1157 5687 collegit
1185 5618 1340 5686 ,γσοζ¹
1379 5618 1537 5672 52ἾἹ.
1568 5616 1739 5674 Con.

314 5631 462 5737 raque
499 5631 662 5683 lglllﬂ'
698 5634 910 5672 summa
944 5631 1157 5687 cottegtt
1185 5631 1340 5686 ,γσος
1379 5631 1440 5671 ῧῖ

314 5686 365 5747 μ
400 5688 447 5757 *)
472 5685 633 5743 Forte
666 5690 985 5745 σκήπτεται.
1020 5688 1174 5743 Earr.
1203 5688 1440 5745 PATROL.

1970 5230 2013 5285 l.
2053 5229 2333 5286 Pastorale
2362 5230 2531 5286 Iacob
2565 5232 2857 5287 tentorium
2895 5244 3067 5300 usque
3102 5229 3168 5284 ad
3202 5230 3457 5285 Antonini

1969 5343 2077 5415 (12)
2134 5346 2194 5399 Ἡ
2243 5361 2470 5414 ποιμεν.
2523 5344 2646 5401 Ha-c
2688 5353 2742 5399 et
2790 5345 3065 5415 sequentia
3095 5344 3161 5399 de
3192 5342 3358 5398 Jaroh
3390 5345 3460 5403 ab

1894 5412 2152 5467 Africano
2198 5412 2470 5475 enarrata.
2533 5425 2745 5470 exstant
2794 5412 2933 5483 apud
2984 5412 3290 5484 Syncellum
3327 5415 3361 5467 Ι.
3404 5432 3455 5472 c.

1894 5484 2165 5564 refertque
2194 5484 2500 5566 Scaligerin
2526 5488 2641 5566 sanis
2667 5487 2948 5566 ea-cerptis'
2968 5484 3169 5539 Graecis
3194 5485 3454 5566 Eusebia-

1892 5554 2154 5677 :iisupag.
2206 5554 2295 5620 22,
2338 5555 2500 5636 tacito
2533 5554 2764 5625 Syncelli
2806 5555 3023 5607 nomine
3072 5572 3085 5608 :
3131 5557 3291 5643 quod”
3321 5572 3460 5627 pra:-

1915 5635 2038 5678 erut
2063 5622 2465 5681 Tillemonttum
2497 5626 2657 5682 Mém.
2681 5628 2806 5681 eccl.
2836 5636 2967 5683 tom.
2997 5624 3089 5693 lli,
3113 5642 3166 5697 p.
3187 5627 3312 5683 250.
