3990 6214
189 271 266 327 75
1120 267 1285 338 ρυλε
1327 267 1739 326 SUPERSUNT
1781 269 1870 325 EX
1910 269 2136 326 LlBRlS
2173 271 2570 331 CllRONOGR.
2779 317 2790 328 .
3386 286 3455 345 7.}

197 387 421 442 ταλλῶν
455 387 865 460 διαφθαρέντων
889 388 1198 451 διασωθεὶς,
1232 389 1369 442 κατὰ
1399 386 1496 460 τὴν
1520 387 1786 457 Αἴγυπτον

1894 400 2075 443 vatum
2093 431 2107 449 ,
2133 406 2247 445 :evo
2275 391 2364 445 illo
2389 408 2497 461 quo
2522 407 2643 447 cum
2673 395 2868 463 pOpulo
2893 394 3103 465 Moyses
3127 415 3193 453 ex
3221 399 3456 474 [Egypto

195 482 291 536 τοῦ
329 482 461 535 λαοῦ
504 482 640 552 μετὰ
672 483 952 545 Μωῦσὲως
984 483 1160 548 ἔξοδον
1185 482 1455 550 γενέσθαι.
1515 483 1622 535 Καὶ
1664 483 1789 550 μετ’

199 574 376 642 ὀλίγα
398 591 410 603 ·
449 574 602 627 Μετὰ
625 574 679 626 δὲ
712 575 975 643 Ὤγυγον,
1006 574 1093 627 διὰ
1116 574 1214 644 τὴν
1238 573 1346 626 ἀπὸ
1381 573 1476 626 τοῦ
1520 573 1789 626 κατακλυ-

201 665 342 734 σμοῦ
375 666 575 736 πολλὴν
604 667 827 738 φθοράν,
851 666 1422 738 ἁϐασίλευτοςὲμεινεν
1449 668 1480 737 ἠ
1509 667 1602 720 νῦν
1632 668 1794 719 Ἀττι-

198 757 270 827 21“,
303 757 440 825 ('39.),
480 758 941 829 μέχρ;Κέκροπος
981 759 1121 830 ρπο’.
1156 759 1258 811 Τὸν
1294 759 1525 830 μὲνγὰρ
1561 761 1791 828 Ὤγυγον

213 850 464 901 Ἀκταῖον
486 890 500 910 ,
531 851 564 918 ἢ
595 848 662 901 τὰ
691 849 1039 915 πλασσόμενα
1079 850 1184 902 τῶν
1223 850 1523 920 ὀνομάτων,
1560 852 1679 905 οὐδὲ
1702 869 1792 920 γε-

203 938 394 992 νέσθαι
437 941 605 1008 φησιν
652 941 680 992 ὁ
728 939 1032 1011 Φιλόχορος.
1077 940 1185 993 Καὶ
1219 943 1346 1009 μεθ’
1395 940 1596 1009 ἔτεραο
1659 940 1792 994 Ἀπὸ

213 1031 446 1098 Ὠγύγου
467 1031 563 1082 ἐπὶ
595 1030 675 1083 Κῦ
684 1049 793 1100 ρον,
812 1033 961 1094 ὅπως
979 1031 1086 1085 ἀπὸ
1106 1034 1379 1096 Μωῦσέως
1396 1034 1486 1086 ἐπὶ
1521 1033 1610 1086 τὸν
1627 1031 1790 1086 αὐτοῦ

206 1123 414 1193 χρόνον,
446 1123 543 1192 ἔτη
578 1123 730 1188 ,ασλεθ
756 1124 887 1193 (53).

1897 479 2169 554 profectus
2201 492 2314 544 est,
2349 483 2622 537 exstitisse
2655 484 3007 542 allirmamus.
3054 488 3120 541 Et
3160 502 3275 559 post
3315 510 3451 548 non—

1893 571 2042 625 nulla
2067 588 2086 626 .·
2127 571 2416 629 Devastato
2451 575 2639 628 diluvii
2682 578 2839 646 aquis
2879 578 3162 634 hominum
3205 599 3403 652 genere
3429 627 3443 648 ,

1891 664 1956 717 ad
1995 680 2166 734 usque
2195 665 2452 736 Cecropis
2484 677 2697 721 aetatem
2730 679 2783 722 et
2815 686 2990 725 annos
3027 673 3126 726 189
3160 683 3282 742 post
3313 672 3457 746 Ogy-

1893 771 2054 825 gum,
2093 757 2298 826 alisque
2333 759 2553 827 regibus
2590 759 2764 814 Attica
2804 777 2948 816 nunc
2977 763 3117 818 dicta
3152 766 3298 835 regio
3330 783 3454 836 per-

1895 849 2113 902 mansit.
2169 849 2367 904 Verum
2419 852 2698 906 enimvero
2746 854 2985 908 Actmum
3039 855 3318 928 Ogygum,
3372 862 3457 916 vel

1893 941 2098 1008 quaevis
2125 942 2228 996 alia
2263 943 2384 997 [icta
2419 944 2637 997 nomina
2685 961 2951 1015 nusquam
2970 949 3242 1005 exstitisse
3278 951 3458 1007 Philo-

1892 1031 2091 1085 chorus
2124 1031 2375 1087 allirmat.
2409 1033 2646 1104 Aliisque
2677 1037 3002 1106 inteijectis:
3036 1041 3118 1094 Ab
3148 1041 3332 1114 Ogygo
3361 1061 3455 1100 us-

1895 1138 2001 1192 que
2037 1123 2101 1177 ad
2133 1125 2331 1196 Cyrum
2354 1167 2368 1191 ,
2401 1128 2547 1181 velut
2578 1145 2608 1182 a
2659 1127 2841 1200 Moyse
2888 1131 2954 1185 ad
2999 1135 3250 1189 eumdem
3283 1153 3456 1206 usque

1889 1216 2218 1278 terminum,
2247 1219 2374 1271 anni
2410 1229 2766 1274 numerantur
2803 1222 2963 1276 1255.

631 1323 769 1378 ΧΙΙΙ.
817 1323 898 1378 Ex
935 1327 1111 1378 eodem
1151 1325 1284 1378 libro
1326 1341 1406 1379 Ill.
1450 1327 1601 1394 Apud
1643 1325 1924 1382 Eusebium
1968 1329 2263 1400 Praeparat.
2305 1349 2485 1403 evang.
2527 1333 2619 1387 lib.
2663 1351 2692 1388 Χ
2719 1375 2734 1400 ,
2774 1352 2890 1404 cap.
2928 1335 3018 1392 40.

269 1420 344 1472 A'.
379 1419 565 1490 Μέχρι
613 1419 709 1491 μὲν
762 1421 1167 1491 Ὀλυμπιάδων,
1208 1421 1361 1475 οὐδὲν
1391 1422 1614 1493 ἀκριϐὲς
1644 1423 1784 1475 ἱστό-

210 1530 354 1584 ρηται
376 1517 499 1576 τοῖς
526 1514 772 1585 Ἕλλησι,
805 1515 1020 1568 πάντων
1052 1515 1497 1586 συγκεχυμένων,
1528 1517 1619 1570 καὶ
1647 1517 1785 1570 κατὰ

209 1605 357 1673 μηξὲν
387 1606 590 1668 αὐτοῖς
606 1605 711 1659 τῶν
730 1606 833 1678 πρὸ
853 1607 943 1659 τοῦ
968 1609 1425 1678 συμφωνούντων⁸
1453 1611 1506 1663 αἱ
1533 1609 1588 1661 δὲ
1622 1608 1784 1681 κρί-

204 1697 361 1751 ﬁeri-:0
392 1699 641 1762 πολλοῖς,
671 1699 742 1768 τῷ
778 1700 850 1770 μὴ
885 1701 950 1753 ὲκ
984 1701 1232 1754 πλείστου
1262 1701 1628 1772 διαστήματος
1653 1743 1666 1763 ,
1700 1701 1784 1754 διὰ

200 1791 518 1860 τετριετίας
547 1791 606 1842 δὲ
628 1831 641 1853 ν
671 1791 768 1855 τὰς
804 1793 1122 1864 ἀναγραφὰς
1157 1793 1335 1847 αὐτῶν
1363 1792 1631 1846 ποιεῖσθαι
1661 1794 1786 1856 τοὺς

1964 1426 2006 1481 Ῑ.
2048 1428 2185 1482 Ante
2223 1426 2597 1499 Olympiadum
2659 1429 2888 1496 seriem,
2938 1430 3248 1487 Graecorum
3282 1433 3335 1488 in
3371 1436 3458 1489 hi-

1895 1519 2063 1574 storia
2089 1521 2221 1574 certi
2249 1521 2382 1574 nihil
2411 1521 2786 1592 exploratique
2814 1524 3085 1592 reperias:
3119 1542 3292 1596 usque
3318 1528 3457 1584 adeo

1893 1613 2205 1680 perturbata
2258 1623 2386 1668 sunt
2450 1615 2663 1681 omnia,
2705 1633 2806 1672 nec
2842 1619 2948 1672 ulla
2985 1635 3168 1674 secum
3202 1637 3267 1676 ex
3306 1633 3459 1693 parte

1893 1703 2276 1769 consentiunt,
2303 1721 2423 1774 qure
2451 1715 2606 1760 antea
2641 1709 2934 1777 contigisse
2964 1722 3359 1768 memorantur.
3391 1716 3460 1770 At

1893 1794 1946 1848 in
1973 1793 2384 1866 Olympiadihus
2411 1797 2722 1868 digerendis
2752 1813 3006 1856 accurate
3041 1803 3194 1857 multi
3229 1804 3457 1876 diligen-

200 1881 490 1952 Ἕλληνας.
524 1876 606 1934 Οὖ
637 1880 698 1951 δὴ
729 1881 887 1953 χάριν
920 1881 1016 1945 τὰς
1047 1881 1389 1947 ἐνδοξοτάτας
1408 1923 1422 1944 ,
1468 1881 1560 1934 καὶ
1606 1881 1786 1951 μυθώ-

1896 1893 2087 1955 terque
2126 1887 2323 1940 versati
2365 1897 2533 1952 sunt,
2575 1889 2722 1960 quod
2763 1906 2872 1944 non
2917 1891 3078 1963 longo
3114 1894 3402 1949 intervallo
3434 1937 3450 1960 ,

195 1976 296 2039 δεις
321 1974 718 2044 ἐπιλεξάμενος
737 1973 993 2045 ἱστορίας,
1024 1974 1181 2044 μέχρι
1212 1974 1309 2043 τῆς
1335 1972 1554 2044 πρώτης
1595 1973 1779 2042 Ὀλυμ-

192 2069 381 2130 πιάδος
413 2065 852 2137 ἐπιδραμοῦμαι·
900 2067 998 2130 τὰς
1029 2066 1084 2118 δὲ
1114 2065 1248 2136 μετὰ
1287 2066 1488 2129 ταῦτα,
1533 2064 1790 2130 συζεύξας

196 2160 347 2214 κατὰ
375 2159 562 2228 χρόνον
595 2157 854 2221 ἑκάστας,
889 2158 944 2209 εἴ
973 2175 1116 2220 τινες
1142 2158 1422 2228 ἐπίσημοι,
1457 2160 1575 2220 ταῖς
1616 2157 1792 2227 Ἐλλη.

207 2256 387 2314 νικαίς
428 2251 521 2312 τάς
563 2249 890 2320 Ἐϐραῖκὰς.
932 2249 1220 2320 ἐξιστορῶν
1254 2251 1354 2319 μὲν
1393 2248 1462 2302 τὰ
1503 2249 1788 2320 Ἑϐραίων,

198 2345 578 2414 ἐφαπτόμενος
596 2344 654 2395 δὲ
676 2342 787 2396 τῶν
831 2342 1172 2412 Ἑλληνικῶν,
1205 2342 1499 2414 ὲφαρμόσω
1528 2341 1675 2394 τόνδε
1696 2341 1792 2395 τὸν

201 2436 393 2504 τρόπον
417 2451 431 2463 ·
461 2434 759 2504 λαϐόμενος
791 2435 921 2502 μιᾶς
951 2433 1200 2502 πράξεως
1239 2432 1527 2504 Ἐϐραῖκῆς
1554 2433 1785 2502 ὁμοχρό-

200 2543 281 2578 ιηυ
327 2526 536 2596 πράξει
583 2526 671 2595 ὑφ’
727 2527 992 2595 Ἑλλήνων
1036 2524 1402 2596 ἱστορηθείσῃ,
1447 2525 1543 2578 καὶ
1580 2523 1786 2594 ταύτης

200 2619 474 2688 ἐῄμενος,
511 2619 762 2689 ἀφαιρῶν
786 2636 846 2671 τε
875 2619 968 2671 καὶ
995 2617 1325 2687 προστιθεὶς,
1356 2617 1442 2680 τίς
1473 2634 1533 2670 τε
1559 2615 1784 2686 Ἕλλην,

197 2711 228 2780 ἦ
285 2711 534 2782 Πέρσης,
588 2711 620 2780 ἢ
673 2711 768 2763 καὶ
809 2708 1057 2762 ὁστισοῦν
1108 2713 1173 2780 τῇ
1236 2707 1496 2780 Ἐϐραίων
1537 2706 1790 2779 συνεχρό-

196 2819 359 2872 νησεν
394 2802 534 2871 (54),
577 2800 1064 2873 ὲπισημειούμενος
1090 2840 1104 2864 ,
1153 2802 1283 2865 ἴσως
1334 2799 1400 2853 ἂν
1449 2798 1540 2852 τοῦ
1584 2797 1786 2852 σκοποῦ

196 2891 435 2964 τύχοιμι.

1890 1975 1985 2029 sed
2019 1984 2230 2030 tantum
2263 1992 2362 2032 suo
2394 1979 2659 2049 cujusque
2690 1995 2776 2035 res
2810 1982 3171 2049 quadriennio
3202 1985 3456 2042 deﬁnitas

1888 2064 2059 2120 Graeci
2080 2069 2610 2139 comprehensasque
2629 2071 3065 2140 perscripserint.
3086 2071 3455 2139 Quamobrem

1887 2171 1954 2211 ex
1987 2157 2250 2213 fabulosis
2282 2159 2420 2221 illis,
2454 2175 2576 2228 qua:
2609 2161 2675 2214 ad
2707 2161 2936 2229 primam
2980 2179 3151 2234 usque
3183 2163 3457 2237 Olympia-

1889 2248 2012 2302 dem
2044 2248 2184 2303 fama
2227 2250 2436 2305 caateris
2475 2260 2527 2305 et
2562 2251 2848 2306 hominum
2889 2255 3150 2325 Opinione
3181 2261 3451 2327 praestite-o

1887 2341 2026 2405 rint,
2062 2341 2295 2396 breviter
2329 2342 2644 2412 cursimque
2676 2343 2862 2401 libatis
2891 2387 2906 2410 ,
2943 2364 3064 2416 quae
3094 2360 3280 2418 postea
3320 2367 3455 2406 con-

1894 2431 2149 2502 tigerint,
2187 2448 2250 2486 ea
2290 2433 2334 2486 si
2374 2433 2540 2487 modo
2565 2433 2800 2504 insignia
2836 2437 3181 2504 videbuntur,
3218 2440 3291 2495 ita
3329 2457 3454 2497 cum

1889 2521 2090 2578 Graecis
2131 2524 2357 2578 Hehrma
2393 2533 2678 2579 contexam
2707 2565 2722 2590 ,
2764 2535 2823 2580 ut
2861 2527 3066 2584 Grzecis
3103 2530 3280 2587 obiter
3316 2533 3457 2587 dun-

1887 2623 2037 2668 taxat
2063 2615 2384 2684 perstrictis,
2417 2615 2671 2670 Historici
2699 2633 2851 2672 more
2876 2618 3052 2674 fusius
3077 2619 3302 2677 liebrzea
3329 2639 3456 2694 per-

1891 2713 2091 2759 texam.
2133 2706 2186 2758 In
2233 2722 2342 2774 quo
2379 2706 2647 2775 ejusmodi
2688 2707 2871 2762 futura
2912 2726 3029 2765 mea
3062 2713 3201 2766 ratio
3232 2721 3358 2779 est,
3397 2723 3458 2769 ut

1888 2797 2106 2866 qu0ties
2135 2796 2452 2852 Hebraicam
2487 2800 2769 2855 historiam
2791 2843 2805 2867 ,
2831 2817 2953 2870 qua:
2985 2817 3107 2856 cum
3139 2802 3325 2859 Graaca
3355 2807 3458 2860 ali-

1889 2903 2002 2958 quo
2063 2898 2306 2957 tempore
2364 2891 2685 2957 conveniat,
2738 2893 3074 2946 tractandam
3126 2910 3455 2966 suscepere,

198 2991 360 3043 toties
400 2990 454 3043 in
491 3005 556 3044 ea
589 2997 908 3044 constanter
945 2989 1186 3054 hazrens,
1245 2986 1537 3052 detractis,
1591 2985 1681 3039 ubi
1727 2998 1812 3039 res
1865 2983 2077 3049 tulerit,
2144 2983 2438 3050 adjectisve
2483 2987 2792 3050 nonnullis,
2835 2988 3060 3056 quinam
3107 2998 3201 3044 aut
3240 2989 3456 3048 Graeco-

202 3098 320 3137 rum
341 3125 357 3144 ,
394 3093 490 3137 aut
522 3083 811 3139 Persarum
837 3125 850 3148 ,
884 3093 978 3138 aut
1013 3084 1192 3154 populi
1230 3083 1472 3153 cujusvis
1498 3082 1722 3136 alterius
1743 3121 1758 3146 ,
1799 3079 2041 3150 ejusdem
2074 3089 2314 3149 tempore
2372 3079 2642 3147 floruerit,
2721 3082 2960 3152 aperiam
2989 3103 3000 3136 :
3029 3086 3109 3140 sic
3157 3085 3301 3141 enim
3337 3088 3457 3156 ejus

197 3191 286 3230 me
307 3176 550 3238 demum,
578 3177 726 3245 quod
757 3177 1094 3246 propositum
1136 3175 1267 3230 mihi
1297 3185 1412 3238 est,
1443 3185 1747 3244 compotem
1771 3173 2014 3228 futurum
2045 3172 2322 3227 existimo.

272 3270 349 3322 B'.
417 3270 685 3339 Ἑὸραίων
739 3272 838 3341 μὲν
888 3267 979 3324 οὖν
1023 3273 1055 3340 ἡ
1102 3271 1346 3341 μετοικία
1388 3269 1786 3340 ὲπισημοτάτη,
1817 3275 1862 3335 C

201 3363 754 3434 αἰχμαλωτισθέντων
821 3364 925 3416 ὑπὸ
991 3363 1454 3434 Ναϐουχοδονόσορ
1523 3362 1786 3432 βασιλέως

201 3456 863 3526 Βαϐυλῶνος,παρέτεινεν
880 3455 972 3525 ἔτη
993 3462 1054 3517 o’,
1089 3455 1232 3508 καθὰ
1259 3456 1662 3526 προεφήτευσεν
1690 3455 1787 3506 Ἰε-

213 3563 277 3618 ρε
287 3547 417 3615 μίας
439 3588 451 3598 .
472 3547 575 3598 Τοῦ
596 3548 656 3616 δὴ
671 3547 1140 3618 Ναϐουχοδονόσορ
1161 3547 1481 3618 μνημονεύει
1499 3547 1786 3617 Βηρωσσὸς

207 3641 241 3691 ὁ
269 3638 620 3701 Βαὸυλὼνιος.
663 3641 820 3694 Μετὰ
847 3639 904 3692 δὲ
932 3639 999 3692 τά
1031 3647 1070 3692 o'
1103 3639 1203 3709 τῆς
1237 3639 1612 3710 αἰχμαλωσίας
1663 3637 1782 3707 ἐτη,

208 3729 403 3801 Κῦρος
429 3730 638 3801 Περσῶν
673 3732 1041 3797 ἐϐασίλευσεν,
1171 3733 1278 3785 ἔτει
1321 3732 1619 3802 Ὀλυμπιὰς
1646 3732 1784 3802 ἤχθη

198 3830 307 3886 γε’,
354 3823 431 3887 ὡς
475 3826 536 3877 ἐκ
575 3826 682 3877 τῶν
730 3823 1136 3892 Βιϐλιοθηκῶν
1186 3823 1480 3894 Διοδώρου,
1543 3824 1633 3876 καὶ
1678 3823 1787 3876 τῶν

206 3916 409 3969 Θαλλοῦ
476 3918 572 3972 καί
597 3918 874 3988 Κάστορος
912 3915 1182 3987 ἱστοριῶν,
1215 3916 1293 3968 ἔτι
1319 3917 1376 3969 δὲ
1407 3915 1662 3968 Πολυϐίου
1693 3914 1788 3969 καὶ

201 4005 498 4070 Φλέγοντος
549 4004 696 4058 ἔστιν
724 4008 922 4076 εὑρεῖν,
951 4006 1086 4059 ἀλλὰ
1119 4006 1210 4059 καὶ
1236 4007 1322 4059 ἑτέ
1333 4023 1458 4077 ριυν,
1488 4000 1567 4068 οἷς
1594 4005 1790 4077 ἐμέλη-

205 4112 298 4148 σεν
335 4097 707 4164 Ὀλυμπιάδων
727 4115 739 4128 ο
775 4097 1071 4168 ἆπασιγὰρ
1101 4097 1476 4168 συνεφώνησεν
1505 4099 1532 4149 ὁ
1564 4097 1751 4167 χρόνος
1771 4113 1784 4126 ·

203 4188 389 4258 K590;
432 4189 477 4241 δ’
523 4185 615 4241 οὖν
665 4188 741 4258 τῷ
785 4189 986 4260 πρώτῳ
1025 4190 1124 4255 τῆς
1168 4190 1342 4260 ἀρχῆς
1390 4188 1518 4250 ἔτει,
1558 4191 1692 4260 ὅπερ
1722 4185 1788 4259 ἦν

215 4281 577 4350 Ὀλυμπιάδος
604 4289 672 4334 νε¹
697 4282 812 4344 ἔτος
842 4282 900 4333 τὸ
932 4282 1164 4352 πρῶτον,
1197 4283 1282 4335 διὰ
1311 4281 1639 4352 Ζοροϐάϐελ,
1669 4279 1788 4333 καθ’

202 4373 258 4424 ὃν
304 4374 513 4443 Ἰησοῦς
541 4378 569 4428 ὁ
597 4374 689 4428 τοῦ
729 4376 972 4428 Ἰωσεδὲκ
993 4417 1006 4439 ,
1055 4375 1150 4446 τὴν
1182 4375 1404 4446 πρώτην
1438 4376 1530 4426 καὶ
1561 4373 1788 4445 μερικὴν

203 4466 521 4535 ἀπόπεμψιν
570 4469 860 4538 ἐποιήσατο
903 4468 996 4522 τοῦ
1048 4469 1201 4528 λαοῦ,
1261 4467 1640 4540 πληρωθείσης
1691 4467 1792 4536 τῆς

205 4560 770 4632 ἑῶμηκονταετίας,
817 4563 893 4624 ὡς
949 4565 1005 4614 ὲν
1058 4561 1136 4632 τῷ
1197 4561 1400 4632 Ἔσδρᾳ
1463 4561 1614 4632 παρὰ
1677 4563 1788 4623 τοῖς

1967 3265 2030 3319 ll.
2073 3263 2314 3319 Primum
2349 3265 2512 3336 igitur
2535 3267 2957 3324 celebratissima
2990 3268 3078 3322 illa
3107 3268 3455 3326 Hebraeorum

1890 3357 2173 3426 migratio,
2201 3373 2323 3411 cum
2352 3373 2378 3410 a
2408 3357 2941 3415 Nahuchodonosore
2998 3362 3289 3433 Babylonis
3330 3380 3455 3435 rege

1885 3449 1938 3502 in
1982 3448 2294 3503 servitutem
2340 3449 2563 3504 abducti
2609 3459 2770 3514 sunt,
2807 3467 2975 3509 annos
3021 3456 3193 3510 tenuit
3233 3468 3451 3526 septua-

1886 3542 2031 3612 ginta
2055 3581 2069 3605 ,
2095 3542 2170 3595 uti
2206 3541 2449 3597 futurum
2477 3541 2741 3598 Jeremias
2765 3552 2890 3598 ante
2912 3546 3256 3614 praedixerat.
3281 3547 3450 3604 Porro

1886 3631 2439 3688 Nabuchodonosoris
2468 3633 2702 3689 Berosus
2733 3651 2949 3705 quoque
2978 3637 3307 3708 Babylonius
3331 3655 3454 3696 me-

1895 3727 2073 3780 minit.
2112 3725 2331 3780 Exactis
2361 3727 2468 3782 illis
2505 3729 2848 3797 septuaginta
2887 3731 3225 3800 captivitatis
3254 3735 3450 3797 annis.

1891 3819 2066 3889 Cyrus
2105 3816 2383 3870 Persicum
2427 3833 2647 3885 regnum
2689 3820 2959 3888 obtinuit,
3001 3839 3124 3877 cum
3166 3824 3448 3895 Olympias

1893 3921 2146 3983 ageretur
2172 3911 2618 3981 quinquagesima
2646 3912 2834 3980 quinta
2854 3955 2868 3976 ,
2903 3915 2979 3967 uti
3012 3931 3077 3969 ex
3107 3915 3328 3970 Diodori
3357 3919 3455 3971 Bi-

1895 4008 2153 4062 bliotheca
2182 4047 2196 4069 ,
2241 4006 2414 4060 Thalli
2453 4015 2506 4061 et
2542 4007 2787 4064 Castoris
2813 4050 2829 4076 ,
2870 4026 2969 4066 nec
3006 4027 3112 4066 non
3155 4011 3362 4085 Polybii
3400 4026 3456 4070 et

1891 4098 2206 4168 Phlegontis
2236 4099 2506 4165 historiis,
2553 4099 2770 4156 auferre
2817 4103 2941 4158 licet
2979 4123 2992 4168 ;
3030 4105 3264 4175 aliisque
3304 4124 3450 4178 prae-

1891 4199 2036 4244 terea
2061 4231 2074 4251 ,
2114 4191 2206 4259 qui
2247 4190 2624 4261 Olympiadum
2669 4193 2864 4246 seriem
2899 4203 3229 4261 texuerunt;
3264 4199 3450 4252 omni-

1895 4282 1995 4335 bus
2029 4283 2170 4336 enim
2208 4283 2260 4335 in
2290 4298 2354 4335 eo
2385 4291 2622 4351 tempore
2647 4284 2953 4339 definiendo
2978 4290 3246 4344 convenit.
3277 4291 3452 4362 Cyrus

1894 4374 2056 4443 igitur
2079 4390 2221 4428 anno
2249 4375 2459 4443 imperii
2503 4376 2585 4428 sui
2613 4376 2808 4445 primo,
2827 4379 2916 4446 qui
2946 4380 3275 4450 Olympiadis
3300 4385 3456 4454 quin-

1892 4469 2222 4536 quagesimae
2260 4471 2461 4537 quinta:
2500 4470 2708 4538 primus
2746 4469 2870 4522 item
2923 4486 3098 4526 annus
3153 4483 3300 4540 erat,
3359 4491 3456 4544 per

1895 4557 2312 4620 Zorohabelcm,
2355 4560 2510 4628 cujus
2549 4559 2710 4612 etiam
2749 4561 2973 4629 a‘qualis
3015 4564 3154 4617 idem
3189 4575 3242 4619 et
3271 4569 3454 4621 socius

216 4653 490 4722 Ἑϐραίοις
532 4655 826 4726 ἱστόρηται.
878 4657 940 4706 Αἱ
991 4656 1087 4725 μὲν
1139 4650 1231 4708 οὖν
1285 4655 1512 4725 ἱστορίαι
1565 4653 1786 4723 συντρέ-

1892 4661 2008 4714 erat
2045 4649 2203 4706 Jesus
2231 4651 2477 4705 Josedeci
2511 4651 2686 4712 lilius,
2719 4653 2930 4720 expleta
2961 4655 3072 4723 jam
3110 4658 3454 4727 septuaginta

204 4762 377 4815 χουσι,
411 4747 596 4820 Κύρου
626 4765 683 4800 τε
713 4747 1006 4818 βασιλείας,
1046 4749 1140 4802 καὶ
1171 4747 1545 4819 αἰχμαλωσίας
1572 4746 1778 4808 τέλους·

205 4840 297 4888 καὶ
331 4838 475 4890 κατὰ
511 4839 608 4900 τὰς
655 4839 1015 4908 Ὀλυμπιάδας
1052 4838 1221 4902 οὕτως
1267 4841 1346 4900 είς
1381 4839 1529 4908 ἡμᾶς
1561 4836 1784 4907 εὑρεθή-

204 4947 356 4984 σεται
388 4933 852 5002 συμιρωνήσαντα·
888 4932 1093 4994 τούτοις
1125 4931 1232 5002 γάρ
1257 4932 1528 5000 ἑπόμενοι,
1561 4930 1655 4982 καὶ
1683 4929 1783 4992 τὰς

199 5024 397 5086 λοιπὰς
431 5025 667 5095 ἱστορίας
687 5025 828 5078 κατὰ
858 5025 946 5078 τὸν
964 5025 1124 5078 αὑτὸν
1149 5024 1303 5092 λόγον
1326 5023 1580 5095 ἀλλήλαις
1609 5025 1784 5093 ἐφαρ-

201 5115 472 5185 μὸσυμεν.

199 5251 392 5308 (ninia,
452 5249 673 5317 Ὠγύγια
721 5250 881 5302 κακά.
920 5248 1092 5304 Verba
1133 5266 1295 5318 porro
1337 5247 1655 5317 sequentia,
1685 5263 1780 5300 ex-

202 5320 521 5397 punctus-qi
546 5320 713 5397 μεζᾴ,
744 5322 890 5397 inter
915 5321 1050 5397 duas
1077 5321 1335 5397 virgulas.
1369 5319 1511 5397 quod
1542 5318 1776 5397 ill-[CXII]

201 5388 599 5456 reperiebatur,
625 5391 712 5443 hic
743 5391 973 5452 incluso,
1006 5391 1226 5460 legenda
1254 5392 1356 5460 hoc
1381 5388 1572 5460 ordine
1609 5389 1777 5460 inter:

203 5460 411 5530 palata.
454 5460 667 5512 Πολλῶν
687 5457 1085 5530 διαφθαρέντων
1101 5459 1400 5522 διασωθεὶς,
1427 5457 1565 5510 κατὰ
1592 5457 1688 5530 τὴν
1716 5457 1774 5522 ἐξ

204 5527 483 5601 lyr-37:09
513 5530 604 5583 τοῦ
622 5529 751 5584 λαοῦ
789 5527 925 5601 μετά
965 5531 1240 5594 Μωϋσέως
1289 5531 1464 5594 ἔξοδον
1503 5527 1768 5595 γενέσθαι.

204 5598 382 5652 Com.

279 5671 395 5746 (ᾖε)
435 5670 631 5746 ᾚνῦν
667 5671 918 5746 Ἀττική.
947 5671 1023 5746 De
1061 5672 1198 5746 Acte
1213 5675 1266 5724 et
1290 5669 1464 5746 Attica
1496 5665 1770 5746 Pontacus

208 5739 264 5795 in
290 5739 585 5794 Eusebium
606 5743 837 5794 erudite.
869 5743 1054 5797 lstlia-c
1086 5739 1328 5795 Africani
1349 5737 1613 5808 Georgius
1633 5737 1771 5806 Syc-

376 5835 644 5896 PATuOL.
692 5835 808 5895 Gtt.
843 5837 926 5897 Χ.

1895 4758 2165 4796 annorum
2207 4757 2452 4802 summa,
2496 4743 2676 4812 populi
2715 4743 2926 4800 Judaici
2968 4757 3174 4815 partem
3215 4749 3454 4817 aliquam

1893 4836 2129 4905 primum
2164 4835 2404 4896 dimisit,
2439 4846 2494 4886 ut
2529 4837 2668 4904 apud
2703 4836 2928 4890 Esdram
2965 4836 3246 4892 llebrmum
3278 4840 3455 4893 histo-

1891 4926 2070 4978 ricum
2107 4926 2354 4994 legimus.
2393 4925 2453 4979 Et
2487 4929 2744 4994 quoniam
2779 4929 2928 4995 regni
2961 4929 3087 5000 Cyri
3124 4930 3452 4998 principium

1885 5031 2007 5069 cum
2063 5016 2302 5070 Judaicre
2350 5018 2678 5086 captivitatis
2722 5019 2856 5082 ﬁne,
2895 5021 3280 5074 historicorum
3331 5037 3456 5074 om-

1885 5109 2036 5163 nium
2060 5109 2414 5164 consensione
2440 5111 2747 5179 concurrit;
2775 5112 2969 5166 similis
2993 5112 3155 5166 etiam
3188 5113 3241 5165 in
3267 5111 3457 5184 Olym-

1886 5248 2054 5300 cellus
2087 5246 2283 5299 refutat
2318 5261 2438 5313 pag.
2467 5246 2533 5298 70
2567 5262 2706 5313 seq.,
2743 5247 2813 5298 al.
2846 5247 2933 5300 56.
2965 5247 3038 5300 In.

1959 5317 2070 5385 (55)
2093 5319 2234 5388 Ἔτη
2269 5320 2466 5378 ,ασλεκ
2499 5315 2740 5388 ιξΜοςευ
2759 5317 2819 5369 ad
2838 5317 3457 5388 Cj'r'tixiinttmerat.l\[ri-

1882 5403 2049 5441 canus
2076 5387 2213 5439 μὶὗὸ
2257 5402 2430 5439 annos
2472 5405 2484 5439 :
2519 5386 2802 5456 Syncellus
2832 5386 3046 5441 centum
3079 5389 3281 5442 minus.
3329 5387 3449 5448 Hic.

1879 5458 2086 5512 Cainan
2141 5457 2297 5528 anuis
2333 5456 2444 5522 jam
2478 5457 2849 5528 superioribus
2895 5461 3216 5522 numeratis,
3272 5468 3454 5528 poste-

1879 5529 1995 5580 rius
2026 5527 2257 5598 spa_lium
2288 5529 2587 5587 contraxit;
2618 5525 2906 5598 Africanus
2934 5529 3121 5581 iisdem
3149 5525 3450 5598 post—remo,

1877 5597 1930 5650 id
1977 5607 2060 5648 est
2103 5595 2353 5668 Iudicum
2403 5606 2641 5668 tempore
2693 5597 2965 5663 repositis,
3015 5595 3249 5668 spatium
3307 5595 3452 5655 idem

1877 5668 2095 5720 auxisse
2121 5666 2560 5734 deprehemlilur.
2598 5665 2672 5734 in.

1947 5735 2056 5807 (54)
2096 5733 2572 5804 Συνεχρόνησεν.
2623 5733 2780 5792 Forte
2814 5737 3204 5810 συνεχρὸνισεν.
3257 5735 3450 5792 V1053.

3075 5831 3114 5890 3
