3990 6214
508 241 574 297 75
1166 324 1177 335 ἱ
1875 241 2046 301 JULll
2084 240 2407 299 AFRICANI
3682 249 3756 303 76

503 362 724 436 piadnm
780 359 937 416 annis
1026 376 1148 415 eum
1199 360 1515 430 utriusque,
1572 370 1684 416 tum
1737 369 2060 416 eretcrorum
2090 358 2345 429 deinceps
2366 362 2743 416 convenientia
2790 362 2856 418 ad
2902 377 3003 419 nos
3038 379 3211 435 usque
3232 363 3447 419 ducitur
3488 381 3502 418 :

3552 364 3757 434 quippe

503 459 598 529 qui
651 457 720 511 ab
773 471 839 510 eo
884 454 1048 509 veluti
1095 455 1317 509 cardine
1377 453 1680 525 progressi,
1745 459 2143 524 consequentes
2196 454 2399 522 pariter
2456 455 2713 511 historias
2750 456 2937 513 eadem
2978 457 3118 513 inter
3156 473 3274 514 sese
3349 460 3559 517 ratione
3593 476 3752 517 cum-

505 549 728 604 missuri
763 548 1179 618 contexturique
1210 548 1405 604 simus.

574 639 661 695 Ill.
700 641 768 694 At
801 641 854 694 in
899 610 1243 709 superiorum
1287 640 1673 712 consignandis
1707 644 2068 714 temporibus,

2251 637 2325 690 r'.
2376 610 2487 700 Τάς
2533 636 2588 691 δὲ
2635 638 2740 709 πρὸ
2779 640 2983 693 τούτων
3033 632 3133 693 ὧδέ
3183 657 3300 704 πως
3338 641 3437 711 τῆς
3500 642 3753 715 Ἀττικῆς

503 735 547 788 si
588 734 778 789 Attica:
810 734 1257 804 elironOgrapliize
1283 735 1548 789 rationem
1578 735 1729 804 sequi
1782 734 1951 799 libet,
2004 735 2075 788 ab

503 828 718 899 Ogyge,
768 843 929 899 quem
978 826 1217 881 indide
1265 835 1444 881 satum
1496 841 1620 881 esse
1664 826 1930 891 credunt,
1972 826 2075 881 sub

502 936 613 990 quo
664 919 855 988 ingens
904 918 1034 973 illud
1078 917 1426 988 primumque
1468 916 2075 987 diluvium,,reguante

504 1008 664 1078 Argis
742 1006 1078 1072 Phoroneo,
1140 1007 1373 1060 Atticam
1455 1006 1717 1061 invasisse
1785 1006 2074 1077 Acusilans

504 1108 696 1154 auctor
732 1108 853 1164 est,
904 1098 969 1151 ad
1014 1099 1245 1168 primam
1291 1112 1463 1168 usque
1512 1097 1883 1171 Olympiadem
1931 1100 2075 1154 unde

506 1192 677 1248 Crmei
713 1200 1025 1247 accuratam
1060 1192 1162 1247 sibi
1199 1200 1506 1262 temporum
1541 1193 1739 1247 seriem
1767 1192 2072 1248 ducendam

504 1293 861 1355 putaverunt,
905 1284 1033 1339 anni
1066 1284 1399 1354 colliguntur
1435 1284 1627 1355 viginti
1673 1299 1841 1355 supra
1885 1286 2070 1353 mille;

502 1377 596 1447 qui
633 1393 893 1433 numerus
913 1389 966 1431 et
993 1393 1117 1433 cum
1148 1378 1523 1448 superioribus
1551 1378 1757 1448 optime
1782 1380 2070 1448 congruit,

500 1477 555 1521 et
580 1484 643 1521 ex
676 1468 1018 1537 sequentium
1052 1468 1419 1523 declaratione
1448 1468 1743 1522 constabit.
1788 1466 1910 1522 ilice
1926 1470 2070 1523 enim

502 1558 815 1616 Hellanicus
854 1572 908 1617 et
943 1560 1268 1616 Piloeliorns
1295 1601 1308 1624 ,
1345 1561 1437 1630 qui
1476 1577 1563 1617 res
1602 1561 1840 1624 Atticas,
1907 1562 2071 1615 item-

502 1668 609 1721 que
634 1654 831 1708 Castor
854 1663 907 1709 et
934 1653 1161 1709 Thallus
1179 1696 1193 1717 ,
1223 1652 1315 1722 qui
1348 1650 1603 1723 Syriacas
1625 1661 1896 1724 prosecuti
1924 1664 2071 1721 sunt,

500 1745 704 1815 quique
742 1746 983 1816 gentium
1024 1744 1575 1800 omninmliistoriam
1614 1745 1667 1798 in
1696 1744 2075 1799 Bibliotliecam

501 1850 657 1890 suam
706 1836 929 1891 inclusit
970 1835 1271 1904 Diodorus,
1317 1849 1371 1895 et
1413 1838 1721 1894 Alexander
1764 1837 2076 1909 Polyhistor

502 1932 781 1986 memoria:
819 1933 1221 2002 prodiderunt:
1263 1951 1498 2005 quorum
1550 1935 1714 1988 etiam
1743 1977 1757 2000 ,
1800 1950 1829 1989 e
1869 1933 2074 1989 nostris

2177 730 2576 805 χρονογραφίας
2613 732 3043 803 ἀριθμουμένης,
3088 731 3195 785 ἀπὸ
3244 732 3469 801 Ὠγύγου
3500 733 3592 787 τοῦ
3622 743 3756 806 παρ’

2177 822 2405 887 ἐκείνοις
2445 821 2763 893 αὐτόχθονος
2805 823 3184 887 πιστευθέντος
3208 864 3222 889 ,
3258 825 3343 893 ἐφ’
3376 820 3435 879 οὗ
3472 826 3697 895 γέγονεν
3723 829 3757 883 ὁ

2179 915 2352 986 μέγας
2387 914 2480 967 καὶ
2509 916 2721 985 πρῶτος
2754 915 2810 968 ἐν
2851 918 2915 986 τῇ
2964 916 3179 987 Ἀττικῇ
3212 917 3620 989 κατακλυσμὸς,
3651 922 3758 975 Φο-

2179 1006 2391 1079 ρωνέως
2429 1006 2685 1079 Ἀργείων
2707 1006 3097 1076 βασιλεύοντος,
3121 1009 3195 1072 ὡς
3234 1010 3576 1075 Ἀκουσίλαος
3608 1014 3756 1067 ἱστο-

2179 1102 2281 1171 ρεῖ,
2328 1098 2491 1171 μέχρι
2537 1097 2757 1170 πρώτης
2812 1100 3200 1171 Ὀλυμπιάδος,
3256 1102 3449 1156 ὁπόθεν
3494 1104 3756 1174 Ἕλληνες

2176 1192 2433 1263 ἀκριϐοῦν
2456 1194 2581 1256 τοὺς
2611 1192 2834 1264 χρόνους
2866 1193 3142 1265 ἐνόμισαν,
3176 1194 3269 1265 ἐτη
3293 1195 3579 1264 συνάγεται
3605 1198 3754 1268 χίλια

2179 1288 2405 1340 εἴκοσιν·
2451 1286 2527 1350 ὡς
2574 1286 2810 1350 καὶτοῖς
2848 1286 3264 1359 προειρημένοις
3304 1292 3609 1359 συμφωνεῖ,
3655 1294 3756 1345 καὶ

2176 1381 2286 1442 τοῖς
2332 1378 2456 1450 ἑξῆς
2501 1378 2855 1451 δειχθήσεται.
2903 1379 3085 1433 Ταῦτα
3130 1379 3240 1452 γὰρ
3281 1380 3575 1453 Ἀθηναίων
3616 1385 3758 1437 ιστο-

2178 1470 2397 1543 ροῦντες
2452 1471 2585 1542 (55),
2652 1471 2957 1535 Ἑλλάνικός
2998 1489 3058 1525 τε
3107 1473 3200 1526 καὶ
3246 1472 3527 1543 Φιλόχορος
3569 1478 3619 1529 oi
3650 1477 3755 1543 τὰς

2189 1563 2451 1628 Ἀτθίδας,
2470 1565 2592 1618 οἵτε
2625 1565 2693 1619 τὰ
2726 1566 2896 1638 Σύρια
2923 1567 3159 1638 Κάστωρ
3191 1568 3283 1621 καὶ
3311 1566 3532 1632 Θαλλὲς,
3564 1570 3654 1622 καὶ
3682 1572 3756 1624 τὰ

2179 1658 2393 1711 πάντων
2419 1659 2679 1731 Διόδωρος
2710 1662 2738 1713 ό
2764 1660 2860 1721 τὰς
2879 1659 3292 1725 Βιϐλιοθήκης,
3312 1661 3656 1733 Ἀλέξανδρός
3690 1681 3756 1716 τε

2176 1750 2204 1801 ὁ
2234 1750 2564 1823 Πολυΐστωρ,
2605 1752 2697 1807 καί
2724 1771 2863 1817 τινες
2890 1753 2995 1806 τῶν
3034 1753 3154 1807 καθ’
3187 1755 3332 1825 ἡμᾶς
3362 1755 3756 1828 ἀκριϐέστερον

2178 1843 2524 1916 ἐμνήσθησαν
2545 1887 2559 1911 ,
2583 1847 2676 1900 καὶ
2705 1848 2811 1901 τῶν
2840 1847 3096 1901 Ἀττικῶν
3126 1848 3380 1902 ἁπάντων
3411 1849 3543 1921 (55).
3572 1851 3639 1903 Εἴ
3665 1868 3757 1914 τις

2177 1931 2270 1988 οῦν
2306 1937 2363 1989 ἐν
2401 1939 2512 2000 τοῖς
2548 1937 2737 2009 χιλίοις
2790 1940 2990 1992 εἴκοσιν
3011 1939 3187 1993 ἐτεσιν
3245 1939 3513 2011 ἐπίσημος
3543 1942 3759 2013 ἱστορία

498 2033 760 2093 ρτωῑρνρο
793 2026 1076 2091 nonnulli,
1112 2026 1429 2097 diligentius
1459 2043 1622 2097 quam
1654 2027 1818 2082 Attici
1854 2041 2067 2093 omnes,

2182 2030 2447 2100 τυγχάνει,
2480 2031 2621 2085 κατὰ
2643 2032 2703 2085 τὸ
2730 2034 3001 2104 χρήσιμον
3028 2010 3401 2105 ἐκλεγήσεται.

497 2123 920 2191 accuratiusque
960 2121 1276 2176 meminere.
1341 2121 1563 2192 Itaque,
1626 2124 1670 2178 si
1711 2136 1833 2191 qua:
1871 2121 2018 2176 mille
2076 2135 2142 2177 ac
2194 2122 2380 2196 viginti
2426 2141 2693 2180 annorum
2745 2128 2922 2197 spatio
2973 2128 3135 2198 paulo
3185 2129 3449 2201 insignior
3499 2141 3756 2187 occurret

500 2218 728 2274 historia
752 2259 767 2283 ,
800 2233 919 2272 eam
955 2218 1240 2272 commode
1270 2233 1369 2274 suo
1398 2219 1518 2273 loco
1546 2218 1817 2275 dabimus.

568 2330 659 2387 ιν.
710 2331 969 2388 Volumus
998 2331 1185 2404 igitur,
1217 2332 1405 2403 scripti
1438 2333 1601 2389 etiam
1632 2332 1795 2403 hujus
1829 2332 2072 2387 auctori-

500 2433 609 2480 tate
639 2422 798 2489 freti,
824 2421 1068 2495 .Ogygem
1100 2424 1252 2478 illum
1285 2424 1378 2493 qui
1405 2465 1419 2488 ,
1456 2424 1602 2493 quod
1642 2422 1854 2477 haustis
1896 2438 2069 2493 aqua-

496 2531 620 2571 rum
654 2516 707 2569 vi
738 2516 1197 2586 quamplurimis,
1231 2517 1417 2572 salvus
1454 2524 1508 2570 et
1549 2515 1839 2570 incolumis
1874 2530 2066 2570 evase-

496 2620 582 2666 rat
603 2650 618 2675 ,
648 2611 826 2677 primo
853 2610 1056 2665 diluvio
1082 2625 1279 2663 nomen
1304 2609 1473 2671 dedit.
1500 2609 1644 2663 circa
1672 2618 1883 2676 tempus
1909 2607 2064 2672 illud,

496 2718 607 2774 quo
646 2702 880 2773 populus
916 2717 983 2756 ex
1024 2701 1259 2773 Egypto
1290 2717 1414 2755 cum
1449 2698 1634 2771 Moyse
1664 2698 1951 2769 migravit,
1981 2714 2072 2751 ex-

497 2796 726 2852 stitisse.
769 2794 826 2849 Id
861 2794 1004 2863 quod
1046 2795 1193 2849 hunc
1241 2794 1295 2847 in
1336 2791 1945 2847 modumconticiinus.
1987 2790 2071 2845 Ab

495 2886 680 2961 Ogyge
717 2888 785 2943 ad
824 2888 1055 2957 primam
1094 2886 1467 2958 Olympiadem
1509 2886 1637 2940 anni
1690 2893 1955 2954 putantur
1987 2884 2072 2937 vi-

495 2983 630 3052 ginti
664 2996 832 3051 supra
863 2980 1051 3046 mille;
1081 2980 1149 3034 ab
1179 2978 1497 3051 Olympiade
1524 2980 1700 3049 prima
1730 2976 1796 3032 ad
1829 2978 2065 3047 primum

494 3070 968 3143 quinquagesimae
1014 3070 1218 3139 quintae
1257 3086 1500 3135 annum,
1545 3070 1637 3139 qui
1681 3069 1890 3139 primus
1936 3070 2067 3121 item

496 3163 621 3234 Cyri
659 3165 798 3234 regis
833 3180 1010 3219 annus
1040 3172 1156 3228 est,
1190 3162 1445 3231 idemque
1472 3161 1805 3228 captivitatis
1830 3160 2071 3215 Judaicze

2249 2332 2322 2384 A'.
2369 2329 2551 2400 Φαμὲν
2593 2328 2771 2382 τοίνυν
2816 2328 2879 2381 ἐκ
2909 2345 2967 2381 τε
3003 2328 3113 2399 (56)
3147 2329 3302 2384 τοῦδε
3340 2331 3433 2385 τοῦ
3465 2338 3761 2407 συγγράμ-

2179 2438 2365 2493 ματος,
2386 2422 2637 2489 Ὥγυγον,
2656 2421 2713 2485 ὃς
2735 2423 2829 2476 τοῦ
2862 2423 3074 2495 πρώτου
3112 2428 3493 2501 κατακλυσμοῦ
3525 2435 3759 2503 γέγονεν

2176 2512 2483 2585 ἐπώνυμος,
2517 2515 2628 2581 (57)
2650 2514 2855 2567 πολλῶν
2872 2516 3272 2590 διαφθαρέντων
3289 2523 3589 2591 διασωθεὶς,
3608 2529 3755 2583 κατὰ

2170 2607 2269 2677 τὴν
2287 2607 2555 2675 Αἴγυπτον
2580 2607 2672 2660 τοῦ
2702 2607 2831 2661 λαοῦ
2861 2611 2998 2679 μετὰ
3019 2613 3297 2677 Μωῦσὲως
3326 2614 3500 2681 ἔξοδον
3524 2622 3758 2691 γεγενῆ-

2173 2698 2315 2764 σθαι,
2334 2700 2483 2753 τόνδε
2509 2702 2599 2753 τὸν
2623 2701 2842 2772 τρόπον.
2875 2704 2995 2757 Ἐπὶ
3027 2706 3251 2778 πρώτην
3290 2708 3623 2781 Ὀλυμπιάδα
3649 2716 3757 2787 τὴν

2172 2787 2593 2858 προειρημένην,
2615 2788 2723 2841 ἀπὸ
2752 2789 2976 2859 Ὠγύγου
2993 2792 3085 2863 ἔτη
3113 2794 3451 2868 δειχθήσεται
3474 2801 3583 2873 (58)
3610 2811 3711 2866 ,ακ’
3734 2823 3753 2836 ο

2172 2877 2279 2932 ἀπὸ
2324 2878 2380 2931 δὲ
2426 2879 2647 2951 πρώτης
2696 2881 3053 2952 Ὀλυμπιάδος
3094 2888 3187 2940 ἐπὶ
3215 2889 3314 2959 τῆς
3345 2898 3418 2943 ve’
3451 2892 3569 2958 ἔτος
3596 2897 3756 2965 πρῶ-

2170 2988 2281 3037 τον,
2337 2974 2609 3028 τουτέστιν
2655 2976 2752 3029 ἐπὶ
2797 2978 2978 3050 Κύρου
3027 2981 3290 3052 βασιλέως
3337 2987 3456 3051 ἔτος
3509 2991 3751 3062 πρῶτον,

2169 3066 2307 3138 ὅπερ
2330 3062 2397 3138 ἦν
2429 3068 2805 3138 αἰχμαλωσίας
2834 3072 2984 3137 τέλος
3005 3114 3018 3136 ,
3053 3076 3147 3146 ἐτη
3180 3077 3298 3142 σις’.
3348 3080 3480 3135 Ἀπὸ
3519 3083 3754 3154 Ὠγύγου

2169 3161 2348 3214 τοίνυν
2381 3163 2473 3215 ἐπὶ
2504 3162 2705 3234 Κῦρον⁹
2742 3164 2833 3236 ἔτη
2876 3167 3057 3232 ,ασλζ’.
3088 3169 3209 3222 Είδ⁹
3226 3172 3486 3245 ἀναφέρει
3510 3192 3592 3239 τις
3627 3179 3757 3231 ἐττε-

497 3256 653 3321 linis,
684 3256 815 3309 anni
845 3253 1235 3324 septemdecim
1268 3267 1432 3322 supra
1480 3252 1747 3307 ducentos
1776 3270 1791 3319 ;
1834 3267 1963 3321 ergo
1998 3252 2067 3305 ab

2182 3251 2533 3323 λογιζόμενος,
2556 3255 2662 3308 ἀπὸ
2684 3255 2777 3309 τοῦ
2811 3257 2999 3322 τέλους
3025 3260 3127 3330 τῆς
3160 3264 3554 3333 αἰχμαλωσίας,
3584 3270 3753 3336 ,ασλζτ

496 3347 679 3417 Ogyge
718 3347 784 3402 ad
820 3345 1028 3417 Cyrum
1072 3360 1278 3414 usque,
1320 3344 1448 3397 anni
1480 3343 1700 3414 triginta
1735 3350 1938 3411 septem
1973 3357 2067 3395 su—

496 3456 593 3508 pra
626 3440 773 3493 mille
800 3455 865 3494 ac
893 3440 1161 3495 ducentos
1194 3451 1386 3492 onmes
1416 3436 1765 3506 colliguntur.
1796 3432 1939 3499 Jam,
1969 3434 2065 3504 qui

496 3548 717 3588 sursum
760 3547 951 3588 versus
977 3532 1045 3587 ab
1076 3534 1225 3587 exitu
1254 3530 1583 3600 captivitatis
1612 3544 1783 3583 annos
1823 3537 2068 3583 retexere

494 3626 761 3690 voluerit,
789 3624 834 3680 is
861 3626 1078 3695 triginta
1112 3634 1318 3693 septem
1346 3639 1511 3693 supra
1542 3623 1689 3677 mille
1710 3638 1776 3678 ac
1800 3622 2066 3676 ducentos

497 3719 823 3773 revolvendo
852 3719 1197 3783 numerabit;
1233 3718 1334 3772 hoc
1358 3727 1441 3772 est
1470 3716 1610 3771 idem
1641 3731 1863 3785 prorsus
1894 3714 2067 3768 inter-

495 3812 696 3866 vallum
750 3810 818 3866 ad
850 3827 973 3866 eum
1029 3827 1202 3881 usque
1255 3826 1496 3875 annum,
1544 3826 1653 3880 quo
1703 3808 1942 3879 primum
1992 3821 2061 3862 ex

2171 3342 2303 3415 ἕτη’
2360 3346 2497 3399 κατὰ
2545 3347 2797 3401 ἀνάλυσιν
2855 3350 3164 3422 εὑρίσκεται
3212 3357 3405 3409 ταυτὸν
3451 3359 3754 3432 διάστημα,

2172 3436 2265 3489 ἐπὶ
2300 3436 2362 3490 τὸ
2389 3437 2601 3508 πρῶτον
2630 3440 2747 3504 ἔτος
2777 3441 2875 3512 τῆς
2907 3444 3014 3496 ἀπὸ
3048 3446 3319 3514 Αἰγύπτου
3344 3449 3430 3504 διὰ
3464 3454 3753 3520 Μωῦσέως

2172 3527 2347 3592 ἐξόδου
2395 3530 2607 3602 Ἰσραὴλ
2628 3572 2641 3593 ,
2674 3533 2796 3586 ὅσον
2822 3535 2928 3588 ἀπὸ
2959 3536 3059 3607 τῆς
3089 3544 3454 3613 πεντηκοστῆς
3485 3545 3756 3619 πέμπτης

2186 3618 2542 3692 Ὀλυμπιάδος
2601 3625 2692 3677 ἐπὶ
2760 3627 3024 3695 Ὤγυγον,
3075 3629 3133 3694 ὃς
3181 3631 3390 3687 ἔκτισεν
3446 3618 3751 3693 Ἐλευσῖνα.

2175 3712 2339 3767 Ὅθεν
2381 3716 2783 3790 ἐπισημότερόν
2823 3722 2937 3773 ἐστι
2985 3722 3313 3777 καταλαϐεῖν
3345 3727 3444 3799 τὴν
3498 3730 3751 3802 Ἀττικὴν

2175 3824 2368 3879 χρονογ
2377 3807 2594 3879 ραιρίαν.

496 3906 732 3979 Εεγριο
754 3924 847 3978 per
867 3907 1105 3979 Moysem
1122 3908 1351 3962 eductus
1366 3905 1531 3963 Israel
1547 3917 1649 3971 est,
1667 3905 1813 3976 quod
1831 3905 1928 3959 abs
1941 3903 2390 3973 quinquagesima
2409 3905 2597 3974 quinta
2614 3902 2675 3959 Oi
2684 3906 2931 3977 ympiade
2949 3908 3014 3962 ad
3032 3907 3290 3981 Ogygem,
3311 3912 3404 3981 qui
3436 3912 3745 3970 Eleusinem

495 4000 769 4068 condidit,
807 4016 1101 4059 excurrere
1138 4000 1345 4056 dictum
1383 4008 1487 4055 est.
1528 4006 1704 4069 Atque
1735 3998 1860 4052 inde
1879 3997 2096 4067 quidem
2123 3996 2389 4066 insignius
2409 3997 2596 4053 Attica:
2618 3998 2983 4070 chronologize
3015 4003 3339 4071 principium
3371 4004 3495 4061 duci
3524 4015 3729 4075 potest.

570 4090 633 4145 V.
681 4089 879 4147 Verum
904 4092 973 4147 de
999 4100 1242 4161 tempore
1267 4091 1500 4160 Ogygem
1527 4098 1849 4161 antegresso
1880 4089 2068 4141 hacte-

494 4202 619 4240 nus.
649 4183 917 4241 Czeterum
952 4185 1099 4239 illius
1125 4194 1407 4254 tempore,
1446 4185 1681 4237 excessit
1720 4184 1788 4236 ab
1828 4178 2064 4250 Egypto

495 4275 743 4348 Moyses:
787 4278 839 4332 id
878 4278 1026 4348 quod
1062 4276 1174 4331 veri
1214 4292 1380 4346 quam
1422 4275 1599 4329 simile
1649 4274 1755 4336 sit,
1809 4273 1958 4327 hunc
2006 4271 2062 4324 in

495 4368 720 4426 modum
747 4370 1103 4424 ostendimus.
1132 4368 1216 4421 Ab
1241 4369 1390 4421 exitu
1418 4366 1620 4437 Moysis
1644 4365 1710 4418 ad
1737 4364 1938 4434 Cyrum
1964 4362 2059 4431 qui

2226 4086 2301 4138 E'.
2329 4087 2436 4139 Καὶ
2458 4088 2692 4141 τοσαῦτα
2716 4089 2814 4159 μὲν
2833 4089 2936 4161 πρὸ
2967 4089 3213 4158 Ὠγύγου.
3235 4094 3390 4147 Κατὰ
3412 4094 3468 4148 δὲ
3484 4097 3608 4159 τοὺς
3628 4098 3749 4151 τού-

2172 4196 2264 4231 του
2287 4181 2528 4250 χρόνους,
2545 4180 2732 4250 ἐξῆλθε
2751 4182 2987 4252 Μωῦσῆς
3010 4184 3105 4236 ἀπ’
3120 4185 3390 4253 Αἰγύπτου
3410 4205 3423 4218 ·
3449 4189 3543 4241 καὶ
3556 4190 3632 4254 ὡς
3645 4193 3753 4247 οὐκ

2170 4268 2396 4322 ἄπιστον
2429 4269 2548 4321 τότε
2566 4268 2738 4322 ταῦτα
2764 4269 3054 4339 συμϐῆναι,
3081 4272 3365 4343 δείκνυμεν
3392 4274 3580 4338 οὕτως.
3613 4278 3753 4330 Ἀπὸ

2169 4358 2271 4429 τῆς
2296 4358 2474 4425 ἐξόδου
2489 4362 2763 4424 Μωῦσέως
2779 4361 2871 4414 ἐπὶ
2882 4362 3080 4434 Κῦρον,
3095 4364 3154 4428 ὃς
3165 4364 3476 4420 ἐϐασίλευσε
3496 4369 3632 4438 μετὰ
3646 4371 3752 4440 τὴν

495 4468 620 4528 post
653 4460 1018 4528 captivitatem
1055 4460 1331 4532 regnavit,
1362 4458 1489 4512 anni
1523 4463 1785 4527 putantur
1814 4453 1962 4508 mille
1997 4467 2063 4507 ac

2182 4450 2560 4523 ιίχμαλωσίαν,
2586 4452 2680 4523 ἔτη
2712 4453 2891 4519 ,ασλζ’.
2927 4456 3205 4520 Μωῦσέως
3225 4457 3335 4527 γὰρ
3365 4459 3456 4529 ἔτη
3485 4458 3552 4513 τὰ
3582 4458 3754 4516 λοιπὰ

496 4552 714 4606 ducenti
754 4568 877 4606 cum
917 4553 1136 4622 triginta
1174 4562 1398 4622 septem.
1441 4548 1640 4619 Moysis
1674 4547 1819 4602 enim
1862 4544 2057 4615 reliqui

2182 4545 2586 4615 τεσσαράκοντα.
2643 4547 2817 4616 Ἰησοῦ
2861 4546 2955 4601 τοῦ
2999 4550 3112 4618 μετ’
3136 4552 3338 4603 ἐκεῖνον
3371 4552 3746 4622 ἡγησαμένου,

496 4645 565 4699 ali
603 4659 825 4715 egressu
865 4645 993 4699 anni
1032 4644 1390 4715 quadraginta
1429 4652 1595 4707 sunt;
1646 4639 1805 4698 Jesu.
1845 4639 1938 4710 qui
1979 4654 2068 4694 se-

2182 4636 2263 4708 ίτη
2276 4644 2373 4702 κε’,
2388 4638 2771 4711 πρεσϐυτέρων
2802 4638 2895 4710 ἔτη
2918 4639 2981 4704 λ’,
3004 4640 3111 4693 τῶν
3147 4642 3282 4711 μετὰ
3306 4642 3479 4712 Ἰησοῦ
3508 4644 3706 4716 κριτῶν
3723 4663 3743 4677 ·

496 4732 903 4790 eundumillum
924 4733 1123 4803 populo
1151 4733 1467 4788 deducendo
1486 4730 1717 4802 prmfuit,
1738 4731 1980 4802 quinque
2005 4746 2068 4785 ac

2182 4729 2275 4782 τῶν
2290 4728 2345 4782 δὲ
2364 4733 2420 4783 ἐν
2443 4733 2509 4801 τῇ
2533 4730 2697 4801 βίϐλῳ
2710 4730 2815 4783 τῶν
2832 4732 2875 4783 Κ
2888 4731 3048 4803 ριτῶν
3065 4734 3486 4804 περιεχομένων,
3514 4736 3610 4805 ἐτη
3637 4741 3752 4803 UL."

496 4825 724 4895 viginti;
768 4825 1079 4891 seniorum,
1118 4824 1213 4893 qui
1245 4832 1369 4892 post
1401 4820 1589 4877 Jesum
1628 4823 1838 4891 judices
1876 4822 2066 4886 fuere,

2182 4825 2355 4892 ,spéwv
2388 4820 2442 4874 δὲ
2481 4822 2625 4875 Ἠλεὶ
2648 4823 2739 4876 καὶ
2756 4822 3005 4895 Σαμουὴλ
3022 4821 3117 4895 ἔτη
3141 4830 3189 4892 1.]
3211 4842 3222 4856 ·
3243 4826 3348 4879 τῶν
3375 4827 3432 4880 δὲ
3449 4826 3575 4897 ἑξῆς
3592 4828 3752 4897 βασιο

498 4917 715 4987 triginta
749 4935 765 4981 ;
800 4916 1048 4985 judicum
1086 4916 1330 4971 omnium
1362 4956 1378 4980 ,
1420 4916 1514 4985 qui
1550 4915 1775 4984 proprio
1818 4914 2063 4983 ipsorum

2182 4913 2300 4968 ’.ἑων
2322 4913 2588 4985 Ἐϐραίων
2600 4914 2693 4987 ἔτη
2712 4915 3036 4985 τετρακόσια
3066 4921 3132 4984 ιη’·
3147 4915 3215 4990 ἦς
3242 4917 3615 4973 τὸτελευταῖον
3628 4920 3748 4989 (59)

496 5011 634 5064 Η)ιό
674 5010 1045 5074 continentur,
1067 5008 1362 5079 nonaginta
1384 5022 1549 5076 supra
1589 5006 2061 5075 quadringentos;

2182 5003 2280 5069 ἷτος
2290 4999 2356 5076 ἦν
2373 5005 2553 5077 Κύρου
2573 5005 2844 5077 βασιλείας
2857 5005 2972 5071 ἔτος
2986 5007 3296 5079 πρῶτον,ὠς
3317 5014 3746 5082 προειρήκαμεν.

495 5099 1277 5164 sacerdotumElietSamuel,
1320 5093 2126 5167 nonaginta;consequentium
2141 5109 2329 5163 regum
2362 5092 3039 5165 Hebraeorum,nonaginta
3076 5115 3240 5167 supra
3279 5100 3706 5170 quadringentos
3730 5141 3747 5164 ,

495 5204 805 5265 sequuntur
843 5190 1172 5263 captivitatis
1209 5189 1554 5260 septuaginta
1582 5206 1596 5255 ;
1627 5187 1788 5257 cujus
1814 5197 2123 5256 postremus
2150 5199 2330 5240 annus
2356 5186 2507 5257 regni
2545 5185 2670 5257 Cyri
2693 5187 2903 5256 primus
2941 5186 3074 5252 fuit,
3105 5199 3164 5243 ut
3185 5189 3299 5259 jam
3329 5200 3455 5246 ante
3479 5190 3745 5246 diximus.

2170 5368 2265 5417 aut
2296 5358 2500 5429 aliquid
2531 5358 2680 5415 aliud
2730 5361 2986 5430 postulat.
3019 5360 3097 5416 In.

2245 5432 2357 5505 (57)
2383 5431 2544 5505 κατὰ
2568 5431 2681 5505 τὴξρ
2705 5433 3031 5505 Αἴγυπτον.
3066 5433 3160 5490 Vel
3201 5434 3316 5490 haec
3364 5433 3612 5499 delenda,
3660 5437 3748 5492 vel

2168 5499 2537 5574 reponendum
2570 5499 2663 5557 ἀπ’
2714 5499 3011 5571 Αἰγύπτου.
3046 5505 3120 5561 lu.

2248 5576 2360 5645 (58)
2390 5574 2790 5645 ῥειχθήσεται.
2816 5574 2974 5630 Forte
2996 5575 3316 5630 δεικνύεται.
3348 5575 3423 5630 In.

2247 5640 2357 5716 {59)
2389 5640 2584 5716 ᾞςῗτύ
2614 5646 2973 5701 τελευταῖον.
3015 5647 3171 5701 Deest
3216 5649 3302 5701 hic
3343 5646 3569 5716 aliquid.
3621 5641 3744 5714 Quo

2178 5724 2318 5777 enim
2352 5718 2411 5771 τὸ
2433 5715 2499 5791 ἧς
2533 5716 2833 5773 releratur?
2869 5716 3031 5772 Forte
3079 5728 3203 5774 ante
3254 5719 3400 5772 hunc
3438 5715 3743 5773 articulum

567 5374 680 5443 (55)
717 5371 909 5428 Ταῦτα
934 5369 1044 5442 γὰρ
1090 5370 1512 5443 Ῐᾼβηνᾼστσρ.
1543 5364 1726 5419 Malim
1756 5361 1926 5419 ταῦτα
1957 5363 2065 5434 γὰρ

497 5437 820 5514 ἱστοροῦσιν,
867 5437 1043 5514 deleto
1090 5437 1624 5514 ’.Aqua_£tov._Vtcen.

568 5507 703 5581 (δ’δ’)
727 5507 835 5568 Καὶ
867 5512 984 5566 τῶν
1010 5514 1128 5566 ‘At.
1150 5507 1250 5581 (id.
1281 5509 1451 5581 Vertit
1484 5510 1748 5581 interpres
1774 5507 1949 5581 quasi,
1969 5521 2064 5561 ex-

497 5595 698 5655 puncto
744 5583 859 5646 καί,
897 5584 1192 5655 genitivum
1238 5580 1495 5655 ’ᾼττικῴν
1527 5580 1593 5634 ad
1634 5580 2060 5649 comparativum

495 5651 885 5728 ακριόέστερον
905 5651 1210 5728 tetulisset.
1230 5651 1401 5728 ΔΕυιτ,
1431 5651 1669 5707 Ριιτιιοι..

568 5721 684 5793 (55)
737 5721 841 5779 ’Ἐκ
874 5739 954 5776 τε.
1003 5721 1274 5778 Particuta
1330 5739 1387 5779 τε
1434 5734 1527 5779 ant
1575 5724 1929 5794 expungenda
1963 5733 2066 5801 est,
