3990 6214
301 329 346 381 8i
1066 325 1234 395 QUAE
1275 329 1686 388 SUPERSUNT
1724 334 1814 390 EX

1856 336 2080 393 LlBRlS
2112 338 2506 398 CHRONOGB.
3353 346 3421 402 89

301 440 407 513 ημῶν
427 435 683 507 παρουσίας
703 440 798 493 οὐκ
816 440 943 494 εντα
971 443 1142 497 ταῦτα
1171 447 1533 517 προσεδοκᾶτο
1578 450 1754 521 μόνον.

1865 453 2114 513 Visiones
2138 469 2321 515 autem
2349 469 2404 515 et
2426 458 2722 531 prophetia:
2755 475 2926 531 usque
2950 459 3018 516 ad
3049 457 3344 529 Joannem,
3367 472 3415 518 et

302 530 509 604 Ἆρξισθαι
552 528 604 583 δὲ
632 529 735 583 τῶν
766 532 1050 604 ἀριθμῶν,
1095 538 1340 592 τουτέστι
1381 539 1489 592 τῶν
1534 541 1761 616 ἑϐδομή-

289 640 400 678 tam
438 619 748 691 ἑϐδομάδων,
789 622 825 675 ἆ
866 625 1013 678 ἐστιν
1047 625 1143 697 ἐτη
1181 630 1508 700 τετρακόσια
1543 632 1759 706 ἐννενή-

284 728 410 772 tam,
435 713 459 763 ό
482 708 693 778 ἄγγελος
732 712 1062 779 ὑποτίθεται,
1097 717 1204 771 ἀπὸ
1248 718 1427 783 ἐξόδου
1472 720 1628 791 λόγου
1664 722 1757 777 τοῦ

280 801 560 873 ἀποκριθῆναι
591 806 680 855 καὶ
709 802 800 855 τοῦ
834 806 1183 877 οἰκοδομῆσαι
1229 810 1597 884 Ἰερουσαλήμ.
1629 815 1759 868 Συν-

272 894 340 963 ἐίη
371 893 413 945 δὲ
449 892 597 945 ταῦτα
627 895 715 947 ἐπὶ
761 897 1116 971 Ἀρταξέρξου
1146 901 1238 955 τοῦ
1270 903 1493 976 Περσῶν
1517 905 1760 975 βασιλεύ-

268 1002 379 1047 om;
398 983 594 1054 εἰκοστῷ
614 985 741 1038 ἔτει.
786 988 1027 1060 Νεεμίας
1074 992 1183 1064 γὰρ
1226 994 1254 1045 ό
1293 995 1481 1048 τούτου
1524 998 1758 1067 οἰνοχόος

263 1074 437 1143 δεηθεξ,
464 1076 784 1146 ἀποκρίσεως
811 1078 1001 1151 ἔτυχεν
1030 1084 1443 1157 οἰκοδομηθῆναι
1491 1087 1757 1159 Ἰερουσα-

261 1165 358 1236 λήμ.
387 1167 475 1220 Καὶ
514 1166 660 1236 λόγος
694 1168 884 1239 ἐξῆλθε
925 1172 1160 1227 κελεύων
1200 1175 1373 1230 ταῦτα
1396 1194 1410 1208 ’
1455 1178 1615 1250 μέχρι
1660 1179 1756 1250 μὲν

259 1256 338 1326 γὶρ
363 1258 534 1309 ἐκείνου
567 1258 655 1310 τοῦ
684 1259 924 1332 χρόνουή
950 1264 1102 1328 πόλις
1131 1267 1410 1337 ἠρήμωτο.
1443 1268 1626 1341 Κύρου
1649 1268 1757 1340 γὰρ

258 1347 360 1418 pati
376 1349 456 1420 τὴν
476 1349 980 1421 ὲῦδομηκονταετίαν
1001 1356 1099 1427 τῆς
1116 1357 1487 1427 αἰχμαλωσίας
1505 1359 1608 1412 τῶν
1630 1359 1756 1430 βου-

253 1440 439 1510 λομένων
466 1443 681 1496 ἕκαστον
712 1446 1020 1500 ἐκουσιαστὶ
1048 1449 1523 1520 καταπέμψαντος,
1545 1453 1591 1503 οἱ
1623 1452 1762 1521 μετᾶ

260 1537 394 1609 Ἰησοῦ
412 1539 495 1592 τοῦ
521 1540 740 1610 μεγάλου
779 1543 969 1614 ἱερέως
1002 1545 1094 1597 καὶ
1126 1544 1430 1617 Ζοροϐάϐελ
1469 1545 1754 1599 κατελθόν-

251 1647 333 1693 τες,
357 1630 439 1683 καὶ
466 1634 511 1683 οἱ
536 1633 618 1685 ἐπὶ
648 1632 857 1696 τούτοις
888 1634 1004 1705 ἅμα
1030 1635 1253 1708 Ἕσδρᾳ,
1283 1636 1372 1690 τδν
1397 1634 1531 1689 νεὼν
1553 1637 1756 1690 οἰκοδο-

249 1723 338 1790 μεῖν
364 1723 632 1777 ἐκωλύοντο
651 1724 718 1777 τὰ
750 1726 964 1796 πρῶτα,
997 1730 1089 1781 καὶ
1118 1733 1295 1799 τεῖχος
1323 1732 1388 1802 τῇ
1423 1729 1572 1784 πόλει
1596 1746 1752 1801 περι-

247 1813 435 1878 Siliana,
462 1816 531 1879 ὡς
558 1818 612 1869 οὐ
645 1819 1072 1891 κεκελευσμένοι)
1106 1821 1315 1876 τούτου.

1870 543 2102 602 Sanctus
2131 559 2449 604 sanctorum
2480 550 2701 619 ungitur
2726 567 2742 618 ;
2782 550 2907 604 nam
2939 565 3061 605 cum
3080 560 3203 605 ante
3234 548 3416 607 Salva-

1863 637 2184 695 torisnostri
2210 642 2499 697 adventum
2534 642 2650 697 haec
2680 658 2787 697 non
2804 650 3003 707 essent,
3036 642 3418 710 exspectaban-

1862 737 1952 783 tur
1980 739 2179 786 tamen.
2217 731 2439 787 Numeri
2473 748 2605 788 vero
2641 734 2856 787 initium
2889 734 3167 803 accipere,
3214 734 3317 789 hoc
3340 744 3418 789 est

1863 822 2203 892 septuaginta
2237 826 2719 890 hebdomadarum,
2745 828 2837 896 qui
2864 828 3135 882 suntauni
3162 827 3423 897 quadrin-

1860 915 2006 981 genti
2041 916 2362 986 nonaginta,
2392 918 2616 989 angelus
2642 919 2887 988 przecipit
2915 919 2984 973 ab
3024 920 3173 974 exitu
3215 936 3422 975 sermo-

1860 1005 1946 1059 nis
1975 1018 2033 1059 ut
2064 1009 2456 1077 respondeatur
2484 1021 2538 1065 et
2567 1011 2864 1067 aediﬁcetur
2884 1010 3203 1067 Jerusalem.
3251 1011 3422 1067 Porro

1863 1097 1975 1150 haec
2028 1101 2367 1169 contigerunt
2417 1105 2565 1172 regni
2625 1103 2960 1169 Artaxerxis,
2989 1105 3082 1175 qui
3130 1103 3421 1159 Persarum

1859 1203 1951 1240 rex
1980 1186 2113 1252 fuit,
2148 1206 2293 1246 anno
2325 1192 2617 1261 vicesimo;
2655 1194 2818 1263 hujus
2834 1196 2976 1249 enim
3004 1199 3259 1264 pincerna
3287 1191 3422 1248 Nee-

1861 1280 1998 1335 mias
2030 1297 2152 1334 cum
2181 1299 2304 1337 eum
2333 1285 2509 1352 ipsum
2547 1295 2811 1356 rogasset,
2850 1301 3171 1356 responsum
3212 1287 3421 1356 accepit

1859 1378 1919 1423 ut
1947 1372 2306 1426 aediﬁcaretur
2334 1373 2656 1430 Jerusalem.
2691 1375 2756 1429 Et
2790 1392 2971 1432 sermo
3002 1376 3169 1432 exivit
3197 1392 3306 1447 quo
3338 1377 3422 1446 ip-

1859 1478 1979 1517 sum
2026 1463 2131 1518 hoc
2162 1463 2489 1533 jubebatur:
2534 1483 2660 1521 nam
2702 1468 2767 1522 ad
2806 1469 2938 1522 illud
2980 1484 3152 1539 usque
3206 1478 3419 1538 tempus

1857 1550 2049 1607 civitas
2090 1552 2303 1608 deserta
2349 1567 2639 1612 manserat.
2692 1558 2828 1612 Cum
2871 1559 3016 1613 enim
3078 1556 3253 1629 Cyrus
3299 1568 3422 1628 post

1858 1647 2331 1712 septuagenariam
2353 1649 2667 1704 servitutem
2689 1651 2956 1704 volentem
2978 1665 3419 1721 unumquemque

1859 1734 2164 1791 voluntarie
2185 1740 2494 1805 emisisset,
2527 1744 2619 1811 qui
2654 1757 2779 1796 cum
2820 1741 2948 1797 Jcsu
3002 1759 3198 1812 magno
3239 1758 3420 1798 sacer-

1864 1823 1991 1879 dote
2015 1833 2067 1880 et
2100 1827 2418 1896 Zorobabel,
2438 1834 2639 1902 quique
2660 1842 2782 1902 post
2812 1834 2911 1888 hos
2934 1834 3082 1903 ipsos
3098 1849 3222 1887 cum
3245 1832 3418 1888 Esdra

252 1904 599 1976 descenderant,
632 1913 908 1969 :edilicare
957 1915 1212 1984 templum
1242 1955 1258 1978 ,
1306 1925 1360 1971 et
1404 1930 1622 1970 murum
1667 1913 1872 1969 civitati
1895 1916 2258 1987 ‘circumdare
2299 1922 2456 1979 initio
2513 1925 2959 1995 prohibebantur,
2993 1935 3252 1997 tanquam
3313 1925 3420 1983 hoc

247 1999 509 2070 imperatum
540 2020 641 2058 non
671 2015 843 2061 esset.

305 2093 365 2149 Β.
390 2094 609 2165 Ἔμεινεν
632 2093 731 2150 οὖν
761 2098 866 2162 ἕως
902 2097 1133 2169 Νεεμίου
1180 2099 1273 2152 καὶ
1306 2097 1578 2168 βασιλείας
1634 2098 1750 2168 Ἀρ-

1928 2093 1994 2149 ιι.
2020 2092 2219 2151 Mansit
2250 2096 2414 2168 igitur
2450 2113 2625 2169 usque
2664 2099 2731 2154 ad
2768 2097 3043 2155 Neemiam
3096 2108 3151 2156 et
3189 2118 3417 2175 regnum

250 2186 470 2256 τιξέρξῦυο
490 2188 569 2241 καὶ
596 2189 701 2259 τῆς
721 2189 947 2261 Περσῶν
976 2190 1269 2261 ἡγεμονίας
1295 2190 1446 2254 ἔτους
1472 2207 1751 2243 πεντεκαι-

1854 2189 2199 2255 Artaxerxis,
2229 2204 2542 2261 annumque
2593 2192 2803 2263 imperii
2850 2192 3142 2249 Persarum
3185 2197 3419 2252 centesi-

249 2274 425 2329 δεκάτου
453 2279 525 2331 καὶ
549 2279 880 2333 ἑκατοστοῦ·
916 2281 1022 2335 ἀπὸ
1042 2283 1099 2335 δὲ
1133 2282 1231 2353 τῆς
1257 2280 1509 2345 ἁλώσεως
1564 2282 1753 2351 Ἰερου-

249 2366 399 2437 σαλὴμ,
440 2370 615 2422 ἑκατὸν
660 2370 995 2442 ὀγδοήκοντα
1041 2373 1203 2426 πέντε
1233 2373 1327 2444 ἔτη
1359 2374 1589 2443 γίνεται.
1639 2371 1751 2426 Καὶ

246 2457 331 2510 τότε
353 2459 569 2529 ΙΞεισιλεὺς
615 2464 984 2536 Ἀρταξέρξης
1019 2466 1299 2519 ἐκέλευσεν
1337 2465 1751 2537 οἰκοδομηθῆναι

242 2548 313 2619 τὴν
331 2550 474 2607 πόλιν.
497 2554 740 2626 Νεεμίας
775 2555 846 2608 δὲ’
867 2557 1275 2628 καταπεμφθεὶς
1308 2557 1401 2610 τοῦ
1432 2557 1591 2629 ἔργου
1620 2573 1751 2629 προ·

241 2638 405 2715 ἔπειμι]
441 2644 490 2697 δὲ
532 2645 859 2720 ᾠκοδομήθη
904 2649 1128 2703 πλατεῖα
1154 2650 1247 2703 καὶ
1293 2651 1616 2722 περίτειχος,
1675 2650 1751 2713 ὼς

242 2735 568 2807 τρέφητεύθη.
604 2738 883 2792 Κάκεῖθεν
898 2740 1217 2811 ἀριθμοῦσιν
1239 2742 1370 2813 ἡμῖν
1385 2741 1749 2814 ὲόδομήκοντοι

239 2821 473 2893 impias;
500 2830 576 2891 εἱς
609 2829 709 2882 τὸν
731 2828 961 2901 Χριστὸν
995 2832 1402 2887 συντελοῦνται·
1437 2834 1486 2886 εἰ
1517 2832 1625 2904 γὰρ
1657 2833 1750 2887 ἄλ-

236 2911 353 2968 λοθέν
380 2918 522 2972 ποθεν
549 2921 811 2992 ἀριθμεῖν
841 2921 1175 2993 ἀρξαίμεθα,
1205 2924 1299 2977 καὶ
1329 2924 1428 2977 οὐκ
1477 2924 1746 2989 ἐντεῦθεν,

236 3004 329 3059 οὔτε
348 3010 371 3059 ό
388 3008 559 3078 χρόνος
576 3010 985 3082 συνδραμεῖται,
1020 3014 1113 3067 καὶ
1141 3014 1363 3067 πλεῖστα
1389 3014 1563 3068 ἄτοπα
1579 3015 1751 3067 ἀπαν-

235 3094 368 3165 τθπι-
407 3098 517 3152 Ἐάν
540 3117 601 3153 τε
633 3100 747 3175 γὰρ
779 3102 887 3156 ἀπὺ
918 3102 1122 3175 Κύρου,
1153 3103 1247 3156 καὶ
1271 3103 1371 3174 τῆς
1399 3103 1621 3175 πρώτης
1654 3120 1752 3156 xa-

233 3192 468 3261 ταπτμπῆς
503 3193 598 3265 τὴν
646 3194 824 3266 ἀρχὴν
877 3194 1228 3268 ποιησώμεθα
1266 3198 1364 3268 τῆς
1405 3196 1750 3268 ἀριθμήσεως

232 3277 314 3331 τῶν
332 3281 675 3355 ἑϐδομήκοντα
694 3287 1019 3358 ὲῦδομάδων,
1040 3288 1119 3352 εἰς
1136 3287 1228 3359 ἔτη
1248 3290 1437 3343 ἑκατὸν
1462 3292 1554 3344 καὶ
1579 3308 1750 3361 προσ-

235 3368 294 3421 έτι
319 3377 619 3444 περισσεύει,
676 3378 875 3431 πλείων
923 3380 977 3432 δὲ
1006 3380 1214 3452 χρόνος,
1245 3383 1293 3434 εί
1323 3382 1415 3450 ἀφ’
1438 3377 1506 3452 ἧς
1535 3383 1749 3455 ἡμέρας

235 3461 293 3532 τῷ
314 3467 472 3540 Δανιὴλ
497 3472 525 3522 ὁ
548 3469 787 3539 ἅγγελος
816 3472 1204 3542 προεφήτευσε,
1234 3472 1410 3544 πολλῷ
1440 3473 1499 3525 δὲ
1526 3473 1744 3535 πλείων.

236 3552 525 3630 εἰάέὰρῇγς
555 3559 666 3629 τῆς
698 3559 1090 3630 αἰχμαλωσίας.
1126 3560 1463 3633 Εὑρίσκομεν
1505 3562 1611 3635 γὰρ
1648 3563 1747 3635 τὴν
1775 3555 1817 3613 C

238 3639 411 3712 Περσῶν
426 3649 714 3719 ’βασιλείαν
746 3651 891 3704 ἔτεσι
939 3651 1228 3716 διακοσίοις
1270 3654 1561 3724 τριάκοντα
1601 3672 1750 3727 περι-

235 3740 551 3813 τραφομένην,
600 3744 710 3815 τήν
739 3760 795 3796 τε
832 3743 1153 3798 Μακεδόνων
1194 3744 1276 3808 είς
1319 3745 1412 3818 ἐτη
1459 3747 1746 3818 τριακόσια

234 3828 531 3904 ἑϐδομήκοντα
562 3835 1031 3906 παρατείνουσαν,
1068 3838 1317 3891 κάκεῖθεν
1353 3838 1443 3890 ἐπὶ
1484 3839 1545 3892 τὸ
1583 3838 1743 3892 Τιϐεο-

236 3919 318 3987 pinu
342 3924 593 3998 Kaieapo;
620 3926 1007 3982 ἑκκαιδέκατον
1037 3927 1155 3993 ἔτος
1177 3930 1257 3993 είς
1286 3928 1381 4001 ἔτη
1403 3930 1685 4002 ἑξήκοντα.

1854 2295 2001 2335 mum
2029 2290 2081 2336 et
2105 2282 2355 2352 quintum
2386 2282 2691 2353 decimum;
2724 2301 2848 2341 cum
2888 2300 3017 2341 vero
3061 2302 3092 2341 a
3138 2297 3292 2358 capta
3324 2286 3418 2344 Je-

1856 2372 2087 2426 rusalem
2119 2388 2295 2427 annus
2313 2373 2645 2429 centesimus
2666 2383 2832 2445 atque
2853 2377 3220 2446 octogesimus
3251 2378 3416 2448 quin-

1851 2469 1939 2515 tus
1971 2474 2252 2534 ageretur,
2307 2474 2420 2519 tum
2456 2480 2551 2519 rex
2593 2464 2921 2520 Artaxerxes
2952 2466 3121 2536 jussit
3157 2468 3416 2523 aediﬁcari

1852 2553 2158 2620 civitatem;
2189 2563 2243 2608 et
2265 2552 2538 2618 Neemias,
2577 2571 2719 2610 unus
2741 2571 2932 2610 eorum
2958 2557 3049 2626 qui
3077 2558 3264 2613 emissi
3293 2558 3413 2614 fue-

1851 2653 1993 2709 rant,
2035 2645 2186 2713 operi
2219 2643 2466 2714 praefuit:
2488 2653 2540 2699 et
2556 2645 2732 2716 platea
2763 2655 2815 2700 et
2846 2647 2985 2700 muri
3017 2647 3257 2704 ambitus
3282 2648 3415 2704 tedi-

1850 2735 2009 2790 ﬁcata
2047 2744 2194 2800 sunt,
2217 2737 2361 2791 sicut
2390 2735 2632 2790 futurum
2660 2737 2945 2806 prophetia
2986 2737 3409 2809 signiﬁcaverat.

1848 2829 1976 2886 Inde
2004 2830 2168 2901 igitur
2194 2831 2351 2886 nobis
2403 2847 2691 2886 numerare
2744 2831 3150 2901 incipientibus,
3194 2843 3413 2904 septua-

1850 2921 1999 2993 ginta
2032 2920 2394 2976 hebdomadcs
2433 2921 2486 2974 in
2535 2919 2812 2976 Christum
2857 2908 3248 2989 terminantur;
3282 2937 3411 2977 nam

1849 3013 1897 3068 si
1918 3011 1986 3066 ab
2008 3011 2116 3067 alio
2132 3010 2324 3082 quovis
2354 3022 2596 3081 tempore
2619 3011 2941 3067 numerandi
2971 3012 3185 3067 initium
3214 3012 3411 3069 feceri-

1851 3122 1994 3170 mus.
2024 3121 2201 3178 neque
2228 3118 2440 3178 tempus
2470 3107 2650 3177 ipsum
2683 3109 2987 3174 conveniet,
3024 3115 3079 3162 et
3121 3107 3294 3169 multa
3325 3108 3411 3161 in-

1849 3200 2133 3256 commoda
2168 3198 2352 3254 subire
2393 3212 2615 3254 necesse
2647 3198 2769 3252 erit.
2819 3198 2944 3253 Sive
2972 3197 3116 3252 enim
3170 3212 3201 3252 a
3245 3197 3410 3268 Cyro,

1850 3291 2131 3361 primaque
2161 3289 2477 3357 emissione,
2528 3290 2866 3360 septuaginta
2899 3289 3269 3346 hebdomadas
3307 3304 3411 3343 nu-

1850 3397 2063 3438 merare
2090 3382 2440 3451 coeperimus,
2474 3381 2603 3435 anni
2628 3389 2845 3437 centum
2868 3390 2922 3436 et
2952 3381 3184 3451 amplius
3217 3395 3411 3451 super-

1847 3482 2040 3541 erunt;
2099 3474 2212 3528 sive
2270 3472 2340 3527 ab
2374 3488 2440 3528 eo
2488 3471 2596 3538 die,
2643 3487 2753 3541 quo
2811 3471 3036 3542 angelus
3082 3471 3185 3541 ipsi
3222 3470 3411 3527 Daniel

1849 3566 2130 3623 oraculum
2157 3564 2409 3632 reddidit,
2433 3564 2594 3619 etiam
2613 3564 2785 3631 major
2806 3563 2897 3618 ﬁet
2923 3579 3187 3618 annorum
3214 3578 3411 3618 nume~

1849 3676 1946 3714 rus
1971 3676 1985 3725 ;
2017 3658 2190 3712 multo
2219 3664 2400 3711 autem
2428 3656 2624 3725 major,
2660 3656 2706 3709 si
2732 3656 2801 3710 ab
2828 3656 2985 3711 initio
3028 3664 3201 3726 captae
3231 3655 3406 3712 urbis.

1849 3749 2163 3804 Invenimus
2188 3746 2332 3802 enim
2367 3761 2593 3816 regnum
2616 3744 2905 3801 Persarum
2937 3747 3077 3802 intra
3104 3763 3277 3803 annos
3310 3747 3414 3802 du-

1848 3848 2036 3895 centos
2063 3846 2225 3907 atque
2250 3834 2470 3905 triginta
2497 3832 2783 3888 contineri.
2819 3833 3024 3889 Deinde
3055 3832 3410 3888 Macedonum

1848 3932 1918 3986 ad
1964 3943 2232 3984 annorum
2266 3940 2555 3981 numerum
2599 3925 2907 3980 continuari
2961 3932 3326 3980 trecentorum
3356 3930 3413 3977 et

1850 4023 2209 4095 septuaginta.
2237 4020 2365 4075 Inde
2387 4035 2516 4075 vero
2563 4020 2630 4075 ad
2669 4020 2874 4075 Tiberii
2918 4017 3152 4079 Caesaris
3202 4030 3417 4072 annum.

1854 4113 2364 4178 sextumdecimum,
2392 4128 2566 4169 annos
2580 4113 2881 4183 sexaginta.

1374 4258 1742 4329 Interpretatio
1784 4257 1842 4313 S.
1870 4256 2199 4327 Hieronymi.

280 4384 327 4443 ΙΙ.
348 4386 529 4444 Mansit
554 4390 739 4459 itaque
760 4388 1131 4459 imperlectum
1159 4405 1294 4458 opus
1319 4406 1489 4458 usque
1519 4391 1583 4445 ad
1608 4389 1905 4456 Neemiam,
1931 4400 1985 4445 et
2009 4389 2327 4444 vicesimum
2358 4401 2560 4441 annum
2592 4385 3074 4459 regis_jArtaxjercis
3094 4401 3117 4438 τι
3134 4397 3244 4453 quo
3270 4396 3410 4444 tem-

228 4469 325 4520 pore
348 4463 484 4531 regni
508 4454 1069 4523 Persarumfcentum
1101 4469 1155 4515 et
1174 4454 1483 4529 quindecim
1507 4462 1634 4514 anni
1663 4454 2132 4525 fuerautevoluti;
2162 4459 2494 4531 captivitatis
2528 4454 2707 4510 autem
2723 4454 3046 4531 Jerusalem,
3074 4462 3405 4531 centesimus

229 4525 537 4608 octogesimus
582 4538 639 4608 et
675 4531 903 4608 quintus
929 4545 1105 4608 annus
1129 4525 1278 4594 erat;
1331 4540 1385 4584 et
1418 4540 1545 4608 tunc
1576 4532 1811 4600 primum
1841 4532 2200 4608 Artaxerxes.
2230 4525 2406 4598 jussit
2444 4539 2635 4608 tauros
2689 4528 2866 4580 extrui
2888 4597 2899 4608 .
2922 4525 3224 4580 Jerusalem
3264 4548 3279 4585 :
3314 4531 3408 4608 _(_:ui

229 4594 339 4660 operi
362 4600 561 4666 praefuit
591 4594 873 4677 Nee—alias;
908 4601 1253 4677 et_zediticata
1285 4611 1369 4654 est
1404 4594 1601 4677 platea}
1637 4611 1689 4677 et
1716 4601 1855 4654 muri
1883 4599 2203 4677 circumdati
2222 4594 2324 4677 et
2346 4612 2414 4677 ex
2444 4596 2536 4677 illo
2587 4605 2830 4677 tempore
2856 4597 2901 4651 si
2918 4611 3221 4677 .numerare
3245 4601 3405 4677 velis,
3446 4624 3451 4629 ’

232 4665 817 4747 septuagintaaunorum
844 4670 1211 4724 hebdomadas
1246 4665 1419 4740 usque
1439 4671 1504 4723 ad
1536 4670 1811 4733 Christum
1846 4670 2050 4740 poteris
2075 4669 2335 4747 invenire.
2369 4665 2525 4747 Quod
2556 4667 2602 4719 si
2635 4665 2830 4747 harum
2850 4665 3178 4747 principium
3210 4670 3276 4747 ab
3300 4671 3407 4724 alio

235 4740 428 4810 itmpme
455 4740 792 4794 voluerimus
816 4755 1051 4803 sumere,
1090 4749 1143 4810 et
1172 4737 1411 4807 tempora
1440 4757 1545 4794 nou
1570 4737 1921 4799 concurrent,
1950 4749 2005 4793 et
2031 4738 2201 4792 multa
2233 4739 2565 4810 reperiemus
2587 4737 2869 4810 contraria
2887 4776 2901 4790 .
2931 4737 3069 4810 bam
3097 4737 3203 4810 sia
3233 4741 3397 4810 Cyro,

229 4807 430 4872 dprima
460 4811 582 4877 ejus
610 4810 944 4877 indulgentia
973 4825 1080 4878 qua
1108 4808 1416 4864 Judzenrum
1455 4820 1540 4864 est
1570 4811 1749 4864 laxata
1780 4810 2085 4879 captivitas,
2113 4808 2465 4879 septuaginta
2485 4816 2841 4879 numerentur
2858 4807 3246 4862 hebdomadzez
3274 4807 3405 4864 cen-

229 4881 313 4949 lunt
338 4886 385 4930 et
414 4894 479 4933 eo
508 4880 745 4948 amplius
778 4877 1116 4933 inveniemus
1146 4896 1340 4942 annos,
1388 4882 1478 4949 qui
1505 4889 1767 4934 statutum
1801 4877 2139 4949 septuaginta
2168 4877 2628 4932 hebdomadarum
2655 4877 2920 4949 excedant
2979 4891 3305 4949 numerum,
3358 4886 3413 4932 et

230 4944 366 5018 niulto
392 4949 530 5016 pius.
556 4944 700 5003 si‘ex
732 4966 840 5016 qua
873 4948 957 5001 die
981 4950 1193 5003 luculus
1217 4958 1300 5003 est
1322 4944 1527 5004 Daiiieli
1551 4952 1810 5018 angelus;
1856 4944 2181 5018 additurque
2233 4948 2464 5016 amplior
2496 4961 2778 5018 numerus,
2803 4948 2849 4999 si
2876 4947 3210 5018 captivitatis
3242 4964 3410 5003 exor-

229 5010 606 5089 {ljamvolueris
632 5010 1093 5072 hebdomadarum
1129 5020 1327 5073 habere
1361 5010 1711 5089 principium.
1746 5010 2057 5075 Permansit
2083 5010 2231 5072 énim
2257 5010 2484 5087 regnum
2517 5010 2829 5089 Persarum,
2875 5010 3045 5084 insigne
3091 5014 3158 5089 ad
3180 5018 3412 5089 initium
3449 5042 3453 5047 ·

228 5077 559 5159 Ἠῇωόοηυηι,
595 5092 755 5142 anuis
788 5091 1038 5159 ducentis
1073 5089 1328 5159 triginta;
1361 5077 1419 5144 'ct
1447 5077 1553 5159 ipsi.
1579 5090 1900 5145 Macedones
1932 5096 2298 5158 regnaverunt
2318 5077 2485 5159 anilis
2517 5088 2775 5140 trecentis
2800 5077 2825 5151 ;’
2854 5077 3223 5154 atqucexinde
3241 5102 3416 5157 usque

229 5153 276 5228 ad
306 5168 488 5210 annum
516 5158 1036 5236 quintamdecimqu
1076 5153 1189 5228 (65)
1235 5153 1439 5236 Tiberii
1468 5153 1746 5236 'Czesnris,
1785 5153 2019 5236 quando
2036 5175 2232 5228 passus
2259 5169 2343 5213 est
2375 5158 2648 5236 Christus,
2683 5153 3041 5236 numerantur
3083 5159 3212 5210 anni
3253 5153 3415 5214 sexa-

232 5233 384 5291 Sulla;
423 5230 517 5296 qui
555 5229 714 5282 simul
738 5227 1140 5285 faciuntanues
1166 5231 1492 5301 quingentos
1530 5227 1850 5301 nonaginta,
1880 5230 1953 5284 ita
1991 5227 2287 5284 utccntum
2318 5227 2592 5297 supersint
2632 5227 2781 5280 anni.

277 5340 339 5399 Ρ.
374 5347 499 5401 Ἀπὸ
524 5349 579 5404 δὲ
615 5349 970 5422 Ἀρταξέρξου
999 5353 1054 5405 αἰ
1079 5352 1444 5425 ἑϐδομήκοντα
1460 5352 1748 5423 ὲὸδομόιδες

1408 5468 1780 5540 Interpretatio
1810 5470 1868 5525 S.
1900 5469 2234 5541 Hieronymi.

290 5549 364 5608 Ill.
388 5559 431 5610 Α
456 5560 709 5619 vicesimo
738 5574 921 5619 autem
943 5580 1090 5621 anno
1115 5564 1432 5621 Artaxerxis
1458 5581 1631 5637 usque
1660 5566 1725 5621 ad
1754 5565 2056 5629 Christum,
2084 5567 2424 5637 complentur
2459 5562 2810 5621 hebdomade
2841 5560 3205 5633 septuaginta,
3257 5561 3415 5632 juxta

1926 5350 2010 5405 ΙΙΙ.
2047 5351 2128 5407 Ab
2158 5351 2454 5405 Artaxerxe
2475 5356 2655 5404 autem
2686 5347 3023 5418 septuaginta
3053 5347 3419 5408 hebdomades

235 5688 375 5823 βξξξί)
405 5694 651 5820 Dziatum
676 5702 955 5761 decimum.
1019 5705 1260 5761 Africani
1285 5709 1510 5778 gtextus,
1544 5705 1948 5762 ἑκκαιδέκατον.
1979 5706 2067 5764 Sic
2106 5719 2153 5764 et
2182 5708 2341 5778 paulo
2372 5705 2541 5770 infra,
2591 5702 2677 5757 ubi
2706 5703 2898 5758 iterum
2937 5711 3158 5758 sanctus
3206 5701 3414 5765 doctor,

350 5780 432 5818 Im
485 5785 717 5823 catmum.

384 5782 432 5818 τη
450 5782 717 5828 animum.
