3990 6214
480 335 548 392 87
1022 333 1027 341 ’
1782 343 1860 402 JU
1871 346 1959 400 ιιι
2001 345 2323 401 AFRICANI
3652 345 3723 400 88

480 456 682 513 Eodem
719 465 964 529 tempore
996 458 1297 531 Cleopatrae
1323 462 1462 517 illius
1495 463 1674 518 Solem
1723 464 2043 536 Lunamque

2178 467 2451 539 ιένη.Τό-;ε
2481 466 2836 537 Κλεοπάτρας
2856 466 3007 529 υἱοὺς
3037 464 3224 518 ’Ἥλιον
3252 463 3345 518 καὶ
3366 462 3602 533 Σελήνην
3632 460 3729 514 ἐπὶ

479 547 552 604 ab
598 564 660 603 ea
705 560 928 606 vocatos
980 552 1035 606 in
1081 550 1412 609 Thebaidem
1448 554 1720 625 fugientes
1774 559 2050 629 Angustus

480 638 645 709 cepit.
670 637 952 709 Nicopolis
981 642 1048 697 ad
1078 642 1360 697 Actiacum
1390 645 1570 698 sinum
1601 650 1965 714 construitur;
1999 658 2053 704 et

480 733 740 787 Actiacas
769 734 931 790 ludus
964 736 1269 792 institutus.
1293 738 1622 793 Alexandria
1652 744 2052 814 capta,primus

482 822 703 896 Aigypti
747 826 857 881 dux
912 829 1229 895 Augustalis
1286 832 1571 889 Cornelius
1613 834 1799 891 Gallus
1848 839 2052 895 missus

481 926 586 983 est,
617 920 710 987 qui
738 917 1119 989 Egyptiorum
1177 923 1243 977 ad
1290 926 1717 993 perduellionem
1752 929 2053 985 deﬂecten-

484 1006 621 1060 tium
647 1008 809 1063 urbes
841 1011 1125 1067 subvertit.
1144 1010 1438 1082 llucusque
1461 1013 1676 1085 Lagidm
1698 1017 2051 1086 duraverunt,

484 1115 702 1169 unaque
751 1099 1053 1156 Macedonii
1099 1105 1313 1174 imperii
1362 1107 1530 1162 series
1586 1110 1739 1164 stetit
1788 1122 1911 1180 post
1961 1112 2057 1166 de-

486 1202 761 1247 structum
796 1193 1086 1249 Persarum
1117 1212 1345 1268 regnum
1398 1215 1572 1255 annos
1616 1201 1831 1258 duobus
1874 1204 2055 1261 minus

487 1294 781 1341 trecentos.
809 1284 982 1343 Omne
1031 1289 1197 1360 igitur
1231 1292 1492 1360 temporis
1527 1294 1760 1362 spatium
1795 1295 1864 1348 ab
1898 1296 2055 1352 insti-

486 1386 605 1432 tuto
628 1376 985 1435 Macedonum
1017 1381 1249 1451 imperia
1274 1383 1340 1436 ad
1364 1382 1671 1455 Egyptiaci
1696 1388 1843 1457 regni
1869 1388 2053 1457 tinem,

486 1470 552 1524 ad
579 1469 927 1541 Cleopatram
968 1473 1681 1537 nimirum,Ptolema:orum
1701 1487 2052 1547 postremam,

486 1565 872 1620 concluditur:
905 1567 1050 1636 quod
1086 1566 1457 1623 Romanorum
1495 1572 1826 1626 monarchiae
1856 1583 1911 1628 et
1952 1574 2056 1627 itii-

486 1658 622 1729 perii
684 1675 829 1714 anno
880 1660 1169 1715 undecimo
1226 1662 1473 1731 contigit,
1529 1662 1863 1734 Olympiadis
1925 1680 2056 1721 vero

484 1766 761 1820 CLXXXVII,
794 1769 937 1808 anno
963 1763 1177 1825 quarto.
1209 1752 1493 1809 Annorum
1526 1772 1742 1811 summa
1773 1758 1843 1813 ab
1881 1758 2053 1814 Adam

487 1855 673 1901 creato
699 1856 783 1901 est
805 1846 965 1902 5472.

558 1936 649 1995 ιν.
693 1936 825 1994 Post
865 1939 1250 1995 Alexandriam
1301 1952 1517 2012 captam
1567 1944 1735 2014 empit
1778 1942 2058 2015 Olympias

485 2043 786 2085 CLXXXVIII.

559 2121 804 2179 llerodes
864 2122 1223 2180 Gabiniorum
1279 2127 1509 2193 urbem,
1567 2128 1871 2184 Samariam
1927 2130 2058 2186 olim

489 2212 688 2268 dictam
722 2228 753 2267 a
786 2229 843 2268 sc
875 2224 1204 2284 reparatam,
1243 2217 1537 2286 appellavit
1580 2217 1844 2274 Sebasten
1874 2239 1888 2274 :
1933 2222 2055 2291 ejus

489 2320 709 2376 quoque
741 2307 953 2374 navale,
991 2308 1266 2363 Stratonis
1296 2309 1426 2364 olim
1457 2311 1652 2365 turrim
1685 2322 2058 2382 nuncupatum

492 2398 547 2451 in
580 2397 734 2453 urbis
765 2398 998 2453 formam
1038 2399 1435 2469 instauratum,
1474 2402 1781 2459 Caesaream
1822 2406 2056 2472 vocarit,

490 2498 544 2544 et
605 2490 660 2543 in
730 2499 961 2561 utraque
1015 2494 1272 2564 templum
1336 2492 1562 2550 Octavio
1625 2499 2057 2551 consecrandum

490 2581 687 2636 erexit.
741 2580 1080 2637 Postremam
1153 2585 1399 2640 omnium
1462 2586 1531 2641 de
1598 2588 1768 2657 patris
1830 2588 2055 2643 nomine

492 2672 888 2743 Antipatridem
913 2675 966 2729 in
989 2674 1138 2747 Lydo
1156 2692 1350 2748 campo
1382 2679 1659 2745 condidit;
1697 2678 2061 2750 Sebastesque

493 2766 708 2821 accolas
742 2781 974 2836 quorum
1010 2782 1170 2838 agros
1203 2770 1517 2838 occuparit,
1551 2770 1681 2825 fecit
1713 2771 1877 2841 hujus
1910 2771 2063 2826 inco-

495 2856 596 2911 las.
640 2857 790 2911 Alias
846 2873 1085 2928 quoque,
1129 2860 1292 2915 urbes
1334 2864 1674 2929 construxit;
1736 2879 1800 2918 ac
1859 2862 2062 2920 Iudaeis

495 2947 712 3019 quidem
747 2964 1066 3013 onerosum,
1105 2951 1421 3007 nationibus
1462 2968 1595 3008 vero
1624 2954 1852 3025 reliquis
1897 2956 2063 3011 urba-

494 3055 627 3094 num
653 3048 707 3094 et
734 3054 1011 3093 amoenum
1041 3055 1162 3095 sese
1192 3042 1459 3096 exhibuit.

565 3127 845 3199 Olympias
863 3131 1122 3200 agebatur
1139 3148 1396 3201 CLXXXIX,
1414 3152 1535 3206 quae
1558 3137 1856 3192 bissextum
1870 3139 2011 3194 diem
2029 3141 2062 3195 6

497 3324 624 3385 apte
653 3318 966 3373 restitutum
1020 3322 1227 3391 accepit
1247 3362 1262 3387 ,
1315 3322 1474 3392 cujus
1507 3322 1773 3377 beneﬁcio
1804 3325 1969 3378 certis
2001 3341 2065 3380 ac

499 3410 736 3480 propriis
768 3412 870 3467 sibi
902 3415 1150 3470 terminis
1171 3431 1349 3470 annus
1371 3415 1536 3486 coepit
1567 3416 1890 3471 consistere.

2151 559 2379 629 Θηϐαΐδι
2416 559 2683 627 φυγόντας
2731 556 3017 610 συνέλαϐεν
3043 557 3072 608 ὁ
3113 555 3400 619 Σεϐαστός.
3435 552 3728 615 Νικόπολις

2150 651 2182 720 ἡ
2220 649 2359 702 κατὰ
2403 649 2621 703 Ἀκτίαν
2650 645 2873 719 ἐκτίσθη
2895 688 2908 712 ,
2943 648 3038 701 καὶ
3088 647 3271 700 ’Δκτία
3302 649 3331 700 δ
3361 644 3508 715 ἀγὼν
3540 644 3725 714 ἐτέθη.

2164 741 2569 813 Ἀλεξανδρείας
2591 741 2923 815 εἰλημμένης
2956 741 3170 814 πρῶτος
3198 737 3420 812 ἡγεμὼν
3449 736 3729 806 Αἰγύπτου

2152 832 2428 903 πέμπεται
2486 832 2682 896 Γάλλος
2715 834 3042 907 Κορνήλιος,
3103 832 3162 896 ὃς
3211 831 3318 884 τῶν
3376 830 3730 885 ἀποστάντων

2152 925 2463 992 Αἰγυπτίων
2496 924 2710 978 καθεῖλε
2742 926 2839 990 τὰς
2874 926 3075 989 πόλεις.
3123 924 3301 996 Μέχρι
3338 921 3492 976 τοῦδε
3528 923 3578 974 oi.
3617 922 3735 974 Λα-

2153 1019 2295 1086 γῖδαι
2322 1018 2432 1089 (60)
2452 1036 2465 1048 ’
2503 1019 2597 1072 καὶ
2644 1017 2866 1088 σύμπας
2892 1019 2989 1089 τῆς
3020 1016 3393 1086 Μακεδονικῆς
3434 1013 3732 1085 ἡγεμονίας

2154 1107 2341 1180 χρόνος
2376 1107 2512 1178 μετὰ
2545 1106 2639 1178 ἔτη
2666 1114 2710 1159 τ’
2744 1108 2841 1180 τῆς
2888 1108 3110 1181 Περσῶν
3154 1106 3547 1176 καθαιρέσεως,
3580 1103 3734 1156 δυοῖν

2153 1198 2358 1251 δέοντα.
2395 1198 2723 1266 Συνὰγονται
2747 1199 2926 1251 τοίνυν
2957 1200 3005 1250 οί
3034 1198 3210 1271 χρόνοι
3249 1196 3356 1249 dum
3391 1195 3571 1265 μέντοι
3603 1195 3734 1246 Μα-

2155 1287 2383 1342 κεδόνων
2414 1290 2586 1361 ἀρχῆς
2617 1289 2722 1353 ἕως
2768 1289 3117 1354 καταλύσεως
3157 1287 3297 1342 κατᾶ
3340 1285 3735 1357 Πτολεμαίους,

2156 1381 2251 1433 καὶ
2276 1379 2375 1450 τὴν
2406 1380 2718 1434 τελευταίαν
2748 1381 3124 1453 Κλεοπάτραν,
3159 1379 3187 1431 ὃ
3220 1379 3426 1448 γίνεται
3457 1377 3552 1448 τῆς
3597 1377 3738 1429 Ῥω-

2159 1473 2330 1545 μαίων
2359 1473 2653 1544 μοναρχίας
2680 1474 2773 1527 καὶ
2795 1474 3087 1545 ἡγεμονίας
3113 1473 3229 1536 ἔτος
3250 1479 3338 1537 ια’,
3372 1471 3738 1541 Ὀλυμπιάδος

2154 1564 2211 1617 δὲ
2263 1563 2404 1634 ρπζ’,
2460 1563 2611 1627 ἔτους
2656 1563 2718 1617 δ’.
2771 1565 2850 1616 Τὰ
2905 1564 3194 1634 σύμπαντα
3250 1561 3342 1635 ἔτη
3396 1562 3504 1617 ἀπὸ
3558 1560 3740 1633 ’Δδὰμ

2158 1653 2332 1724 ,ευοβκ

2227 1962 2299 2012 A'.
2342 1961 2497 2013 Πετά
2531 1958 2931 2031 Ἀλεξανδρείας
2970 1957 3167 2012 ἅλωσιν
3221 1955 3521 2028 Ὀλυμπιὰς
3554 1954 3743 2029 ἦρχθη

2241 2142 2486 2214 Ἡρώδης
2527 2142 2814 2206 ἐπικτίσας
2845 2141 2944 2212 τὴν
2986 2140 3248 2195 Γαϐινίων
3286 2140 3439 2195 πόλιν
3471 2141 3601 2212 (70),
3630 2138 3746 2212 τήν

2160 2251 2288 2286 ποτε
2321 2234 2655 2305 Σαμάρειαν,
2691 2231 2968 2303 Σεδαστὴν
3002 2230 3171 2302 αὐτὴν
3203 2231 3639 2303 προσηγόρευσε⁸
3674 2230 3749 2283 τὸ

2157 2325 2213 2378 δὲ
2254 2324 2487 2378 ἐπίνειον
2520 2326 2691 2395 αὐτῆς
2722 2324 2814 2378 τοῦ
2863 2324 3177 2398 Στράτωνος
3230 2323 3439 2397 πύργον
3488 2322 3746 2394 πολίσας,

2159 2416 2266 2470 ἀπὸ
2294 2415 2389 2469 τοῦ
2422 2416 2587 2470 αὐτοῦ
2636 2417 2978 2489 Καισάρειαν
3029 2416 3319 2479 ἐκάλεσεν,
3368 2416 3455 2486 ἐφ’
3500 2414 3750 2486 ἑκατέρᾳ

2160 2509 2284 2563 ναὸν
2335 2508 2552 2580 ἐγείρας
2598 2509 2928 2578 Ὀκταουΐῳο
2983 2506 3207 2580 ὕστερον
3254 2505 3310 2561 δὲ
3356 2505 3747 2577 Ἀντιπατρίδα

2160 2601 2332 2666 κτίζει
2366 2602 2423 2653 ἐν
2453 2600 2530 2671 τῷ
2559 2600 2714 2672 Λυδῴ
2748 2601 2912 2672 πεδίῳ
2939 2600 3046 2654 ἀπὸ
3068 2599 3160 2654 τοῦ
3193 2599 3356 2654 αὐτοῦ
3387 2599 3608 2671 πατρὸς,
3639 2598 3751 2653 καὶ

2160 2696 2286 2759 τοὺς
2319 2695 2447 2767 περὶ
2481 2694 2578 2766 τὴν
2604 2695 2880 2766 Σεϐαστὴν
2905 2694 3207 2759 οἰκοῦντας,
3240 2688 3315 2748 ὧν
3345 2694 3601 2763 ἁφείλατο
3636 2692 3751 2765 τὴν

2162 2788 2286 2859 γῆν,
2320 2786 2708 2860 ἓγκατῴκησεν
2754 2790 2812 2841 ὲν
2862 2789 3020 2859 αὐτῇ.
3060 2788 3283 2841 Ἔκτισε
3315 2787 3371 2841 δὲ
3402 2788 3496 2841 καὶ
3544 2786 3754 2857 ἑτέρας

2164 2880 2380 2945 πόλεις’
2437 2880 2534 2934 καὶ
2568 2883 2681 2944 τοῖς
2724 2880 2820 2951 μὲν
2879 2880 3151 2945 Ἰουδαίοις
3195 2880 3365 2951 βαρὺς
3405 2876 3495 2953 ἦν,
3526 2881 3635 2943 τοῖς
3676 2877 3748 2933 δὲ

2164 2972 2343 3035 ἄλλοις
2374 2970 2549 3025 ἔθνεσι
2581 2970 2920 3037 δεξιώτατος.

567 3166 845 3199 νιν-,γωδ
863 3166 1111 3200 causasu-
1139 3166 1396 3201 uuAAAIA,
1414 3166 1535 3206 qua:
1558 3166 1856 3192 unaacxtuxu
1870 3166 2011 3194 unum
2029 3166 2062 3195 υ

496 3230 652 3277 sexto
692 3222 812 3277 Kal.
846 3224 1033 3291 Marl.,
1068 3240 1214 3280 anno
1251 3226 1409 3297 juxta
1453 3227 1709 3285 Antioch.
1759 3246 1924 3285 ieram
1969 3233 2062 3298 24,

2237 3166 2347 3225 Ἦν
2386 3170 2685 3242 Ὀλυμπιὰς
2730 3169 2851 3242 ρπθ¹
2880 3169 3013 3239 (7|),
3059 3170 3181 3240 ἥτις
3230 3169 3337 3241 πρὸ
3377 3175 3428 3234 ς’
3460 3166 3746 3222 καλανδῶν

2178 3265 2430 3298 sunt...“
2467 3265 2605 3298 νηρλ.
2642 3266 2934 3298 mamma,
2997 3263 3073 3298 νλι
3112 3261 3217 3298 sn.
3252 3259 3389 3298 sua...
3446 3260 3509 3298 δι’
3540 3254 3607 3298 In
3642 3259 3743 3298 ιπὶ

2171 3265 2430 3336 Μαρτίων
2467 3265 2607 3319 κατὰ
2642 3266 2934 3336 Ἀντιοχεῖς
2997 3263 3073 3316 κδ’
3111 3261 3221 3316 ἔτει
3252 3259 3414 3334 ἢχθη,
3446 3260 3509 3313 δι’
3540 3254 3607 3331 ἧς
3642 3259 3746 3312 ἐπὶ

2170 3357 2276 3410 τῶν
2311 3357 2451 3410 ἰδίων
2476 3357 2641 3429 ὁρίων
2672 3357 2802 3427 ἔστη
2832 3360 2860 3411 ὁ
2894 3357 3155 3420 ἐνιαυτός.

1634 3510 1819 3564 XVIII.
1864 3509 2029 3576 tua,
2055 3531 2176 3586 pag.
2214 3515 2338 3581 59.2,
2374 3516 2447 3572 αι.
2484 3516 2610 3570 asa.

502 3602 578 3659 De
609 3605 677 3660 iis
704 3621 828 3676 quae
870 3606 925 3660 in
950 3607 1179 3688 salutari.
1205 3606 1408 3663 Christi
1453 3607 1709 3689 passione
1745 3616 1800 3662 et
1852 3609 2063 3664 viviliea

890 3686 1289 3750 resurrectione
1320 3686 1682 3750 contigerunt.

573 3746 615 3803 l.
651 3746 815 3803 Gesta
857 3763 989 3803 sane
1037 3749 1183 3803 illius
1234 3746 1807 3821 singula,'.corporum
1855 3749 2065 3805 anima-

574 3863 689 3935 (69)
728 3862 913 3935 Μέχρι
935 3863 1113 3919 τοῦδε
1135 3866 1188 3918 οἱ
1217 3863 1480 3933 Λαγῖδαι.
1506 3865 1769 3935 Ambigue
1792 3874 1845 3920 et
1867 3865 2074 3920 incerto

2240 3612 2375 3686 napi.
2404 3612 2514 3667 τῶν
2537 3611 2678 3666 κατὰ
2715 3613 2775 3666 τὸ
2806 3615 3072 3686 σωτήριον
3114 3612 3313 3679 πάθος,
3354 3611 3446 3666 καὶ
3472 3609 3570 3683 τὴν
3599 3610 3745 3669 ζωο-

2709 3684 2858 3737 ποιὸν
2887 3684 3199 3737 ἀνάστασιν.

2240 3754 2318 3806 A'.
2353 3752 2426 3807 Τὸ
2451 3752 2507 3806 δὲ
2544 3752 2662 3807 καθ’
2703 3754 2931 3808 ἕκαστον
2974 3754 3081 3809 τῶν
3114 3753 3363 3825 πράξεων
3393 3753 3557 3809 αὑτοῦ
3578 3793 3592 3820 ,
3642 3752 3746 3807 καὶ

2180 3875 2248 3922 ια’
2285 3869 2401 3924 vice
2435 3869 2495 3922 ιδ’
2522 3884 2552 3923 a
2581 3869 2774 3938 primis
2799 3869 3034 3924 librariis
3063 3869 3261 3924 lectum
3290 3869 3543 3934 arbitror,
3588 3877 3642 3923 et
3673 3867 3743 3924 ιι

503 3937 572 4010 de
600 3935 697 4010 fati
718 3936 1015 4010 Cleopatra;
1046 3951 1191 3989 anno
1211 3935 1448 4010 locutum
1480 3945 1780 4010 auctorem,
1811 3951 1883 4010 ac
1909 3936 2071 4010 modo
2170 3938 2400 4010 Augusti
2428 3935 2653 4004 annum,
2683 3940 2751 3993 M
2774 3940 2889 3994 vice.
2913 3939 3202 3995 redditum.
3237 3939 3439 3994 Auctor
3471 3939 3641 4010 enim,
3670 3954 3751 3995 ex

506 4008 575 4061 ab
612 4006 770 4091 orbis
815 4005 1018 4088 conditi
1064 4021 1209 4060 anno
1242 4006 1384 4088 p468
1436 4006 1593 4060 annis
1645 4006 1806 4091 modo
1853 4006 2066 4087 duobus

2178 4005 2531 4091 Africatt_o,_ut
2578 4011 2968 4091 feni-ascribit
3022 4026 3183 4091 supra
3227 4028 3240 4064 :
3280 4012 3344 4091 _O_i
3381 4012 3439 4091 ὲν
3494 4008 3753 4091 Ἀλεξαν-

507 4078 777 4147 posterius
825 4077 1177 4147 consignasse
1232 4077 1347 4144 jam
1388 4092 1550 4145 supra
1612 4076 2063 4131 observavimus:

504 4145 677 4217 Quare
732 4147 875 4215 quod
935 4145 1024 4201 hic
1077 4145 1132 4199 in
1198 4161 1371 4201 annos
1448 4148 1590 4217 duos
1651 4147 1965 4217 sequiores,
2021 4156 2076 4200 et

511 4216 699 4272 mundi
747 4217 894 4272 5172
917 4224 1286 4280 removeatur,
1321 4216 1388 4270 ad
1432 4216 1720 4286 Georgium
1745 4216 1818 4268 nil
1839 4226 2066 4285 spectat,

508 4303 634 4342 cum
672 4288 916 4358 privatus
950 4286 998 4341 is
1031 4287 1102 4341 sit
1130 4286 1389 4358 Africani,
1415 4286 1573 4352 cuius
1607 4286 1902 4358 iuet-idiota
1929 4286 2069 4358 rele-

510 4355 735 4424 runtur,
783 4367 1092 4426 computus.
1129 4355 1207 4411 Ex
1256 4356 1374 4426 ejus
1407 4370 1567 4426 porro
1619 4356 1798 4411 verbis
1829 4356 2069 4411 celeber-

509 4429 663 4483 rimae
699 4438 810 4483 tres
857 4427 1079 4497 epochze
1125 4427 1475 4497 cbronologis
1518 4426 2067 4497 Africanigsensuum

511 4498 776 4553 studiosis
809 4495 1181 4567 perquirenda:
1214 4499 1353 4554 ultro
1394 4495 1452 4554 se
1487 4498 1740 4552 oﬂ‘erunt.
1775 4495 1955 4553 Prima
1988 4508 2071 4551 est

511 4564 1041 4642 Alexand‘rilnortis
1083 4578 1134 4621 et
1184 4568 1495 4642 Gra‘corum
1527 4568 1770 4642 imperii,
1812 4583 1975 4642 quam
2016 4568 2075 4642 in
2109 4564 2151 4618 Ι)
2186 4564 2477 4642 Scaligeru'-
2506 4571 2804 4625 timendum

515 4638 701 4710 tuundi
731 4638 907 4710 51η,
952 4652 1065 4710 non
1107 4648 1166 4691 ut
1216 4638 1478 4710 Georgius
1525 4639 1579 4693 in
1616 4637 1786 4702 5170,
1833 4637 2075 4710 conjicjt.

512 4704 648 4761 Nam
680 4724 803 4763 cum
833 4707 1159 4778 Lagidarum
1190 4704 1574 4764 exterminium
1602 4711 1656 4763 iit
1692 4710 1879 4763 mundi
1920 4704 2084 4773 5472,

513 4779 726 4834 duobus
757 4779 1012 4833 nimirum
1032 4778 1410 4835 detercentum
1431 4782 1611 4834 minus
1641 4790 1763 4849 post
1780 4781 2083 4835 institutum

514 4851 584 4903 ab
605 4849 685 4904 eis
715 4849 1002 4918 imperium
1034 4851 1307 4911 remittat,
1351 4860 1478 4905 ante
1508 4867 1682 4905 annos
1723 4851 1849 4914 298,
1897 4849 2083 4904 mundi

516 4919 674 4986 51⁸74,
698 4920 828 4974 illud
862 4920 1037 4989 primo
1081 4920 1378 4975 stabilitum
1431 4921 1617 4989 liquet,
1652 4930 1779 4974 ante
1814 4921 2084 4975 Christia-

518 5007 641 5045 nam
697 5006 859 5046 aeram
915 4990 1075 5044 anuis
1116 4990 1239 5045 426.
1291 4991 1586 5046 Africanus
1638 4992 1837 5060 quippe
1885 4992 2083 5045 natalis

514 5060 723 5116 Christi
754 5062 1016 5131 epocham
1058 5062 1334 5131 eamdem,
1367 5077 1529 5131 quam
1574 5060 1862 5131 Georgius,
1893 5062 2084 5116 statuit

515 5147 583 5203 ex
610 5148 734 5203 pag.
768 5131 875 5186 258
909 5141 964 5185 et
987 5129 1114 5185 259.
1143 5129 1399 5186 Secunda
1419 5141 1521 5195 est,
1549 5129 1801 5203 Actiacos
1832 5147 2007 5203 annos
2029 5143 2083 5203 et

519 5201 738 5274 Egypti
768 5212 939 5272 captae
975 5216 1139 5274 teram
1172 5204 1237 5255 ad
1281 5204 1469 5274 mundi
1509 5202 1667 5263 5472,
1715 5210 1840 5255 ante
1867 5201 2080 5274 Christi

522 5271 756 5327 natalem
790 5271 947 5327 annis
973 5271 1065 5338 ‘28,
1094 5273 1379 5328 devinciri.
1400 5272 1580 5326 Tertia
1602 5274 1818 5327 tandem
1850 5272 2080 5339 Augusti

521 5359 693 5398 annos
714 5360 744 5398 a
766 5344 949 5399 mundi
969 5343 1103 5398 5461
1134 5344 1430 5398 numerari.
1456 5342 1588 5397 Nam
1612 5359 1736 5397 cum
1765 5344 2084 5397 undecimus

522 5416 753 5484 Augusti
796 5430 861 5469 ex
909 5413 1079 5485 Regio
1118 5423 1309 5485 nostro
1344 5413 1503 5469 Barb.
1540 5422 1596 5468 et
1640 5413 1841 5485 Perez.
1880 5422 2081 5485 attente

524 5486 785 5555 inspectis
818 5484 1011 5555 iisque
1042 5500 1166 5540 cum
1198 5484 1368 5538 Palat.
1388 5484 1623 5549 collatis,
1655 5485 1723 5538 sit
1753 5484 1846 5553 qui
1894 5484 2079 5536 mundi

523 5554 687 5618 5472,
720 5565 772 5625 et
802 5554 1136 5625 Olympiadis
1172 5571 1453 5617 cuxxxvu,
1486 5566 1717 5625 quartus
1770 5566 2081 5608 recensetnr

525 5626 596 5679 ab
622 5624 920 5680 Africano:
952 5642 1019 5680 ex
1062 5628 1181 5695 ejus
1203 5627 1425 5681 calculis
1465 5624 1607 5679 anno
1651 5626 1782 5679 5461
1819 5627 2081 5679 duntaxat

529 5696 815 5765 imperium
846 5696 1046 5749 adiisse
1069 5712 1290 5753 necesse
1312 5706 1414 5757 est.
1433 5708 1556 5751 ante
1577 5696 1779 5751 Christi
1805 5705 1983 5749 ortum
2011 5695 2080 5747 40

529 5769 610 5821 \cl
639 5767 728 5827 41,
762 5773 922 5832 prout.
950 5766 1198 5821 Christus
1244 5770 1385 5822 5500
1416 5769 1494 5821 vel
1538 5767 1667 5821 550i
1714 5778 1873 5820 natus
1905 5768 1974 5819 ab
2014 5782 2079 5819 co

527 5838 809 5895 asscritur.
846 5833 1218 5905 Suspicionem
1246 5848 1424 5894 tamen
1458 5855 1629 5893 meatu
1662 5855 1728 5892 ne
1758 5838 2077 5905 subticeam,

2172 4079 2324 4152 δρείᾳ
2368 4080 2475 4152 ἀπὸ
2512 4080 2606 4132 τοῦ
2647 4079 2894 4152 ιδ’-ἔτους
2944 4079 3234 4152 ἀριθμοῦσι
3265 4079 3573 4152 Αὐγούστου
3616 4079 3755 4152 χρό-

2174 4150 2316 4222 νους,
2352 4151 2421 4204 ab
2448 4150 2697 4222 Augusti,
2724 4150 2967 4222 inquam,
2985 4150 3087 4215 ιι,
3108 4151 3201 4222 qui
3225 4160 3380 4220 capta
3407 4150 3749 4207 Alexandria

2177 4220 2425 4289 signatur
2452 4220 2731 4289 inFastis.
2759 4218 2929 4275 Goan.

2246 4289 2356 4356 (70)
2396 4288 2646 4357 Ἡρώδης
2685 4290 3001 4357 ἐπικτίσας
3039 4289 3159 4344 τῶν
3200 4290 3497 4344 Γαϐινίων
3535 4290 3749 4347 πόλιν.

2177 4356 2375 4429 Lepide
2406 4356 2665 4427 SCaIiger.
2699 4358 2823 4413 Not.
2852 4356 2985 4429 pag.
3008 4361 3114 4415 259
3145 4379 3158 4414 :
3195 4360 3370 4426 Quare
3399 4359 3608 4415 (Σαιὴωί
3635 4361 3752 4414 sive

2177 4426 2464 4501 scutarius
2499 4430 2537 4481 Γ
2540 4426 2734 4483 αδίνιοι
2762 4426 3029 4501 uocentur,
3064 4432 3235 4485 dicere
3259 4432 3481 4501 fortasse
3516 4446 3751 4501 possem,

2178 4500 2282 4570 nisi
2302 4511 2577 4570 corruptus
2633 4510 2763 4554 esset
2794 4502 2955 4555 locus.
2994 4500 3139 4555 Nihil
3183 4500 3270 4556 hic
3312 4518 3340 4554 a
3390 4500 3753 4570 corruptione

2850 4587 2864 4624 :
2909 4574 3117 4642 integer
3164 4580 3248 4625 est
3295 4570 3537 4625 Africani
3563 4572 3748 4642 locus,

2191 4639 2381 4712 iisdem
2410 4644 2633 4696 omnino
2664 4643 2841 4712 verbis
2872 4639 3045 4697 tribus
3075 4643 3127 4695 in
3160 4658 3273 4696 mss
3311 4642 3573 4712 digestus.
3595 4639 3755 4694 Sub-

2188 4711 2425 4782 indicat,
2478 4713 2624 4782 quod
2670 4711 2758 4766 ille
2822 4724 3039 4767 veretur
3108 4709 3410 4782 exponere,
3472 4709 3754 4779 Iosephus

2187 4781 2282 4854 lib.
2319 4798 2408 4854 xiv
2451 4781 2599 4854 Anu,
2646 4798 2764 4852 cap.
2797 4784 2884 4847 10,
2927 4801 2956 4836 a
3006 4782 3236 4854 Gabinio
3289 4781 3460 4854 Syriae
3513 4796 3754 4854 procon-

2187 4852 2325 4917 sule,
2358 4852 2811 4908 alteruSamarim
2848 4863 2973 4907 ante
3011 4852 3275 4906 Herodem
3319 4852 3635 4922 reparatore
3663 4852 3753 4908 sic

2187 4932 2576 4992 nuncupatam.
2618 4923 2898 4987 Gabinius,
2933 4923 3128 4992 inquit.
3170 4922 3409 4977 Judmam
3446 4923 3756 4992 perlustra-

2184 4992 2303 5064 bat,
2338 5004 2391 5047 et
2418 5003 2685 5064 quotquot
2706 4994 3011 5049 inveniebat
3040 4994 3202 5047 urbes
3226 4994 3458 5058 dirutas,
3482 4993 3753 5064 tedilicari

2179 5062 2405 5132 jubebat
2425 5062 2447 5117 εί
2476 5062 2638 5133 atque
2663 5066 2764 5118 hoc
2787 5073 2943 5132 pacto
2974 5065 3284 5133 instaurata:
3318 5073 3446 5118 sunt
3473 5062 3750 5133 Samaria,

2182 5134 2410 5196 Azotus,
2445 5131 2813 5205 Scythopolis.
2858 5134 3126 5195 Antedon,
3168 5132 3401 5203 Raphia,
3433 5131 3755 5205 Do_ra,bla-

2182 5205 2344 5270 rissa,
2370 5214 2422 5259 et
2452 5203 2572 5259 aliae
2598 5203 2708 5259 non
2740 5219 2951 5273 paucazz
2986 5205 3146 5274 idque
3172 5205 3460 5258 mandante
3489 5203 3751 5271 Gabinio,

2181 5290 2411 5344 quorum
2445 5276 2668 5345 posthac
2705 5276 2965 5328 habitatio
2996 5285 3107 5328 tnta
3143 5276 3591 5345 permansit,cum
3620 5284 3755 5345 ante

2182 5343 2344 5415 lungo
2392 5343 2635 5415 tempore
2692 5345 2917 5399 desertae
2963 5343 3214 5399 fuissent.
3265 5343 3334 5398 Ut
3398 5345 3581 5414 itaque
3625 5343 3754 5415 sine

2181 5413 2393 5470 civibus
2422 5426 2476 5470 et
2504 5413 2749 5470 aediliciis
2780 5416 2910 5471 urbs
2944 5414 3187 5470 Samaria
3208 5456 3223 5481 ,
3258 5416 3331 5469 ita
3369 5413 3753 5469 sine’nomine

2176 5486 2348 5554 jaeuit
2381 5486 2447 5540 ad
2474 5488 2703 5556 primam
2743 5502 2915 5556 usque
2945 5502 2974 5541 a
3012 5485 3244 5541 Gabinio
3284 5494 3591 5555 susceptam
3624 5484 3754 5556 ejus

2182 5554 2601 5626 reparationem,
2636 5573 2740 5626 qua
2764 5554 3025 5610 Γαϐινίων
3046 5557 3199 5619 πόλις
3223 5554 3477 5626 appellari
3511 5554 3749 5626 meruit:

2181 5623 2457 5682 ac'sccutis
2480 5623 2694 5681 demum
2726 5629 2885 5682 annis
2902 5627 2970 5681 ab
3007 5626 3214 5681 Herode
3230 5623 3621 5688 ἐπικτισθεῖσα,
3656 5623 3757 5678 Se-

2182 5697 2360 5753 bastes
2381 5702 2431 5768 in
2452 5699 2678 5768 Augusti
2698 5699 2957 5752 honorem
2975 5700 3178 5768 accepit
3203 5697 3639 5765 appellationem.
3668 5694 3751 5749 In.

2253 5769 2362 5841 (7|)
2393 5764 2505 5823 Ἦν
2537 5764 2863 5841 Ὅλιψπιὰς
2882 5774 3036 5835 ρπϐ.
3069 5764 3465 5841 Ρ]υιςοξει·υόίιο
3494 5767 3755 5823 observat

2182 5839 2235 5895 in
2265 5837 2410 5898 hunc
2438 5842 2614 5897 locum
2651 5839 2884 5907 Gnarus,
2919 5854 3079 5911 quem
3108 5837 3295 5895 adisis.
