3990 6214
451 290 525 353 88
1653 291 1897 350 JULlUS
1941 292 2360 350 AFRICANUS.

3633 290 3714 347 96

449 428 575 471 rum
606 426 731 469 cum
778 411 832 473 id
870 426 1009 482 opus
1046 410 1366 483 jamdudum
1407 414 1655 483 perierit,
1692 432 1760 470 an
1808 433 1864 471 re
1894 432 2022 472 vera
2050 421 2098 477 Α
2125 433 2275 486 pure,
2308 428 2364 472 ut
2396 427 2551 472 notat
2581 416 2679 472 Dio
2711 414 2956 479 Cassius,
2981 413 3082 470 iste
3111 413 3409 485 imperator
3432 410 3710 482 plurimas

451 505 571 563 haec
596 504 729 560 Acta
767 503 1025 559 Africano
1073 504 1182 558 sint
1227 505 1570 571 aseribenda,
1620 523 1863 564 asserere
1916 527 2025 565 non

451 597 668 663 ausim;
717 596 968 666 quamvis
1006 596 1072 650 de
1119 611 1308 650 eorum
1364 596 1676 654 sinceritate
1724 601 1907 655 nullus
1947 602 2027 655 vi-

452 686 645 742 deatur
697 685 979 741 dubitandi
1039 685 1210 740 locus.
1263 684 1338 739 Ea
1392 703 1519 741 vero
1578 687 1906 757 proferimus
1959 707 2021 744 ex

455 776 774 843 lllombritii,
811 778 957 831 Surii
1000 785 1055 831 et
1083 777 1302 831 Carduli
1349 779 1696 845 editionibus,
1734 798 1856 837 cum
1888 782 2024 836 duo-

454 870 558 925 bus
590 885 722 925 mss.
762 869 1042 926 codicibus
1087 871 1413 927 Colbertinis
1456 881 1509 927 et
1558 891 1665 930 uno
1716 874 2027 930 Sorbonicm

455 962 795 1017 bibliotheca:
831 963 1065 1018 collatis.

526 1051 590 1106 ll.
642 1070 660 1103 ι
698 1051 900 1106 Horum
932 1064 1241 1107 sanctorum
1275 1055 1391 1108 neci
1424 1056 1766 1111 occasionem
1798 1058 2027 1126 praebuit

455 1142 653 1197 vicinia
695 1144 1034 1199 celeberrimi
1084 1146 1229 1200 illius
1270 1147 1475 1216 palatii,
1503 1149 1647 1217 quod
1696 1150 1750 1203 in
1784 1150 1907 1204 villa
1937 1150 2029 1204 Ti-

457 1237 669 1290 lmrtina
713 1236 781 1291 ab
820 1237 1061 1290 Adriano
1117 1239 1438 1293 aediﬁcatum
1510 1240 1678 1295 fuisse
1742 1242 1895 1296 testis
1944 1251 2029 1298 est

457 1322 799 1396 Spartianus.
854 1325 991 1381 Cum
1053 1328 1197 1381 enim
1266 1329 1560 1399 imperator
1624 1331 1765 1385 hanc
1820 1331 2025 1401 regiam

455 1416 677 1472 domum
706 1434 869 1489 quam
914 1419 1016 1473 sibi
1058 1419 1122 1473 ad
1149 1419 1371 1474 delicias
1402 1430 1807 1485 construxerat,
1844 1423 2027 1477 nescio

454 1509 655 1578 quibus
684 1509 1053 1579 piacularibus
1093 1511 1432 1565 caeremoniis
1479 1511 1699 1566 lustrari
1743 1512 2022 1583 jussisset,

454 1599 596 1655 hanc
634 1602 977 1656 occasionem
1024 1602 1306 1671 arripuere
1349 1604 1656 1658 sacerdotes
1689 1603 2025 1677 Symphoro-

456 1706 574 1745 sam
618 1690 901 1747 incusandi
922 1734 937 1759 ,
974 1692 1109 1747 nihil
1142 1692 1366 1747 omnino
1396 1693 1500 1748 diis
1531 1694 1886 1763 placiturum,
1920 1699 2022 1754 nisi

2128 510 2302 564 credes
2334 509 2479 564 fecit.

2202 600 2293 659 ΙΙΙ.
2338 622 2356 652 ι
2404 602 2671 655 Craterum
2728 599 2924 654 horum
2982 606 3285 669 martyrum
3332 595 3592 649 memoria
3640 594 3705 648 in

2129 692 2526 763 antiquissimis
2569 691 2876 761 quibusque
2921 688 3323 761 Martyrologiis
3371 686 3705 753 celebratur,

2129 786 2380 857 quamvis
2431 784 2659 838 diversis
2701 783 2911 836 diebus.
2969 780 3274 835 Romanum
3324 780 3521 848 quippe
3570 793 3707 833 cum

2128 876 2365 930 Notkcro
2403 891 2498 930 eos
2544 875 2731 929 recolit
2771 874 2858 927 die
2907 873 2973 927 18
3006 871 3165 936 Julii,
3207 872 3463 926 Rabanus
3504 870 3590 924 die
3626 868 3698 923 21

2129 968 2373 1038 ejusdem
2410 966 2643 1031 mensis,
2677 964 2958 1019 Usuardus
3007 972 3059 1019 et
3108 964 3225 1017 Ado
3265 962 3351 1016 die
3399 961 3459 1015 2i
3494 961 3709 1016 mensis

2128 1060 2296 1114 Junii.
2353 1059 2410 1113 ln
2460 1058 2544 1113 via
2587 1056 2873 1111 Tiburtina
2932 1064 3226 1125 supersunt
3273 1054 3452 1108 adhuc
3499 1053 3707 1106 rudera

2131 1152 2328 1206 veteris
2364 1151 2625 1215 CCClcslt’t’,
2668 1158 2726 1202 ut
2759 1158 2939 1203 monet
2978 1148 3213 1216 Aringus
3248 1146 3381 1215 (82),
3408 1160 3528 1215 quae
3566 1144 3703 1198 olim

2130 1245 2232 1299 sub
2262 1259 2450 1298 eorum
2492 1246 2708 1296 nomine
2742 1240 2852 1294 Deo
2889 1248 3207 1294 consecrata
3247 1238 3439 1300 fuerat,
3469 1249 3708 1306 qua:tu

2130 1335 2395 1390 hactenus
2422 1336 2504 1387 Ad
2527 1345 2719 1403 septem
2747 1334 2941 1403 fratres
2967 1330 3288 1386 vocabulum
3321 1328 3534 1383 retinet.
3564 1326 3702 1379 Eam

2128 1435 2308 1479 autem
2356 1425 2408 1478 in
2453 1439 2519 1477 eo
2563 1425 2681 1478 loco
2707 1429 3078 1477 constructam
3130 1418 3298 1475 fuisse
3345 1432 3450 1470 non
3483 1416 3701 1480 dubito,

2127 1533 2288 1589 quem
2326 1518 2609 1586 pontilices
2641 1520 2695 1568 in
2738 1515 2921 1580 Actis,
2967 1513 2994 1584 §
3030 1528 3102 1576 tv,
3129 1511 3211 1564 Ad
3248 1520 3442 1579 septem
3475 1507 3707 1562 Biotha-

2128 1621 2308 1676 natos,
2358 1610 2411 1665 id
2450 1618 2534 1664 est
2574 1609 2810 1663 violenta
2859 1617 3034 1662 morte
3079 1615 3408 1676 peremptos,
3443 1612 3503 1657 ut
3546 1610 3706 1656 notat

2128 1702 2399 1758 Baronius
2425 1702 2558 1774 (85),
2589 1702 2948 1771 appellarunt.
2988 1720 3006 1752 ι

455 1781 607 1851 prius
638 1784 1006 1856 Sympborosa
1039 1793 1130 1840 aut
1169 1785 1237 1840 iis
1271 1785 1626 1853 sacriﬁcaret,
1664 1797 1759 1843 aut
1789 1789 1904 1859 ipsa
1936 1807 2024 1845 sa~
2055 1769 2098 1824 B
2199 1795 2315 1849 Huc
2346 1769 2526 1865 usque
2547 1769 2639 1848 vir
2662 1769 2928 1849 eruditus.
2962 1791 3124 1845 Plura
3160 1804 3310 1854 vero,
3362 1796 3553 1858 praeter
3581 1785 3705 1840 Til-

456 1874 812 1932 criﬁcarclur.
843 1879 998 1945 Quod
1034 1880 1288 1933 ultimum
1316 1880 1609 1943 Adrianus,
1640 1896 1802 1950 quem
1835 1874 2048 1952 super-‘
2121 1887 2443 1943 lemontium
2471 1886 2605 1958 (84),
2654 1884 2988 1955 prtestabunt
3033 1880 3405 1947 Bollandiani;
3442 1879 3535 1950 qui
3574 1877 3704 1934 fuse

457 1967 813 2025 stitiosiorem
866 1986 930 2025 ex
986 1971 1108 2026 aliis
1156 1970 1277 2041 ejus
1328 1971 1576 2041 pluribus
1629 1972 1790 2030 factis
1852 1975 2027 2032 fuisse
2124 1995 2225 2051 pro
2276 1995 2428 2034 more
2481 1988 2642 2048 atque
2689 1984 2944 2032 accurate
2998 1976 3131 2031 satis
3176 1989 3240 2029 ea
3284 1972 3468 2026 omnia
3513 1970 3703 2026 discu-

392 2052 397 2057 ’
456 2068 689 2123 constat,
723 2070 1010 2116 exsecutus
1053 2070 1138 2116 est
1185 2062 1406 2117 circiter
1437 2079 1639 2118 annum
1666 2064 1871 2122 Christi
1899 2069 2026 2137 l‘ZO,

456 2150 511 2206 id
532 2162 616 2208 est
644 2153 747 2208 sub
778 2154 988 2225 imperii
1032 2155 1117 2209 sui
1146 2154 1482 2225 primordia:
1513 2172 1623 2226 quo
1650 2159 1859 2216 scilicet
1890 2171 2031 2216 tem-

2128 2073 2270 2127 tiunt
2294 2071 2427 2143 (85),
2461 2085 2582 2142 quae
2610 2068 2676 2125 ad
2701 2069 2900 2124 horum
2931 2076 3231 2139 martyrum
3256 2067 3391 2120 Acta
3426 2065 3704 2134 pertinere

2130 2171 2457 2218 noscuntur.

470 2348 3687 2376 Μὴ...-

1180 2519 1672 2638 PASSIO
1752 2525 1872 2638 S.
1969 2522 2969 2645 SYMPHOROSIE

2132 2759 2206 2798 ΕΤ

1290 2914 1751 3006 SEPTEM
1830 2916 2437 3010 FILIORUM
2510 2916 2831 3006 EJUS.

599 3102 639 3156 1.
695 3102 828 3158 Cum
881 3102 1203 3159 fabricasset
1244 3105 1519 3162 Adrianus
1566 3109 1847 3178 palatium,
1891 3117 1946 3164 et
1975 3109 2027 3164 id
2055 3124 2097 3182 (ς
2131 3110 2424 3179 pborosam
2455 3124 2470 3161 :
2502 3109 2630 3179 Aut;
2656 3124 2776 3162 cum
2828 3108 2953 3177 ﬁliis
2984 3108 3089 3160 tuis
3118 3107 3361 3176 sacriﬁca
3395 3107 3498 3161 diis
3521 3108 3704 3162 omni-

461 3197 712 3255 dedicare
734 3196 896 3250 vellet
930 3200 1035 3250 ritu
1078 3197 1173 3252 illo
1198 3197 1426 3261 nefario,
1459 3200 1823 3271 cmpissetque
1852 3203 2024 3257 sacri-

464 3293 601 3347 ﬁciis
640 3289 905 3345 idolorum
937 3304 1001 3344 ac
1024 3289 1331 3345 daemonum
1356 3294 1448 3359 qui
1484 3293 1539 3348 in
1574 3294 1731 3348 idolis
1759 3293 2025 3358 habitant,

461 3384 701 3455 ﬂagitare
747 3396 1037 3451 responsa,
1078 3383 1473 3451 responderunt
1516 3393 1571 3439 et
1597 3384 1708 3453 (86)
1743 3385 2026 3440 dixerunt:

2126 3201 2447 3272 potentibus,
2484 3209 2574 3255 aut
2630 3210 2678 3255 te
2725 3202 2893 3271 ipsam
2926 3217 3045 3254 cum
3086 3199 3216 3269 ﬁliis
3251 3201 3356 3253 tuis
3400 3201 3704 3269 sacriﬁcari

2129 3292 2349 3361 faciam.
2384 3290 2547 3344 Beata
2580 3289 2946 3361 Symphorosa
2977 3289 3089 3360 (89)
3116 3289 3431 3359 respondit:
3458 3289 3522 3342 Et
3559 3289 3705 3344 unde

2131 3384 2259 3436 mihi
2306 3391 2510 3435 tantum
2562 3382 2703 3447 boni,
2753 3392 2811 3435 ut
2857 3398 2948 3452 ego
2993 3398 3197 3435 merear
3231 3398 3350 3436 cum
3392 3383 3519 3452 ﬁliis
3568 3385 3705 3437 meis

468 3493 488 3527 ι
526 3475 894 3547 Sympborosa
937 3474 1096 3528 vidua
1128 3491 1249 3528 cum
1276 3485 1481 3546 septem
1534 3476 1659 3531 ﬁliis
1705 3478 1822 3532 suis
1862 3475 2032 3530 laniat
2131 3475 2311 3543 offerri
2357 3475 2529 3527 hostia
2554 3473 2662 3528 Deo
2685 3475 2711 3528 ?
2742 3474 3013 3529 Adrianus
3054 3473 3350 3543 imperator
3375 3474 3507 3530 dixit
3536 3493 3551 3529 :
3582 3472 3708 3545 Ego

462 3582 565 3623 nos
603 3566 845 3637 quotidie
893 3565 1197 3620 invocanda
1229 3565 1399 3621 Deum
1455 3581 1638 3622 suum.
1691 3565 1798 3621 Ista
1849 3566 2031 3635 itaque
2127 3574 2176 3619 te
2234 3566 2338 3617 diis
2387 3565 2513 3619 meis
2546 3565 2840 3634 sacriﬁcari
2869 3564 3086 3633 faciam.
3132 3563 3294 3619 Beata
3326 3563 3706 3635 Sympborosa

462 3659 508 3713 si
550 3674 674 3714 cum
711 3658 837 3713 ﬁliis
881 3657 997 3713 suis
1039 3659 1451 3725 sacriﬁcaverit,
1506 3659 1877 3731 promittimus
1928 3671 2030 3713 nos
2125 3655 2404 3726 respondit
2432 3674 2445 3710 :
2472 3655 2562 3708 Dii
2603 3657 2678 3708 tui
2724 3672 2805 3708 me
2846 3657 2903 3709 in
2942 3655 3268 3722 sacrificium
3318 3656 3550 3725 accipere
3588 3672 3708 3710 non

462 3751 646 3807 omnia
668 3759 927 3821 praestare
947 3767 1067 3820 qua:
1086 3752 1288 3820 petitis.
1325 3772 1344 3801 ι
1383 3755 1536 3808 Τυιιο
1566 3751 1840 3807 Adrianus
1867 3747 2037 3820 jussit
2126 3755 2342 3816 possunt
2368 3762 2386 3799 :
2413 3746 2504 3798 sed
2528 3746 2576 3799 si
2601 3761 2697 3815 pro
2732 3746 2939 3798 nomine
2979 3741 3180 3798 Christi
3206 3742 3303 3796 Dei
3337 3745 3437 3797 mei
3480 3746 3706 3799 incensa

462 3856 583 3897 eam
618 3842 784 3897 teneri
832 3857 954 3897 cum
991 3842 1149 3907 ﬁliis,
1197 3855 1251 3899 et
1289 3844 1504 3899 blandis
1549 3859 1644 3899 eos
1686 3840 2031 3897 sermonibus
2129 3837 2303 3907 fuero,
2346 3836 2467 3890 illos
2504 3836 2767 3889 da'ntones
2815 3845 2931 3890 tuos
2972 3836 3140 3908 magis
3191 3851 3374 3890 exure.
3426 3835 3708 3892 Adrianus

464 3933 783 3988 hortabatur
815 3942 873 3987 ιιι
900 3934 965 3986 ad
996 3926 1413 3989 sacriﬁcandum
1453 3934 1610 3990 idolis
1638 3932 2029 3989 consentirent.
2127 3926 2421 3996 imperator
2458 3926 2594 3980 dixit
2629 3943 2643 3978 :
2684 3924 2837 3997 Elige
2890 3927 2987 3981 tibi
3034 3942 3198 3979 unum
3226 3941 3291 3980 ex
3331 3926 3533 3979 duobus
3561 3935 3705 3980 :aut

465 4024 566 4078 Cui
628 4024 784 4078 beata
833 4022 1199 4094 Symphorosa
1263 4025 1401 4079 dixit
1450 4040 1464 4076 :
1528 4023 1621 4077 Vir
1668 4039 1811 4076 meus
1863 4021 2029 4077 Getu-
2132 4018 2379 4086 sacriﬁca
2404 4017 2508 4070 diis
2539 4017 2687 4077 meis,
2732 4027 2823 4070 aut
2859 4016 2997 4070 malo
3023 4016 3238 4070 interitu
3271 4015 3491 4085 ﬁnieris.
3535 4013 3707 4070 Beata

463 4111 570 4166 lius
602 4112 734 4184 (87),
769 4129 887 4167 cum
918 4113 1091 4180 fratre
1121 4130 1217 4167 suo
1247 4114 1519 4177 Amantio,
1551 4114 1751 4167 tribuni
1795 4114 1873 4166 tui
1909 4129 2029 4166 cum
2136 4107 2501 4178 Symphomsa
2541 4106 2864 4174 respondit:
2912 4103 2990 4158 Tu
3032 4106 3307 4159 existimas
3347 4106 3487 4175 quod
3532 4106 3707 4175 possit

465 4212 655 4265 essent.
681 4221 775 4273 pro
804 4203 1005 4258 Christi
1042 4206 1249 4258 nomine
1269 4207 1415 4275 passi
1445 4215 1565 4259 sunt
1590 4206 1794 4259 diversa
1830 4204 2033 4274 suppli-

467 4294 572 4356 cia,
603 4308 667 4347 ne
694 4294 852 4348 idolis
881 4295 1231 4348 consentirent
1264 4296 1333 4347 ad
1360 4293 1763 4358 immolandum,
1797 4303 1846 4347 et
1876 4295 2032 4364 quasi

466 4382 588 4437 boni
621 4385 830 4437 athleta:
855 4386 1117 4439 dtenwnes
1158 4394 1273 4438 tuos
1314 4384 1580 4438 moriendo
1616 4384 1869 4438 vicerunt.
1908 4383 2034 4437 Ele-

2132 4203 2341 4255 animus
2368 4216 2511 4253 meus
2535 4199 2713 4269 aliqua
2750 4208 2945 4253 terrore
2980 4199 3202 4262 mutari,
3227 4215 3345 4252 cum
3379 4213 3469 4268 ego
3494 4197 3711 4253 deside—

2138 4309 2244 4346 rem
2286 4307 2404 4345 cum
2443 4291 2554 4344 viro
2600 4306 2711 4343 meo
2742 4289 2948 4344 Getulio
2989 4289 3135 4359 (90),
3171 4306 3320 4359 quem
3361 4306 3455 4358 pro
3499 4288 3711 4344 Christi

2137 4384 2345 4438 nomine
2370 4380 2701 4451 interfecisti,
2730 4382 3066 4452 requiescere.
3114 4380 3268 4435 Tunc
3294 4380 3564 4436 Adrianus
3596 4380 3709 4433 im-

466 4485 653 4545 gerunt
688 4478 829 4530 enim
860 4478 1028 4545 magis
1060 4474 1312 4531 decollari
1343 4492 1501 4547 quam
1532 4477 1690 4541 vinci,
1716 4478 1859 4542 passi
1891 4492 2033 4528 mor—
2064 4459 2106 4513 Ῐ)
2131 4484 2350 4546 perator
2382 4474 2548 4543 jussit
2591 4489 2709 4527 eam
2752 4472 2877 4527 duci
2917 4471 2985 4526 ad
3026 4470 3212 4525 fanum
3242 4471 3509 4536 llerculis,
3536 4478 3591 4524 et
3623 4469 3707 4524 ibi

469 4570 603 4627 tem;
641 4581 757 4634 qua:
786 4580 881 4634 pro
909 4567 1117 4619 nomine
1143 4566 1340 4621 Christi
1386 4577 1643 4636 suscepta,
1688 4567 1823 4620 inter
1860 4565 2031 4618 Itami-

469 4668 556 4707 nes
596 4664 827 4709 terrenos
857 4656 1064 4725 quidem
1111 4658 1453 4726 ignominiam
1495 4659 1570 4711 eis
1601 4658 1796 4727 peperit
1835 4666 2033 4725 tempo-

469 4745 653 4811 ralem,
694 4746 831 4799 inter
857 4746 1068 4816 angelos
1105 4764 1222 4801 vero
1249 4749 1404 4803 decus
1427 4758 1475 4802 et
1505 4749 1731 4818 gloriam
1759 4751 2033 4811 sempiter-

468 4852 622 4901 nam,
671 4838 806 4890 inter
837 4854 965 4907 quos
1005 4854 1143 4890 nunc
1180 4840 1495 4908 gradientes,
1519 4850 1565 4894 et
1605 4849 1802 4909 tropica
1829 4841 2035 4906 passio-

469 4944 595 4983 num
640 4944 857 4982 suarum
903 4928 1086 4982 dantes
1139 4928 1271 4999 (88),
1321 4946 1439 4982 cum
1491 4939 1683 4983 a’terno
1736 4928 1869 4998 Rege
1922 4929 2034 4981 vita

469 5030 671 5078 (eterna
697 5020 945 5088 fruuntur
974 5021 1029 5072 in
1053 5020 1217 5074 caelis.

541 5111 607 5168 ll.
646 5112 918 5167 Adrianus
966 5112 1260 5183 imperator
1300 5112 1436 5168 dixit
1481 5112 1549 5167 ad
1589 5121 1832 5166 sanctam
1879 5111 2036 5183 Sym-

565 5244 653 5316 82)
693 5245 904 5316 Aring.,
946 5245 1094 5300 Rom.
1132 5244 1329 5301 subter.
1357 5247 1452 5301 lib.
1478 5262 1549 5311 tv,
1579 5260 1699 5315 cap.
1733 5243 1814 5298 17.

565 5317 652 5390 8T?)
693 5317 890 5390 ἕπου.
926 5317 1118 5390 adan.
1156 5317 1276 5390 158,
1312 5318 1339 5390 §
1371 5318 1424 5372 5.

564 5386 654 5446 84)
696 5386 932 5455 Tillem.,
962 5387 1118 5442 Μέρη.
1154 5386 1279 5441 eccl.
1315 5386 1446 5442 (oin.
1480 5386 1541 5451 ll,
1576 5402 1733 5456 pagg.
1754 5386 1880 5450 ΞΗ,
1909 5386 2033 5440 595.

542 5455 654 5526 (85)
693 5457 961 5523 Bulland.,
986 5460 1105 5512 Act.
1145 5457 1246 5512 SS.
1288 5457 1433 5512 Junii
1478 5455 1609 5511 tom.
1641 5455 1729 5519 IV,
1762 5473 1882 5527 pag.
1910 5458 2033 5511 550.

542 5526 654 5595 (8.6)
691 5528 891 5589 glonfer
923 5528 1123 5584 Euseb.
1153 5529 1248 5583 lib.
1289 5545 1325 5585 tt
1369 5529 1498 5587 l’itw
1527 5526 1884 5591 ConstantinL,
1914 5543 2033 5596 cap.

468 5595 654 5736 5ol37)
695 5665 895 5739 Eorum
942 5670 1270 5739 memoriam
1324 5670 1601 5726 celebrant
1647 5666 2036 5739 Martyrologia

468 5738 538 5796 ad
567 5739 709 5796 diem
742 5737 805 5795 l0
828 5735 997 5808 Junii,
1037 5755 1147 5812 quo
1168 5742 1347 5824 “etiam
1380 5742 1464 5800 die
1496 5740 1691 5799 Surius
1730 5735 1804 5796 et‘
1824 5735 2038 5796 Bollan-

2130 4568 2309 4637 primo
2357 4567 2530 4636 alapis
2560 4565 2728 4632 caedi,
2761 4575 2813 4620 et
2849 4574 2968 4635 post
3011 4566 3127 4619 haec
3169 4565 3378 4633 capillis
3419 4562 3706 4634 suspendi.

2134 4657 2238 4713 Sed
2271 4673 2395 4712 cum
2430 4658 2577 4712 nulla
2609 4659 2818 4711 ratione
2855 4656 3116 4725 nulloque
3146 4659 3337 4709 timore
3366 4664 3549 4724 posset
3576 4668 3705 4708 eam

2133 4765 2163 4803 a
2193 4750 2335 4803 bono
2360 4750 2639 4819 proposito
2691 4763 2970 4811 revocare,
2997 4747 3161 4817 jussit
3205 4763 3320 4798 cum
3375 4746 3594 4816 alligato
3630 4748 3707 4801 ad

2134 4841 2332 4894 collum
2370 4840 2571 4908 ingenti
2604 4855 2737 4893 saxo
2789 4839 2841 4892 in
2873 4839 3075 4892 ﬁumen
3121 4839 3470 4908 praecipitari.
3521 4838 3701 4909 Cujus

2135 4949 2334 5001 corpus
2387 4933 2649 5001 colligens
2694 4932 2857 4985 frater
2906 4932 3027 4999 ejus
3053 4931 3348 5003 Eugenius,
3382 4932 3707 5003 principalis

2134 5025 2300 5079 curia:
2328 5023 2657 5090 Tiburtinae,
2706 5024 2760 5077 in
2809 5024 3123 5078 suburbana
3172 5025 3415 5095 ejusdem
3465 5026 3708 5082 civitatis

2135 5115 2404 5185 sepelivit.

2134 5249 2281 5303 diani
2312 5264 2501 5303 eorum
2526 5249 2654 5302 Acta
2694 5247 2965 5301 exhibent.
2994 5246 3052 5301 in
3086 5264 3188 5303 ms.
3222 5248 3575 5304 Colbertino:
3610 5248 3707 5303 l’ir

2136 5336 2277 5373 meus
2308 5319 2519 5373 Zoticus
2559 5336 2677 5372 cum
2725 5319 2891 5387 fratre
2930 5336 3026 5373 suo
3056 5319 3304 5373 Amantio
3357 5320 3566 5374 tribuno
3614 5329 3707 5373 tuo

2134 5407 2252 5443 cum
2283 5401 2452 5443 essent
2480 5390 2652 5453 ambo,
2679 5400 2783 5444 etc.

2211 5460 2320 5529 (88)
2360 5460 2495 5514 Cod.
2544 5458 2777 5514 Colbcrt.
2807 5499 2822 5522 ,
2877 5469 3076 5530 tropwa
3124 5460 3431 5531 passionum
3482 5476 3707 5513 suarum

2138 5528 2437 5582 laudantes.

2160 5538 2437 5584 nudantes.

2210 5600 2320 5671 (89)
2365 5600 2485 5654 llaec
2524 5601 2807 5667 responsio
2845 5616 2967 5655 cum
3000 5602 3247 5671 sequenti
3283 5600 3705 5671 interrogatione

2139 5669 2376 5725 dcest'in
2410 5671 2530 5726 cod.
2559 5671 2892 5727 Colbertino.

2212 5740 2321 5813 (90)
2365 5740 2513 5811 Sur.,
2569 5743 2836 5802 Cardulus
2894 5752 2947 5801 et
2999 5742 3118 5800 cod.
3149 5741 3468 5807 Colbertin.,
3496 5738 3704 5796 latice.
