3990 6214
451 188 521 244 99
1748 181 1994 241 JULIUS
2031 173 2449 234 AFRICANUS.

3612 171 3742 227 lOD

453 308 862 382 investigantcs,
897 309 1048 365 latet.
1079 307 1214 375 Quae
1244 308 1409 380 igitur
1438 308 1621 362 aureis
1649 304 1925 360 annalium
1947 304 2027 358 la-

2159 297 2568 361 »ιλοπονοῦντας.
2593 298 2733 350 Ὅσα
2760 294 2890 365 γοῦν
2921 293 3035 364 (95)
3058 295 3115 347 ὲν
3136 293 3256 356 ταῖς
3276 288 3503 363 χρυσαῖς
3518 289 3747 348 ἁλι-λι-

453 398 618 455 minis
662 400 733 454 ab
773 399 906 470 ipsis
933 399 1223 469 insculpta,
1271 408 1434 469 atque
1472 396 1527 451 in
1578 396 1811 466 templis,
1843 411 2031 465 regum

453 492 762 562 sumptibus
794 492 1111 555 exstructis,
1144 491 1423 545 recondita
1459 498 1608 554 sunt,
1641 487 1928 544 enarrabo.
1957 489 2031 542 Ex

455 583 524 639 iis
543 584 709 648 enim,
734 600 856 653 qua:
884 584 1079 639 ibidem
1104 592 1252 646 sunt,
1278 582 1494 651 templis
1512 590 1566 635 et
1590 597 1686 650 per
1725 579 2035 634 sacerdotes

457 674 647 729 iisdem
697 673 1004 745 praefectos,
1059 674 1265 729 Christi
1320 688 1520 728 nomen
1564 671 1815 743 primitus
1860 670 2034 725 divul-

457 780 641 839 gatum
674 777 778 824 est.

528 861 721 917 Exstat
754 860 955 931 quippe
1006 860 1060 915 in
1112 860 1294 915 Persia
1324 857 1557 913 Junonis
1590 858 1872 928 templum,
1904 855 2035 927 ipsis

457 950 623 1022 regiis
661 952 868 1006 aedibus
902 950 1361 1021 magniﬁcentius,
1394 964 1425 1003 a
1458 946 1625 1020 Cyro,
1662 963 1789 1018 rege
1816 946 2033 1018 religio—

459 1042 704 1106 sissime,
740 1042 1089 1101 aediﬁcatum,
1122 1041 1216 1107 qui
1249 1041 1303 1094 in
1332 1056 1398 1095 eo
1421 1055 1617 1094 aureas
1646 1047 1808 1107 atque
1836 1053 2035 1107 argen-

459 1139 577 1186 teas
607 1130 833 1185 deorum
863 1140 1076 1186 statuas
1102 1130 1327 1196 dicavit,
1357 1145 1559 1199 easque
1590 1129 1861 1198 lapidibus
1899 1144 2037 1198 pra:-

458 1223 771 1279 tiosissimis
799 1223 1117 1287 exornavit,
1152 1239 1219 1277 ne
1256 1222 1463 1279 fusiore
1488 1221 1655 1276 totius
1680 1230 1908 1276 ornatus
1941 1221 2037 1277 de-

459 1316 752 1385 seriptione
792 1331 1098 1370 sermonem
1138 1315 1475 1386 protraliam.

529 1405 641 1463 lllis
687 1408 867 1477 itaque
898 1407 1233 1477 temporibus
1260 1408 1739 1477 (quemadmodum
1763 1407 1951 1476 scripti
1980 1406 2035 1461 in

458 1498 679 1554 laminis
729 1498 912 1554 aureis
966 1498 1193 1555 annales
1233 1494 1548 1568 testantur),
1599 1515 1723 1554 cum
1772 1515 1867 1553 rex
1898 1496 2037 1553 forte

460 1592 527 1647 ad
579 1592 932 1647 obtinendam
988 1591 1330 1647 somniorum
1385 1592 1711 1647 solutionem
1774 1590 2033 1659 templum

2137 392 2281 463 ρίαις
2312 390 2423 462 (96)
2457 387 2790 444 κεκόλαπται
2809 428 2825 453 ,
2859 387 2953 441 καὶ
2982 389 3158 439 κεῖται
3190 383 3301 455 (97)
3333 386 3390 436 ἐν
3411 385 3525 447 τοῖς
3551 382 3747 455 ἱεροῖς

2136 480 2448 553 βασιλείοις,
2502 479 2640 545 λέξω
2663 519 2679 544 ,
2717 481 2800 532 ὅτι
2841 481 2907 531 ὲκ
2941 476 3051 530 τῶν
3091 475 3231 548 πρὸς
3270 473 3503 528 ἐνταῦθα
3555 473 3743 547 ἱερῶν

2134 572 2229 627 καὶ
2295 571 2403 624 τῶν
2462 573 2519 624 ὲν
2558 570 2741 635 αὐτοῖς
2786 569 2978 641 ἱερέων
3032 569 3293 640 ἧκουσται
3317 566 3513 638 ,ὄνομα
3577 566 3744 637 Χρι-

2139 680 2290 715 στου.

2205 861 2279 913 Τὸ
2308 859 2416 930 γὰρ
2457 860 2600 931 ἱερὸν
2629 860 2730 931 τῆς
2766 859 2942 931 Ἤρας
2982 857 3131 912 ἐστὶν
3171 858 3286 911 ἐκεῖ
3324 855 3435 928 (98)
3462 856 3742 911 ἐπέκεινα

2134 954 2240 1005 τῶν
2274 951 2566 1021 βασιλικῶν
2596 950 2900 1023 μελάθρων,
2916 950 3051 1021 ὅπερ
3068 947 3247 1020 Κῦρος
3261 950 3290 1000 ό
3306 947 3557 1017 βασιλεὺς
3575 948 3695 1019 (99)
3708 987 3734 1012 ,

2134 1045 2163 1096 ὁ
2195 1045 2374 1113 πάοης
2406 1041 2689 1105 εὐσεϐείας
2730 1040 3001 1111 γνώστης,
3045 1037 3414 1093 κατεσκεύασε
3461 1038 3554 1091 καὶ
3592 1039 3739 1091 ἀνέ-

2137 1134 2305 1205 θηκεν
2352 1133 2590 1204 ὀνόματα
2620 1129 2779 1196 θεῶν,
2811 1128 3132 1200 ἀνδριάντας
3162 1126 3399 1200 χρυσοῦς
3423 1127 3517 1181 καὶ
3551 1128 3748 1201 ἀργυ-

2139 1225 2394 1300 ροῦς,καὶ
2429 1224 2740 1295 ἐκόσμησεν
2781 1221 2979 1283 αὐτοὺς
3026 1219 3192 1282 λίθοις
3225 1217 3588 1284 πολυτελέσιν,
3635 1220 3743 1273 ἵνα.

2139 1321 2212 1392 μὴ
2242 1318 2447 1390 ταύτης
2479 1318 2799 1388 κοσμήσεως
2825 1313 3000 1382 λέγων
3020 1311 3259 1383 διασύρω
3281 1311 3371 1364 τὸν
3401 1310 3577 1379 λόγον.

2205 1412 2346 1465 Κατ’
2386 1410 2600 1474 ὲκείνας
2647 1409 2704 1462 δὲ
2750 1407 2849 1471 τὰς
2876 1406 3093 1477 ἡμέρας
3121 1404 3216 1473 (ὡς
3255 1405 3311 1457 αἱ
3344 1404 3739 1475 γεγραμμέναι

2137 1501 2343 1573 πτύχες
2373 1498 2733 1569 διδάσκουσιν)
2771 1494 3103 1558 εἰσελθόντος
3144 1494 3238 1546 τοῦ
3269 1493 3530 1563 βασιλέως
3557 1495 3638 1557 εἰς
3662 1495 3737 1547 τὸ

2138 1598 2282 1669 ἱερὸν
2316 1597 2410 1649 καὶ
2444 1593 2599 1648 λύσιν
2627 1591 2925 1663 ὀνειράτων
2960 1586 3122 1641 τινῶν
3143 1585 3433 1657 δεξομένου
3468 1585 3543 1657 (l)
3564 1625 3579 1649 ,
3615 1585 3735 1657 ἔφη

460 1682 742 1753 ingressus
770 1691 935 1749 esset,
955 1680 1268 1752 Prupupius
1294 1681 1549 1737 sacerdos
1576 1681 1642 1736 ad
1668 1697 1793 1737 eum
1825 1681 2036 1751 inquit:

2159 1688 2289 1759 ιύτῴ
2318 1691 2346 1742 ὁ
2372 1687 2549 1758 ἱερεὺς
2578 1681 2957 1753 Προυπούπιος
2976 1697 2989 1710 ο
3013 1678 3297 1750 Συγχαίρω
3332 1694 3433 1739 σοι,
3465 1678 3733 1732 δέσποτα.

460 1772 718 1831 Gratulor
738 1774 857 1839 tibi,
888 1773 1110 1829 domine
1140 1774 1235 1834 mi,
1270 1772 1413 1829 Juno
1443 1773 1708 1843 concepit.
1741 1772 2040 1828 Subridens

463 1881 556 1921 rex
592 1866 873 1935 respondit
905 1882 918 1919 :
947 1866 1099 1919 Itane
1133 1879 1264 1918 vero
1311 1862 1455 1920 Juno
1497 1873 1712 1919 mortua
1754 1863 2043 1933 concepit?

462 1956 563 2011 Cui
593 1956 848 2011 sacerdos
879 1973 892 2009 ;
928 1954 1023 2008 Ita.
1058 1953 1203 2008 Juno
1231 1964 1446 2009 mortua
1482 1956 1701 2019 revixit,
1735 1964 1789 2009 et
1819 1964 2043 2024 generat

462 2050 652 2103 vitam.
697 2047 837 2114 Quid
881 2047 986 2102 hoc
1033 2047 1147 2100 rei?
1194 2048 1271 2100 ait
1330 2062 1445 2100 rex.
1478 2047 1734 2116 Apertius
1779 2047 1914 2101 mihi
1949 2048 2044 2103 de—

463 2142 634 2197 clara.
666 2140 767 2197 Cui
805 2140 894 2195 ille
927 2157 941 2195 τ
976 2138 1185 2193 Revera
1213 2178 1228 2203 ,
1259 2138 1482 2193 domine
1529 2139 1623 2201 mi,
1666 2150 1900 2207 tempus,
1932 2154 2042 2209 quo

464 2231 580 2287 bare
612 2232 762 2295 liant,
792 2230 1027 2285 advenit.
1060 2227 1193 2284 Tota
1208 2229 1350 2283 enim
1379 2237 1537 2283 nocte
1560 2229 1830 2298 praeterita
1847 2238 2042 2283 statua:

465 2337 659 2377 omnes
707 2321 935 2376 deorum
958 2319 1313 2375 Iammarium
1327 2335 1489 2390 quam
1514 2318 1835 2373 feminarum
1867 2319 2040 2389 tripu-

464 2415 666 2470 diando
714 2414 1142 2485 pervigilarunt,
1198 2412 1442 2467 dicentes
1499 2412 1643 2465 inter
1689 2427 1795 2466 se:
1828 2411 2039 2472 Venite.

466 2506 907 2576 congratulemnr
959 2504 1181 2560 Junoni.
1232 2503 1373 2571 Quin
1419 2504 1486 2558 ad
1532 2504 1797 2573 meipsum
1825 2518 2045 2573 quoque

465 2596 719 2652 dixerunt
768 2615 780 2651 :
834 2595 1130 2660 Adesdum,
1173 2595 1469 2665 propheta!
1526 2594 1903 2662 congratulare
1943 2592 2044 2647 Ju-

467 2690 619 2744 noni.
652 2688 842 2742 Amata
874 2698 959 2743 est
994 2688 1163 2742 enim.
1211 2686 1421 2752 Quibus
1449 2701 1549 2755 ego
1581 2704 1594 2739 :
1632 2684 1917 2751 Quomodo
1950 2701 2048 2755 po-

468 2791 574 2837 test
601 2781 796 2845 amari,
844 2796 966 2848 quae
1006 2780 1192 2834 tandiu
1235 2778 1349 2849 jam
1378 2794 1409 2833 e
1447 2778 1585 2833 vivis
1609 2777 1877 2831 excessit?
1935 2776 2042 2832 Re-

468 2876 801 2945 sponderunt
829 2873 901 2927 illi
944 2892 957 2927 :
992 2871 1226 2936 Revixit,
1253 2888 1352 2927 nec
1374 2871 1607 2941 amplius
1634 2870 1776 2926 Juno
1802 2881 2043 2937 \ocatur,

470 2966 565 3023 sed
602 2965 875 3021 leestis.
921 2964 1013 3018 Sol
1045 2965 1189 3019 enim
1222 2980 1452 3033 magnus
1474 2965 1676 3018 amavit
1704 2980 1848 3019 eam.
1879 2964 2044 3020 Dixe-

472 3066 603 3114 runt
635 3073 796 3128 porro
830 3054 1045 3110 {euiinze
1087 3056 1153 3109 ad
1182 3070 1357 3110 mares
1377 3094 1391 3117 ,
1427 3053 1771 3111 manifestius
1799 3072 1910 3111 rem
1950 3071 2045 3112 ex-
2072 3045 2112 3103 (ἶ

470 3151 736 3220 plicantes
778 3147 1105 3217 :Scaturigo
1145 3156 1226 3201 est
1270 3156 1471 3201 amata.
1515 3145 1704 3202 Nonne
1730 3149 1872 3202 enim
1903 3147 2045 3205 Juno

473 3242 688 3296 fabrum
723 3242 826 3297 sibi
859 3241 1248 3309 desponsavit?
1270 3269 1339 3279 -
1371 3238 1792 3309 Responderunt
1820 3257 1999 3297 mares
2028 3262 2043 3297 :

473 3335 628 3402 Quod
662 3335 783 3404 jure
814 3335 976 3388 etiam
1008 3332 1296 3403 Scaturigo
1326 3332 1659 3402 appelletur,
1692 3335 2044 3398 assentimur,

474 3424 675 3481 Verum
708 3434 887 3479 autem
916 3424 1086 3493 ipsius
1119 3439 1315 3477 nomen
1340 3433 1421 3479 est
1455 3423 1644 3495 Myria.
1676 3425 1874 3480 Navem
1900 3427 2047 3481 enim

474 3518 802 3580 onerariam,
853 3517 1157 3570 innumeris
1215 3517 1378 3571 rebus
1443 3516 1737 3587 repletam,
1780 3517 1834 3572 in
1896 3528 2049 3571 utero

475 3618 732 3678 tanquam
760 3610 813 3662 in
842 3609 1028 3678 pelago
1052 3617 1243 3679 gestat.
1271 3606 1423 3674 Quod
1442 3610 1484 3663 si
1508 3611 1669 3663 etiam
1691 3608 2049 3679 Scaturiginis

477 3704 701 3757 nomine
744 3702 1077 3771 indigitetur,
1136 3702 1207 3755 ita
1245 3713 1327 3758 est
1363 3702 1769 3774 intelligendum
1801 3721 1815 3757 :
1851 3700 2049 3757 Scatu-

479 3850 648 3902 setur,
684 3851 733 3894 et
764 3854 825 3893 ea
859 3853 979 3908 qua:
1013 3854 1076 3891 ex
1107 3836 1272 3892 Micb.
1306 3837 1467 3908 Psclli
1502 3838 1641 3892 libro
1677 3837 1879 3893 iuedito
1917 3840 2053 3893 θαυ-

473 3910 710 3982 μαοςΙων
734 3911 792 3963 Ἀ
803 3906 1156 3982 κοὶνσμάζέυν
1171 3906 1449 3982 ⁸ὶᾳζριίιιῶν
1462 3910 1556 3982 καὶ
1578 3908 1852 3982 φυσικῶν
1862 3910 2052 3982 vulga-

480 3978 558 4035 vit
586 3980 909 4035 Lambecius
939 3997 970 4048 p
1023 3980 1127 4032 472
1157 3979 1263 4033 479
1304 3979 1436 4033 edit.
1481 3978 1725 4033 Koliarii.
1760 3979 1911 4033 Addo
1942 3980 2050 4042 hic,

481 4052 721 4106 Africani
755 4050 1014 4120 opuscula
1060 4051 1111 4102 iu
1152 4052 1478 4118 quibusdam
1510 4050 1709 4120 decreti
1753 4050 2051 4115 Gelasiaui,

481 4122 622 4190 quod
680 4114 859 4175 exstat
911 4121 1149 4173 distinet.
1171 4114 1288 4179 '15,
1324 4135 1443 4173 can.
1508 4119 1582 4180 5,
1634 4114 1865 4180 Sancta,
1920 4114 2055 4190 apo;

501 4188 704 4260 iraphis
743 4192 1010 4245 recenseri
1050 4191 1187 4243 inter
1221 4190 1707 4259 apocrypha.quod
1742 4205 1853 4259 prae
1871 4188 2052 4243 omni-

525 4278 587 4314 us
619 4271 764 4314 certe
800 4264 923 4316 huic
953 4262 1251 4314 narratioai
1289 4261 1559 4313 convenit.

836 4343 1082 4413 uterque,
1112 4340 1445 4413 repugnante
1474 4337 1753 4413 contextu,
1786 4327 1916 4401 γάρ.

557 4392 668 4471 (96)
707 4400 902 4455 Vocem
939 4392 1277 4473 ἀλκλαρίαιςξ
1329 4418 1357 4454 a
1407 4392 1811 4473 linguarﬁrmca
1835 4392 2058 4473 p'torsus
2090 4392 2134 4448 D

485 4469 756 4532 alienam,
813 4473 1073 4525 exhibent
1117 4469 1250 4524 iuss.
1312 4469 1502 4525 ambo.
1556 4469 1893 4541 Siguilicatio
1940 4471 2059 4541 ejus

485 4550 629 4612 patet
651 4557 716 4595 ex
750 4542 1129 4610 sequentibus,
1166 4541 1257 4595 tibi
1293 4543 1412 4612 loco
1445 4539 1908 4612 ipsiusivocabula
1935 4539 2062 4592 πτύ-

488 4610 603 4683 χες,
644 4612 874 4683 ,πέταλα
932 4622 1246 4666 occurrunt.
1297 4610 1479 4683 Origo'
1513 4628 1575 4665 ex
1634 4612 1789 4667 initio
1850 4612 2061 4665 \idetur

488 4682 743 4736 Arabica.

560 4752 672 4820 (97)
700 4752 800 4805 Ms.
834 4760 1060 4820 uterque
1089 4752 1318 4815 solmce,
1346 4755 1573 4807 κεῖνται.

560 4824 670 4892 (98)
699 4825 804 4877 Ms.
839 4833 1064 4894 uterque
1101 4822 1163 4875 τὸ
1188 4822 1293 4893 γὰρ
1330 4822 1471 4894 ἱερὸν
1502 4823 1600 4892 τῆς
1625 4823 1832 4893 Ἥρας,
1863 4822 1892 4875 ὃ
1916 4824 2062 4876 ἐστιν

488 4895 764 4953 ἐπέκεινα,
818 4911 872 4946 κ.
907 4909 954 4944 τ.
990 4891 1037 4946 λ.
1073 4891 1277 4962 absque
1317 4891 1482 4947 vei-bo
1508 4932 1522 4955 ,
1560 4891 1713 4962 quod
1738 4894 1805 4947 ad
1852 4905 2061 4948 rectum

493 4965 641 5037 ἱερόν
660 4964 981 5037 referretur.

563 5034 674 5105 (99)
716 5035 1073 5087 Artaxerxem
1131 5030 1463 5105 quemdam,
1497 5031 1789 5105 Pet-fartim
1837 5048 2015 5102 regem
2044 5074 2060 5096 ,

491 5103 710 5160 Parthis
736 5106 1076 5174 subjectum,
1108 5104 1200 5174 qui
1230 5103 1467 5171 Pompeii
1493 5112 1546 5156 et
1575 5103 1808 5158 Cwsaris
1836 5104 2063 5172 mqualis

493 5177 679 5238 fuerit,
702 5184 1096 5245 commemorat
1121 5174 1393 5227 Luciauus
1417 5174 1555 5227 inter
1581 5174 1852 5245 longmvos
1882 5174 2063 5228 libello

491 5245 631 5315 Περὶ
656 5247 1012 5316 μακροϐίων.
1048 5244 1248 5315 Cyrum
1273 5245 1437 5307 hunc,
1469 5245 1685 5316 Christo
1717 5256 1843 5297 nato
1865 5259 2064 5314 suppa-

490 5331 632 5377 rein,
661 5315 776 5370 Sola
810 5318 999 5370 harum
1034 5329 1301 5385 nugarum
1332 5315 1653 5369 auctoritate
1679 5322 1924 5369 astruere
1955 5330 2063 5370 non

493 5387 693 5440 ausim.
726 5386 921 5440 Notum
947 5386 1300 5455 caeteroquin,
1328 5400 1522 5438 novam
1546 5400 1776 5455 eamque
1806 5385 2063 5455 indepen-

492 5457 710 5510 dentem
745 5455 1031 5512 Persarum
1066 5456 1437 5509 tnouarchiam
1472 5457 1691 5509 demum
1721 5455 1915 5524 quinto
1939 5456 2065 5510 Ale-

494 5526 685 5606 xandri
736 5526 919 5606 Severi
970 5544 1113 5582 anno
1142 5527 1213 5581 ab
1246 5525 1543 5581 Artaxerxe
1570 5568 1585 5593 ,
1614 5541 1805 5581 everso
1833 5524 2066 5581 Partho-

495 5612 617 5652 rum
642 5596 889 5665 imperio,
918 5606 1273 5653 restauratam
1305 5612 1445 5652 esse.

567 5666 644 5739 (i)
704 5665 803 5721 Ms.
864 5676 1091 5737 uterque
1151 5666 1303 5722 λύσιν
1364 5667 1706 5740 ὀνειρατείων
1758 5666 2058 5741 δεξόμενος,

2154 1782 2218 1833 'H
2254 1778 2401 1851 Ἥρα
2425 1782 2480 1832 ἐν
2513 1776 2708 1848 γαστρὶ
2741 1774 2953 1829 ἔλαϐεν.
2992 1772 3049 1826 '0
3074 1773 3131 1825 δὲ
3158 1772 3409 1840 βασιλεὺς
3446 1771 3739 1841 μειδιάσας

2140 1872 2288 1941 λέγει
2318 1868 2494 1939 αὐτῷ·
2544 1868 2609 1920 Ἡ
2641 1864 2879 1920 θανοῦσα
2901 1866 2957 1917 ὲν
2991 1864 3187 1934 γαστρὶ
3222 1864 3369 1933 Extat;
3416 1863 3473 1915 ὐ
3498 1862 3554 1914 δὲ
3587 1862 3732 1933 ἔφη’

2142 1965 2271 2019 Ναί.
2310 1963 2375 2015 Ἥ
2406 1959 2641 2014 θανοῦσα
2673 1958 2903 2029 ἀνέζησε
2934 1956 3031 2027 (2),
3067 1956 3163 2009 καὶ
3190 1955 3332 2027 ζωὴν
3356 1956 3537 2025 γεννᾷ.
3577 1954 3638 2007 '0
3671 1954 3735 2008 δὲ

2145 2055 2427 2126 βασιλεύς·
2466 2053 2529 2105 Τί
2568 2050 2759 2115 mino;
2794 2049 3095 2120 Σαφήνισόν
3147 2065 3253 2119 μοι.
3316 2049 3372 2101 Ὀ
3416 2047 3504 2099 δέ’
3571 2046 3736 2117 Ἀλη-

2144 2147 2272 2209 θῶς,
2303 2146 2555 2206 δέσποτα,
2590 2143 2778 2215 καιρὸς
2805 2140 3007 2211 ἔφθασε
3036 2138 3143 2192 τῶν
3167 2138 3373 2192 τούτων
3408 2138 3503 2208 (3).
3537 2139 3736 2191 Πᾶσαν

2143 2238 2253 2309 γὰρ
2287 2238 2385 2308 τὴν
2424 2236 2597 2290 νύκτα
2630 2234 2697 2288 τὰ
2729 2232 3018 2303 ἀγάλματα
3050 2230 3268 2301 ἔμειναν
3301 2230 3624 2302 χορεύοντα,
3661 2229 3740 2283 τά

2142 2348 2202 2384 τε
2243 2329 2470 2401 ἀνδρικὰ
2518 2329 2611 2383 καὶ
2664 2326 2734 2380 τὰ
2787 2330 3093 2395 γυναικεῖα,
3156 2325 3385 2394 λέγοντα
3441 2322 3734 2395 ἀλλήλοιςο

2143 2422 2307 2476 Δεῦτε
2328 2465 2342 2486 ,
2378 2422 2760 2493 συγχαίρωμεν
2795 2419 2869 2491 (4)
2900 2422 2967 2491 τῇ
3006 2420 3174 2491 ’¹Ηρᾳ.
3213 2420 3322 2471 Καὶ
3348 2417 3565 2487 λέγουσί
3599 2434 3733 2489 μοι·

2144 2514 2406 2585 Προφῆτα
2428 2553 2442 2576 ,
2473 2513 2670 2580 ὕπαγε,
2709 2510 3013 2583 συγχάρηθι
3047 2513 3111 2581 τῇ
3147 2509 3327 2581 Ἥρᾳ,
3363 2511 3443 2562 ὅτι
3472 2508 3733 2579 ὲφιλήθη.

2159 2605 2299 2674 Ἐγὼ
2331 2606 2386 2659 δὲ
2420 2601 2604 2658 εἶπον·
2644 2603 2769 2667 Πῶς
2805 2604 2879 2674 (5)
2919 2603 3031 2674 ἔχει
3068 2601 3356 2673 φιληθῆναι
3379 2603 3413 2673 ἡ
3450 2602 3524 2672 μὴ
3554 2597 3734 2666 οὗσα;

2142 2699 2336 2753 Ἀτινα
2378 2698 2648 2765 λέγουσιν,
2690 2697 2773 2750 ὅτι
2820 2695 3084 2765 ἁνέζησε,
3134 2696 3228 2748 καὶ
3279 2694 3461 2747 ούκέτι
3512 2693 3736 2761 λέγεται

2149 2789 2317 2860 Ἦρα,
2352 2786 2427 2859 (6)
2468 2786 2579 2840 ἀλλ’
2621 2787 2879 2860 Οὐρανία.
2919 2787 3108 2852 Μέγας
3144 2784 3252 2858 γὰρ
3285 2786 3472 2849 Ἥλιος
3504 2784 3578 2856 (7)
3611 2786 3740 2854 ἐφί-

2146 2879 2308 2950 λησεν
2339 2879 2528 2950 αὐτὴν.
2559 2880 2623 2932 Δί
2656 2879 2711 2931 δὲ
2744 2877 2954 2950 θήλειαι
2976 2879 3114 2948 πρὸς
3146 2879 3271 2941 τοὺς
3293 2877 3491 2947 ἄνδρας
3522 2876 3736 2946 ἔλεγον,

2147 2971 2306 3043 δῆθεν
2363 2971 2423 3024 τὸ
2497 2972 2728 3044 πρᾶγμα
2779 2969 3220 3034 διευτελίξουσαι·
3291 2970 3448 3040 Πηγή
3506 2970 3654 3023 ἐστιν
3699 2971 3737 3041 ἡ

2147 3064 2461 3136 φιληθεῖσα·
2524 3064 2598 3135 μὴ
2653 3064 2760 3135 γὰρ
2794 3064 3001 3135 ή’Ήρα
3020 3063 3247 3116 τέκτονα
3286 3061 3737 3133 ὲμνηστεύσατος

2147 3159 2243 3211 καὶ
2275 3157 2521 3225 λέγουσιν
2554 3157 2601 3209 οί
2628 3156 2816 3228 ἄνδρες
2836 3173 2849 3187 ο
2910 3156 3029 3209 Ὅτι
3082 3155 3179 3226 μὲν
3219 3154 3379 3226 Πηγὴ
3410 3153 3630 3217 δικαίως
3657 3154 3739 3207 εἴ·-

2152 3267 2330 3322 ρηται,
2384 3248 2779 3321 ἀποδεχόμεθα.
2816 3249 3001 3320 Μυρία
3033 3248 3088 3301 δὲ
3121 3248 3292 3317 αὐτῆς
3330 3245 3589 3317 τοῦνομα,
3612 3247 3743 3314 ἥτις

2148 3344 2205 3395 ὲν
2257 3343 2437 3415 μήτρᾳ
2475 3341 2550 3405 ὡς
2581 3344 2637 3393 ἐν
2678 3341 2903 3410 πελάγει
2944 3341 3290 3413 μυριαγωγὸν
3330 3340 3526 3393 ὁλκάδα
3558 3339 3736 3411 φέρει.

2160 3433 2308 3486 Ἠ-δὲ
2344 3434 2439 3486 καὶ
2474 3434 2631 3506 Πηγὴ
2670 3433 2806 3506 αὕτη
2828 3475 2843 3498 ,
2877 3433 3020 3488 οὕτω
3052 3434 3304 3487 νοείσθω·
3343 3433 3502 3507 Πηγὴ
3545 3434 3743 3499 ὓδατος

2150 3528 2329 3599 πηγὴν
2374 3526 2681 3597 πνεύματος
2729 3527 3022 3592 ἀενναῖζει.
3085 3527 3180 3580 ἕνα
3231 3527 3389 3596 μόνον
3452 3527 3603 3596 ἰχθὺν
3660 3526 3739 3595 (8)

2150 3620 2368 3692 ἔχουσα,
2425 3619 2502 3690 τῷ
2527 3619 2629 3689 τῆς
2691 3618 2945 3689 θεότητος
2993 3620 3279 3690 ἀγκίστρῳ
3329 3619 3742 3690 λαμϐανόμενον

2150 3711 2246 3765 καὶ
2275 3711 2348 3783 (9)
2372 3710 2462 3764 τὸν
2502 3709 2678 3764 πάντα
2726 3709 2929 3781 κόσμον
2955 3751 2969 3776 ,
3002 3709 3078 3774 ὼς
3108 3713 3165 3763 ἐν
3210 3710 3453 3782 θαλάσσῃ
3508 3710 3744 3780 διαγινό-

2153 3850 2555 3922 οηιίεειιίειίοπι
2598 3849 2666 3922 ab
2703 3850 2860 3904 initio
2899 3851 3327 3922 constructionis
3367 3853 3584 3922 copula,
3618 3853 3739 3906 καί.

2225 3921 2301 3991 (2)
2338 3921 2520 3976 Codex
2560 3921 2755 3994 ordine
2787 3922 3106 3994 ⁸ῐιονοᾲιθ9.
3154 3921 3398 3994 ὲνέζησε.
3438 3921 3732 3978 ὃὶιιουιτιιη

2153 3990 2442 4045 lectionem
2492 3990 2658 4045 refert
2701 3990 2871 4045 codex
2908 3992 2997 4045 6i.

2228 4060 2302 4132 (5)
2329 4059 2429 4115 Ms.
2456 4072 2718 4131 uterque,
2745 4063 2934 4131 καιρὸς
2964 4061 3167 4131 ἔφθασε
3198 4062 3267 4116 τὰ
3298 4063 3555 4130 ἐνταῦθα,
3589 4063 3742 4134 quod

2155 4140 2281 4200 apto
2315 4146 2477 4185 Sensu
2505 4141 2673 4185 caret.

2335 4200 2442 4275 liis.
2477 4211 2704 4275 uterque
2734 4201 3012 4275 mendose,
3040 4203 3431 4275 συγχωρῶμεν.

2228 4271 2306 4342 (5)
2335 4270 2442 4325 Pro
2484 4271 2623 4335 πῶς,
2666 4273 2809 4341 quod
2856 4274 3017 4328 unice
3072 4270 3178 4329 huc
3219 4270 3472 4344 quadrat,
3523 4274 3578 4329 in
3633 4291 3741 4331 ms.

2161 4349 2394 4410 utroque
2422 4352 2701 4395 exaratum
2734 4359 2838 4405 τις.

2234 4410 2309 4481 (6)
2352 4411 2676 4467 Autitbesim
2711 4412 3003 4482 quamdam
3054 4414 3107 4469 in
3136 4415 3349 4470 duobus
3377 4416 3526 4469 hisce
3559 4415 3747 4469 nomi-

2164 4481 2327 4554 nibus
2358 4481 2506 4554 ’Ἡρα
2532 4493 2584 4537 et
2614 4481 2856 4554 Οὐρανία
2897 4493 3077 4554 captat
3114 4494 3327 4547 auctor,
3360 4487 3559 4554 prioris
3595 4486 3743 4539 deri-

2165 4550 2561 4634 vationefaeta
2613 4554 2681 4607 ab
2698 4550 2825 4626 ἔρα,
2867 4550 3030 4623 terra,
3075 4567 3136 4612 ut
3162 4556 3297 4611 adeo
3325 4550 3433 4629 ἤρα
3472 4556 3542 4611 sit
3582 4555 3744 4626 quasi

2165 4630 2451 4675 terrestris.

2202 4692 2660 4815 ὰὲτζῃξῖἶὲςοοάοι
2701 4692 2790 4748 6|.
2838 4693 3022 4751 Codex
3055 4689 3157 4745 M9
3201 4695 3540 4766 simpliciter,
3583 4696 3613 4749 ὁ
3646 4696 3744 4767 μὲν

2400 4779 2492 4827 ιιος
2499 4807 2511 4818 .

2163 4778 2575 4906 γέῗεὶιὸρῖῗῆιε
2614 4834 2729 4889 haec
2778 4834 3209 4906 illustrat__locus
3249 4835 3307 4891 S.
3341 4836 3630 4906 Augustini
3672 4836 3746 4890 lle

2165 4904 2307 4956 civit.
2332 4902 2448 4977 Dei,
2473 4904 2742 4968 lib.xvm,
2768 4921 2818 4959 c.
2844 4902 2948 4958 23:
2977 4923 2995 4955 ι
3023 4903 3226 4977 Horum
3246 4902 3555 4963 Graecorum
3584 4908 3748 4977 quin:

2165 4989 2271 5050 que
2319 4975 2644 5050 verborum,
2692 4991 2812 5050 quae
2860 4984 3003 5050 sunt
3057 4975 3261 5050 Ἰησοῦς
3326 4979 3559 5050 Χριστὸς
3605 4975 3748 5050 Θεοῦ

2165 5042 2293 5116 Ilo;
2340 5045 2551 5116 Σωτήρ,
2595 5042 2740 5114 quod
2774 5055 2855 5100 est
2892 5042 3129 5108 Latine,‘
3163 5045 3324 5103 Jesns
3362 5042 3616 5107 Christus
3651 5047 3747 5100 Dei

2166 5112 2664 5188 Filinsﬁal‘vator
2713 5117 2759 5171 si
2821 5117 3027 5185 primas
3082 5116 3293 5188 litteras
3341 5119 3576 5188 juugas.
3645 5118 3751 5171 erit

2170 5183 2344 5268 ίχθύς,
2362 5185 2413 5238 id
2436 5193 2519 5239 est
2537 5186 2718 5268 piscis,
2733 5188 2792 5267 in
2814 5183 2923 5268 {tuo
2946 5187 3167 5241 nomine
3188 5183 3751 5268 mysticeintelligitur

2165 5241 2440 5331 Christus,
2459 5241 2716 5331 eo'quod'
2732 5258 2793 5331 in
2814 5241 2979 5331 huius
3006 5241 3752 5331 mortalitatisvahvssovvelut

2166 5323 2221 5379 in
2259 5340 2521 5400 aquarum
2546 5323 2910 5400 profunditatis
2932 5327 3109 5392 vivus,
3140 5330 3241 5383 hoc
3254 5340 3337 5384 est
3368 5323 3483 5385 sine
3503 5338 3747 5400 peccato,

2165 5410 2299 5471 esse
2315 5397 2564 5471 potuerit.
2591 5416 2614 5471 _J
2633 5397 2900 5471 Caeterum
2926 5414 3059 5453 usus
3080 5402 3321 5471 mysticae
3337 5397 3751 5471 hujtis'appella-

2166 5465 2339 5540 tionis
2354 5466 2799 5540 (Augustiniva
2824 5468 2982 5540 longe
3022 5465 3299 5539 antiquior
3326 5511 3342 5532 ,
3373 5465 3520 5540 quod
3550 5465 3650 5525 "vel
3680 5483 3750 5524 ex

2167 5536 2291 5612 solo
2303 5536 2596 5612 Clementis
2611 5536 2964 5612 Alexandrini
2995 5536 3271 5612 hymnoin
3291 5536 3567 5597 Christum
3582 5547 3748 5612 patet.

2242 5605 2319 5679 (9)
2348 5604 2554 5678 Copula
2580 5607 2674 5663 καί
2707 5609 2762 5665 in
2798 5604 3158 5681 utroque'ms.
3187 5610 3358 5667 deest.
