3990 6214
202 310 223 331 ,
273 261 342 315 ιιι
556 316 561 321 ,
769 254 1037 312 SPURIA.
1071 286 1142 299 -—
1180 257 1267 312 DE
1302 257 1529 315 REBUS
1558 256 1872 314 PERSICIS
1911 258 2089 314 POST
2118 257 2476 317 CHRISTUM
2511 260 2777 317 NATUM.

3311 271 3419 328 10?.

274 395 399 449 μενον,
436 373 526 445 ﬁt;
573 373 733 445 σαρκὶ
783 376 1048 447 τρέφοντα
1111 378 1243 447 (10).
1299 379 1495 444 Καλῶς
1544 379 1710 451 ἔφητε

1859 382 1977 450 rigo
2024 382 2139 437 haec
2202 397 2358 452 aqu:e
2410 397 2703 453 perennem
2758 384 2983 454 spiritus
3039 386 3430 461 scaturiginem

274 469 438 522 τέκτονα
474 465 578 535 ἔχει
607 465 817 537 ὲκείνησ
865 467 980 520 ἀλλ’
1009 469 1107 521 οὐκ
1133 472 1198 523 ἐκ
1238 469 1429 540 λέχους
1474 472 1586 525 ῐσον
1634 473 1745 543 (Η)

268 556 471 615 (ἔχειτὸν
496 556 735 611 τέκτονα.
766 553 929 623 Οὗτος
952 560 1058 632 γὰρ
1086 563 1114 615 6
1147 563 1487 634 γεννώμενος
1519 565 1743 629 τέκτων,

261 648 362 703 ὁταῖ
391 649 725 719 τεκωνάρχου
766 654 892 715 παῖς
915 692 929 715 ,
978 653 1069 705 τὸν
1104 653 1462 725 τρισύστατον
1514 655 1745 729 οὐρανοῦ

252 743 391 813 apem
412 741 709 812 ἑτεκτόνησε
740 745 1027 812 πανσόφοις
1053 746 1299 815 τέχναις,
1341 749 1440 821 τὴν
1468 749 1712 821 τρικάτοι
1730 779 1745 789 -

248 851 314 889 ιον
337 833 506 903 ταύτην
530 835 801 902 στεγοτίδα
836 836 945 908 (Ιὲ)
976 837 1118 909 λόγῳ
1148 839 1347 911 πήξας.

1850 471 2173 542 profundit,
2213 488 2337 543 quae
2371 475 2593 530 nonnisi
2633 477 2857 531 unicum
2898 478 2953 532 in
2984 493 3044 533 se
3072 480 3276 549 piscem
3300 501 3433 537 cott-

1853 564 2007 628 tinet,
2055 563 2359 620 divinitatis
2414 567 2575 621 hamo
2608 576 2851 637 captum,
2900 577 3066 639 atque
3112 574 3428 629 universum

1852 655 2116 710 mundum
2146 671 2254 711 non
2287 672 2468 723 secus,
2499 673 2563 713 ac
2592 648 2637 715 si
2680 660 2734 714 in
2766 662 2902 715 mari
2940 672 3108 729 esset,
3139 680 3304 719 carne
3330 682 3428 721 sua

1850 748 2200 803 nutrientem.
2252 750 2416 805 Recte
2470 751 2707 814 dixistis,
2750 753 2924 823 ipsam
2984 754 3140 809 fabro
3185 757 3428 827 junctam

1850 854 1992 895 esse.
2037 838 2157 892 Non
2188 848 2367 895 tamen
2409 856 2475 895 ex
2499 842 2605 897 isto
2634 845 2892 913 conjugio
2923 848 3188 917 arqualem
3216 849 3316 919 ipsi
3351 853 3428 905 ta-

245 929 360 985 bum
392 930 532 998 parit.
577 928 683 984 Iste
728 931 869 985 enim
904 934 999 1002 qui
1048 936 1315 1002 nascitur,
1375 936 1545 1002 faber,
1609 937 1890 992 fabrorum
1937 936 2199 1006 principis
2249 946 2333 993 est
2371 936 2550 1004 ﬁlius,
2614 942 2705 1009 qui
2746 941 2958 998 infinita
3011 960 3110 999 sua
3158 948 3426 1016 sapientia

238 1039 486 1091 supremum
538 1024 662 1078 (εωιί
712 1025 920 1080 tholum
966 1027 1273 1086 fabricatus
1320 1039 1424 1095 est,
1462 1032 1737 1103 simulque
1774 1031 2056 1101 tripliciter
2118 1032 2431 1087 distinctam
2499 1035 2639 1090 hanc
2692 1036 3002 1095 inferiorem
3032 1041 3423 1099 habitationem

236 1116 362 1170 mbo
388 1129 477 1169 suo
504 1114 757 1171 ﬁrmavit.

285 1207 499 1275 Ἔμειναν
531 1207 661 1274 γοῦν
707 1208 775 1261 τά
816 1210 1106 1281 ἀγάλματα
1154 1214 1559 1283 φιλονεικοῦντα
1611 1219 1737 1289 περὶ

232 1297 367 1370 Ἥρας
390 1300 471 1352 καὶ
496 1300 686 1371 Πηγῆς
707 1303 800 1355 καὶ
829 1304 1125 1375 ὁμοφώνως
1150 1308 1258 1377 (l5)
1279 1304 1428 1362 εἷπον
1446 1326 1459 1339 ³
1495 1311 1737 1381 Πληρου-

230 1392 355 1461 μένης
374 1391 461 1461 τῆς
485 1393 693 1464 ἡμέρας
722 1395 786 1446 τὸ
831 1397 997 1464 σαφὲς
1037 1397 1237 1463 πάντες
1269 1402 1362 1453 καὶ
1398 1404 1567 1455 πᾶσαι
1596 1421 1736 1472 γνω-

228 1482 398 1552 σόμεθα.
423 1482 526 1535 Νῦν
552 1482 663 1550 οἷν,
694 1486 949 1551 δέσποτα,
982 1490 1316 1563 παράμεινον
1337 1494 1399 1546 τὸ
1426 1493 1607 1548 λοιπὸν
1633 1496 1731 1566 τῆς

224 1576 406 1645 ἡμέρας,
448 1576 658 1640 Πάντως
702 1577 813 1648 γὰρ
850 1580 970 1649 ἥξει
1001 1582 1060 1635 τὸ
1094 1585 1343 1655 πρᾶγμα.
1374 1586 1449 1640 Τὸ
1474 1587 1583 1660 γάρ
1611 1589 1740 1642 ἀνα-

222 1666 357 1735 κύεξαν
384 1666 478 1718 ούκ
502 1668 609 1720 ἔστι
631 1669 692 1722 τὺ
720 1672 902 1741 τυχόν.

267 1843 525 1907 Ηείναντος
551 1845 602 1898 δὲ
644 1846 745 1900 τοῦ
793 1846 1054 1917 βασιλέως
1103 1850 1219 1904 ἐκεῖ
1266 1852 1361 1906 καὶ
1405 1851 1731 1925 θεωροῦντος

219 1936 267 1988 τὶ
298 1935 567 2005 ἀγάλματα,
614 1939 943 2010 αὐτομάτως
988 1944 1042 1996 αἱ
1090 1944 1451 2019 κινυρίστριαι
1498 1946 1606 2018 (14)
1634 1949 1732 2019 ἤρ-

219 2022 340 2087 ξαντο
362 2025 553 2096 κρούειν
589 2027 690 2091 τὰς
725 2030 952 2102 κινύρας
987 2033 1094 2103 (15)
1115 2074 1130 2098 ,
1174 2036 1232 2089 αἱ
1261 2035 1316 2088 δὲ
1340 2037 1554 2090 Μοῦσαι
1583 2038 1729 2109 ᾄδειν

220 2119 298 2171 καὶ
328 2119 409 2172 ὅσα
440 2115 498 2190 ἧν
543 2120 696 2174 ἔνδιον
758 2124 1061 2195 τετράποδα
1094 2128 1187 2180 καὶ
1230 2129 1447 2181 πετεινά
1495 2131 1731 2203 ἀργυρό-

224 2227 377 2281 vasa,
403 2213 597 2265 ἕκαστον
638 2214 748 2286 τὴν
789 2216 925 2270 ἰδίαν
951 2219 1235 2273 ἀπέστειλε
1266 2222 1468 2293 φωνήν.
1521 2221 1626 2275 Τοῦ
1671 2223 1729 2276 δὲ

222 2300 424 2369 βαςιλὲως
456 2306 848 2375 φρικιάσαντος
886 2310 977 2362 καὶ⁵
1022 2311 1143 2364 ὅλου
1186 2312 1353 2380 φόϐου
1396 2314 1730 2384 πλησθέντος

219 2393 691 2469 ἕέιελλενάναχωρεῑν
708 2443 722 2453 .
750 2400 866 2454 Οὐκ
885 2401 1046 2474 ἔφερε
1074 2402 1181 2474 γὰρ
1208 2402 1299 2457 τοῦ
1323 2405 1726 2477 αύτοματισμοῦ

216 2481 282 2534 τὶν
308 2484 519 2555 τάραχον.
556 2488 728 2556 Λέγει
762 2485 856 2544 οὖν
894 2492 1042 2564 αὐτῷ
1070 2496 1098 2547 6
1132 2494 1343 2566 ἱερεύς·
1392 2498 1723 2567 Ἀνάμεινον,

214 2575 395 2644 βασιλεῦ.
443 2580 679 2653 Πάρεστι
735 2582 846 2654 γάρ
883 2583 1063 2640 τελεία
1096 2587 1463 2658 ἀποκάλυψις,
1501 2591 1565 2660 ἣν
1594 2588 1726 2655 Θεὸς

213 2666 312 2720 θεῶν
328 2671 589 2740 σαφηνίσαι
617 2675 652 2744 ἡ
664 2676 762 2743 μῖν
788 2674 1094 2745 ᾑρετίσατο.

261 2761 433 2816 Τούτων
455 2764 506 2816 δὲ
541 2764 695 2819 οὕτω
730 2767 1027 2837 λεχθέντων
1058 2768 1326 2840 διήνοικτο
1348 2773 1377 2825 6
1399 2771 1597 2844 ὄροφος
1631 2776 1725 2829 καὶ

208 2845 414 2915 κατῆλθεν
444 2853 613 2924 ἀστὴρ
669 2853 922 2927 λαμπρὸς
951 2857 1047 2911 καὶ
1085 2857 1213 2929 ἔστη
1253 2860 1435 2914 ἐπάνω
1464 2861 1566 2931 τῆς
1600 2867 1727 2935 στη-

207 2936 279 3008 λης
309 2941 388 3010 τῆς
424 2943 628 3015 Πηγῆς,
688 2946 781 2998 καὶ
826 2947 977 3018 φωνὴ
1027 2949 1267 3021 ἠκούσθη
1309 2952 1585 3024 τοιαύτην
1623 2956 1723 3008 Δέ-

207 3041 353 3081 nenia
390 3030 553 3102 Πηγὴ,
609 3035 644 3085 6
694 3034 869 3104 μέγας
907 3035 1091 3100 Ἤλιος
1120 3037 1405 3091 ἀπέστειλέ
1437 3056 1526 3109 με,
1565 3041 1725 3112 μηνῦ-

209 3119 273 3170 sai
300 3137 364 3173 τοι
392 3123 494 3193 ἅμα
525 3125 619 3177 καὶ
647 3124 966 3197 διακονῆσαι
997 3128 1062 3182 τὰ
1097 3129 1233 3200 πρὸς
1262 3129 1438 3194 τόκον,
1462 3131 1725 3201 ἀμίαντον

204 3210 334 3281 τάμον
361 3215 674 3285 ποιούμενος
709 3216 846 3287 πρὸς
879 3218 959 3282 σὲ,
1017 3218 1191 3291 μῆτερ
1220 3220 1311 3274 τοῦ
1344 3220 1562 3293 πρώτου
1596 3224 1725 3278 πάν-

205 3318 280 3355 των
314 3305 401 3359 τῶν
429 3310 733 3379 ταγμάτων
760 3311 1040 3382 γινομένη,
1075 3311 1258 3385 νύμφη
1290 3314 1596 3386 τριωνύμου
1630 3334 1725 3387 μο-

205 3393 359 3458 Maia;
383 3394 520 3453 οὖσα.
548 3400 820 3455 Καλείται
855 3402 909 3455 δὲ
935 3402 995 3456 τὸ
1024 3404 1259 3475 ἄσπορον
1284 3404 1483 3477 βρέφος
1528 3408 1585 3459 Ἀ
1599 3407 1720 3480 ρχὴν

206 3486 277 3537 καὶ
298 3488 459 3555 Τέλος,
502 3493 661 3563 ἀρχὴ
691 3496 788 3563 μὲν
822 3494 1093 3565 σωτηρίας
1112 3534 1126 3559 ,
1157 3494 1307 3559 τέλος
1330 3496 1387 3549 δὲ
1424 3497 1719 3563 ἀπωλείας.

259 3661 539 3739 Καὶτιύτης
572 3670 686 3739 τῆς
731 3669 913 3742 φωνῆς
958 3670 1201 3742 δοθείσης
1247 3671 1358 3744 (16)
1398 3673 1611 3730 ἅπαντα
1652 3677 1721 3733 τὰ

202 3750 423 3823 ἀγάλματα
460 3760 666 3814 ἔπεσον
697 3762 790 3815 ἐπὶ
826 3763 887 3816 τὸ
922 3763 1240 3834 πρόσωπον,
1278 3765 1447 3837 μόνης
1476 3769 1575 3838 τῆς
1605 3770 1719 3839 Πη-

202 3844 271 3915 τῆς
299 3849 579 3925 ἱσταμένης,
639 3854 696 3904 ἐν
821 3854 1049 3925 εὕρηται
1103 3856 1274 3924 παγὲν
1326 3858 1560 3930 διάδημα
1606 3862 1717 3934 (l7)

200 3933 428 4004 μελικὸν,
470 3942 597 4013 ἔχον
644 3945 827 3998 ἐπάνω
872 3946 1037 3999 αὑτοῦ
1082 3946 1142 4012 ἐξ
1166 3948 1435 4018 ἄνθρακος
1462 3951 1556 4006 καὶ
1588 3933 1720 4023 σμαέ

198 4027 343 4117 ξάγδω
385 4032 762 4107 λιθοκόλλητον
810 4038 1035 4109 ἀστέρα.
1103 4039 1387 4113 ’Υπεράνω
1438 4043 1494 4096 δὲ
1546 4044 1717 4117 αὐτῆς

195 4114 333 4172 istam
358 4124 381 4174 ὁ
403 4125 602 4196 ἀστήρ.

241 4209 358 4283 Ταχὺ
378 4215 429 4268 δὲ
458 4219 792 4289 προστάττει
818 4222 847 4274 6
872 4221 1141 4291 βασιλεὺς,
1174 4224 1479 4293 εἰσενέγκαι
1506 4227 1714 4293 πάντας

193 4304 279 4366 τώς
306 4312 651 4377 σημειολύτας
676 4315 767 4366 καὶ
803 4316 1019 4383 σοφοὺς,
1051 4316 1163 4369 ὅσοι
1190 4312 1330 4386 ἦσαν
1363 4317 1468 4370 ὑπὸ
1488 4320 1586 4391 τὴν
1615 4319 1712 4389 βα-

196 4394 344 4450 σιλείαν
377 4403 554 4457 αὐτοῦ.
606 4404 723 4457 Τῶν
750 4405 806 4458 δὲ
833 4406 1090 4479 κηρύκων
1126 4412 1248 4471 ταῖς
1279 4408 1564 4479 σάλπιγξιν
1595 4412 1713 4465 ἐπι-

194 4491 461 4547 maxum
504 4496 750 4560 πάντων,
799 4499 1161 4569 παρεγένοντο
1206 4500 1405 4565 πάντες
1448 4502 1505 4555 ἐν
1535 4502 1614 4574 τῷ
1646 4505 1713 4557 ἱε-

193 4579 262 4648 ρῷ.
317 4586 391 4650 Ὡς
435 4589 491 4643 δὲ
537 4586 684 4644 εἶδον
735 4592 827 4644 τὸν
873 4592 1079 4664 ἀστέρα
1123 4592 1308 4646 ἐπάνω
1356 4594 1455 4665 τῆς
1497 4596 1708 4668 Πηγῆς,

192 4674 257 4724 τι).
289 4678 339 4731 τὸ
378 4682 614 4754 διάδημα
633 4682 758 4755 ’ἅμα
780 4684 857 4754 τῷ
892 4685 1079 4757 ἀστέρι
1127 4686 1221 4738 καὶ
1251 4685 1327 4756 τῷ
1357 4685 1507 4757 λίθῳ,
1544 4689 1612 4741 τὰ
1653 4689 1711 4743 δὲ

192 4763 418 4839 ἀγάλματα
442 4776 526 4829 ἐπ’
555 4777 787 4845 ἐδάφους
803 4776 1048 4848 κείμενα,
1082 4773 1235 4830 εἷπον
1261 4796 1274 4809 ο
1302 4779 1552 4843 Βασιλεῦ,
1587 4780 1711 4851 ῥίζα

193 4851 324 4919 ἔνθεος
352 4863 436 4915 καὶ
472 4864 723 4936 βασιλικὴ
756 4865 1013 4936 ἀνέκυψε,
1057 4868 1309 4940 οὐρανίου
1341 4870 1434 4923 καὶ
1466 4870 1708 4939 ἐπιγείου

192 4944 394 5018 βασιλέως
422 4959 746 5030 χαρακτῆρα
790 4958 1049 5030 φέρουσα.
1115 4962 1179 5034 ἸΙ
1231 4961 1339 5034 γὰρ
1391 4963 1548 5035 Πηγὴ
1588 4965 1709 5018 Μυ-

237 5171 324 5252 (ξθ)
356 5174 465 5252 l’ro
491 5178 758 5252 τρέφοντα
790 5193 893 5233 ms.
930 5187 1156 5252 uterque
1187 5178 1406 5252 exhibet
1433 5178 1702 5252 τρέφοντι.

239 5243 326 5313 Ill)
356 5244 453 5302 Pro
497 5243 684 5320 λέχους
729 5250 861 5310 ἴσον.
904 5250 1047 5318 quod
1069 5243 1139 5304 ex
1171 5243 1486 5319 conjectura
1518 5243 1708 5319 postu-

189 5306 861 5390 lante'contextunreposui,
905 5306 960 5374 in
1003 5329 1232 5390 utroque
1274 5306 1382 5376 ius.
1428 5306 1707 5390 comparet

194 5392 436 5473 tetigter
468 5390 757 5473 λεχουσῶν.
834 5461 847 5473 ι
1140 5460 1153 5472 ,
1283 5470 1291 5473 Α
1423 5461 1435 5473 ,
1522 5461 1552 5473 _.
1638 5460 1650 5473 .

240 5453 329 5522 (12)
365 5455 478 5531 Υοι
521 5453 782 5531 ἁτεγοτίς,
834 5461 1107 5516 inusitata:
1133 5460 1245 5531 jam
1280 5460 1704 5529 terminationis,

190 5516 239 5601 ιδ
254 5516 481 5601 omnibus
504 5516 661 5587 etiam
704 5516 915 5597 lexicis,
944 5548 1065 5601 qum
1090 5516 1308 5601 quidem
1337 5547 1438 5597 ego
1469 5516 1705 5601 inspexi,

193 5595 381 5684 fffulat;
428 5603 472 5654 si
499 5607 750 5670 genuina,
791 5595 1236 5684 cet'teD'pess'imze
1255 5595 1708 5684 notabile-[ﬁgit

195 5668 328 5745 ξ’ξῑειιξ
369 5668 601 5745 “auctos
631 5689 728 5744 per
805 5668 1150 5745 τρικάνξοικον
1234 5672 1514 5741 στεγοτίδα
1548 5713 1565 5739 ,
1631 5668 1707 5728 vid

194 5738 253 5783 est
276 5737 530 5808 triplicitcr
556 5737 866 5800 distinctam
901 5737 1579 5816 liabitationemaaquam,
1613 5757 1706 5799 ac-

1917 1210 2007 1265 Sic
2038 1210 2223 1282 itaque
2265 1222 2458 1268 statuae
2491 1212 2699 1271 diutius
2736 1217 2802 1272 de
2840 1216 3056 1275 Junone
3083 1233 3138 1277 et
3180 1221 3424 1280 Scaturi-

1842 1300 1967 1371 gine
1982 1302 2404 1359 altercabantur.
2436 1303 2675 1361 Tandem
2699 1310 2943 1365 unanimi
2971 1328 3106 1368 voce
3130 1315 3417 1373 dixerunt:

1840 1396 2117 1468 Complcta
2150 1399 2236 1453 die
2271 1403 2650 1473 unusquisque
2688 1413 2742 1459 et
2780 1421 3120 1479 unaquaeque
3163 1421 3413 1467 nostrum

1838 1488 1954 1544 haec
1987 1491 2134 1545 clare
2172 1491 2453 1563 intelliget.
2495 1492 2653 1551 Nunc
2692 1498 2896 1568 itaque,
2930 1501 3148 1557 domine
3198 1504 3294 1568 mi,
3330 1521 3419 1559 re-

1844 1583 2055 1652 liquum
2114 1583 2220 1638 dici
2274 1585 2363 1639 hic
2411 1599 2685 1656 exspecta.
2746 1591 2981 1647 Omnino
3027 1594 3172 1648 enim
3224 1612 3308 1652 res
3343 1597 3416 1653 ita

1839 1673 2074 1736 eveniet,
2102 1687 2203 1728 nec
2230 1674 2455 1743 vulgare
2480 1676 2781 1748 quidquam
2816 1690 2922 1746 est,
2954 1683 3099 1751 quod
3117 1685 3277 1739 modo
3303 1703 3418 1741 ma-

1760 1773 1805 1832 B
1835 1762 2141 1817 nifestatur.

1903 1851 2048 1923 Rege
2086 1853 2270 1924 itaque
2312 1853 2424 1909 illic
2458 1864 2715 1910 manente
2743 1867 2797 1911 et
2824 1866 3036 1915 statuas
3065 1860 3411 1931 observante,

1832 1955 2021 2014 sponte
2039 1962 2136 2001 sua
2154 1947 2477 2018 ciuyristria:
2493 1958 2774 2017 cmperunt
2797 1952 3015 2023 cinyras
3034 1955 3273 2023 pulsare,
3294 1954 3415 2011 Mu-

1832 2052 2015 2107 saque
2038 2049 2280 2105 cantare,
2299 2051 2354 2096 et
2372 2050 2642 2110 quotquot
2668 2042 2721 2095 in
2754 2045 2955 2112 templo
2970 2056 3145 2111 erant,
3170 2049 3413 2118 quadru-

1828 2131 1985 2200 pedia
2014 2138 2067 2186 et
2096 2133 2328 2187 volatilia
2348 2149 2484 2188 auro
2503 2142 2789 2202 etargento
2804 2136 3038 2206 sculpta,
3059 2144 3373 2209 unumquod
3387 2170 3411 2185 ι-

1828 2222 1935 2290 que
1948 2236 2136 2276 vocem
2157 2239 2311 2277 suam
2337 2225 2605 2281 emittere.
2634 2226 2747 2281 Bex
2776 2228 2841 2281 ad
2888 2229 3001 2284 haec
3035 2229 3263 2288 horrore
3288 2250 3411 2289 cor-

1827 2322 2015 2382 reptus
2041 2322 2297 2385 totusque
2336 2324 2542 2372 terrore
2564 2319 2870 2386 perculsus,
2897 2321 3171 2391 cogitabat
3192 2324 3407 2381 disces--

1827 2417 1971 2458 sum.
1995 2403 2113 2459 Non
2150 2406 2292 2460 enim
2328 2406 2533 2463 ferebat
2560 2420 2875 2479 spontaneaa
2897 2412 3062 2482 hujus
3085 2418 3409 2473 commotiov

1825 2496 1912 2550 nis
1940 2498 2255 2552 tumultum.
2283 2498 2372 2552 Ait
2404 2499 2586 2569 itaque
2611 2501 2680 2555 ad
2721 2503 2871 2556 illum
2901 2505 3159 2560 sacerdos
3186 2525 3200 2560 :
3227 2506 3404 2577 Mane,

1827 2587 1953 2639 rex!
1979 2586 2227 2641 imminet
2249 2589 2395 2642 enim
2432 2591 2593 2645 modo
2618 2592 2777 2661 plena
2800 2593 2998 2648 harum
3035 2611 3220 2652 rerum
3252 2615 3407 2656 reve-

1824 2675 1989 2742 latio,
2019 2694 2049 2732 a
2078 2678 2187 2732 Deo
2220 2679 2447 2734 deorum
2481 2684 2640 2737 nobis
2671 2685 2977 2752 pandenda.

1896 2761 1993 2819 llis
2020 2766 2092 2819 ita
2125 2766 2284 2821 dictis
2319 2778 2564 2837 apertum
2594 2782 2676 2825 est
2701 2774 2883 2842 templi
2918 2784 3139 2842 tectum,
3180 2779 3406 2837 descen-

1824 2853 2012 2924 ditque
2043 2857 2198 2911 stella
2238 2859 2539 2927 splendida.
2569 2862 2686 2928 Qua
2724 2881 2887 2934 supra
2923 2869 3235 2925 columnam
3267 2872 3403 2930 Sca-

1823 2947 2076 3016 turiginis
2110 2959 2307 3017 stante,
2339 2952 2454 3007 Iuec
2486 2969 2584 3007 vox
2615 2956 2797 3010 audita
2833 2966 2917 3013 est
2950 2977 2964 3012 :
3002 2959 3230 3019 Domina
3267 2964 3403 3022 Sca-

1827 3038 2036 3110 turigo!
2071 3038 2163 3094 Sol
2217 3057 2445 3110 magnus
2502 3045 2651 3100 misit
2693 3063 2780 3102 me
2816 3050 2880 3103 ad
2916 3049 3266 3109 iudicandum
3304 3059 3409 3114 tibi

1752 3119 1791 3175 C
1827 3128 2097 3198 simulque
2137 3132 2588 3202 ministrantium,
2632 3153 2754 3207 qua:
2786 3140 2851 3193 ad
2881 3150 3097 3210 partum
3129 3157 3400 3216 spectant,

1824 3219 2136 3290 impollutas
2178 3234 2356 3279 tecum
2403 3229 2621 3296 nuptias
2664 3230 2919 3295 initurus,
2967 3244 3137 3289 mater
3167 3239 3329 3307 primi
3371 3257 3405 3296 e

1824 3314 2035 3368 cunctis
2068 3316 2376 3381 ordinibus,
2415 3331 2469 3373 et
2519 3335 2721 3389 sponsa
2756 3324 2917 3379 unius
2963 3327 3278 3388 trinominis
3317 3333 3403 3389 di-

1822 3406 2096 3462 vinitatis!
2156 3407 2391 3465 Vocatur
2434 3422 2615 3467 autem
2671 3414 2850 3472 infans
2890 3432 2921 3472 a
2958 3428 3009 3474 te
3038 3420 3157 3476 sine
3194 3426 3403 3483 semine

1822 3500 2231 3569 concipiendus,
2260 3501 2596 3575 Principium
2629 3518 2683 3561 et
2711 3506 2883 3573 Finis,
2916 3510 3245 3584 Drincipium
3279 3519 3402 3586 qui-

1821 3589 1943 3643 dem
1976 3592 2190 3657 salutis,
2228 3593 2352 3649 linis
2381 3612 2509 3650 vero
2540 3598 2813 3653 interitus.

1891 3681 2102 3738 Emissa
2138 3684 2240 3739 hac
2269 3702 2420 3753 voce,
2462 3690 2686 3759 reliqum
2716 3701 2909 3749 statua:
2930 3712 3120 3753 omnes
3150 3698 3202 3753 iu
3231 3699 3399 3757 facies

1821 3786 1950 3827 suas
1978 3785 2329 3843 proruerunt,
2373 3780 2488 3833 sola
2518 3780 2881 3853 Scaturiginis
2906 3796 3085 3842 statua
3130 3800 3396 3858 restante,

1819 3867 2414 3938 cuictiamimpositum
2444 3876 2738 3942 apparebat
2763 3878 3012 3933 diadema
3046 3881 3277 3951 regium,
3303 3884 3363 3937 af
3374 3913 3391 3924 -

1817 3958 1923 4013 fixa
1951 3969 2261 4016 antrorsum
2291 3966 2443 4019 stella
2469 3982 2500 4021 e
2526 3968 2880 4036 carbunculo,
2910 3980 2965 4026 ct
2990 3976 3279 4045 smaragdo
3312 3977 3397 4030 in-

1817 4051 1998 4121 signe;
2038 4052 2268 4124 desuper
2292 4071 2418 4112 vero
2475 4059 2652 4114 stella.
2699 4062 2915 4117 cmlitus
2949 4064 3209 4124 demissa.
3248 4068 3394 4122 irra»

1815 4144 2019 4200 diabat.

1857 4236 2097 4303 .Quibus
2126 4238 2308 4306 factis,
2329 4240 2614 4298 confestim
2640 4261 2732 4300 rex
2760 4261 2953 4301 omnes
2986 4246 3268 4319 signorum
3308 4250 3394 4305 in-

1816 4338 2079 4400 terpretes
2109 4349 2411 4404 omnesque
2450 4338 2743 4406 sapientes,
2785 4348 3056 4408 quotquot
3081 4340 3185 4394 sub
3218 4341 3393 4412 ipsius

1815 4423 2047 4493 imperio
2070 4434 2249 4491 erant,
2284 4431 2574 4483 convocari
2609 4428 2794 4497 jussit.
2831 4426 3185 4485 Praeconibus
3208 4433 3392 4503 itaque

1814 4519 2026 4574 cunctis
2056 4536 2181 4575 cum
2207 4521 2350 4575 tubis
2377 4536 2815 4590 quaquaversum
2838 4519 3159 4576 festinanter
3188 4522 3394 4592 digress

1812 4610 1910 4673 sis,
1941 4611 2092 4666 brevi
2117 4623 2362 4678 tempore
2393 4627 2585 4668 omnes
2616 4613 2668 4665 in
2700 4613 2957 4681 templum
2991 4624 3388 4670 convenerunt.

1811 4701 1913 4768 Qui
1945 4719 2068 4758 cum
2096 4704 2304 4759 stellam
2344 4703 2674 4774 Scaturigini
2701 4703 3073 4759 imminentem
3114 4706 3391 4776 simulque

1811 4796 2082 4861 diadema,
2118 4796 2273 4850 stella
2308 4813 2375 4851 ex
2418 4796 2691 4867 lapidibus
2724 4795 2977 4866 pretiosis
3008 4795 3256 4853 confecta
3296 4811 3390 4852 co-

1811 4903 2057 4952 ruscum,
2109 4904 2175 4944 ac
2228 4899 2532 4959 prostratas
2579 4889 2731 4944 humi
2761 4888 3000 4958 reliquas
3039 4904 3229 4944 omnes
3255 4888 3390 4944 deo-

1809 4992 1931 5031 rum
1969 4986 2179 5034 statuas
2209 4979 2493 5044 vidissent,
2539 4979 2834 5035 dixerunt:
2875 4976 3024 5034 Rex!
3078 4978 3255 5049 proles
3297 4994 3386 5035 re-

1809 5217 1924 5258 rem
1952 5210 2007 5257 et
2031 5211 2253 5265 terram.
2295 5216 2391 5257 ceu
2435 5201 2659 5257 totidem
2694 5201 2845 5256 orbis
2880 5200 3149 5271 terraquei
3178 5209 3385 5272 partes,

1807 5274 2279 5346 qua_rum_qua:vis
2312 5273 2615 5346 peculiares
2644 5275 2848 5327 incolas
2883 5272 3066 5326 habet.

1878 5344 1990 5416 (15)
2021 5342 2122 5416 his.
2155 5342 2403 5414 uterque,
2437 5343 2724 5416 ὁμοφώνω.

1880 5414 1994 5484 (14)
2023 5415 2123 5469 Ms.
2154 5425 2399 5485 uterque,
2421 5414 2751 5485 κινύστριαι.

1805 5468 1815 5486 ³
1884 5468 2010 5608 itii?
2049 5468 2150 5540 his.
2199 5468 2454 5555 uterque,
2495 5468 2749 5555 κιθάρας,
2780 5484 3026 5556 apposita
3062 5484 3116 5540 in
3145 5484 3387 5559 margine

1806 5566 1959 5608 nota.
2009 5557 2273 5608 eaendum
2303 5571 2423 5608 esse
2449 5555 2694 5608 κινύρας.

1806 5566 1959 5626 nota,
1977 5555 2273 5626 legendum
2303 5571 2423 5611 esse
2447 5555 2694 5626 κινύρας.

1906 5573 1959 5615 a,
1990 5573 2038 5608 te
2076 5573 2273 5610 eiiuum
2303 5573 2423 5611 esse
2449 5573 2689 5626 κινύρας.

1904 5624 1991 5697 lli)
2154 5637 2401 5696 uterque,
2430 5625 2689 5697 606mm.

1910 5696 1992 5769 l7)
2014 5695 2114 5754 Ms.
2145 5695 2393 5768 uterque,
2422 5695 2685 5768 διάσημα.
