3990 6214
457 210 562 264 “l3

1743 205 1989 263 IULIUS
2031 206 2448 266 AFRICANUS.

3577 199 3691 260 σοι

458 327 567 395 gia,
593 321 774 379 divino
797 323 1018 378 numine
1060 322 1235 393 plena,
1276 322 1451 377 lucem
1487 323 1694 392 aspexit
1737 323 1903 388 illius,
1923 324 2016 394 qui

2121 326 2212 396 ρία
2233 325 2344 396 (18)
2362 327 2551 398 Πηγῆς
2581 328 2679 399 τῆς
2717 323 3131 399 Βηθλεεμίτιδος
3147 320 3255 391 (l9)
3273 318 3389 374 ἐστὶ
3415 314 3683 387 θυγάτηρ.

458 416 654 472 caelum
684 424 989 485 terramque
1012 415 1299 485 gubernat,
1333 414 1476 484 regis
1516 415 1832 469 charactere
1879 415 2017 469 insi-

458 507 628 577 gnita.
670 505 953 575 Scaturigo
989 506 1132 559 enim
1165 504 1354 577 Myria,
1386 504 1746 575 Scaturiginis
1776 505 2020 560 Bethlee-

461 598 656 652 mitica:
692 597 797 651 lilia
822 608 923 652 est.
960 597 1211 651 Diadema
1246 597 1360 652 ‘hoc
1416 598 1546 665 regii
1587 605 1741 651 ortus
1778 596 2015 666 signum,

457 690 608 744 stella
652 691 873 744 cmleste
931 689 1189 742 indicium
1227 698 1314 744 est
1354 689 1721 758 prodigiorum
1774 688 1827 741 in
1874 697 2015 742 terra

455 792 805 852 patratorum.
840 780 1085 850 Regnum
1126 796 1155 833 e
1179 778 1318 833 Juda
1367 780 1624 843 surrexit,
1659 780 1802 848 quod
1834 780 2016 833 omnia

455 875 763 929 Judaaorum
798 883 1145 928 monumenta
1186 873 1406 925 delebit.
1458 870 1691 925 Deorum
1725 871 1778 924 in
1819 880 2018 925 terram

456 970 747 1038 prostratio
770 968 1018 1030 honoris,
1042 965 1135 1034 qui
1169 965 1300 1034 ipsis
1322 964 1698 1028 exhibebatur,
1745 963 1906 1017 finem
1934 980 2019 1019 tn-

455 1062 591 1114 nuit.
632 1058 724 1113 Ille
759 1060 927 1121 enim,
965 1059 1058 1127 qui
1089 1055 1251 1110 modo
1287 1058 1560 1126 apparuit,
1599 1071 1722 1110 cum
1756 1056 1825 1111 sit
1858 1057 2018 1125 longe

452 1151 773 1220 antiquioris
795 1150 1093 1221 dignitatis,
1129 1148 1378 1217 juniorcs
1425 1162 1617 1202 omnes
1664 1148 1787 1203 loco
1834 1148 2017 1218 pellet.

450 1241 605 1297 Nunc
629 1244 827 1313 itaque,
852 1258 944 1296 rex
962 1282 976 1307 ,
999 1244 1147 1296 mitte
1162 1240 1575 1312 Jernsolymam.
1602 1238 1850 1296 Invenies
1873 1239 2017 1295 enim

450 1335 727 1390 Christum
752 1334 845 1390 Dei
859 1334 1263 1405 omnipotentis,
1278 1334 1630 1403 corporaliter
1645 1332 2021 1401 corporalibus

450 1428 693 1482 mulieris
723 1428 867 1483 ulnis
903 1437 1194 1497 portatum.
1215 1426 1413 1483 Mansit
1450 1437 1629 1480 autem
1674 1426 1825 1480 stella
1858 1441 2021 1494 supra

2123 417 2196 469 Τὸ
2220 417 2277 470 δὲ
2304 418 2538 489 διάδημα
2572 417 2843 488 βασιλικὸς
2873 416 3067 479 τύπος,
3097 417 3125 467 ὁ
3150 414 3206 467 δὲ
3234 412 3406 483 ἀστὴρ
3434 410 3689 479 οὐράνιόν

2123 509 2238 559 ἐστι
2283 511 2505 579 μήνυμα
2529 548 2544 571 ,
2592 509 2684 561 ἐπὶ
2724 510 2826 578 γῆς
2854 507 3376 580 τερατουργούμενον
3590 498 3693 567 Ἐξ

2135 598 2303 652 Ἰούδα
2332 599 2530 669 ἀνέστη
2557 598 2821 669 βασιλεία,
2861 600 2982 667 ἥτις
3022 598 3233 652 ἅπαντα
3270 594 3379 647 τῶν
3415 593 3693 650 Ἰουδαίων

2123 692 2307 761 ὲξαρεῖ
2342 692 2452 763 (21)
2496 694 2566 746 τὰ
2607 691 2940 763 μνημόσυνα.
2978 691 3050 743 Τὸ
3081 690 3135 742 δὲ
3163 690 3289 751 τοὺς
3318 688 3472 752 θεοὺς
3495 687 3691 755 ὲδαςρι-

2125 779 2336 850 σθῆναι,
2355 781 2505 843 τέλος
2519 782 2619 851 τῆς
2641 783 2804 852 τιμῆς
2824 780 2999 833 αὐτῶν
3019 779 3269 848 ἔφθασεν.
3290 778 3345 830 Ὀ
3358 777 3464 848 γὰρ
3488 776 3686 843 ἐλθὼν,

2123 873 2497 943 πρεσϐυτέρας
2526 871 2680 936 ἀξίας
2712 872 2814 935 ὢν,
2845 872 3050 934 πάντας
3074 856 3199 933 τοὺς
3229 868 3513 933 νεάζοντας
3538 870 3692 922 ἀναι-

2123 965 2277 1035 ρήσει
2299 964 2431 1035 (22).
2468 964 2582 1017 Νῦν
2609 959 2721 1027 οὖν,
2753 963 2991 1034 βασιλεῦ,
3026 963 3238 1034 πέμψον
3267 965 3345 1026 είς
3389 961 3689 1033 Ἰεροσόλυ-

2123 1057 2371 1127 μα.Εὐρὴ
2381 1073 2490 1119 σεις
2505 1056 2617 1127 (25)
2633 1056 2740 1127 γάρ
2762 1056 2853 1108 τὸν
2867 1055 3097 1126 Χριστὸν
3118 1055 3209 1107 τοῦ
3226 1055 3681 1125 παντοκράτορος,

2120 1148 2443 1219 σωματικῶς
2475 1153 2812 1218 σωματικαῖς
2839 1143 3100 1217 ἀγκάλαις
3123 1147 3457 1216 γυναικείαις
3484 1145 3686 1216 βαστα-

2121 1239 2362 1311 ζόμενον.
2384 1242 2601 1311 Ἔμεινε
2622 1241 2679 1293 δὲ
2702 1239 2917 1311 ὁάστὴρ
2939 1239 3121 1292 ὲπάνω
3133 1239 3231 1309 τῆς
3255 1238 3462 1309 Πηγῆς,
3489 1236 3680 1292 καλου-

2123 1332 2287 1403 μένης
2319 1332 2604 1401 Οὐρανίας,
2637 1332 2794 1401 ἄχρις
2818 1330 2881 1384 ἂν
2904 1329 3123 1401 ἐξῆλθον
3153 1331 3203 1383 οἱ
3237 1329 3418 1403 μάγοι,
3441 1329 3534 1383 καὶ
3556 1328 3686 1383 τότε

2125 1425 2238 1494 μετ’
2266 1422 2488 1476 ἐκείνων
2520 1422 2810 1495 ἐπορεύθη.

452 1516 1012 1590 δοοιιιτὶςίιιοιη,“ιιιιω
1029 1520 1280 1575 Caelestis
1311 1519 1450 1574 dicta
1469 1530 1573 1585 est,
1614 1518 1799 1573 tandiu
1826 1518 1998 1572 donec
2027 1515 2166 1587 magi
2180 1516 2578 1585 egrederentur,
2604 1525 2839 1585 tuncque
2866 1516 3026 1570 simul
3052 1515 3293 1570 cumillis
3309 1514 3543 1584 profecta
3572 1522 3684 1570 est.

519 1612 797 1667 Profundo
851 1628 1013 1683 porro
1070 1627 1293 1682 vespere
1359 1614 1609 1683 apparuit
1676 1615 1732 1668 in
1812 1614 2016 1681 templo

2201 1610 2467 1681 Ἑσπέρας
2487 1610 2543 1663 δὲ
2572 1610 2792 1680 βαθείας
2824 1611 2992 1682 ἐφάνη
3029 1612 3088 1664 ὲν
3137 1610 3215 1681 τῷ
3263 1609 3391 1682 ίερῷ
3430 1609 3689 1675 Διόνυσος

449 1704 713 1768 Bacchus,
756 1705 906 1761 solus
940 1705 1147 1774 absque
1193 1715 1455 1760 consueto
1488 1702 1806 1776 Satyrorum
1848 1706 2017 1760 comi-

2119 1702 2178 1754 οὐ
2214 1702 2352 1773 μετά
2386 1701 2491 1754 τῶν
2522 1701 2798 1772 Σατύρων,
2828 1702 2999 1770 λέγων
3021 1705 3131 1765 τοῖς
3163 1701 3489 1773 ἀναθήμασι·
3522 1701 3686 1774 Πηγὴ

448 1807 586 1865 tatu,
620 1797 864 1869 dixitque
884 1796 1080 1852 statuis
1102 1796 1350 1861 deorum,
1385 1795 1579 1851 ibidem
1608 1797 1802 1852 dicatis
1832 1815 1845 1851 ε
1879 1795 2015 1851 Sea~

451 1893 629 1963 turigo
682 1906 787 1945 non
819 1898 902 1944 cst
945 1904 1050 1943 una
1090 1889 1155 1943 de
1202 1888 1380 1953 nobis,
1413 1887 1506 1942 sed
1542 1888 1699 1958 longe
1729 1904 1830 1943 nos
1862 1897 2016 1943 ante-

449 1985 615 2049 cellit,
652 1982 925 2038 hominem
957 1982 1194 2051 pariens,
1240 1979 1439 2035 divina:
1475 1982 1640 2036 sortis
1672 1982 2011 2051 participem.

447 2074 689 2145 Prupupi
744 2073 1037 2130 sacerdos!
1081 2071 1211 2140 quid
1253 2070 1340 2124 hic
1369 2070 1574 2127 diutius
1609 2073 1877 2128 moraris?
1907 2074 2014 2128 Ac-

449 2167 546 2232 tio,
581 2166 671 2221 diu
698 2166 811 2235 jam
851 2163 1067 2233 scriptis
1101 2163 1439 2232 consignata,
1487 2162 1644 2219 nobis
1682 2164 2011 2228 intendetur,

450 2270 480 2308 a
510 2268 737 2323 persona
774 2262 995 2307 strenua
1033 2252 1319 2306 mendaces
1355 2267 1665 2317 argnemur.
1699 2252 1830 2317 Quae
1858 2253 2015 2308 dece—

449 2344 651 2414 pimus,
689 2342 1023 2412 decepimus.
1066 2341 1198 2409 Quae
1237 2342 1605 2413 regnavimus,
1646 2345 2011 2412 regnavimus.

449 2434 563 2488 Non
598 2434 830 2503 amplius
868 2448 1126 2503 responsa
1172 2434 1387 2487 damus.
1423 2432 1651 2487 Ablatus
1679 2442 1761 2487 est
1790 2449 1820 2486 a
1858 2432 2014 2489 nobis

448 2526 644 2593 honor,
685 2526 900 2597 inglorii
931 2534 985 2580 et
1026 2526 1459 2595 contemptibiles
1498 2524 1626 2580 facti
1668 2541 1878 2581 sumus.
1920 2525 2016 2581 Est

450 2635 613 2682 unus,
638 2619 729 2688 qui
760 2618 999 2673 debitum
1024 2618 1124 2673 sibi
1156 2618 1255 2672 soli
1279 2618 1483 2672 cultum
1512 2633 1542 2671 a
1579 2617 1734 2672 nobis
1761 2617 2015 2673 omnibus

449 2709 699 2764 resumit.
729 2706 997 2762 Czeterum
1036 2706 1146 2760 noli
1178 2705 1406 2761 turbari.
1437 2705 1552 2760 Non
1575 2708 1808 2776 amplius
1837 2706 2015 2761 Persae

446 2800 515 2854 de
546 2809 687 2854 terra
737 2807 792 2853 et
824 2813 949 2853 aere
980 2799 1181 2853 tributa
1227 2800 1462 2868 exigent.
1513 2797 1614 2864 Qui
1657 2798 1799 2852 enim
1829 2798 2017 2852 statuit

450 2892 670 2957 tributa,
697 2892 815 2960 ipse
846 2893 1020 2954 adest,
1058 2892 1333 2945 actionum
1363 2891 1563 2945 tributa
1595 2891 1667 2956 ei,
1698 2890 1792 2959 qui
1820 2905 1880 2944 se
1914 2889 2016 2943 mi-

447 2982 541 3045 sit,
588 2989 984 3050 reportaturus,
1020 2980 1300 3049 antiquam
1352 2980 1641 3049 imaginem
1680 2978 2010 3040 rcformans.

2115 1794 2215 1848 οὐκ
2236 1794 2348 1847 ἐστι
2385 1794 2480 1864 μία
2511 1794 2570 1857 ἐξ
2595 1792 2772 1863 ὴμῶν,
2804 1792 2917 1846 ἀλλ’
2967 1794 3105 1866 ὑπὲρ
3147 1795 3291 1864 ἡμᾶς
3331 1792 3684 1864 χρηματίζει,

2115 1885 2235 1940 τινά
2286 1883 2530 1955 γεννῶσα
2583 1885 2885 1956 ἄνθρωπον,
2941 1884 3089 1949 Θείας
3149 1892 3314 1957 τύχης
3372 1888 3683 1957 σύλλημμα.

2126 1978 2293 2051 Ἰερεῦ
2332 1978 2699 2050 Πῳυπούπιε,
2771 1980 2824 2033 τί
2878 1978 3072 2051 καθίζῃ
3120 1978 3350 2033 ἐνταῦθα
3389 1980 3684 2050 πράττωνς

2116 2070 2321 2140 Πρᾶξις
2362 2070 2632 2141 ἔγγραφος
2671 2070 2870 2141 ἔφθασε
2926 2070 3046 2124 καθ’
3100 2070 3253 2142 ἡμῶν
3283 2070 3378 2125 καὶ
3420 2070 3687 2142 μέλλομεν

2115 2162 2220 2216 ὑπὸ
2250 2163 2562 2236 ὲμπράκτου
2591 2162 2879 2233 προσώπου
2903 2162 3216 2232 ἐλέγχεσθαι
3242 2162 3316 2227 ὼς
3344 2162 3574 2233 ψευδεῖς.
3614 2164 3686 2215 Ἀ

2114 2255 2514 2325 ἐφαντάσαμεν,
2562 2255 2958 2325 ἐφαντάσαμεν,
3004 2257 3040 2310 ἃ.
3102 2256 3362 2328 ἤρξαμεν,
3415 2255 3682 2327 ἤρξαμεν.

2114 2344 2308 2398 Οὐκέτι
2336 2348 2615 2418 χρησμοὺς
2641 2347 2908 2419 διδόαμεν.
2942 2348 3121 2420 Ἤρθη
3152 2349 3243 2416 ἀφ’
3279 2348 3493 2420 ἡμῶνή
3523 2349 3684 2419 τιμή.

2116 2434 2324 2500 Ἀδοξοι
2358 2436 2451 2489 καὶ
2470 2438 2760 2508 ἀγέραστοι
2786 2439 3104 2509 γεγόναμεν.
3133 2437 3226 2504 Εἷς
3256 2441 3432 2511 μόνος,
3460 2443 3525 2494 ἐκ
3544 2442 3685 2495 πάν-

2113 2543 2219 2579 των
2261 2527 2543 2581 ἀναλαϐὼν
2592 2528 2689 2600 τὴν
2734 2530 2867 2584 ίδίαν
2911 2533 3091 2603 τιμήν.
3142 2531 3339 2586 Λοιπὸν
3381 2532 3455 2603 μὴ
3485 2531 3688 2603 θροὸα-

2113 2616 2192 2670 δεῖ
2232 2618 2364 2689 (24),
2399 2621 2578 2674 οὐκέτι
2598 2620 2799 2693 Πέρσαι
2840 2623 2944 2693 γῆς
2981 2624 3074 2677 καὶ
3100 2624 3258 2696 ἀέρος
3289 2624 3487 2698 φόρους
3517 2626 3688 2678 ἀπαι-

2112 2708 2295 2765 τῶσιν.
2326 2712 2382 2765 Ὀ
2403 2712 2512 2785 γὰρ
2528 2717 2729 2786 στήσας
2759 2716 2896 2770 αὐτά
2921 2717 3148 2788 πάρεστι
3181 2716 3313 2787 (25),
3348 2718 3686 2788 πρακτικοὺς

2114 2802 2311 2874 φόρους
2342 2804 2418 2875 τῷ
2447 2806 2720 2876 πέμψαντι
2748 2809 3005 2879 κομίζων,
3039 2811 3067 2861 ὁ
3094 2810 3192 2879 τὴν
3227 2809 3459 2864 παλαιὰν
3497 2812 3685 2866 εἰκόνα

2113 2892 2436 2959 ἀνακτίζων,
2472 2896 2565 2949 καὶ
2595 2896 2692 2968 τὴν
2730 2898 2913 2950 εἰκόνα
2958 2899 3022 2968 τῇ
3072 2898 3238 2951 εἰκόνι
3286 2896 3551 2961 συντιθεὶς
3585 2899 3686 2953 καὶ

2113 2984 2173 3037 τὸ
2189 2984 2435 3056 ἀνόμοιον
2453 2986 2534 3054 ἐφ’
2558 2988 2813 3057 ὁμοίωσιν
2830 2988 3020 3052 διδούς.
3042 2988 3281 3061 Οὐρανὸς
3296 2992 3364 3061 γῇ
3381 2990 3684 3061 συγχαίρει,

448 3072 737 3139 imaginem
772 3086 894 3126 cum
936 3071 1173 3140 imagine
1200 3070 1509 3132 conferens,
1544 3078 1599 3123 et
1641 3070 1904 3125 dissimile
1943 3071 2016 3124 si-

2119 3078 2151 3146 ἠ
2196 3076 2253 3129 δὲ
2295 3077 2367 3146 γῆ
2409 3080 2696 3149 καυχᾶται,
2741 3080 2988 3150 οὐράνιον
3018 3081 3275 3152 δεχομένη
3301 3081 3578 3153 καύχημα.
3611 3084 3687 3137 Ἀ

447 3163 576 3217 mile
631 3162 885 3218 reddens.
936 3161 1071 3217 Coeli
1123 3171 1281 3217 terrae
1336 3160 1812 3231 congratulantur,
1866 3170 2010 3214 terra

447 3253 564 3325 ipsa
597 3253 877 3323 gloriatur,
907 3253 1227 3323 gloriatione
1260 3252 1473 3306 coalitus
1503 3260 1743 3321 accepta.
1786 3250 1917 3316 Quae
1955 3252 2011 3305 in

449 3346 701 3416 supernis
752 3360 861 3399 non
908 3352 1036 3398 sunt
1082 3343 1256 3408 facta,
1315 3343 1452 3398 facta
1496 3357 1624 3399 sunt
1667 3345 1719 3398 in
1765 3344 2009 3400 infernis.

449 3435 621 3505 Quem
654 3435 888 3492 felicium
924 3436 1059 3490 ordo
1091 3453 1195 3491 non
1236 3437 1387 3501 vidit,
1442 3436 1741 3491 infelicium
1786 3448 2012 3507 spectat.

449 3528 558 3583 Illis
589 3530 802 3582 flamma
836 3529 1104 3593 minatur;
1150 3529 1235 3582 his
1293 3544 1384 3582 ros
1430 3529 1787 3584 ministratur.
1834 3529 2016 3602 Illyria

449 3620 553 3675 hoc
584 3626 668 3675 est
715 3634 1060 3686 concessum,
1099 3628 1157 3673 ut
1193 3619 1591 3690 Scaturiginem
1640 3621 1694 3674 in
1745 3621 2014 3677 Bethleem

449 3721 664 3784 pareret
706 3713 1044 3783 gratiamque
1096 3714 1283 3782 gratiae
1334 3713 1665 3781 conciperet.
1700 3712 1882 3768 Judzea
1914 3716 2017 3769 πιο-

449 3806 586 3871 ruit;
623 3807 772 3877 regio
797 3814 981 3859 nostra
1010 3806 1294 3859 emarcuit.
1320 3806 1622 3883 Gentilibus
1660 3816 1713 3861 et
1756 3808 2014 3878 alienige-

450 3898 535 3952 nis
559 3907 677 3952 orta
715 3906 798 3952 est
824 3899 994 3963 salus,
1022 3897 1240 3952 miseris
1269 3898 1482 3952 abunde
1508 3898 1764 3952 relevatio
1795 3910 2018 3969 praesta-

449 3998 557 4044 tur.
591 3988 782 4044 Merito
825 4005 970 4043 nunc
1006 3990 1262 4043 mulieres
1290 3991 1517 4044 choreas
1559 3991 1786 4059 ducunt,
1826 3993 2015 4047 dicen-

450 4091 531 4136 tes
566 4081 830 4136 :Domina
869 4081 1186 4151 Scaturigo!
1241 4091 1319 4146 tu,
1353 4099 1475 4151 qua:
1517 4084 1673 4138 nobis
1703 4085 1901 4139 fluenta
1932 4084 2014 4139 af-

2117 3170 2178 3222 οὐ
2232 3170 2453 3238 γέγονεν
2496 3172 2626 3235 ἀνω,
2670 3172 2856 3241 γέγονε
2901 3173 3070 3227 κάτω.
3113 3176 3209 3227 Ὃν
3252 3176 3285 3245 ὴ
3339 3174 3689 3244 εὐδαιμονοῦ-

2118 3276 2187 3312 σα
2232 3260 2341 3332 (26)
2394 3260 2544 3326 τάξις
2588 3264 2687 3315 οὐκ
2731 3258 2888 3327 εἶδεν,
2933 3266 2965 3335 ή
2999 3264 3418 3336 δυσδαιμονοῦσα
3465 3265 3681 3338 Θεωρεῖ.

2131 3348 2386 3415 Ἐκείνοις
2417 3351 2546 3421 φλὸξ
2566 3352 2795 3417 ἀπειλεῖ,
2829 3353 3034 3417 τούτοις
3059 3355 3247 3426 δρόσος
3279 3356 3540 3427 παρέστη.
3570 3357 3689 3428 Τῆς

2117 3442 2330 3515 Μυρίας
2382 3446 2414 3515 ἡ
2456 3444 2695 3515 εὐτυχία,
2740 3445 2929 3515 Πηγὴν
2988 3446 3129 3500 κατὰ
3166 3446 3266 3516 τῆς
3314 3447 3559 3519 Βηθλεὲμ
3595 3465 3689 3500 τε-

2116 3539 2229 3589 κεῖν
2264 3536 2373 3609 (27)
2424 3536 2518 3591 καὶ¹
2563 3539 2720 3609 χάριν
2752 3538 2972 3610 χάριτος
3006 3537 3304 3592 συλλαϐεῖν.
3350 3540 3415 3592 Ἡ
3458 3539 3686 3593 Ἰουδαία

2115 3628 2362 3699 ἤνθησενο
2399 3630 2534 3700 αὕτη
2562 3631 2619 3683 δὲ
2654 3631 2992 3703 μαραίνεται.
3027 3632 3149 3694 Τοῖς
3192 3632 3421 3695 ἐθνικοῖς
3454 3633 3549 3685 καὶ
3587 3632 3687 3685 ἀλ-

2117 3718 2357 3788 λογενέσι
2390 3722 2628 3791 σωτηρία
2656 3718 2804 3793 ἦλθε’
2832 3725 2943 3785 τοῖς
2961 3722 3393 3793 ταλαιπωροῦσιν
3422 3724 3685 3793 ἀνάψυξις

2117 3811 2415 3876 πλεονάζει.
2460 3813 2646 3879 Ἀξίως
2676 3816 2731 3869 αἱ
2764 3819 3016 3884 γυναῖκες
3060 3815 3362 3885 χορεύουσι,
3404 3814 3682 3884 λέγουσαν

2116 3906 2296 3979 Κυρία
2324 3908 2480 3980 Πηγὴ
2512 3909 2874 3981 ναματοφόρε,
2909 3910 2941 3981 ἠ
2970 3907 3217 3980 οὐρανίου
3242 3908 3472 3981 ἀστέρος
3501 3925 3687 3977 γεινα-

2116 3999 2249 4070 μένη
2297 4000 2488 4072 μῆτερ,
2538 4002 2571 4071 ή
2621 4001 2727 4055 ἀπὸ
2764 4001 3042 4071 καύματος
3087 3997 3402 4073 δροσίζουσα
3461 3999 3682 4070 νεφέλη.

2115 4093 2416 4162 μνημόνευε
2447 4094 2552 4146 τῶν
2583 4093 2690 4146 σῶν
2722 4093 3016 4158 οίκετίδων,
3050 4092 3323 4147 δέσποινα.

452 4173 598 4237 fers,
639 4174 878 4229 caelestis
944 4175 1112 4229 stellae
1156 4174 1297 4229 facta
1364 4183 1556 4242 mater,
1605 4177 1774 4231 nubes
1818 4179 2085 4235 mundum
2131 4184 2391 4240 adversus
2438 4195 2629 4241 aestum
2682 4187 2943 4251 irroraus,
2986 4195 3277 4249 memento,
3336 4200 3370 4240 ο
3427 4181 3682 4238 domina!

449 4269 774 4324 famularum
804 4276 1041 4322 tuarum.

522 4361 635 4416 Rex
671 4363 870 4431 itaque,
904 4361 1049 4414 nulla
1087 4374 1237 4413 mora
1278 4358 1578 4428 interiecta,
1608 4366 1813 4428 partem
1839 4374 2019 4429 mago-
2048 4345 2094 4400 D

452 4468 595 4520 rum,
622 4452 714 4522 qui
751 4452 853 4507 sub
883 4452 1053 4522 ipsius
1090 4453 1316 4522 imperio
1344 4459 1519 4516 erant,
1546 4467 1669 4506 cum
1703 4453 2020 4509 muneribus

454 4545 622 4611 misit,
654 4545 810 4600 stella
841 4544 972 4614 ipsis
1021 4545 1166 4599 viam
1206 4553 1564 4600 monstrante.
1605 4543 1671 4598 Hi
1712 4554 1834 4615 post
1873 4546 2017 4600 redi-

553 4721 638 4791 18)
660 4721 774 4794 bis.
806 4729 1052 4789 uterque,
1090 4722 1328 4794 Μυρίας.

558 4792 758 4865 l9)
793 4792 1478 4865 uterqueAcorruptissime,
1505 4792 1604 4862 τῆς
1623 4792 1868 4863 Βηθλεὲμ
1891 4792 2023 4865 ἴτρι-

455 4860 547 4934 δος
571 4864 686 4915 ἐστὶ
713 4861 977 4934 θυγάτηρ.
1009 4860 1159 4927 Quod
1193 4860 1348 4934 ulcus
1383 4860 1630 4934 revocato
1652 4860 1885 4934 genitivo
1908 4860 2019 4934 [Ιη-

459 4933 561 5003 γῆς
582 4941 637 4987 et
675 4931 936 5003 adnptuta
966 4933 1192 4985 lectione
1229 4931 1651 5003 ΒηθλεεμίτιδοςΔ
1678 4932 1902 5003 feliciter
1932 4931 2022 5003 sa-

460 5000 620 5057 nasse
668 5000 799 5056 mihi
838 5001 1040 5073 videor.
1089 5000 1346 5073 ueterum
1386 5000 1480 5071 per
1512 5000 1701 5070 Πηγὴν
1728 5002 2020 5073 Βηθλεεμί-

458 5072 580 5142 τιδα
618 5073 853 5142 intellige
895 5072 1114 5139 stirpem
1169 5070 1500 5142 Davidicam,
1534 5088 1597 5142 ex
1630 5089 1733 5138 qua
1768 5070 2014 5137 Mariam,

461 5141 766 5197 Servatoris
784 5141 951 5196 nostri
976 5152 1225 5206 matrem,
1247 5141 1509 5211 originem
1539 5141 1763 5195 duxisse
1784 5150 2012 5195 constat.

530 5210 643 5280 (20)
691 5212 780 5266 Sic
827 5226 932 5265 ms.
978 5220 1238 5280 uterque;
1283 5212 1586 5280 praeferrem
1625 5219 1824 5271 tamen.
1869 5211 2015 5280 quod

458 5288 515 5334 et
542 5279 599 5334 in
628 5279 886 5353 versione
916 5279 1178 5353 expressi,
1223 5279 1517 5353 genitivum
1551 5279 2017 5353 τερατουργουμέ-

458 5366 587 5419 νων,
621 5366 742 5406 cum
774 5352 963 5405 littera:
990 5350 1244 5419 ejusdem
1261 5350 1380 5405 soni
1404 5366 1433 5404 a
1459 5350 1694 5405 librariis
1719 5350 2018 5417 sepissime

460 5418 602 5489 inter
628 5436 686 5475 se
715 5418 1134 5485 commutantur,
1183 5421 1442 5489 exemplis
1478 5420 1901 5477 evidentissimis
1932 5419 2015 5476 vel

460 5487 517 5547 in
558 5489 644 5543 his
673 5490 1115 5545 adnotationibus
1142 5492 1336 5546 obviis.

430 5616 436 5623 ,
534 5557 645 5634 (ﬁt)
677 5559 778 5634 bis.
813 5570 1055 5631 uterque,
1087 5561 1273 5634 ἐξάρῃ.

536 5627 647 5702 (22)
678 5629 777 5685 Ms.
820 5627 1065 5702 uterQuc,
1093 5627 1555 5702 depravatissime,
1585 5630 1640 5685 ὲν
1681 5628 1817 5702 αὐτῇ
1859 5627 2018 5701 ὲάση,

2206 4363 2262 4415 '0
2288 4356 2382 4415 οὖν
2415 4360 2662 4432 βασιλεὺς
2698 4360 2960 4431 μηδαμῶς
3004 4359 3296 4431 ἀναμείνας
3332 4358 3541 4429 έπεμψε
3574 4358 3688 4413 τῶν

2119 4453 2223 4507 ὐπὸ
2270 4452 2364 4523 τὴν
2417 4452 2688 4523 βασιλείαν
2718 4452 2881 4506 αὐτοῦ
2918 4454 3103 4523 μάγων
3146 4452 3284 4523 μετά
3324 4452 3531 4525 δῴρων,
3585 4453 3685 4507 τοῦ

2121 4545 2346 4617 ἀστέρος
2401 4545 2596 4608 αὐτοὺς
2650 4545 3029 4616 ὁδηγήσαντος.
3077 4545 3163 4608 Ὠς
3212 4545 3269 4599 δὲ
3315 4545 3683 4616 ὑπέστρεψαν,

2135 4738 2235 4793 pro
2266 4737 2376 4793 quo
2409 4722 2659 4794 substitni
2694 4722 2993 4794 ἀναιρήσει.
3040 4722 3143 4789 Qui
3187 4722 3391 4792 absque
3439 4721 3689 4778 subsidio

2097 4792 2471 4849 -correctioris
2529 4793 2729 4848 codicis
2778 4792 2971 4848 melius
3026 4794 3323 4863 quidquam
3378 4794 3686 4862 protulerit,

2123 4863 2226 4919 erit
2258 4863 2391 4931 mihi
2417 4878 2647 4930 magnus
2667 4862 2877 4931 Apollo.

2192 4933 2304 5004 (25)
2338 4929 2442 5004 Ero
2471 4929 2729 5004 εὑρήσεις
2747 4934 2912 4986 codex
2943 4930 3005 4984 61
3039 4931 3201 4987 refert
3225 4930 3466 5004 εὐρίσης.

2194 5000 2306 5071 (24)
2349 5000 2463 5054 Vox
2493 5000 2626 5065 haec,
2664 5004 2718 5055 in
2747 5017 2854 5070 qua
2887 5018 2988 5055 ms.
3018 5005 3178 5056 ambo
3208 5000 3559 5067 conveniunt,
3591 5018 3689 5071 per

2119 5071 2325 5126 librarii
2352 5071 2657 5143 cujusdam,
2686 5076 2770 5125 cui
2795 5072 3120 5143 dictabatur,
3143 5072 3465 5143 imperitiam
3485 5089 3548 5126 ex
3584 5074 3691 5125 im-

2121 5143 2362 5213 perativo
2410 5140 2666 5212 θορύὸηθι
2732 5142 2878 5213 verbi
2933 5141 3172 5213 θορυϐέω
3208 5140 3436 5213 jidetur
3471 5151 3685 5197 exorta.

2123 5211 2459 5283 Suilli-agatur
2488 5211 2676 5283 saltem
2717 5212 2962 5281 quadam
2998 5211 3121 5266 soni
3163 5211 3420 5281 alliuitas,
3454 5212 3525 5283 in,
3556 5213 3687 5265 tali—

2118 5282 2220 5337 bus
2248 5298 2373 5350 raro
2399 5282 2723 5350 spernenda.

2189 5352 2302 5423 (25:)
2329 5349 2437 5423 his.
2458 5359 2704 5420 uterque,
2736 5349 3002 5423 παρέστη.

2161 5418 2307 5502 ⁴(26)
2354 5420 2453 5475 Ms.
2506 5418 2753 5490 uterque,
2788 5418 3178 5494 εὔδαιμονῶσα,
3230 5432 3288 5478 ιιι
3319 5430 3373 5478 et
3406 5418 3692 5493 δυσδαιμο-

2119 5506 2287 5545 νωσα.

2191 5560 2302 5631 (27)
2339 5558 2438 5617 Ms.
2476 5569 2721 5632 uterque,
2755 5560 2939 5631 τεκῆν.
