3990 6214
456 278 551 335 107

521 397 766 452 Diximus
785 400 964 447 autem
995 402 1098 443 nos
1126 387 1190 440 ad
1218 384 1366 438 illam
1401 400 1415 436 :
1448 382 1634 443 Mater,
1671 388 1862 441 mater,
1897 393 2014 430 om-
2047 383 2088 436 Α

450 507 548 546 nes
584 487 874 542 Persarum
927 482 1002 536 dii
1047 481 1260 534 beatam
1299 485 1350 530 te
1397 473 1779 544 praedicarunt.
1821 469 2011 539 Magna

447 591 535 638 est
563 579 734 650 gloria
761 587 870 631 tua.
899 574 1138 628 Cunctas
1173 567 1413 623 illustres
1443 565 1674 618 feminas
1711 561 2009 625 antecellis,

452 672 734 741 majorque
765 676 848 722 est
897 663 1158 734 dignitas
1189 668 1302 722 tua,
1347 672 1511 727 quam
1565 656 1808 711 omnium
1848 655 2014 708 totius

451 764 638 819 mundi
665 759 998 830 reginarum.

406 865 420 894 '-‘
517 855 704 910 Infans
730 867 893 923 porro
929 852 1044 920 ipse
1072 846 1223 901 humi
1257 842 1497 904 sedebat,
1533 838 1943 907 secundumque
1965 838 2011 889 ei

450 961 655 1001 annum
683 943 772 997 illa
814 955 935 996 esse
959 939 1157 1003 aiebat,
1193 934 1354 990 matri
1392 933 1540 1011 vultu
1578 946 1688 985 non
1726 929 2012 985 absimilis.

449 1036 582 1090 Erat
611 1042 793 1088 autem
819 1034 933 1101 ipsa
952 1027 1308 1098 longiusculis
1335 1025 1609 1089 manibus,
1647 1037 1874 1091 corpore
1917 1022 2014 1077 de-

448 1126 713 1190 licatiore,
743 1124 809 1178 ad
836 1120 1094 1176 frumenti
1128 1118 1367 1174 colorem
1409 1115 1718 1180 accedente,
1753 1113 1893 1168 facie
1933 1128 2017 1166 ro-

450 1217 638 1282 tunda,
667 1229 879 1269 comam
904 1211 1110 1266 habens
1132 1209 1459 1278 colligatam.
1488 1205 1626 1260 Cum
1657 1218 1788 1258 vero
1829 1203 2016 1282 nobis-

449 1321 574 1360 cum
599 1304 924 1358 haberemus
944 1315 1158 1357 servum
1190 1297 1443 1368 pingendi
1474 1296 1719 1365 apprime
1756 1281 2012 1364 peritum',

448 1396 734 1450 amborum
767 1392 1053 1462 imaginem
1081 1390 1299 1444 domum
1328 1387 1630 1450 retulimus,
1663 1401 1784 1456 quae
1807 1387 1860 1439 in
1906 1386 2017 1454 pri-

447 1485 626 1539 mario
653 1483 852 1552 templo
888 1496 1052 1534 manu
1081 1480 1278 1548 :nostra
1325 1492 1451 1532 cum
1497 1477 1600 1531 hac
1658 1476 2015 1546 inscriptione

447 1577 626 1632 dicata
653 1584 736 1630 est
770 1593 784 1628 :
815 1573 933 1628 J’ovi
953 1572 1183 1637 Mithrze,
1206 1570 1317 1625 Deo
1341 1585 1559 1640 magno,
1585 1569 1697 1640 regi
1730 1568 1882 1634 Jesu,
1910 1569 2015 1622 im-

443 1667 658 1736 perium
683 1664 965 1720 Persicum
993 1662 1279 1717 dedicavit.

512 1781 789 1836 Tollentes
823 1778 1016 1834 deinde
1058 1777 1317 1831 infantem
1347 1775 1546 1846 singuli
1575 1786 1737 1845 atque
1779 1775 1832 1829 in
1867 1775 2011 1831 ulnis

445 1881 741 1942 gestantes,
785 1886 912 1926 cum
956 1868 1184 1924 osculati
1221 1883 1467 1922 essemus
1505 1875 1560 1921 et
1606 1867 2008 1928 adorassemus,

445 1963 698 2016 dedimus
744 1961 822 2015 illi
857 1977 1075 2025 aurum,
1117 1961 1393 2030 myrrham
1441 1967 1496 2014 et
1541 1960 1688 2025 thus,
1720 1959 1961 2013 dicentes
1995 1976 2008 2011 :

448 2053 615 2108 Donis
661 2052 770 2106 tuis
813 2060 865 2106 te
899 2065 1271 2117 muneramur,
1321 2051 1632 2105 dominator
1675 2049 1818 2114 caali,
1857 2048 2010 2104 Jesu.

445 2144 566 2201 Non
588 2145 725 2200 bene
744 2144 1195 2212 gubernarentur,
1215 2159 1334 2212 qua:
1362 2143 1732 2211 gubernationi
1762 2142 2012 2196 humanae

447 2251 558 2290 non
590 2237 842 2302 subsunt,
869 2235 972 2289 nisi
1001 2243 1113 2288 tute
1141 2234 1381 2289 adesses.
1422 2232 1541 2287 Non
1584 2233 1740 2287 aliter
1776 2239 2010 2301 superna

446 2326 675 2382 infernis
712 2326 1091 2396 iungerentur,
1149 2326 1253 2380 nisi
1308 2327 1422 2395 ipse
1462 2325 1856 2381 descendisses.
1892 2323 2008 2380 Non

446 2427 656 2472 tantum
686 2418 848 2472 eﬂicit
878 2417 1137 2482 famulus,
1161 2433 1190 2471 a
1218 2417 1439 2471 domino
1470 2418 1694 2481 missus,
1724 2433 1888 2487 quam
1921 2418 2010 2471 do-

446 2508 632 2562 minus
674 2507 821 2576 ipse;
864 2521 972 2561 non
1019 2514 1228 2559 tantum
1275 2520 1394 2572 rex,
1432 2506 1478 2560 si
1525 2506 1724 2560 bellum
1777 2507 2008 2577 satrapis

444 2599 753 2663 demandet,
785 2613 948 2668 quam
996 2599 1042 2653 si
1073 2598 1302 2667 imperio
1346 2599 1461 2668 ipse
1503 2597 1780 2669 fungatur.
1821 2598 2011 2654 Decuit

445 2691 553 2746 hoc
574 2690 898 2760 sapientiam
923 2701 1093 2757 tuam,
1125 2692 1200 2746 ita
1222 2708 1344 2747 cum
1374 2693 1684 2747 hominibus
1709 2706 1886 2761 agere.

516 2867 700 2921 infans
733 2877 912 2922 autem
943 2869 1275 2936 exsultabat,
1300 2878 1354 2924 et
1385 2869 1594 2924 ridebat
1608 2877 1829 2939 propter
1850 2869 2007 2923 blan—

443 2961 607 3016 ditias
648 2968 703 3014 et
751 2974 1030 3015 sermones
1061 2969 1298 3015 nostros.
1346 2960 1598 3031 Regressi
1632 2976 1758 3016 vero
1793 2961 1860 3015 ad
1892 2977 2008 3016 ma-

1535 259 1776 318 JULIUS
1808 256 2221 317 AFRICANUS.
2257 292 2320 300 —
2355 257 2625 318 SPURIA.

3590 251 3692 306 {08

2201 381 2390 449 Ἡμεῖς
2431 381 2488 432 δέ
2520 380 2752 448 εἴπαμεν
2781 377 2937 447 αύτῇο
2974 374 3184 444 Μῆτερ,
3221 370 3413 442 μῆτερ,
3449 370 3694 430 ἅπαντες

2113 473 2160 523 οἱ
2213 470 2324 523 θεοὶ
2366 470 2588 542 Περσῶν
2634 467 2977 540 ἐμακάρισάν
3034 483 3113 518 σε.
3165 464 3238 516 To
3282 461 3542 530 καύχημά
3595 477 3695 512 σου

2117 560 2275 630 μέγα.
2319 561 2654 631 ’Υπερῆρσαι
2689 557 2798 628 (56)
2831 557 2939 629 γὰρ
2972 557 3150 618 πάσας
3179 553 3279 616 τάς
3311 551 3552 615 ἐνδόξους
3594 566 3688 619 γυ-

2113 653 2325 715 ναῖκας,
2358 650 2452 704 κα)⁵
2492 649 2678 704 πασῶν
2715 647 2996 719 βασιλίδων
3036 643 3426 715 βασιλικωτέρα
3457 639 3694 709 ἐφάνης.

2183 829 2256 880 Τὸ
2290 828 2348 880 δὲ
2402 826 2609 880 παιδίον
2649 825 2706 878 ἐν
2753 827 2819 894 τῇ
2856 826 2927 893 γῇ
2966 818 3270 884 ἐκαθέζετο,
3309 817 3578 888 δεύτερον,
3615 815 3699 876 ὡς

2113 919 2296 987 ἔλεγεν
2323 918 2482 988 αὑτὴ,
2517 916 2636 979 ἔτος
2681 914 2848 984 αὐτῷ,
2885 912 3105 984 μερικδν
3137 908 3536 980 τῆς’τεκούσης
3560 906 3714 976 ἕχον⁴

2111 1011 2203 1063 τὸν
2234 1009 2573 1082 χαρακτῆρα.
2606 1003 2711 1059 Ἦν
2744 1006 2800 1058 δὲ
2828 1004 2963 1074 αὕτη
2997 1002 3206 1074 μακρὰς
3233 1001 3329 1063 τάς
3356 1002 3545 1070 χεῖρας
3570 997 3688 1066 (57)

2113 1101 2328 1170 ἔχουσα,
2375 1099 2437 1152 τὸ
2477 1098 2634 1169 σῶμα
2678 1095 3108 1168 τρυφερώτερον,
3156 1091 3449 1162 σιτόχροος,
3492 1105 3689 1158 στρογ-

2113 1192 2551 1262 γυλοπρόσωπος,
2585 1190 2782 1260 ἔχουσα
2801 1189 2899 1259 τὴν
2932 1187 3123 1258 χαίτην
3155 1182 3462 1252 δεδεμένην.
3501 1182 3691 1249 Ἔχον-

2114 1301 2202 1348 τες
2225 1286 2281 1338 δὲ
2306 1285 2422 1355 μεθ’
2457 1284 2660 1337 ἑαυτῶν
2694 1281 2865 1350 εὐφυῆ
2909 1278 3072 1332 παῖδα
3117 1274 3425 1345 ζωγράφον,
3445 1273 3690 1344 ἀμφοτέ-

2119 1393 2224 1446 ρων
2257 1375 2354 1446 τὴν
2387 1375 2643 1444 ὁμοίωσιν
2673 1376 2738 1442 τῇ
2775 1370 2927 1441 χώρᾳ
2959 1368 3114 1438 ἡμῶν
3131 1367 3428 1436 ἠγάγομεν,
3451 1364 3543 1416 καὶ
3570 1365 3691 1415 ἐνε-

2115 1467 2241 1536 τέθη
2278 1468 2334 1518 ἐν
2363 1468 2428 1535 τῇ
2459 1465 2601 1534 χειρὶ
2627 1462 2804 1533 ἡμῶν,
2915 1459 3348 1530 ἐχρηματίζομεν
3384 1456 3691 1525 γράφοντες

2115 1558 2289 1620 οὕτως
2320 1556 2428 1628 (58)
2473 1558 2529 1607 ἐν
2565 1554 2641 1624 τῷ
2678 1555 2912 1606 διοπετεῖ
2951 1550 3097 1622 ἱερῷ·
3133 1545 3555 1618 ΔιὶξἮλίῳ,Θεῷ
3587 1562 3692 1615 με-

2115 1649 2284 1718 γάλῳ,
2314 1645 2517 1718 βασιλεῖ
2552 1645 2746 1716 Ἰησοῦ,
2780 1644 2840 1696 τὸ
2863 1643 3126 1714 Περσικὸν
3169 1641 3366 1712 κράτος
3398 1637 3684 1708 ἀνέθηκεν.

2183 1763 2442 1835 ’Ἄραντες
2471 1759 2528 1812 δὲ
2572 1758 2631 1811 τὸ
2661 1757 2870 1810 παιδίον
2909 1756 3134 1817 ἕκαστος
3176 1753 3333 1824 ήμῶν
3365 1753 3458 1806 καὶ
3484 1753 3540 1803 ἐν
3583 1752 3690 1814 άγο

2113 1853 2300 1915 κάλαις
2336 1849 2719 1920 βαστάσαντες,
2754 1846 3128 1914 ἀσπασάμενοι
3157 1842 3291 1896 αὐτὸ
3323 1841 3419 1895 καὶ
3453 1857 3692 1911 προσκυ-

2111 1952 2388 2016 νήσαντες,
2425 1939 2731 2009 δεδώκαμεν
2771 1937 2918 2008 αύτῷ
2957 1936 3174 2008 χρυσὸν,
3207 1933 3449 2004 σμύρναν
3478 1932 3572 1985 καὶ
3599 1931 3688 1984 λίσ-

2113 2036 2290 2097 6ανον,
2321 2033 2560 2095 εἰπόντες
2593 2030 2758 2100 αὐτῷ’
2783 2029 2873 2081 Σοὶ
2894 2027 2962 2081 τά
2993 2027 3060 2079 σά
3091 2025 3498 2095 φιλοτιμοῦμεν,
3527 2023 3692 2093 ούρα-

2112 2125 2372 2194 νοδύναμε
2406 2121 2600 2193 Ἰησοῦ.
2637 2121 2711 2174 Ού
2743 2119 2922 2182 καλῶς
2960 2118 3070 2188 ('59)
3119 2116 3367 2168 διοικεῖτο
3415 2114 3484 2166 τά
3520 2113 3690 2166 ἀδιοί-

2112 2233 2272 2286 κητα,
2301 2216 2348 2266 εί
2384 2213 2457 2284 μὴ
2492 2214 2556 2266 σὺ
2603 2211 2852 2282 παρείης.
2905 2209 3016 2278 Οὐχ
3075 2206 3273 2277 ἑτέρως
3319 2205 3572 2276 ἐμίσγετο
3613 2204 3698 2256 τὰ.

2111 2304 2222 2357 ἀνω
2263 2306 2375 2366 τοῖς
2422 2303 2590 2366 κάτω,
2635 2303 2682 2354 εί
2718 2300 2791 2372 μὴ
2840 2299 2999 2360 αὐτὸς
3030 2297 3286 2366 κατέδης.
3328 2294 3402 2347 Ού
3433 2293 3688 2348 τοσοῦτον

2113 2394 2332 2448 ἀνύεται
2381 2393 2645 2454 διακονία,
2692 2392 2739 2443 εἰ
2782 2390 2873 2442 τόν
2914 2380 2974 2441 τε
3008 2387 3190 2440 δοῦλον
3230 2385 3523 2457 ἀποστείλῃ
3570 2385 3686 2454 (40)

2109 2505 2212 2551 τις,
2249 2487 2324 2552 ὼς
2365 2489 2486 2540 ὅσον
2542 2485 2730 2537 ἑαυτὸν
2787 2478 3212 2552 παραγενέσθαι,
3258 2477 3377 2530 οὐδὲ
3429 2475 3687 2546 βασιλεὺς

2112 2580 2342 2650 πέμπων
2388 2578 2479 2631 ἐπὶ
2519 2577 2748 2646 πόλεμον
2803 2573 3103 2644 σατράπας,
3137 2569 3211 2633 ὡς
3241 2571 3364 2622 ὅσον
3402 2568 3461 2620 τὸ
3495 2567 3687 2619 ἐαυτὸν

2109 2669 2422 2741 ἐνδημῆσαι.
2457 2668 2700 2736 Ἔπρεπε
2725 2663 2881 2718 τοῦτο
2909 2666 2975 2734 τῇ
3009 2664 3144 2732 σοφῇ
3173 2677 3263 2714 σου
3297 2659 3522 2729 μεθόδῳ,
3557 2657 3686 2720 τοὺς

2110 2757 2427 2829 ἀνθρώπους
2457 2756 2566 2827 (41)
2602 2752 2920 2825 μεθοδεῦσαι
2947 2751 3218 2813 τοιούτως.

2180 2848 2254 2900 Τὸ
2282 2848 2338 2900 δέ
2369 2846 2578 2899 παιδίον
2607 2843 2854 2914 ἐσκίρτα,
2899 2843 2991 2894 καὶ
3022 2841 3182 2913 ἐγέλα
3221 2837 3685 2902 ταῖςκολακείαις

2111 2940 2341 3001 καὶτοῖς
2374 2937 2549 3006 λόγοις
2583 2934 2756 3006 ἡμῶν.
2805 2934 2915 2986 Καὶ
2965 2931 3354 3000 συνταξάμενοι
3399 2931 3464 2999 τῇ
3515 2929 3686 2998 μητρὶ

441 3065 608 3120 trem,
639 3052 883 3106 exhibito
914 3052 1011 3117 illi,
1046 3062 1105 3106 ut
1135 3068 1232 3122 par
1275 3019 1692 3118 erat,vhonore,
1739 3067 1900 3122 quem
1955 3062 2010 3107 et

2117 3033 2202 3086 καὶ
2249 3031 2385 3101 αὐτὴ
2430 3029 2574 3100 ἡμᾶς
2614 3027 2890 3096 τιμήσασα
2921 3025 3014 3076 καὶ
3044 3025 3204 3093 ἡμεῖς
3232 3021 3570 3086 δοξάσαντες,
3605 3019 3687 3081 ώς

443 3143 561 3211 ipsa
594 3139 752 3195 nobis
785 3139 1048 3203 exhibuit,
1087 3140 1286 3195 reversi
1323 3155 1512 3195 sumus
1555 3141 1608 3194 in
1648 3140 2007 3195 diversorium

442 3240 715 3286 nostrum.
750 3230 915 3286 Facto
947 3245 1077 3285 vero
1119 3245 1339 3300 vespere
1381 3231 1552 3286 astitit
1587 3231 1744 3286 nobis
1794 3231 2008 3285 terribi-

440 3324 513 3380 lis
550 3332 604 3380 et
637 3323 1051 3394 expavel’aciens
1079 3323 1322 3393 quidam,
1358 3323 1544 3378 dicens
1579 3324 1644 3377 ad
1675 3339 1776 3379 nos
1810 3342 1822 3377 :
1859 3323 2007 3377 Con-

442 3413 625 3468 festim
663 3415 826 3478 exite,
857 3429 924 3468 ne
952 3413 1166 3468 insidiis
1205 3413 1608 3482 Opprimamini.
1643 3413 1745 3468 Cui
1768 3430 1868 3469 nos
1901 3422 2008 3468 trc-

442 3513 652 3558 mentes
683 3503 1024 3570 reposuimus
1057 3521 1069 3556 :
1099 3501 1360 3569 Quisnam
1401 3515 1504 3566 est,
1539 3503 1630 3572 qui
1679 3511 1841 3558 tantae
1871 3503 2009 3572 lega-

444 3594 580 3649 tioni
610 3594 834 3648 insidias
857 3604 1067 3650 struere
1106 3596 1269 3663 ausit,
1311 3597 1490 3650 divine
1528 3596 1800 3651 bellidux!
1837 3593 2008 3650 Her’o~

442 3684 558 3747 des,
589 3683 775 3739 aiebat
812 3683 919 3739 ille.
955 3683 1153 3739 Verum
1188 3695 1429 3741 actutum
1461 3688 1754 3758 exsurgite,
1787 3696 1840 3742 et
1871 3687 2005 3743 salvi

441 3775 497 3829 in
521 3790 654 3845 pace
688 3776 912 3830 domum
945 3777 1136 3832 redite.

508 3865 621 3923 Nos
652 3876 850 3925 autem.
873 3867 1157 3924 celerrime
1197 3870 1346 3924 omni
1381 3871 1560 3925 studio
1597 3885 1696 3925 nos
1723 3870 1848 3925 inde
1879 3885 2005 3939 pro—

438 3959 706 4029 ripuimus
727 3969 781 4016 et
810 3961 1012 4027 omnia,
1040 3977 1161 4031 qua:
1194 3959 1448 4026 vidimus,
1477 3961 1826 4031 Jerosolymis
1857 3977 2002 4015 nun-

441 4051 717 4108 tiavimus.
759 4052 898 4109 Ecce
930 4053 1113 4122 igitur,
1149 4053 1262 4107 haec
1303 4053 1455 4107 vobis
1490 4052 1556 4106 de
1595 4052 1813 4107 Christo
1850 4061 1999 4106 retu-

438 4141 622 4206 limus,
660 4151 714 4197 et
750 4143 986 4197 vidimus
1028 4142 1324 4206 Christum,
1361 4141 1692 4196 Salvatorem
1731 4152 1996 4207 nostrum,

439 4232 534 4300 qui
566 4248 625 4287 se
654 4242 714 4287 ut
754 4233 922 4289 Deum
958 4235 1160 4304 pariter
1199 4242 1252 4288 et
1292 4234 1565 4286 hominem
1615 4234 1772 4287 nobis
1823 4234 1999 4287 mani-

2111 3127 2237 3190 ἔδει,
2265 3125 2515 3195 ἧλθομεν,
2546 3124 2602 3174 ἐν
2628 3116 2672 3188 ᾧ
2699 3119 2848 3188 τόπῳ
2871 3114 3198 3184 κατελύομεν
3229 3112 3359 3181 (42).
3385 3111 3495 3164 Καὶ
3526 3111 3687 3162 ἐσπέ-

2113 3235 2211 3290 ρας
2230 3214 2528 3285 γενομένης
2561 3211 2762 3280 ἐπέστη
2792 3209 2921 3278 ἡμῖν
2954 3222 3037 3268 τις
3072 3203 3298 3275 φοϐερὸς
3341 3202 3436 3271 καὶ
3480 3200 3684 3252 ἐκπλα-

2109 3310 2232 3380 γῆς,
2272 3307 2445 3375 λέγων
2498 3305 2648 3374 ἡμῖν’
2682 3299 2755 3354 Τὸ
2788 3300 2950 3370 τάχος
2985 3295 3224 3362 ἐξέλθετε
3268 3292 3400 3363 (45),
3439 3292 3511 3362 μή
3556 3307 3686 3342 τινα

2110 3399 2397 3469 ἐπιϐουλὴν
2443 3395 2731 3464 ὑποστῆτε.
2780 3391 2969 3461 Ἡμεῖς
3012 3389 3068 3440 δὲ
3112 3387 3250 3456 μετὰ
3282 3385 3482 3447 δειλίας
3520 3383 3683 3434 εἴπα-

2113 3509 2229 3564 μεν·
2265 3491 2374 3544 Καὶ
2403 3488 2485 3552 τίς
2515 3489 2662 3539 ἐστιν
2695 3487 2724 3537 ὁ
2750 3479 3110 3535 ἐπιϐουλεύων
3149 3481 3216 3548 τῇ
3249 3474 3486 3546 τοσαύτῃ
3511 3490 3683 3544 πρεε-

2108 3562 2250 3654 δεία,
2287 3582 2395 3635 θεῖε
2427 3574 2726 3648 στρατηγέ;
2793 3571 2853 3626 ’0
2888 3572 2963 3624 δέ’
3023 3567 3283 3638 Ἡρώδης.
3334 3563 3490 3616 Ἀλλά
3537 3562 3681 3630 πάρ-

2107 3682 2257 3746 αυταλ
2288 3672 2613 3733 ἀναστάντες
2656 3663 2951 3736 πορεύεσθε
2973 3665 3030 3714 ἐν
3056 3661 3247 3731 εἰρήνῃ
3266 3654 3675 3724 διασωζόμενοι.

2190 3853 2380 3921 Ἡμεῖς
2426 3849 2483 3901 δέ
2534 3847 2862 3918 ταχύναντες
2920 3839 3209 3909 ἀπήραμεν
3260 3833 3466 3888 ἐκεῖθεν
3524 3831 3680 3902 πάσῃ

2106 3947 2327 4017 σπουδῇ,
2381 3943 2472 3997 κα)¹
2530 3943 2742 3995 ἅπαντα
2784 3934 3206 4005 ὲπηγγείλαμεν,
3249 3928 3284 3980 ἃ
3327 3923 3678 4017 εἴδομεηᾉῌέν

2117 4035 2484 4110 Ἰερουσαλήμ.
2549 4031 2676 4084 Ἰδοὺ
2697 4026 2789 4082 οὖν
2816 4025 3052 4079 τοσαῦτα
3083 4021 3210 4092 περὶ
3236 4014 3471 4088 Χριστοῦ
3500 4011 3668 4078 ἐλέξα⁹

2109 4107 2203 4200 μεν
2228 4130 2354 4198 ὑμῖν
2402 4126 2492 4179 κα).
2530 4123 2740 4191 εἴδομεν
2775 4117 3026 4188 Χριστὸν,
3059 4114 3284 4183 Σωτῆρα
3330 4109 3505 4181 ἡμῶν,
3540 4107 3676 4200 Θεδν

2103 4198 2195 4273 καὶ
2216 4219 2495 4289 ἄνθρωπον
2519 4211 2934 4283 γνωριζόμενον.
2962 4205 3120 4276 Αύτῴ
3147 4207 3181 4276 ἡ
3205 4203 3328 4268 δόξα
3353 4203 3446 4255 καὶ
3467 4201 3527 4254 τὸ
3546 4198 3669 4268 κρὰη

439 4320 673 4376 festavit.
731 4320 834 4392 Ipsi
865 4323 1048 4392 gloria
1095 4333 1147 4378 et
1178 4324 1462 4392 imperium
1498 4324 1552 4376 in
1592 4323 1788 4378 secula
1823 4337 1995 4378 saecu-

2117 4329 2191 4374 εος
2219 4313 2297 4374 είς
2323 4311 2446 4373 τοὺς
2473 4307 2671 4369 αἰῶνας
2703 4303 2809 4358 τῶν
2847 4301 3074 4355 αἰώνων.
3119 4297 3309 4370 Ἀμήν.

380 4463 398 4475 ,
437 4411 635 4466 lorum.
665 4419 856 4468 Amen.

658 4570 759 4647 Ms.
787 4581 1032 4643 uterque,
1068 4576 1359 4647 ὑπερῆραι.

658 4639 758 4716 Ms.
794 4637 1037 4712 uterque,
1067 4637 1264 4715 μακρὶν
1284 4646 1379 4716 τὴν
1411 4645 1585 4716 κῆραν
1612 4643 1824 4714 ἔχουσα.

502 4707 620 4778 (58)
680 4709 781 4784 Ms.
833 4707 1080 4784 uterque'
1109 4707 1422 4784 perturbato
1471 4707 1696 4784 prorsus
1739 4730 1925 4781 sensu,
1958 4707 2002 4782 ᾧ

435 4778 793 4851 ἐκρεμμτέσθη
828 4778 1051 4851 γράφων
1073 4778 1263 4846 οὕτως.

506 4799 793 4851 ριματισυη
828 4799 863 4847 γ
901 4799 1051 4849 αφων
1073 4799 1263 4846 ουτως.

650 4848 785 4925 ῼρίι.
821 4799 941 4915 αξξ),
968 4850 1299 4925 οὑκ-ἄλλως.
1322 4851 1451 4922 Leg.
1483 4853 1747 4925 διῳκεῖτο.

507 4917 619 4990 (40)
658 4919 755 4974 Ms.
792 4928 1038 4991 uterque,
1062 4921 1388 4976 ἀποστείλει.

2178 4579 2286 4651 (Ill)
2321 4576 2680 4651 Ms._uterque
2708 4569 2998 4651 ἀντάρτας,
3034 4574 3306 4651 tyrannici.
3337 4557 3670 4651 iam

2106 4629 2400 4703 llic—locum
2427 4629 2624 4699 habere
2657 4657 2763 4694 non
2793 4629 2990 4708 possit,
3020 4629 3222 4708 mutavi
3251 4631 3304 4684 in
3332 4629 3669 4700 ἀνθρώπους.

2105 4719 2185 4772 An
2218 4719 2366 4789 forte
2388 4715 2670 4783 legendum
2702 4706 3073 4789 ἀντεργᾲταςῗ

2198 4788 2288 4852 42)
2323 4776 2698 4852 Μελιιοιηυο,
2736 4776 3103 4852 κ-ατελύωμεν.

2198 4795 2288 4852 42)
2323 4795 2422 4841 Ms.
2455 4795 2698 4852 uterque,
2736 4795 3002 4845 κατελυωρ

2172 4795 2283 4926 (45)
2323 4855 2422 4908 Ms.
2452 4864 2696 4923 uterque,
2730 4846 3002 4914 ἐξέλθατε.
