3990 6214
469 261 566 317 ίίί

1741 265 1798 320 S.
1832 266 2144 324 (ZALLISTI
2184 271 2203 324 Ι
2236 270 2434 325 ΡΑΡᾹΞ

3602 282 3706 336 1ίέ

811 415 3699 446 ____________________________________

1579 568 2091 661 NOTITIA
2161 573 2663 663 ALTERA.

1261 781 1346 843 (D.
1372 782 1636 842 Cous-nn,
1664 781 1893 846 Epistola:
1915 785 2049 834 Rom.
2077 791 2229 850 pont.,
2257 791 2375 838 tom.
2404 786 2428 836 Ι
2453 792 2506 837 et
2529 788 2685 846 unic.,
2710 787 2915 848 p.114.)

538 1101 668 1158 Post
693 1100 1067 1172 Zephyrinum
1109 1101 1402 1169 Callistus,
1440 1107 1534 1176 qui
1563 1115 1615 1160 et
1653 1107 1722 1161 ab
1754 1105 1951 1178 Optato
1983 1119 2036 1163 et
2065 1117 2109 1171 Α
2137 1110 2432 1163 constituit.
2465 1107 2538 1162 Ita
2562 1108 2706 1162 enim
2737 1121 2862 1163 eum
2909 1106 3232 1162 scribentem
3267 1106 3472 1162 inducit
3502 1126 3516 1162 :
3543 1106 3706 1178 Jeju-

468 1193 773 1264 Augustino
816 1192 1061 1246 Calixtus
1096 1203 1463 1265 nuncupatur,
1509 1211 1654 1250 anno
1700 1196 2030 1269 Heliogabali

464 1286 676 1354 primo,
713 1285 856 1340 circa
900 1284 1114 1340 initium
1163 1287 1290 1340 anni
1337 1287 1539 1342 Christi
1580 1289 1685 1343 219
1727 1291 2028 1356 ordinatus,

463 1375 840 1446 quinquennio
877 1389 985 1430 non
1026 1376 1245 1446 penitus
1283 1376 1488 1445 elapso,
1541 1391 1686 1431 anno
1710 1378 1837 1444 225,
1861 1377 2026 1432 Octo-

463 1465 577 1518 bris
608 1479 694 1518 xtv
724 1465 831 1530 die,
861 1479 972 1534 quo
1015 1473 1068 1518 et
1112 1463 1312 1519 festum
1355 1465 1476 1534 ejus
1515 1465 1730 1529 colitur,
1766 1467 2027 1537 martyrio

460 1555 625 1606 vitam
659 1553 830 1608 ﬁnivit
853 1555 890 1606 '.
915 1552 970 1606 ln
997 1551 1212 1608 Eusebii
1244 1553 1502 1608 Chronico
1526 1555 1844 1623 simpliciter
1868 1555 2030 1624 quin-

458 1657 564 1712 que
596 1642 940 1711 pontiﬁcatus
971 1643 1099 1695 anni
1120 1642 1169 1696 ei
1199 1641 1531 1696 tribuuntur.
1563 1636 1621 1696 ln
1649 1642 1896 1712 catalogo
1925 1659 2026 1698 au-

458 1742 564 1786 tem
593 1731 955 1799 Buchcriano,
978 1732 1066 1786 cui
1093 1741 1147 1786 et
1167 1731 1492 1800 pontiﬁcalis
1513 1731 1840 1804 suffragatur
1867 1733 2023 1800 liber,

456 1837 630 1877 annos
654 1821 709 1890 5,
743 1837 961 1877 menses
995 1823 1082 1888 ll,
1111 1821 1228 1877 dies
1268 1821 1334 1876 l0
1369 1821 1669 1878 Ecclesiam
1695 1824 2026 1894 gubernasse

455 1912 769 1967 adnotatur.
816 1911 919 1967 Sed
962 1927 1069 1966 non
1117 1919 1352 1967 cohaeret
1377 1913 1478 1968 sibi
1513 1915 1802 1984 praedictus
1823 1915 2025 1970 catalo-

455 2021 576 2075 gus,
607 2005 700 2058 ubi
736 2003 946 2059 Callisti
978 2003 1350 2072 episcopatum
1380 2023 1412 2058 a
1458 2006 1735 2059 consulatu
1769 2007 2024 2061 Antonini

453 2103 501 2148 et
533 2094 754 2148 Adventi
782 2101 942 2165 usque
977 2095 1241 2148 Antonino
1272 2093 1369 2146 III
1413 2095 1537 2164 (leg.
1565 2095 1671 2165 IV)
1709 2103 1759 2148 et
1792 2096 2024 2150 Alexan-

451 2186 568 2250 dro,
612 2185 714 2239 hoc
749 2193 831 2239 est
872 2185 940 2238 ab
977 2199 1121 2238 anno
1157 2183 1359 2238 Christi
1389 2185 1496 2238 218
1532 2185 1599 2238 ad
1635 2185 1762 2251 222,
1812 2186 2018 2240 delinit.

449 2275 635 2346 Neque
671 2277 834 2331 etiam
877 2276 952 2340 id,
988 2275 1130 2346 quod
1172 2275 1226 2329 in
1262 2276 1402 2330 libro
1433 2271 1735 2330 Pontiﬁcali
1770 2275 2019 2340 habetur,

450 2367 579 2422 Fuit
613 2367 926 2436 temporibus
959 2367 1191 2422 Macrini
1233 2376 1281 2421 et
1313 2366 1646 2437 lleliogabali
1685 2383 1717 2420 a
1744 2367 2020 2421 consulatu

448 2459 572 2528 (leg.
619 2459 688 2511 ad
737 2459 1092 2527 consulatum)
1129 2458 1384 2510 Antonini
1431 2466 1480 2510 et
1523 2456 1849 2521 Alexandri,
1893 2473 2016 2512 cum

446 2550 664 2606 Eusebii
699 2566 794 2606 seu
831 2550 1086 2607 Chronico
1117 2566 1213 2607 seu
1242 2549 1484 2605 Historia
1511 2550 1826 2604 concordat.
1856 2548 2018 2605 Utro-

443 2643 610 2712 hique
636 2642 781 2697 enim
811 2641 1161 2714 lleliogabalo
1187 2642 1244 2697 in
1271 2641 1496 2697 Macrini
1533 2641 1808 2696 demortui
1835 2640 2014 2698 locum

443 2736 767 2811 imperante,
800 2745 854 2790 et
895 2735 1237 2807 Zephyrinus
1275 2735 1502 2798 obiisse,
1527 2743 1582 2788 et
1622 2732 1880 2789 Callistus
1913 2731 2016 2788 Ec-

439 2827 621 2884 clesire
647 2829 887 2896 regimen
917 2828 1224 2898 suscepisse
1249 2835 1645 2882 memorantur.

616 2938 694 2992 De
721 2939 948 3006 decreto,
979 2948 1028 2993 et
1052 2939 1286 3008 epistolis
1319 2937 1544 2992 Callisto
1570 2938 1835 3007 ascriptis.

511 3050 565 3104 1.
595 3047 653 3103 Si
683 3049 902 3118 vulgato
928 3047 1230 3106 Pontillcali
1255 3049 1395 3104 libro
1419 3049 1663 3104 habenda
1695 3049 1849 3115 ﬁdes,
1882 3047 2009 3103 Cal-

441 3142 600 3196 listus
627 3140 898 3194 constituit
936 3139 1204 3208 jejunium
1252 3149 1439 3209 quater
1467 3140 1520 3192 in
1559 3155 1698 3192 anno
1722 3138 1861 3206 ﬁeri,
1895 3139 2012 3206 fru-

439 3233 621 3298 menti,
656 3232 760 3285 vini
807 3239 858 3285 et
893 3230 994 3284 olei
1043 3231 1540 3300 gratia,secundum
1574 3229 1922 3298 prophetiam.
1948 3227 2007 3282 In

438 3323 751 3380 Fossatensi
788 3337 893 3378 ms.
938 3337 1084 3377 nunc
1116 3321 1457 3377 bibliotheca:
1479 3320 1635 3375 Colb.
1669 3336 1794 3376 cum
1821 3335 1930 3390 quo
1954 3328 2008 3376 et

436 3416 572 3470 alter
610 3415 808 3484 regina:
839 3413 1139 3469 Succorum
1170 3415 1310 3482 apud
1340 3411 1582 3468 Bolland.
1608 3420 1740 3468 tom.
1771 3410 1792 3465 1
1832 3412 2004 3482 April.

434 3509 631 3578 propil.
657 3509 949 3572 consentit,
1000 3507 1141 3563 idem
1187 3507 1466 3562 decretum
1517 3507 1597 3562 sic
1631 3507 1950 3562 enuntiatur
1985 3522 2000 3558 :

435 3597 539 3652 Hic
563 3597 836 3652 constituit
855 3599 1122 3668 jejunium
1143 3599 1226 3652 die
1257 3597 1477 3653 Sabbati
1505 3607 1584 3652 ter
1611 3599 1668 3652 in
1697 3614 1834 3652 anno
1863 3598 2000 3667 ﬁeri,

2133 1199 2298 1262 nium,
2323 1198 2462 1267 quod
2485 1206 2562 1250 ter
2592 1197 2646 1250 in
2682 1213 2820 1249 anno
2841 1197 2980 1264 apud
3011 1211 3103 1250 nos
3144 1195 3407 1249 celebrare
3427 1197 3692 1261 didicisti,

2131 1289 2511 1341 conuenientius
2545 1303 2681 1340 nunc
2715 1302 2807 1354 per
2833 1294 3061 1354 quatuor
3098 1295 3328 1352 tempora
3360 1284 3480 1352 ﬁeri
3515 1285 3701 1339 decer-

2128 1379 2322 1432 nimus.

2195 1494 2249 1548 2.
2281 1492 2523 1558 Quatuor
2563 1490 2693 1544 anni
2739 1489 3074 1558 temporibus
3114 1487 3248 1542 feria
3279 1498 3502 1558 quarta,
3541 1497 3699 1543 sexta

2126 1591 2180 1638 et
2211 1582 2448 1638 Sabbato
2491 1581 2776 1652 jejunandi
2819 1595 3025 1634 morem
3075 1580 3129 1634 in
3174 1579 3416 1636 Ecclesia
3447 1579 3700 1635 Romana

2125 1674 2315 1729 saltem
2366 1673 2557 1741 quinto
2612 1669 2812 1726 saeculo
2871 1669 3194 1740 generaliter
3247 1680 3520 1740 receptum
3569 1685 3701 1724 esse

2125 1762 2320 1818 Leonis
2347 1776 2626 1817 sermones
2654 1761 2811 1815 ﬁdem
2841 1759 3067 1814 faciunt.
3099 1758 3254 1815 Hunc
3273 1771 3451 1814 autem
3485 1775 3696 1814 morem

2125 1869 2155 1908 a
2194 1853 2460 1923 legalibus
2491 1851 2752 1907 institutis
2773 1851 3120 1919 desumptum
3153 1853 3316 1906 etiam
3351 1851 3493 1920 apud
3526 1850 3694 1904 Chri-

2125 1945 2332 2000 stianos
2381 1943 2678 2013 apostolica
2723 1942 3048 1997 auctoritate
3090 1956 3496 2011 perseverasse,
3547 1941 3692 1994 idem

2123 2035 2232 2090 Leo
2273 2035 2446 2090 docet.
2495 2033 2641 2088 Unde
2671 2035 2878 2098 merito,
2913 2033 3089 2103 inquit
3119 2047 3284 2087 serm.
3319 2031 3352 2085 9
3390 2031 3457 2085 de
3477 2031 3694 2100 jejunio

2122 2111 2318 2182 decimi
2365 2125 2590 2189 mensis,
2620 2126 2986 2195 disposuerunt
3031 2125 3331 2194 apostolici:
3369 2125 3691 2188 sanctiones,

2121 2227 2177 2270 ut
2207 2226 2431 2270 veterum
2457 2215 2784 2285 jejuniorum
2831 2215 3038 2269 utilitas
3083 2223 3439 2284 permaneret:
3483 2224 3531 2268 ct
3564 2216 3693 2268 licet

2123 2305 2373 2359 Ecclesiae
2402 2306 2722 2358 consuetudo
2752 2303 3131 2374 prolixioribus
3161 2319 3214 2356 se
3250 2301 3693 2373 castigationibus

2120 2411 2356 2449 exercere
2382 2395 2678 2458 didicisset,
2717 2395 3114 2464 amplecteretur
3145 2404 3316 2447 tamen
3351 2393 3690 2448 continentia:

2121 2487 2589 2556 sanctiﬁcationem
2613 2501 2677 2541 ea:
2710 2486 2818 2556 lege
2844 2487 3126 2540 venientem
3166 2499 3184 2537 :
3210 2483 3396 2553 quibus
3423 2485 3561 2537 enim
3587 2486 3689 2535 do-

2120 2588 2301 2632 natum
2329 2589 2443 2633 erat
2473 2595 2622 2648 posse
2648 2580 2786 2648 quod
2832 2577 3006 2646 majus
3042 2587 3142 2643 est,
3178 2577 3415 2630 indecens
3447 2576 3548 2644 fuit
3581 2590 3688 2627 non

2117 2669 2374 2723 celebrare
2399 2669 2534 2739 quod
2580 2670 2754 2722 minus
2797 2680 2890 2721 est.
2924 2666 2990 2720 Et
3017 2683 3182 2722 serm.
3213 2665 3246 2720 8
3275 2667 3341 2721 de
3360 2666 3570 2736 jejunio
3597 2679 3690 2719 se-

2114 2761 2268 2832 ptimi
2298 2761 2524 2826 mensis,
2551 2776 2602 2814 c.
2627 2762 2660 2814 5
2682 2761 2756 2814 ait
2791 2778 2804 2814 :
2837 2759 2981 2813 Licet
3014 2770 3214 2828 tempus
3237 2774 3388 2811 omne
3416 2755 3685 2827 (jejuniis)

2115 2853 2184 2906 sit
2210 2867 2517 2922 congruum,
2555 2851 2652 2903 hoc
2690 2861 2863 2905 tamen
2892 2851 3139 2903 habemus
3173 2848 3509 2916 aptissimum
3541 2847 3683 2916 quod

2113 2953 2161 2998 et
2185 2945 2484 3013 apostolicis
2509 2953 2556 2998 et
2587 2941 2845 3012 legalibus
2876 2942 3136 2996 institutis
3166 2939 3400 2994 uidemus
3430 2937 3678 2992 electum.

2113 3028 2170 3082 1n
2201 3045 2452 3085 sermone
2497 3039 2674 3084 autem
2720 3029 2790 3099 4,,
2819 3043 2869 3082 c.
2907 3029 2965 3091 2,
2997 3029 3100 3084 hoc
3144 3026 3411 3097 jejunium
3439 3025 3682 3095 generale

2112 3136 2176 3177 ac
2203 3123 2364 3174 totius
2400 3119 2650 3173 Ecclesiw
2671 3133 2790 3174 esse
2823 3119 2986 3174 tradit
3017 3134 3035 3171 :
3070 3119 3216 3189 quod
3249 3117 3437 3172 saltem
3467 3117 3534 3170 de
3568 3115 3682 3170 Ro-

2109 3228 2272 3269 mana
2323 3211 2749 3281 intelligendum.
2798 3210 3065 3276 Quocirca
3110 3225 3276 3266 serm.
3314 3211 3368 3273 5,
3426 3224 3476 3263 c.
3517 3207 3573 3273 2,
3608 3209 3682 3262 de

2107 3302 2296 3359 eodem
2321 3302 2576 3371 praedicat
2604 3317 2618 3353 :
2654 3301 2928 3371 Jejunium
2952 3317 3069 3355 vero
3090 3344 3105 3367 ,
3137 3301 3275 3370 quod
3301 3300 3542 3352 universa
3566 3298 3678 3350 Ec-

2107 3394 2266 3448 clesia
2294 3393 2533 3462 suscipit,
2567 3394 2824 3446 neminem
2854 3409 2887 3446 a
2926 3391 3158 3463 generali
3194 3391 3564 3460 puriﬁcatione
3590 3405 3680 3442 se-

2096 3488 2308 3558 jungit;
2334 3496 2381 3540 et
2404 3496 2524 3540 tunc
2550 3487 2609 3555 ﬁt
2641 3485 3036 3555 potentissimus
3061 3483 3159 3536 Dei
3186 3482 3432 3552 populus,
3459 3480 3679 3550 quando

2105 3579 2160 3632 in
2218 3579 2474 3632 unitatem
2536 3585 2733 3632 sancta:
2777 3575 3086 3631 obedientite
3139 3573 3369 3626 omnium
3434 3570 3676 3640 fidelium

435 3689 707 3757 frumenti,
748 3689 854 3744 uini
899 3697 949 3742 et
981 3688 1104 3750 olei,
1135 3689 1420 3742 secundum
1458 3687 1786 3758 prophetam,
1817 3689 2000 3758 quarti
2104 3670 2263 3725 εοτάα
2292 3669 2620 3723 “Meum”-

431 3779 642 3847 mensis,
670 3780 879 3850 septimi
906 3789 958 3834 et
988 3780 1196 3834 decimi.
1232 3779 1542 3835 Lectionem
1567 3789 1856 3848 utramque
1881 3793 2004 3849 per-
2028 3768 2070 3828 (ἶ
2174 3783 2232 3839 5.
2264 3783 2493 3838 Callisto
2516 3781 2754 3837 Isidorus
2784 3777 3049 3834 Mercator
3069 3775 3209 3832 duas
3234 3771 3521 3844 supposuit
3550 3770 3670 3840 epi-

433 3867 558 3922 inde
602 3868 879 3939 componit
930 3865 1173 3923 lsidorus
1216 3867 1515 3935 Mercator,
1545 3882 1610 3922 ac
1649 3869 1696 3922 si
1730 3867 1949 3939 legisset
1981 3884 1998 3919 .-

428 3952 720 4026 Jejunium,
747 3958 884 4028 quod
915 3966 993 4012 ter
1020 3959 1075 4012 in
1115 3974 1252 4012 anno
1281 3959 1398 4028 ﬁeri
1425 3956 1644 4022 solebat,
1675 3968 1860 4027 quater
1883 3957 2000 4026 ﬁeri

504 4092 522 4124 ⁸
551 4093 750 4152 Euseb.
783 4095 880 4151 lib.
901 4111 954 4150 γι
1006 4109 1125 4165 cap.
1156 4093 1247 4149 2i.

2104 3873 2306 3937 stolas,
2362 3872 2596 3944 genuino
2646 3869 2856 3940 parenti
2914 3865 3208 3936 aliquando
3258 3879 3384 3920 cum
3445 3861 3676 3931 reliquis

2101 3964 2274 4034 ipsius
2305 3963 2509 4020 ictibus
2535 3961 2853 4018 reddendas.

435 4272 3650 4302 Μ

1039 4449 1457 4581 ACTA
1553 4449 1680 4578 S.
1780 4447 2048 4576 CAI

2120 4449 2506 4578 LISTI
2602 4447 3044 4574 PAP/E

1398 4703 2137 4820 MARTYRIS
2225 4703 2705 4818 ROMZE.

1173 4928 1313 4988 (Acta
1335 4927 1627 4978 Sanctorum
1649 4922 1896 4987 Bolland.,
1921 4921 2150 4976 Octobris
2174 4928 2291 4972 tom.
2320 4921 2406 4982 VI,
2439 4924 2522 4972 die
2555 4921 2632 4982 14,
2653 4933 2702 4982 p.
2731 4919 2864 4984 σοι.)

1721 5243 2342 5380 MONITUM.

481 5465 779 5524 Callistiani
834 5466 1103 5539 martyrii
1132 5465 1265 5539 Acta
1285 5503 1299 5528 ,
1331 5478 1458 5539 cum
1487 5461 1653 5516 variis
1677 5461 2172 5539 vetustisque‘msos.
2191 5457 2406 5539 collata,
2439 5469 2699 5535 magnam
2720 5464 2924 5539 partem
2950 5468 3062 5523 jam
3106 5454 3525 5539 pridemmedidit
3544 5493 3560 5518 ,
3589 5471 3660 5512 ac

409 5539 814 5596 Cenimentario
842 5524 1134 5594 illttsfravit
1155 5524 1530 5591 Henschenins
1562 5541 1696 5585 tom.
1724 5531 1764 5584 Il
1797 5524 1945 5592 Maii,
1978 5529 2044 5582 ad
2082 5528 2223 5582 diem
2252 5526 2496 5603 ejusdem
2532 5524 2736 5603 mensis
2751 5524 3380 5603 Jleciniti_tn,npag.__498
3416 5537 3469 5603 et
3495 5540 3656 5603 seqq.

449 5591 676 5671 natnor;
707 5591 812 5660 non
840 5591 1057 5677 quidem
1085 5609 1316 5676 integra,
1339 5603 1433 5677 sed
1466 5591 1948 5677 ea_l_enus__tantum,
1975 5607 2243 5667 quatenus
2276 5591 2375 5677 SS:
2401 5595 2709 5677 Calepodii,
2743 5593 2994 5677 .Palmatii
3016 5635 3030 5658 ,
3079 5591 3384 5677 Simplicii,
3429 5591 3656 5677 Felicis.

454 5663 624 5734 [anda-
647 5663 989 5746 aliorumque
1009 5663 1330 5746 martyrum,
1358 5675 1424 5746 de
1449 5673 1650 5746 quibus
1679 5663 2027 5746 ill_ic__agebat,
2058 5677 2210 5746 gesta
2232 5663 2613 5746 continebant;
2647 5665 3027 5746 omissaipartc
3045 5663 3276 5746 reliqua,
3302 5681 3410 5733 qua
3432 5665 3657 5746 reliqua

409 5751 468 5803 S.
523 5748 728 5803 Callisti
780 5734 930 5816 gesta
983 5757 1036 5803 ct
1086 5734 1415 5810 S.'Aste'rii,
1448 5734 1542 5813 qui
1606 5741 1663 5797 S.
1709 5734 1992 5796 Callistum
2041 5734 2368 5804 tumulavit,
2399 5747 2456 5792 “et
2506 5734 2707 5789 Privati
2737 5735 2921 5788 militis
2959 5735 3278 5803 martyrium
3324 5736 3651 5805 explicatur.
