3990 6214
469 307 571 362 115

1737 315 1789 367 S.
1831 313 2143 370 CALLiSTl
2178 312 2197 365 l
2238 312 2435 366 PAP/E

3601 312 3712 366 116

469 425 873 482 multitudinem
897 429 1334 486 Christianorum
1365 433 1680 502 psallentem
1705 451 1716 484 :
1739 434 1878 488 inter
1899 449 2034 504 quos
2066 435 2108 488 A
2138 429 2356 494 milites,
2384 429 2551 500 erepit
2576 430 2813 485 clamare
2846 448 2858 483 :
2894 429 2939 484 Ο
2975 429 3120 484 cives
3147 427 3362 499 optimi!
3405 425 3591 482 Videte
3619 443 3716 482 ar-

466 527 584 570 erat
634 516 873 574 Calixtus
925 524 1211 593 episcopus
1261 543 1383 582 cum
1441 528 1586 582 clero
1633 546 1749 582 suo.
1802 532 2043 587 Audiens

465 617 648 662 autem
691 610 795 665 hoc
830 629 971 667 unus
1009 631 1073 669 ex
1114 619 1427 672 consulibus
1470 621 1602 689 (5),
1654 623 1870 678 nomine
1918 623 2041 678 Pal-

468 697 702 764 matius,
744 703 1144 758 multitudinem
1197 707 1628 764 Christianorum
1669 713 1944 768 collectam
1986 715 2039 768 in

460 787 698 852 quodam
742 790 882 855 loco,
922 795 1192 849 nuntiavit
1228 797 1530 854 Alexandro
1567 801 1755 857 dicens
1799 822 1811 856 :
1855 805 2041 875 Magne

467 873 745 946 Princeps,
769 879 873 934 hoc
902 879 1116 950 signum
1149 882 1269 937 ideo
1299 883 1496 940 factum
1545 896 1648 955 est,
1681 889 1810 958 quia
1841 873 2033 946 civitas

465 967 748 1022 sordescit.
805 968 863 1022 Si
914 985 1042 1039 ergo
1090 973 1372 1040 puriﬁcata
1431 974 1614 1043 fuerit,
1677 979 2031 1048 gaudebimus

466 1055 630 1111 simul
651 1060 717 1113 de
739 1061 910 1129 gloria
943 1063 1196 1119 culminis
1231 1067 1394 1121 vestri
1419 1077 1471 1122 et
1499 1066 1839 1138 Respublica
1867 1071 2033 1142 fulge-

465 1152 565 1205 bit.
593 1151 894 1208 Alexander
922 1154 1060 1209 dixit
1094 1175 1107 1209 :
1151 1156 1491 1214 Puriticetur.
1533 1161 1772 1217 Tandem
1818 1165 2032 1220 declara

466 1246 648 1309 nobis,
675 1263 795 1318 quae
837 1258 919 1302 est
955 1249 1058 1304 ista
1101 1252 1451 1320 purificatio?
1484 1255 1785 1326 Respondit
1819 1258 2032 1314 Palma-

468 1337 604 1392 tius:
647 1338 716 1394 Ut
767 1343 978 1411 profani
1028 1358 1135 1396 non
1168 1345 1297 1399 sint.
1352 1346 1657 1404 Alexander
1703 1351 1869 1406 dixit:
1926 1353 2027 1420 Qui

465 1436 593 1482 sunt
617 1430 869 1499 profani?
891 1431 1503 1504 RcsponditPalmatius
1525 1460 1536 1494 :
1562 1440 1879 1500 Christiani.
1905 1447 2030 1502 Ale-

466 1520 670 1573 xander
695 1521 860 1576 dixit:
891 1522 1005 1592 Ego
1037 1527 1264 1596 praecepi
1290 1529 1458 1583 semel
1507 1539 1668 1602 atque
1709 1535 1928 1601 iterum,
1971 1548 2028 1593 ut

466 1611 774 1682 ubicunque
799 1614 998 1668 inventi
1026 1616 1246 1680 fuerint,
1274 1620 1606 1689 puniantur,
1656 1635 1751 1679 aut
1800 1627 2028 1686 oderant

464 1702 568 1757 diis
598 1703 997 1784 immortalibus
1032 1707 1290 1764 libamina
1323 1711 1421 1780 (6).
1468 1711 1768 1784 Respondit
1808 1717 2022 1775 Palma-

464 1794 592 1857 tius,
619 1781 837 1852 dicens:
860 1797 959 1852 Per
979 1799 1274 1855 claritatem
1292 1811 1525 1858 vestram
1549 1821 1650 1876 ego
1678 1809 1878 1877 audivi,
1902 1826 2026 1865 cum

464 1885 636 1940 tristis
664 1902 837 1941 essem
869 1899 1091 1958 propter
1114 1891 1328 1958 signum
1355 1895 1498 1962 quod
1532 1895 1732 1952 factum
1765 1910 1866 1965 est,
1893 1918 2030 1971 quo-

462 1975 626 2029 modo
669 1979 897 2034 canticis
937 1989 990 2034 ct
1029 1981 1491 2042 incantationibus
1540 1989 1592 2041 in
1636 1992 1869 2060 quodam
1909 1995 2030 2050 loco

463 2065 720 2120 clamaret
752 2067 804 2120 in
845 2068 1064 2137 regione
1101 2079 1251 2127 trans
1279 2071 1515 2129 Tiberim
1549 2079 1839 2136 multitudo
1865 2082 2027 2136 Chri-

463 2159 798 2212 stianorum:
834 2160 974 2215 unde
1000 2177 1106 2217 non
1136 2164 1353 2232 mirum,
1382 2167 1426 2222 si
1454 2183 1618 2224 causa
1639 2171 1751 2227 haec
1779 2173 2027 2232 fecithoc

461 2248 696 2318 signum.

530 2341 584 2394 2.
627 2340 771 2397 Dixit
792 2343 838 2397 ei
862 2345 1197 2402 Alexander:
1222 2349 1422 2420 Accipe
1446 2361 1790 2422 potestatem,
1815 2368 1874 2414 ut
1906 2361 2026 2415 ubi-

462 2449 678 2502 cunque
708 2449 803 2490 eos
825 2435 1118 2503 inveneris,
1146 2440 1331 2496 trahas
1359 2443 1425 2497 ad
1461 2447 1874 2503 sacrificandum
1899 2490 1913 2514 ,
1957 2452 2022 2506 ad

461 2523 756 2591 placandos
778 2525 942 2580 deos:
987 2537 1077 2581 aut
1108 2539 1253 2584 certe
1289 2533 1574 2602 exquisitis
1605 2551 1702 2592 eos
1744 2541 2026 2596 tormentis

461 2611 635 2683 amige
661 2613 934 2688 (7).Tunc
973 2616 1292 2685 Palmatius,
1318 2630 1539 2692 accepta
1580 2634 1862 2694 potestate,
1909 2629 2024 2684 col-

459 2700 597 2757 lecta
632 2705 976 2762 multitudine
999 2709 1249 2773 militum,
1283 2713 1430 2767 venit
1458 2723 1608 2770 trans
1643 2715 1902 2784 Tiberim,
1932 2719 2023 2772 ubi

458 2795 681 2849 collecta
712 2806 828 2851 erat
869 2799 1157 2855 multitudo
1183 2801 1619 2858 Christianorum
1650 2820 1772 2859 cum
1815 2805 1875 2861 B.
1921 2807 2024 2863 Ca-

459 2883 594 2938 lixto
631 2906 641 2939 :
672 2886 810 2940 inter
828 2902 968 2956 quos
999 2900 1114 2944 erat
1136 2890 1574 2964 Calepodius(8),
1601 2910 1765 2950 senex
1800 2899 2024 2969 presbyo

458 2987 579 3030 ter:
628 2987 683 3032 et
720 2978 998 3034 venientes
1049 2982 1100 3034 in
1129 2983 1400 3070 quoddam
1433 2988 1775 3041 coenaeulum
1801 2989 1900 3058 (9),
1941 2990 2024 3044 in-

458 3069 629 3136 gressi
657 3077 782 3123 sunt
815 3067 1000 3125 decem
1034 3071 1233 3127 milites
1265 3091 1279 3126 :
1308 3067 1513 3129 et'cum
1542 3079 1770 3148 ingreSst
1794 3079 2025 3136 fuissent
2051 3103 2092 3160 ο

459 3172 671 3224 omnes,
696 3159 752 3212 hi
781 3159 965 3214 decem
1001 3162 1197 3216 milites
1220 3163 1399 3218 subito
1429 3166 1554 3220 caeci
1581 3167 1704 3223 facti
1741 3178 1888 3224 sunt.
1920 3169 2026 3226 Re-

461 3250 682 3323 spondit
705 3251 1032 3320 Calepodius
1069 3267 1234 3308 senex
1274 3256 1552 3326 presbyter
1587 3265 1641 3311 et
1673 3258 1850 3312 dixit:
1901 3258 2024 3314 Filii

460 3339 587 3405 mei,
608 3355 769 3409 quem
797 3342 1074 3410 quaeritis?
1095 3341 1173 3396 Illi
1196 3353 1374 3398 autem
1407 3345 1713 3400 clamabant
1738 3347 1977 3402 dicentes
2006 3368 2019 3402 :

459 3429 749 3484 Accendite
771 3432 928 3484 nobis
954 3431 1262 3494 luminaria,
1293 3433 1420 3500 quia
1447 3433 1770 3490 obscuratus
1793 3445 1878 3490 est
1900 3446 2025 3492 ante

461 3534 562 3574 nos
584 3502 738 3574 locus
775 3521 900 3575 iste.
939 3521 1084 3576 Dixit
1130 3533 1310 3577 autem
1337 3524 1660 3594 Calepodius
1694 3529 1972 3598 presbyter
2006 3547 2020 3583 :

461 3611 604 3666 Deus
625 3613 718 3682 qui
741 3613 889 3668 videt
921 3613 1125 3679 omnia,
1161 3615 1275 3683 ipse
1317 3617 1541 3671 caecavit
1574 3620 1761 3675 oculos
1790 3631 2020 3676 vestros.

461 3700 615 3756 Tunc
638 3703 919 3771 palpantes
945 3703 1020 3757 illi
1045 3703 1443 3760 descenderunt
1460 3709 1668 3763 caecati.
1697 3707 1820 3765 Haec
1843 3720 2022 3766 autem

458 3808 585 3849 cum
632 3793 856 3849 vidisset
899 3792 1237 3862 Palmatius,
1279 3795 1474 3852 timore
1520 3800 1762 3864 territus,
1813 3801 2026 3874 fugiens

460 3891 729 3947 nuntiavit
761 3894 944 3948 omnia
991 3895 1317 3951 Alexandro.
1361 3895 1564 3953 Eodem
1591 3899 1756 3970 igitur
1789 3900 1876 3956 die
1903 3902 2027 3957 Ale-

462 3985 666 4045 xander
688 3984 852 4054 jussit
874 3985 1092 4050 milites,
1118 3987 1210 4056 qui
1241 3989 1369 4044 caeci
1402 3987 1530 4044 facti
1576 3987 1812 4056 fuerant,
1862 4002 1922 4046 ut
1970 3994 2024 4047 in

460 4085 756 4147 conspectu
798 4092 900 4134 suo
957 4077 1303 4136 ducerentur.
1365 4079 1433 4138 Et
1496 4081 1625 4138 dum
1677 4084 2026 4152 cognovisset

532 4231 610 4301 (5)
641 4232 908 4288 Consules
947 4249 1090 4289 anno
1122 4234 1228 4292 222
1267 4234 1531 4290 ordinarii
1577 4236 1796 4293 fuerunt
1838 4238 2022 4295 Helio—

461 4302 688 4376 gabalus
714 4313 768 4376 et
791 4303 1129 4376 Alexander;
1159 4306 1251 4376 sed
1300 4303 1646 4376 H‘eliogabalo
1687 4310 1864 4376 potuit
1894 4311 2026 4364 sub-

462 4371 613 4424 stitui
642 4371 959 4442 Palmatius,
991 4375 1134 4442 quod
1160 4373 1551 4438 Ilenschenius,
1579 4377 1662 4429 vel
1688 4371 1741 4430 id
1782 4380 2024 4434 muneris

461 4448 620 4515 antea
649 4441 903 4515 gessisse,
923 4441 1066 4515 quod
1099 4444 1198 4515 alii
1225 4452 1481 4515 censent;
1511 4446 1594 4499 vel
1633 4447 1867 4515 denique
1895 4465 2026 4502 con—
2059 4445 2100 4498 D

462 4508 906 4591 sulisappellatio
925 4508 1084 4591 paulo
1110 4514 1275 4591 Latius
1298 4508 1552 4591 sumitur,
1569 4531 1690 4591 quae
1715 4508 1837 4572 aliis
1859 4518 2023 4591 etiam

462 4576 820 4701 gignitatibus
853 4580 906 4632 in
925 4576 1088 4636 Actis
1109 4581 1435 4638 Sanctorum
1465 4576 1736 4640 interdum
1767 4587 2024 4641 attributa

486 4658 754 4701 nvemtur.

486 4658 754 4702 nvemtur.

535 4716 609 4796 (β)
643 4716 963 4787 llujnsmodi
992 4721 1650 4796 responsumAlexandri,
1687 4725 1837 4779 nullo
1883 4726 2026 4796 juris

461 4789 652 4864 ordine
678 4801 913 4864 servato,
935 4807 1047 4864 nec
1080 4791 1189 4844 ullo
1219 4793 1498 4864 speciatim
1529 4789 1742 4864 objecto
1777 4789 2022 4863 crirﬁine,

463 4859 572 4914 nisi
625 4859 769 4925 quod
827 4859 1059 4929 profani,
1115 4875 1209 4913 seu
1241 4860 1536 4916 Christiani
1591 4859 1792 4927 essent,
1834 4859 2026 4920 mortis

463 4929 804 4998 sententiam,
834 4930 936 4983 nisi
965 4929 1070 4983 diis
1095 4929 1483 4996 sacrificarent,
1511 4931 1750 4998 ferentis,
1796 4934 2022 4988 nimium

463 4999 534 5052 ab
551 4997 840 5072 Alexandri
870 4998 1207 5072 humanitate
1223 5008 1273 5072 et
1291 5001 1544 5072 aequitate
1565 5001 1842 5065 abhorret,
1857 5019 2022 5072 quam

464 5075 524 5139 ut
545 5079 617 5139 ex
657 5068 774 5136 ejus
801 5083 894 5139 ore
926 5069 1223 5136 profectum
1249 5068 1436 5139 fuerit:
1472 5071 1677 5124 illatum
1717 5068 1932 5139 quidem
1964 5072 2020 5126 S.

461 5135 694 5212 Callisto
712 5135 1041 5212 cat-terisque
1059 5138 1374 5212 memoratis
1407 5138 1458 5212 in
1487 5139 1635 5212 hisce
1655 5135 1804 5194 Actis
1825 5141 2024 5212 Marty-

463 5205 617 5276 ribus
643 5210 839 5276 mortis
869 5205 1193 5276 supplicium
1227 5216 1331 5268 est,
1363 5208 1478 5271 sed,
1504 5208 1809 5264 Alexandro
1855 5205 2024 5265 inviio

463 5288 528 5327 ac
551 5274 606 5327 in
643 5273 856 5346 Ulpiani
882 5273 1066 5347 ejusve
1097 5276 1358 5331 similium
1381 5279 1894 5344 machinationibus,
1920 5282 2023 5334 etsi

462 5348 863 5422 contra_a_nimi
908 5347 1324 5417 propensionem
1350 5386 1364 5410 ,
1420 5348 1743 5403 connivente
1798 5352 1977 5422 potius
2005 5390 2020 5416 ,

461 5425 626 5482 quam
656 5414 902 5482 jubente.

560 5481 611 5556 ἶ)
648 5484 792 5556 idem
825 5495 941 5539 esto
972 5486 1037 5540 de
1069 5488 1170 5540 hoc
1196 5501 1460 5555 responso
1489 5486 1775 5556 judicium.

558 5550 612 5627 ὃ)
639 5552 848 5608 Colitur
876 5556 960 5609 die
995 5573 1027 5608 x
1062 5556 1205 5621 Maii,
1232 5550 1304 5611 ad
1332 5550 1506 5625 quem
1524 5556 1799 5613 Passionis
1825 5560 1944 5627 ejus
1970 5571 2022 5614 et

465 5617 751 5676 sociorum
807 5627 934 5678 Acta
982 5617 1274 5680 illustravit
1322 5617 1695 5683 lienschenius
1737 5617 1897 5700 supra
1953 5631 2025 5684 ci-

463 5697 621 5751 tatus.

2136 529 2240 574 tem
2268 521 2529 590 magicam
2563 521 2694 591 (10).
2740 521 3039 592 Respondit
3067 519 3386 583 Palmatius,
3420 526 3475 572 et
3511 517 3650 573 dixit
3689 536 3710 572 :

2137 608 2192 663 Si
2216 625 2312 679 per
2333 611 2597 680 magicam
2639 621 2812 667 artem
2860 611 3005 668 istud
3035 610 3240 666 factum
3281 617 3386 674 est,
3439 608 3531 663 ubi
3576 619 3715 663 sunt

2134 699 2362 752 virtutes
2407 699 2634 754 deorum
2690 700 3041 755 nostrorum?
3073 698 3265 755 Juheat
3303 699 3487 768 itaque
3529 698 3716 769 pietas

2133 797 2312 842 vestra
2357 788 2533 842 afferri
2567 800 2620 844 et
2655 790 2919 844 immolari
2946 791 3069 857 diis,
3099 804 3165 844 ne
3185 797 3370 859 pereat
3401 789 3711 858 respublica

2134 887 2353 947 propter
2383 894 2572 934 eorum
2600 881 3019 936 incantationes.
3061 878 3128 934 Et
3164 879 3421 950 praecepit
3463 880 3709 933 Alexan-

2134 970 2229 1025 der
2252 982 2309 1025 ut
2334 971 2706 1027 immolaretur
2730 971 3017 1034 Mercurio,
3049 979 3103 1025 et
3123 984 3384 1040 responsa
3404 984 3710 1040 cognosce.

2134 1070 2232 1116 ret.
2299 1061 2585 1116 Emanavit
2637 1072 2818 1117 autem
2891 1070 3217 1132 praeceptum
3267 1061 3392 1130 (11)
3446 1061 3708 1115 universo

2135 1151 2314 1222 vulgo,
2345 1161 2403 1206 ut
2424 1167 2612 1207 onmes
2634 1152 2700 1207 ad
2727 1148 3052 1222 Capitolium
3081 1159 3427 1207 accurrerent
3461 1150 3529 1204 de
3565 1151 3707 1206 urbe

2135 1241 2337 1308 Roma,
2393 1243 2464 1298 ita
2519 1253 2578 1297 ut
2616 1245 2707 1313 qui
2753 1243 2954 1298 inventi
2999 1241 3233 1298 fuissent
3279 1243 3333 1296 in
3375 1241 3704 1297 habitaculis

2132 1333 2248 1387 suis
2287 1333 2375 1388 die
2413 1334 2664 1389 Mercurii
2708 1335 2842 1405 (l2),
2891 1349 3081 1390 omnes
3123 1335 3589 1402 interficerentur;
3647 1343 3706 1390 et

2132 1424 2303 1478 misso
2327 1439 2572 1494 praecone
2597 1425 2669 1479 ita
2700 1425 3034 1480 declaratum
3077 1433 3182 1490 est,
3220 1433 3279 1480 ut
3314 1439 3476 1479 omne
3505 1425 3706 1495 vulgus

2131 1515 2219 1570 die
2244 1515 2490 1571 Mercurii
2524 1518 2642 1573 sine
2677 1518 2936 1573 dilatione
2961 1517 3028 1572 ad
3057 1513 3379 1587 Capitolium
3404 1532 3528 1572 cum
3554 1518 3709 1586 prin-

2129 1606 2248 1674 cipe
2275 1608 2559 1662 conveniat
2588 1625 2602 1661 :
2627 1595 2720 1677 qui
2742 1623 2872 1664 vero
2903 1622 3009 1662 non
3036 1608 3354 1673 accurrerit,
3389 1607 3565 1676 capite
3594 1621 3703 1676 pu-

2129 1697 2385 1752 niendum
2425 1713 2483 1753 se
2511 1713 2631 1754 esse
2666 1707 2974 1768 cognoscat.
3018 1698 3347 1754 Occurrcnte
3383 1699 3471 1753 die
3505 1713 3706 1768 supra-

2129 1789 2272 1844 dicto
2312 1789 2492 1844 omnis
2512 1790 2743 1859 populus
2767 1788 3047 1845 Romanus
3067 1790 3134 1844 ad
3155 1784 3482 1857 Capitolium
3503 1803 3704 1844 accur-

2131 1879 2219 1933 rit.
2254 1879 2550 1935 Palmatius
2576 1894 2794 1949 quoque
2836 1895 2958 1934 cum
3002 1880 3150 1935 omni
3202 1881 3365 1934 domo
3407 1894 3504 1934 sua
3549 1880 3704 1934 venit

2130 1969 2196 2023 ad
2215 1971 2538 2040 Capitolium
2553 1985 2678 2025 cum
2706 1969 2883 2039 porcis
2903 1979 2957 2026 et
2987 1971 3170 2026 vitulis
3191 1971 3325 2041 (15).

2198 2059 2251 2112 3.
2275 2058 2342 2114 Et
2366 2059 2568 2116 factum
2592 2068 2675 2116 est
2705 2061 2834 2116 dum
2863 2062 3135 2118 occisione
3163 2063 3428 2130 pecudum
3453 2063 3703 2118 effunde-

2127 2158 2278 2206 retur
2310 2153 2555 2223 sanguis,
2599 2163 2654 2209 et
2702 2155 3042 2210 incantarent
3083 2156 3416 2211 carminibus
3442 2156 3708 2212 sacerdo-

2128 2251 2242 2308 tes;
2294 2244 2452 2312 virgo
2483 2247 2665 2315 templi
2710 2248 2929 2302 nomine
2976 2247 3210 2313 Juliana,
3252 2258 3463 2318 arrepta
3503 2265 3534 2303 a
3581 2249 3699 2304 dte-

2126 2333 2332 2399 monio,
2358 2335 2862 2393 clamabatdiceus:
2883 2339 3024 2392 Deus
3051 2337 3270 2404 Calixti,
3295 2339 3411 2408 ipse
3437 2349 3520 2394 est
3553 2339 3702 2395 Deus

2124 2425 2279 2479 vivus
2307 2433 2361 2478 et
2391 2441 2553 2482 verus
2589 2445 2602 2480 :
2651 2428 2766 2498 ipse
2811 2429 3124 2498 indignatus
3165 2440 3250 2485 est
3306 2432 3702 2499 pollutionihus

2125 2515 2452 2585 Reipublicae
2483 2529 2692 2582 vestrm,
2721 2528 2773 2573 ct
2810 2530 3052 2574 conteret
3084 2536 3308 2590 regnum
3347 2523 3571 2576 mortale
3605 2536 3698 2574 ve-

2125 2614 2319 2672 strum,
2358 2609 2484 2677 quia
2526 2625 2631 2663 non
2682 2611 2922 2664 adoratis
2960 2611 3260 2666 veritatem.
3309 2612 3549 2667 Audiens
3589 2613 3703 2668 hoc

2124 2695 2442 2762 Palmatius,
2473 2701 2623 2754 solus
2647 2703 2888 2756 cucurrit
2916 2704 2980 2756 ad
3015 2703 3074 2756 Β.
3101 2703 3370 2757 Calixtum
3399 2706 3451 2758 in
3477 2705 3698 2773 regione

2125 2795 2274 2840 trans
2303 2787 2536 2841 Tiberim
2592 2791 2645 2842 in
2703 2790 2837 2843 urbe
2875 2789 3305 2858 Ravennatium;
3353 2800 3406 2844 et
3449 2794 3592 2846 misit
3636 2809 3698 2848 se

2123 2877 2463 2946 praecipitans
2493 2889 2546 2932 et
2577 2880 2818 2934 introivit
2849 2882 2902 2934 in
2943 2884 3164 2935 domum
3199 2884 3288 2936 ubi
3323 2885 3547 2938 collecta
3574 2896 3700 2938 erat

2125 2967 2414 3021 multitudo
2468 2967 2936 3034 Christianorum,
2990 2981 3044 3024 et
3103 2973 3296 3025 cecidit
3353 2985 3477 3028 ante
3533 2977 3699 3044 pedes

2129 3054 2190 3109 Β.
2219 3055 2435 3119 εοιὶλιὶ,
2475 3059 2701 3112 dicens:
2741 3060 2979 3131 C0gnovi
3026 3060 3211 3115 Jesum
3251 3064 3530 3118 Christum
3573 3082 3698 3121 esse

2128 3147 2297 3201 Deum
2328 3162 2539 3213 verum,
2565 3164 2724 3218 quem
2751 3151 3025 3207 daemones
3056 3154 3289 3209 confessi
3316 3165 3442 3209 sunt
3475 3157 3634 3210 hodie
3680 3178 3695 3212 :

2125 3249 2221 3304 per
2253 3234 2432 3304 ipsum
2487 3245 2539 3290 te
2578 3238 2794 3306 adjuro,
2843 3251 2902 3293 ut
2935 3241 3131 3297 llel'CS
3163 3258 3246 3297 me
3279 3258 3309 3297 a
3335 3245 3544 3298 cultura
3584 3245 3699 3303 dte-

2124 3343 2347 3382 monum
2396 3337 2451 3382 et
2491 3328 2770 3398 lapidum:
2817 3332 3030 3402 baptiza
3081 3350 3167 3389 me
3213 3336 3353 3393 sicut
3401 3337 3696 3405 praedicas.

2125 3416 2271 3471 Dixit
2309 3419 2355 3471 ei
2388 3417 2632 3472 Calixtus
2659 3420 2945 3488 episcopus
2973 3439 2989 3474 :
3029 3420 3147 3477 Noli
3183 3425 3428 3480 deridere
3461 3429 3700 3482 errando

2124 3508 2425 3562 veritatem.
2456 3507 2750 3578 Respondit
2783 3509 3081 3568 Palmatius
3110 3530 3232 3568 cum
3291 3517 3566 3587 lacrymis,
3609 3520 3700 3573 di-

2125 3610 2255 3650 cens
2287 3613 2300 3648 :
2338 3595 2587 3664 Domine,
2624 3613 2731 3651 non
2765 3599 2985 3654 derideo
3021 3617 3034 3654 :
3068 3602 3194 3669 quia
3228 3603 3457 3672 cognovi
3489 3605 3540 3657 in
3588 3621 3698 3659 ca:-

2126 3687 2287 3740 citate
2317 3687 2571 3751 militum,
2597 3697 2650 3742 et
2688 3690 2744 3742 in
2773 3693 3131 3760 responsione
3155 3693 3398 3762 virginis,
3431 3695 3557 3764 quia
3581 3694 3694 3749 Do-

2125 3775 2308 3830 minus
2350 3791 2504 3832 meus
2540 3776 2788 3833 Christus
2824 3786 2952 3834 tuus
2983 3792 3085 3833 est.
3134 3779 3433 3851 Respondit
3467 3783 3698 3854 Calepo-

2125 3864 2248 3919 dius
2279 3880 2444 3920 senex
2475 3875 2529 3919 et
2551 3867 2686 3921 dixit
2706 3868 2773 3921 ad
2807 3869 3022 3923 beatum
3066 3869 3391 3941 EpiscOpum
3429 3893 3442 3928 :
3482 3875 3696 3930 Beatis-

2125 3957 2260 4010 sime
2281 3955 2464 4023 Pater,
2504 3959 2703 4027 petenti
2733 3960 3060 4028 baptismum
3098 3963 3208 4016 noli
3249 3965 3533 4036 denegare.
3587 3966 3698 4021 Eo-

2125 4048 2244 4101 dem
2279 4055 2518 4118 tempore
2559 4049 2752 4104 indixit
2785 4051 3054 4121 jejunium
3093 4054 3206 4125 (14)
3238 4056 3285 4110 ei
3320 4071 3427 4111 uno
3463 4057 3582 4122 die,
3638 4069 3700 4114 et

2197 4199 2513 4278 (infamem
2541 4203 2874 4278 superiorem
2906 4207 3209 4278 templi,rde
3241 4224 3350 4278 quo
3381 4210 3447 4262 ad
3476 4219 3590 4264 not.
3635 4213 3693 4268 4.

2199 4270 2312 4344 (i0)
2343 4269 2893 4344 Palmatiusquidem
2921 4317 2936 4341 ,
2968 4269 3089 4344 qua:
3119 4269 3272 4331 facta'
3291 4277 3502 4332 fuerant
3522 4320 3535 4342 ,
3569 4281 3698 4335 Ale-

2127 4339 2336 4393 xandro
2366 4339 2732 4395 nuntiaverit:
2762 4354 2816 4396 at
2847 4345 2892 4398 is
2924 4339 3122 4400 inclitis
3145 4346 3212 4401 de
3255 4339 3694 4405 Christianorum

2131 4409 2394 4486 institutis
2428 4411 2799 4483 moribusque,
2839 4415 3131 4486 probesibi
3176 4416 3441 4486 cognitis,
3477 4419 3699 4486 judica-

2133 4478 2242 4552 bat,
2280 4493 2449 4552 quam
2491 4488 2548 4531 ut
2590 4496 2652 4533 ea
2691 4478 2937 4552 imagicis
2987 4478 3435 4540 Christianorum
3477 4478 3696 4545 artibus

2129 4546 2268 4601 facta
2305 4548 2566 4602 continuo
2589 4546 2851 4606 crederet.

2199 4617 2310 4683 (11)
2368 4615 2698 4694 Praeceptum
2747 4621 3076 4690 hujusmodi,
3113 4633 3187 4694 ut
3220 4640 3284 4678 ex
3342 4627 3697 4694 sequentibus

2129 4695 2293 4752 patet,
2348 4695 2402 4759 e_t
2451 4689 2723 4755 publicum
2754 4689 3083 4759 etgenerale
3117 4693 3343 4758 fuiSSet,
3380 4689 3568 4748 saltem
3606 4713 3696 4751 re-

2128 4765 2312 4832 spectu
2346 4755 2784 4832 “Romanorum:-
2825 4755 2880 4812 at
2919 4761 2970 4814 id
3005 4763 3073 4816 ab
3124 4755 3354 4832 ipsemet
3385 4765 3698 4821 Alexandro
3729 4773 3732 4776 ’

2127 4825 2310 4877 datum
2343 4824 2512 4878 fuisse
2537 4867 2552 4890 ,
2604 4828 2820 4882 dillicile
2864 4831 3070 4885 creditu
3101 4824 3212 4886 est:
3259 4848 3418 4888 secus
3442 4850 3570 4886 vero
3597 4836 3698 4888 da-

2127 4903 2240 4969 t_um
2272 4893 2440 4969 fuisse
2473 4895 2592 4969 ejus
2622 4898 2839 4950 nomine
2864 4899 2932 4951 ab
2961 4901 3046 4965 iis,
3068 4903 3159 4969 qui
3182 4912 3233 4954 et
3254 4902 3694 4958 Christianorum

2127 4963 2425 5039 flagrabant
2450 4965 2596 5039 odio,
2620 4975 2692 5039 et.
2715 4982 2820 5034 qua
2847 4970 2989 5036 apud
3018 4963 3395 5039 imperatorem
3420 4973 3694 5038 valebant,

2127 5034 2448 5086 auctoritate
2471 5034 2852 5088 abutebantur.

2196 5101 2308 5170 (12)
2348 5099 2476 5155 Vide
2503 5101 2640 5155 infra
2673 5115 2782 5158 not.
2823 5105 2913 5158 24.
3036 5116 3064 5140 ⁸

2197 5191 2353 5264 (15),
2387 5229 2399 5242 .
2432 5230 2497 5264 .A.
2531 5230 2544 5264 .
2575 5191 2846 5264 Mactatur
2879 5211 3032 5248 vacca
3069 5196 3340 5264 Minervw,

2259 5262 2465 5330 Alipedi
2491 5261 2705 5328 vitulus,
2740 5271 2923 5318 taurus
2956 5266 3073 5330 tibi,
3109 5284 3309 5320 summe
3328 5261 3575 5323 deorum.

2787 5333 2944 5388 Ovm.
2975 5336 3069 5390 lib.
3103 5353 3155 5391 tv
3182 5336 3695 5408 Metamorplwseon.

2196 5420 2304 5498 (tl)
2333 5421 2590 5498 Advertat
2621 5423 2791 5477 lector
2817 5426 3076 5498 animum
3131 5427 3196 5482 ad
3244 5430 3498 5498 antiquos
3552 5431 3700 5488 ritus

2127 5491 2178 5542 in
2208 5491 2492 5568 baptismo
2510 5502 2770 5568 servatos.
2797 5493 3160 5568 Hense/lenius
3212 5501 3301 5551 cit.
3331 5491 3450 5553 Act.
3516 5513 3694 5568 apost.

2125 5576 2244 5636 cap.
2278 5563 2312 5613 2
2344 5576 2394 5614 ν.
2426 5561 2515 5626 38,
2541 5560 2730 5636 Petrus
2758 5564 2862 5618 ait:
2899 5564 3306 5620 (Pwnitentiam
3335 5569 3478 5636 agite
3520 5560 3573 5622 et
3602 5571 3698 5624 ba-

2126 5633 2355 5708 ptizetur
2376 5633 2748 5703 unusquisque
2771 5646 3009 5690 vestrum
3040 5636 3093 5690 in
3123 5638 3339 5693 nomine
3373 5633 3500 5694 Iesu
3539 5639 3700 5694 Chri-

2127 5711 2212 5752 bll.
2251 5719 2269 5752 ι
