3990 6214
321 317 405 375 il?

1765 296 1970 353 ACTA.

3383 283 3493 337 H8

323 431 611 495 catechizavit
634 444 757 485 eum
785 436 877 482 :et
914 427 1130 481 allatam
1160 437 1357 494 aquam
1381 422 1447 476 dc
1470 418 1688 492 lympha
1717 430 1820 487 pu-
1851 422 1895 478 Α
1922 412 2161 484 peccavi.
2189 410 2389 467 Eadem
2425 410 2562 465 hora
2587 407 2874 464 subridens
2903 403 3235 495 Alexander:
3267 400 3487 495 tradidit

320 531 391 590 tei,
409 527 481 595 qui
500 533 608 577 erat
631 523 682 574 in
710 521 895 575 eadem
929 520 1110 578 domo,
1138 514 1414 571 benedixit
1446 554 1458 565 .
1493 520 1545 565 et
1571 509 1818 579 deposito

311 613 525 669 Palmatio
550 612 600 663 in
625 610 821 679 pelvim
852 608 986 676 (f5),
1012 606 1148 659 dixit
1169 605 1217 658 ei
1245 603 1301 658 S.
1329 602 1574 656 Calixtus
1601 600 1816 669 episco-

306 718 416 774 pus:
440 700 612 754 Credis
643 714 709 753 ex
741 708 855 753 toto
885 696 1046 752 corde
1078 696 1132 749 iu
1173 694 1337 747 Deum
1384 692 1598 747 Patrem
1637 690 1815 745 omni-

303 802 547 863 potentem,
576 788 837 843 factorem
867 787 1161 841 visibilium
1191 794 1245 838 et
1285 781 1677 837 invisibilium?
1711 779 1816 832 Re-

300 882 475 950 spondit
496 880 790 933 Palmatius
822 898 834 932 :
869 877 1063 931 Credo.
1111 874 1172 928 Et
1211 874 1347 926 dixit
1375 872 1421 925 ei
1459 891 1472 925 :
1518 872 1584 924 Et
1628 871 1680 923 in
1728 868 1815 923 Je—

299 988 391 1025 sum
420 968 704 1031 Christum,
742 967 934 1020 Filium
969 966 1087 1034 ejus
1120 964 1261 1033 (f6)?
1284 962 1557 1017 Etiterum
1588 975 1810 1029 respon-

295 1064 355 1114 dit
395 1081 406 1113 :
450 1059 632 1113 Credo.
667 1059 731 1112 Et
763 1058 898 1112 dixit
921 1057 971 1112 ei
1008 1075 1020 1111 :
1053 1055 1118 1111 Et
1148 1056 1201 1109 in
1241 1054 1502 1124 Spiritum
1540 1060 1811 1119 sanctum,

294 1152 541 1207 Ecclesiam
597 1150 969 1213 Catholicam,
1019 1146 1391 1201 remissionem
1447 1154 1811 1212 peccatorum,

291 1244 437 1297 carnis
468 1241 961 1295 resurrectionem?
994 1238 1058 1291 Et
1088 1237 1415 1292 exclamavit
1449 1251 1581 1291 voce
1617 1251 1813 1305 magna

291 1349 386 1387 cum
430 1331 674 1401 lacrymis
728 1329 1025 1382 Palmatius
1060 1349 1072 1382 :
1115 1328 1311 1393 Credo,
1341 1326 1586 1379 Domine.
1613 1324 1810 1379 Eadem

290 1425 392 1476 liora
421 1423 573 1490 erepit
599 1422 835 1476 clamare
876 1431 928 1474 ct
955 1420 1136 1474 dicere
1166 1437 1178 1471 :
1210 1417 1349 1472 Vere
1380 1417 1489 1471 vidi
1525 1416 1809 1470 Dominum

286 1512 433 1567 Jesum
477 1511 750 1565 Christum
798 1525 985 1563 verum
1044 1509 1249 1570 lumen,
1291 1505 1384 1575 qui
1423 1519 1508 1558 me
1547 1503 1815 1556 illumina-

287 1608 344 1655 vit
370 1605 487 1671 (Ιῖ),
516 1602 815 1670 Baptizavit
846 1610 1028 1654 autem
1074 1606 1129 1653 et
1165 1613 1381 1652 omnem
1421 1597 1638 1649 domum
1683 1594 1809 1647 Pal—

286 1695 421 1755 matii,
450 1703 500 1746 et
526 1707 754 1745 uxorein
795 1700 849 1744 et
896 1691 1057 1753 ﬁlios,
1086 1698 1139 1743 et
1171 1687 1467 1757 promiscui
1507 1700 1670 1739 sexus
1711 1699 1810 1737 nu-

1919 520 2043 559 cum
2079 503 2293 558 cuidam
2324 500 2602 570 Simplicio
2638 498 2896 562 senatori,
2930 497 3117 552 dicens
3146 512 3166 570 ξ
3190 491 3338 547 Habe
3359 506 3479 549 eum

1918 608 2082 662 penes
2107 602 2157 647 te
2183 592 2303 646 sine
2333 592 2517 661 aliquo
2564 589 2759 643 timore
2803 604 2819 642 :
2849 595 2901 642 et
2931 586 3186 641 mollibus
3213 581 3483 639 sermoni-

1917 686 2020 739 bus
2046 700 2236 740 revoca
2262 700 2386 740 eum
2424 685 2489 738 ad
2533 682 2802 737 culturam
2836 680 3093 741 deorum;
3133 676 3297 731 talem
3339 674 3485 729 enim

1918 775 2196 831 hominem
2233 774 2560 844 Respublica
2599 771 2967 829 necessarium
3016 768 3198 823 habet.
3249 767 3485 835 Accepto

1916 866 2218 933 Palmatio,
2273 866 2586 935 Simplicius
2639 872 2860 918 senator
2890 861 3229 916 vestimenta
3280 856 3485 912 nobilia
3530 857 3536 868 ‘

1915 959 2075 1012 allata
2124 959 2300 1011 induit
2346 973 2493 1019 eum,
2534 965 2589 1010 et
2626 956 2781 1009 duxit
2825 955 2878 1007 in
2910 953 3133 1008 domum
3173 964 3349 1005 suam.
3378 948 3483 1013 Qui

1917 1050 2233 1119 Simplicius
2264 1047 2519 1118 praecepit
2548 1046 2701 1101 Uxori
2728 1061 2859 1109 sum,
2884 1053 2937 1098 et
2968 1041 3265 1111 majoribus
3288 1039 3485 1093 domus

1916 1157 2047 1207 suae,
2084 1148 2143 1194 ut
2176 1156 2393 1195 omnem
2440 1138 2661 1193 domum
2706 1136 2967 1203 Simplicii
3001 1136 3052 1189 in
3083 1150 3182 1189 sua
3219 1141 3483 1203 potestate

1915 1234 2153 1287 haberet.
2192 1232 2345 1287 Tunc
2384 1231 2680 1285 Palmatius
2708 1228 2935 1298 jejuniis
2956 1236 3009 1281 et
3030 1226 3371 1281 orationibus
3409 1227 3487 1278 vi-

1914 1326 2162 1394 giliarum
2203 1339 2423 1389 vacans,
2450 1338 2557 1377 non
2587 1322 2834 1376 cessabat
2872 1334 2997 1375 cum
3023 1318 3278 1389 lacrymis
3314 1316 3483 1369 Deum

1912 1415 2126 1470 Patrem
2145 1417 2570 1483 omnipotentem
2598 1427 2776 1477 orare,
2801 1410 3062 1467 etJesum
3093 1409 3367 1463 Christum
3393 1406 3482 1463 Fi‘

1910 1506 2040 1560 lium
2071 1505 2212 1573 ejus,
2238 1513 2295 1557 ut
2314 1502 2680 1573 paenitentiam
2704 1510 2884 1572 ageret
2914 1501 2981 1555 de
3003 1513 3189 1554 errore
3216 1512 3339 1555 suo.

1982 1598 2033 1650 5.
2074 1595 2305 1649 Veniens
2334 1603 2510 1647 autem
2544 1594 2609 1646 ad
2633 1608 2757 1647 eum
2792 1592 3019 1661 quidam
3045 1591 3192 1644 Felix
3240 1587 3478 1649 nomine,

1912 1687 2068 1756 cujus
2097 1701 2234 1739 uxor
2268 1685 2460 1739 clinica
2489 1682 2707 1751 jaeebat
2749 1682 2907 1736 annis
2950 1690 3187 1750 quatuor
3230 1680 3281 1731 iu
3318 1677 3482 1740 lecto;

286 1753 417 1835 mero»
438 1782 794 1850 quadraginta
832 1780 990 1833 duos.
1022 1778 1104 1831 Ab
1138 1753 1327 1831 eadem
1366 1774 1453 1827 die
1493 1773 1656 1841 ccepit
1688 1770 1811 1825 Pal-
1843 1753 1881 1806 Β
1913 1753 2060 1835 misit
2087 1792 2145 1832 se
2171 1776 2238 1830 ad
2271 1777 2435 1844 pedes
2463 1774 2737 1839 Palmatii,
2760 1774 2981 1827 dicens:
3034 1770 3327 1824 Coufessor
3368 1767 3483 1823 Do-

287 1872 444 1925 matius
467 1886 681 1925 omnem
720 1869 1034 1924 facultatem
1066 1882 1219 1923 suam
1272 1863 1604 1934 pauperibus
1647 1861 1808 1915 Chri-

287 1964 438 2016 stianis
478 1976 723 2031 erogare,
754 1960 1073 2030 perquirens
1100 1957 1353 2026 regiones
1379 1962 1434 2009 et
1475 1961 1713 2024 cryptas,
1751 1963 1809 2006 ut

286 2055 545 2121 ubicunque
570 2054 843 2107 inveniret
878 2061 973 2105 aut
997 2050 1051 2103 in
1086 2046 1345 2103 custodia
1371 2058 1466 2101 aut
1512 2046 1808 2099 absconsos

289 2146 594 2207 Christianos,
650 2146 725 2199 de
770 2142 1123 2199 facultatibus
1159 2140 1275 2195 suis
1305 2140 1508 2194 victum
1534 2137 1619 2192 vel
1658 2147 1809 2207 tegu-

287 2246 479 2289 mentum
514 2236 879 2290 ministraret.

336 2330 378 2382 ι.
406 2328 519 2382 Post
546 2329 664 2382 dies
695 2343 825 2382 vero
877 2328 1100 2395 triginta
1156 2327 1297 2378 duos
1338 2322 1471 2394 (l8),
1515 2321 1811 2391 requiritur

282 2418 529 2473 Palmatius
555 2420 623 2473 ab
679 2418 1012 2480 Alexandro,
1050 2417 1137 2470 cui
1180 2416 1487 2469 nuntiatum
1535 2422 1638 2475 est,
1681 2414 1807 2480 quia

280 2510 574 2563 Christianus
633 2518 743 2573 est,
791 2518 843 2562 ct
897 2507 1017 2580 aliis
1062 2506 1272 2560 suadet.
1310 2504 1462 2558 Tunc
1500 2503 1807 2558 Alexander

274 2598 538 2665 jussiteum
572 2598 923 2669 praesentari.
978 2595 1080 2661 Qui
1129 2611 1251 2650 cum
1298 2603 1480 2649 tentus
1534 2591 1727 2647 fuisset
1776 2607 1807 2647 a

277 2689 473 2756 quodam
503 2689 783 2760 Torquato
811 2690 1049 2749 tribuno,
1081 2696 1135 2740 et
1169 2686 1373 2739 missus
1412 2685 1467 2738 in
1498 2684 1804 2738 custodiam

276 2765 534 2830 llamértini
558 2778 708 2848 (l9);
733 2786 855 2847 post
882 2776 1116 2830 triduum
1151 2774 1263 2843 (20)
1286 2772 1543 2827 indicavit
1569 2774 1806 2826 Alexan—

276 2862 356 2919 dro
380 2864 699 2935 Torquatus,
730 2867 1055 2922 Palmatium
1108 2866 1163 2920 in
1217 2864 1464 2920 custodia
1531 2864 1806 2933 mancipa—

278 2963 387 3008 tum.
415 2956 558 3011 Tunc
591 2959 901 3012 Alexander
922 2961 1163 3026 gaudens
1184 2957 1349 3026 jussit
1379 2970 1505 3009 eum
1537 2954 1639 3008 sibi
1670 2969 1808 3023 prae-

274 3046 460 3098 sentari.
486 3045 549 3100 Et
570 3048 787 3101 vinctus
809 3048 1015 3102 catenis
1046 3046 1343 3099 Palmatius
1366 3043 1667 3113 ingreditur
1683 3050 1806 3097 ante

273 3135 618 3191 Alexandrum.
648 3136 821 3202 Quem
846 3154 969 3192 cum
1010 3138 1256 3201 vidisset,
1289 3135 1456 3205 jussit
1485 3150 1609 3190 eum
1643 3133 1801 3199 solvi,

272 3234 313 3277 et
334 3226 450 3279 dixit
477 3228 571 3285 ei:
623 3229 719 3282 Sic
750 3244 938 3282 amens
968 3227 1142 3282 factus
1175 3244 1257 3291 es,
1284 3242 1317 3281 ο
1349 3226 1598 3287 Palmati.
1636 3235 1696 3281 ut
1721 3226 1808 3281 de-

274 3330 393 3371 seras
442 3320 585 3381 deos,
641 3328 696 3373 et
743 3335 957 3389 qureras
1006 3329 1058 3373 et
1123 3322 1273 3374 colas
1334 3320 1610 3387 hominem
1664 3334 1807 3373 mor-

272 3414 393 3459 tuum
420 3410 565 3480 (El)?
594 3410 900 3465 Palmatius
935 3411 1118 3465 tacuit.
1168 3411 1312 3463 Dixit
1358 3412 1405 3465 ei
1452 3411 1755 3465 Alexander
1789 3430 1803 3464 :

276 3494 477 3563 Loquere
501 3501 825 3553 fiducialiter
855 3521 866 3554 :
908 3518 974 3554 ne
1013 3504 1228 3554 timeas.
1260 3500 1559 3569 Respondit
1589 3501 1804 3555 Palma-

278 3586 361 3638 tius
384 3588 594 3644 dicens:
628 3590 684 3642 Si
717 3591 858 3644 datis
883 3592 1175 3652 licentiam,
1206 3592 1479 3659 loquimur
1506 3593 1801 3645 veritatem.

281 3672 393 3729 Dixit
426 3678 470 3730 ei
520 3679 830 3734 Alexander
861 3700 874 3735 :
928 3681 1161 3750 Excepta
1204 3683 1430 3737 deorum
1466 3681 1684 3749 injuria,
1720 3682 1804 3735 lo-

277 3779 423 3832 quere.
451 3769 593 3825 Dixit
621 3772 674 3824 ei
702 3771 1002 3827 Palmatius
1031 3792 1044 3826 :
1076 3772 1289 3842 Optime
1314 3773 1582 3842 princeps,
1617 3772 1661 3827 si
1705 3773 1803 3826 ad-

274 3869 432 3925 vertas,
451 3877 553 3916 non
580 3872 714 3917 sunt
738 3863 833 3930 dii,
851 3864 945 3919 sed
970 3874 1099 3919 sunt
1121 3864 1327 3921 factura
1348 3865 1633 3921 hominum
1658 3880 1804 3919 mor-

274 3950 443 4004 talium.
468 3952 630 4008 Modo
652 3954 873 4023 quidem
899 3957 1191 4024 cognoscat
1215 3957 1575 4011 mansuetudo
1600 3965 1799 4020 vestra,

271 4042 343 4099 Qui
365 4042 540 4098 debent
568 4045 679 4099 coli
712 4064 726 4098 :
756 4046 850 4115 qui
885 4054 1011 4099 sunt
1034 4055 1127 4101 aut
1158 4046 1499 4102 fabricantur
1527 4062 1556 4101 a
1600 4056 1803 4101 morta-

274 4127 404 4194 libus,
424 4136 601 4201 quales
636 4136 767 4199 sint,
797 4151 894 4190 vos
927 4136 1187 4204 judicate.
1224 4136 1329 4192 Sed
1359 4152 1553 4206 precor
1587 4152 1689 4207 ego
1717 4139 1801 4192 in—

274 4220 373 4274 felix
400 4223 694 4279 claritatem
723 4236 959 4279 vestram
993 4244 1007 4281 :
1039 4228 1191 4282 dicas
1219 4228 1322 4282 deo
1362 4237 1458 4282 tuo
1500 4237 1559 4281 ut
1606 4228 1798 4296 loqua-

273 4316 358 4373 tur,
382 4320 568 4366 etcum
602 4314 1025 4381 interrogavero,
1054 4318 1376 4385 respondeat
1408 4336 1421 4372 :
1453 4327 1505 4373 et
1534 4334 1656 4372 cum
1695 4320 1798 4374 hoc

1910 1870 2040 1923 mini
2076 1869 2249 1924 nostri
2279 1866 2407 1922 Jesu
2435 1865 2658 1929 Christi,
2677 1880 2839 1919 exora
2869 1878 2967 1933 pro
2992 1860 3184 1916 ancilla
3204 1867 3292 1913 ttta
3309 1872 3481 1912 uxore

1911 1977 2030 2016 mea
2082 1961 2306 2025 Blanda,
2344 1966 2403 2011 ut
2456 1957 2715 2013 liberetur
2746 1956 2813 2009 de
2856 1954 2996 2008 lecto
3047 1951 3252 2005 doloris
3297 1957 3347 2003 et
3377 1963 3478 2017 ego

1910 2053 2199 2121 percipiam
2237 2050 2567 2118 baptismum
2608 2061 2732 2102 cum
2758 2061 2856 2110 ea;
2885 2045 3011 2114 quia
3038 2043 3130 2097 diu
3168 2052 3287 2108 est,
3330 2042 3485 2112 quod-

1909 2143 2099 2196 morbo
2121 2139 2415 2210 paralytico
2445 2147 2659 2192 tenetur
2685 2144 2737 2190 et
2756 2135 2872 2204 jam
2901 2133 3129 2188 facultas
3169 2134 3353 2186 nostra
3382 2134 3479 2186 de-

1910 2231 2048 2286 fecit.
2085 2230 2239 2284 Tunc
2274 2228 2572 2282 Palmatius
2595 2269 2608 2291 ,
2653 2234 2920 2295 praesente
2964 2238 3135 2278 uxore
3172 2222 3481 2293 Simplicii,

1908 2320 2103 2375 cecidit
2123 2321 2176 2373 in
2200 2328 2421 2383 terram,
2454 2329 2506 2371 et
2534 2332 2657 2371 cum
2699 2314 2952 2384 lacrymis
2974 2329 3131 2368 orare
3160 2315 3325 2383 cmpit
3350 2331 3490 2371 cum;

1908 2410 2085 2464 Felice
2109 2411 2331 2464 dicens:
2360 2409 2586 2463 Domine
2616 2406 2787 2469 Deus,
2807 2406 2899 2473 qui
2921 2406 3238 2459 illuminasti
3259 2422 3487 2461 servum

1909 2508 2084 2565 tuum,
2133 2501 2201 2555 da
2252 2500 2385 2554 mihi
2439 2500 2613 2553 lucem
2649 2507 2907 2551 aeternam
2944 2495 3127 2550 Jesum
3158 2495 3491 2564 Christumr

1908 2591 2055 2644 salva
2083 2590 2332 2644 ancillam
2365 2598 2511 2643 tuam
2531 2587 2813 2651 Blandam,
2839 2599 2890 2641 et
2913 2588 3081 2641 alleva
3104 2602 3224 2641 eam
3248 2586 3313 2641 de
3338 2588 3491 2643 lectae

1908 2681 2144 2735 doloris:
2180 2689 2238 2734 ut
2265 2687 2605 2750 cognoscant
2625 2693 2813 2732 omnes
2842 2718 2859 2742 ,
2906 2678 3035 2746 quia
3076 2686 3132 2731 tu
3172 2692 3231 2731 es
3263 2686 3487 2733 creator-

1909 2773 2151 2826 onmium
2177 2786 2380 2826 rerum.
2410 2769 2609 2824 Eadem
2650 2770 2785 2821 hora
2824 2769 2970 2823 venit
3012 2769 3473 2837 Dlandapedibus

1911 2864 2026 2917 suis
2057 2878 2280 2917 currens
2326 2863 2391 2916 ad
2434 2862 2657 2916 domum
2703 2857 2966 2928 Simplicii
3004 2860 3272 2914 senatoris
3315 2868 3366 2914 et
3392 2860 3496 2915 di--

1909 2969 2070 3009 cens:
2100 2954 2318 3022 Baptiza
2365 2968 2450 3007 me
2491 2952 2547 3005 in
2580 2950 2797 3004 nomine
2832 2948 3046 3004 Domini
3082 2948 3209 3004 Jesu
3248 2950 3471 3015 Christi,

1909 3046 1999 3113 qui
2031 3046 2205 3099 tenuit
2237 3059 2457 3098 manum
2489 3059 2663 3097 meam
2689 3049 2742 3095 et
2766 3040 2975 3095 sanavit
2996 3055 3101 3095 me.
3131 3041 3282 3095 Tunc
3325 3041 3492 3096 Felix:

1910 3136 2068 3204 coepit
2091 3150 2283 3205 urgere
2316 3133 2377 3185 Β.
2407 3132 2729 3188 Palmatium
2763 3142 2823 3187 ut
2859 3132 3242 3201 baptizaretur.
3273 3130 3472 3186 Eadem

1910 3227 2041 3281 hora
2073 3226 2135 3278 Β.
2159 3224 2463 3280 Palmatius
2489 3225 2638 3279 misit
2666 3225 2733 3279 ad
2757 3224 2813 3280 S.
2837 3224 3104 3279 Calixtum
3131 3223 3494 3293 episcopum:-

1907 3328 1962 3371 et
1981 3319 2202 3373 veniens
2218 3316 2513 3387 baptizavit
2536 3316 2768 3375 Felicem
2794 3334 2917 3373 cum
2934 3330 3106 3373 uxore
3129 3330 3227 3370 sua
3246 3316 3475 3371 Blanda.-

1912 3410 2110 3465 Videns
2147 3410 2251 3464 hoc
2271 3407 2608 3477 Simplicius,
2650 3410 2844 3464 cecidit
2870 3411 2937 3464 ad
2965 3409 3128 3479 pedes
3157 3408 3350 3463 Calixti
3390 3409 3473 3463 di-

1908 3519 2054 3565 crns,
2089 3510 2147 3554 ut
2173 3516 2295 3555 cum
2331 3499 2477 3554 omni
2507 3501 2669 3553 domo
2695 3516 2793 3554 sua
2820 3501 3203 3569 baptizaretur.
3230 3499 3380 3553 Tunc
3406 3498 3497 3554 8.-

1906 3595 2151 3648 Calixtus
2181 3592 2469 3661 episcopus
2500 3591 2817 3645 fiducialiter
2834 3592 3002 3646 dixit:
3037 3592 3340 3661 Cougreget.
3364 3590 3472 3646 Do-

1906 3681 2088 3737 minus
2122 3682 2361 3753 triticum
2392 3680 2446 3734 in
2480 3681 2735 3735 horreum
2770 3698 2928 3737 suum
2959 3682 3094 3751 (22),
3140 3691 3193 3737 et
3228 3681 3495 3736 catechi-n

1906 3773 2045 3826 zavit
2068 3787 2283 3826 omnem
2308 3772 2529 3827 domum
2561 3772 2849 3841 Simplicii,
2882 3782 2935 3827 et
2981 3788 3207 3827 uxorem
3237 3782 3291 3825 et
3330 3772 3497 3827 filios.

1903 3872 1957 3917 et
1992 3862 2252 3916 familiam
2280 3862 2424 3932 ejus,
2471 3864 2682 3917 animas
2714 3864 3007 3931 promiscui
3041 3879 3204 3919 sexus
3241 3863 3352 3917 fere
3385 3878 3472 3918 se-

1905 3953 2121 4022 xaginta
2151 3961 2295 4008 octo.
2324 3952 2384 4006 Β.
2422 3952 2745 4022 Calepodius
2778 3955 3056 4025 presbyter
3079 3955 3275 4024 gaudio
3292 3956 3468 4024 reple-

1906 4052 2013 4106 tus,
2041 4042 2205 4110 coepit
2234 4042 2469 4096 clamare
2492 4042 2545 4095 in
2577 4041 2743 4098 domo
2768 4042 3053 4111 Simplicii,
3090 4044 3303 4097 dicens:
3338 4041 3467 4097 Glo-

1902 4132 2118 4195 riatibi,
2151 4132 2374 4187 Domine
2402 4132 2531 4187 Jesu
2554 4131 2789 4197 Christe,
2819 4135 2913 4204 qui
2933 4136 2999 4189 de
3015 4135 3254 4191 tenebris
3279 4135 3470 4205 digna-

1901 4224 1978 4276 ris
1999 4224 2065 4277 ad
2093 4224 2269 4277 lucem
2303 4224 2597 4292 perducere
2619 4222 2885 4277 facturam
2918 4234 3089 4288 tuam,
3121 4235 3175 4279 et
3202 4228 3267 4280 de
3283 4242 3468 4280 errore

1899 4322 2149 4378 liberare.
2192 4323 2307 4379 Hoc
2360 4323 2588 4380 audiens
2614 4323 2943 4385 Alexander,
3001 4322 3130 4390 quia
3178 4318 3468 4372 multitudo

274 4394 437 4454 factum
464 4401 646 4469 fuerit,
672 4420 778 4458 non
812 4407 1001 4460 desero
1025 4407 1155 4461 deos
1193 4416 1335 4471 tuos,
1366 4422 1503 4476 quos
1542 4416 1593 4461 tu
1624 4409 1798 4464 dicis?
1828 4427 1873 4482 ι)
1902 4413 2184 4467 hominum
2234 4414 2562 4483 baptismum
2596 4415 2929 4483 percepisset
2956 4428 3053 4482 per
3096 4411 3156 4464 Β.
3193 4410 3468 4465 Calixtum

277 4484 385 4543 Dixit
416 4492 460 4545 ei
503 4494 807 4549 Alexander
840 4515 852 4549 :
883 4496 949 4551 Et
984 4499 1258 4567 quomodo
1283 4514 1313 4553 a
1346 4500 1636 4554 cunabulis
1685 4500 1793 4554 tuis

277 4574 380 4633 istos
410 4582 661 4646 adorasti,
720 4594 773 4638 et
818 4586 980 4640 modo
1031 4588 1293 4658 relinquis
1335 4590 1465 4641 eos?
1499 4588 1794 4657 Respondit

276 4664 564 4727 Palmatius:
601 4672 725 4727 Feci
771 4676 928 4743 quasi
975 4676 1162 4730 infelix
1207 4696 1220 4731 :
1270 4679 1432 4732 modo
1479 4688 1658 4732 autem
1707 4694 1795 4733 c0-

278 4761 401 4823 gnovi
428 4764 565 4830 quod
597 4780 787 4817 verum
816 4776 920 4831 ρει,
953 4767 1018 4821 de
1048 4782 1155 4835 qua
1186 4783 1243 4821 re
1277 4784 1470 4837 precor
1501 4768 1792 4823 Dominum

276 4846 419 4905 Iesum
440 4853 735 4920 Christum,
779 4867 839 4911 ut
871 4858 1114 4927 ignoscat
1156 4859 1310 4923 mihi,
1359 4860 1487 4928 quia
1536 4860 1797 4929 ignorans

313 4983 531 5061 ,μω-ιω
557 4988 949 5061 constantinus
985 4991 1210 5061 Magnus
1251 4991 1391 5061 apud
1439 4990 1792 5061 Anastasium

280 5048 711 5111 Biblin'thecarium
744 5060 799 5112 in
828 5058 949 5112 Vita
985 5059 1041 5113 S.
1074 5048 1328 5115 Silvestri
1362 5060 1509 5113 dedit
1548 5078 1567 5109 «
1598 5061 1791 5128 pelvim

280 5133 327 5198 ει
347 5130 634 5198 argento_ad
659 5128 1006 5196 baptismum,
1024 5140 1334 5198 pensantem
1356 5129 1522 5182 libras
1550 5129 1787 5198 viginti.»

277 5185 516 5265 fluidam.
546 5195 707 5265 Plura
729 5185 785 5251 ἐἰ
821 5185 1003 5265 cupis,
1025 5185 1150 5253 'vide
1176 5199 1463 5253 Morcttum
1488 5199 1580 5252 cit.

326 5260 417 5337 ('16)
440 5264 588 5331 Apud
610 5260 1193 5337 Montium-adduntur
1216 5271 1356 5322 haec:
1394 5287 1411 5318 ε
1449 5267 1513 5319 Et
1542 5268 1678 5337 dixit
1710 5268 1789 5322 ei:

274 5321 350 5408 Qui
384 5321 533 5408 natus
550 5343 646 5408 _es_t
670 5335 735 5387 de
761 5334 979 5408 _Spirit_u
1016 5321 1300 5408 sanctoex
1335 5337 1503 5390 Maria
1540 5321 1795 5408 Virgine?

276 5391 528 5464 Respondit
550 5391 885 5457 Palmatius:
920 5406 1110 5460 Credo.
1149 5425 1165 5456 ι

274 5467 422 5587 u
453 5469 650 5526 Lumen
697 5474 802 5527 hoc
857 5473 1067 5527 videtur
1116 5476 1283 5531 fuisse
1312 5477 1531 5531 ccelestc
1562 5485 1617 5571 et
1651 5476 1794 5530 inso-

302 5606 419 5680 ,(18)
459 5609 554 5681 Ms.
606 5610 853 5666 Vlimerii
911 5632 929 5665 ι
965 5612 1155 5681 viginti
1211 5614 1376 5669 duos:
1419 5635 1436 5666 ι
1472 5616 1587 5670 Ado
1640 5632 1657 5667 ι
1692 5615 1789 5669 tri-

276 5679 404 5737 ginta.
438 5698 455 5730 ι
483 5679 701 5734 Haurit.
734 5683 820 5735 cit.

1898 4502 2237 4571 episcopum,
2263 4504 2413 4558 misit
2443 4504 2746 4558 exercitum
2771 4503 3028 4566 militum,
3059 4517 3123 4555 ac
3157 4500 3328 4555 tenuit
3351 4515 3470 4554 om-

1897 4608 1993 4645 nes
2020 4593 2112 4661 qui
2143 4592 2468 4660 baptismum
2500 4600 2874 4661 perceperant,
2915 4608 3054 4662 quos
3080 4592 3335 4660 praecepit
3372 4605 3467 4644 ca-

1896 4683 2022 4751 pitis
2054 4683 2236 4737 subire
2262 4682 2604 4747 sententiam,
2628 4692 2683 4737 et
2718 4698 2813 4751 per
2837 4683 3084 4737 diversas
3106 4690 3291 4750 portas
3315 4680 3469 4733 urbis

1897 4772 2084 4827 Romae
2114 4773 2287 4842 capita
2316 4787 2505 4827 eorum
2534 4772 2812 4842 suspendi,
2847 4771 2914 4825 ad
2943 4772 3248 4839 exemplum
3306 4768 3467 4822 Chri-

1896 4863 2217 4915 stianorum.

1894 4998 1899 5030 ῖ
1935 4988 2454 5069 .(19).Aglmra'dicetn
2496 4990 2745 5069 Capitolii
2790 5001 2873 5069 est
2903 4982 3058 5045 locus
3084 5029 3098 5053 ,
3145 4984 3465 5069 nobilitatus

1896 5056 2130 5112 vinculis
2157 5057 2256 5111 SS.
2275 5058 2417 5114 Petri
2445 5071 2499 5112 et
2525 5056 2676 5114 Pauli
2700 5070 2754 5115 et
2777 5062 3008 5116 aliorum
3035 5065 3357 5126 martyrum,
3388 5056 3462 5108 uti

1897 5129 2095 5196 saepius
2121 5128 2392 5196 diximus.
2430 5128 2655 5182 Hense/1.
2681 5132 2773 5183 cit.

1967 5195 2080 5265 (‘30)
2116 5195 2249 5251 Vide
2276 5198 2413 5251 infra
2450 5208 2561 5252 not.
2602 5199 2693 5252 24.

1969 5262 2079 5336 (2i)
2116 5267 2278 5335 Atqui
2311 5267 2587 5321 Christum
2618 5268 2758 5322 inter
2798 5267 2929 5321 deos
2958 5266 3123 5321 coluit
3143 5262 3462 5336 LAlexander

1898 5333 2012 5404 ipse
2037 5333 2218 5389 :'non_
2250 5337 2413 5406 igitur
2462 5339 2753 5391 amentiam
2792 5337 3055 5390 Palmatio
3099 5333 3462 5406 exprobrarit,

1897 5402 1996 5458 nec
2024 5406 2096 5458 ita
2121 5402 2469 5474 contemptim
2508 5407 2574 5460 de
2606 5406 2821 5460 Christo
2854 5406 3071 5459 locutus
3103 5402 3285 5474 fuerit.

1969 5474 2081 5543 (Ξῖ)
2132 5473 2303 5528 Verba
2338 5473 2450 5529 lucc
2472 5515 2486 5539 ,
2520 5475 2645 5529 licet
2693 5476 2748 5528 in
2790 5473 2849 5528 S.
2881 5474 3092 5529 Callisti
3125 5473 3300 5528 ofﬁcio
3332 5474 3468 5527 olim

1897 5544 2145 5609 recitata,
2171 5558 2234 5597 ex
2268 5544 2387 5612 ejus
2424 5544 2571 5599 Actis
2608 5543 2747 5597 sumi
2795 5552 3052 5612 potuere;
3110 5559 3211 5598 nec
3246 5558 3309 5596 ex
3344 5545 3465 5611 ejus

1899 5628 1994 5685 ore
2025 5613 2197 5685 magis
2236 5612 2467 5685 fortasse
2500 5614 2894 5685 processerint,
2948 5630 3111 5685 qualn
3162 5627 3226 5668 ea
3255 5629 3331 5683 ex
3370 5625 3467 5668 ore

1899 5682 2212 5749 Alexandri,
2238 5683 2302 5737 de
2331 5683 2529 5753 quibus
2554 5683 2716 5755 paulo
2742 5694 2886 5739 autc.
