3990 6214
357 285 374 292 ί
416 262 518 316 119

1657 258 1714 313 S.
1756 256 2068 313 CALLISTI
2109 257 2129 311 Ι
2169 256 2369 313 PAPIE

3553 245 3670 311 120'

466 366 540 433 ’6.
574 375 773 432 Tenuit
791 382 970 432 autem
988 382 1043 431 et
1065 375 1126 429 Β.
1146 373 1698 443 Calepodium,quem
1721 372 1847 428 fecit
1866 371 1980 442 (25)
2011 371 2058 428 A
2081 369 2201 426 lixti
2220 369 2484 440 episcopi,
2510 370 2697 426 dicens
2734 385 2747 420 :
2785 368 2944 424 Salva
2969 384 3056 425 me
3085 370 3154 426 ab
3172 371 3448 428 ulceribus
3493 371 3653 434 meis,

417 467 592 522 occidi
627 466 827 540 gladio,
859 474 912 521 et
933 480 1132 534 corpus
1157 463 1300 518 trahi
1333 478 1430 534 per
1451 462 1726 518 civitatem
1765 463 1868 518 sub
1897 462 1987 518 die

417 552 782 610 Kalendarum
811 553 936 609 Maii
965 553 1078 624 (24)
1103 570 1118 609 :
1159 551 1320 622 cujus
1345 565 1544 622 corpus
1564 551 1757 620 jactari
1780 549 1910 606 fecit
1931 550 1985 604 in

419 645 660 703 Tiberim
687 656 812 702 ante
843 646 1079 702 insulam
1101 644 1434 716 Lycaoniam
1459 645 1595 714 (25).
1625 643 1683 698 ln
1713 643 1845 713 ipsis
1873 642 1988 698 die-

416 731 524 788 bus
552 731 691 803 l‘ugit
738 731 799 787 B.
833 731 1082 787 Calixtus
1135 747 1259 788 cum
1297 731 1485 787 decem
1525 732 1740 788 clericis
1765 731 1903 796 suis,
1934 738 1989 785 et

417 821 708 879 abscondit
732 838 791 880 se
817 823 871 878 in
899 823 1124 879 domum
1151 823 1267 893 (26)
1296 823 1582 894 cujusdam
1608 822 1859 878 Pontiani
1885 838 1986 876 no-

418 923 533 979 ctu,
569 930 771 984 rogans
797 916 1096 984 piscatores
1128 930 1370 986 quaerere
1397 931 1598 986 corpus
1623 916 1684 971 Β.
1709 915 1986 986 Calepodii

416 1004 742 1074 presbyteri.
769 1001 928 1068 Quod
955 1003 1237 1058 inventum
1264 1004 1508 1059 levantes
1544 1003 1612 1058 de
1632 1003 1878 1066 ﬂumine,
1903 1019 1989 1056 re-

417 1093 802 1151 nuntiaverunt
829 1093 888 1148 B.
917 1093 1131 1152 Calixto
1151 1086 1429 1166 episcopo.
1460 1094 1614 1149 Tunc
1656 1094 1856 1165 gaudio
1900 1107 1988 1148 re-

414 1186 594 1256 pletus
619 1196 721 1243 est.
755 1185 913 1253 Quod
948 1203 1147 1258 corpus
1167 1198 1416 1246 sanctum
1436 1197 1718 1257 acceptum
1747 1186 1991 1244 condivit

415 1291 544 1334 cum
573 1278 911 1334 aromatibus
935 1287 990 1335 et
1027 1279 1457 1345 linteaminibus,
1483 1288 1538 1334 et
1565 1295 1692 1336 cum
1733 1279 1951 1350 hymnis
1968 1318 1985 1344 ,

414 1373 472 1422 et
493 1366 737 1435 sepelivit
763 1381 890 1425 eum
914 1367 970 1424 in
1000 1369 1316 1428 cmmeterio
1347 1369 1593 1441 ejusdem
1633 1368 1782 1440 (27),
1833 1377 1988 1426 sexto

414 1454 543 1512 ldus
567 1455 717 1515 Maii.

485 1546 542 1602 7.
579 1547 664 1603 Ab
700 1550 894 1606 eodem
941 1551 1028 1608 die
1054 1552 1169 1624 (28)
1216 1553 1382 1624 coepit
1427 1552 1733 1610 Alexander
1773 1553 1990 1610 curiose

415 1650 661 1707 querere
687 1639 750 1695 Β.
788 1641 1062 1698 Calixtum
1089 1645 1428 1716 episcopum.
1453 1646 1519 1702 Et
1545 1647 1882 1718 divulgatum
1905 1657 1990 1704 est

2089 462 2215 530 quia
2241 461 2402 517 credo
2423 460 2709 515 Dominum
2739 459 2928 516 Jesum
2955 460 3231 518 Christum
3273 462 3440 518 Deum
3467 465 3653 518 vivum

2089 560 2143 605 et
2171 566 2382 615 verum,
2404 552 2521 620 qui,
2552 551 2694 606 sicut
2715 549 2976 607 Blandam
3011 551 3277 617 liberavit,
3301 562 3492 621 potens
3509 562 3592 609 est
3605 563 3662 610 et

2091 655 2177 694 me
2204 641 2434 703 salvare,
2459 641 2582 708 quia
2613 640 2706 694 diu
2745 648 2829 694 est
2883 641 3028 710 quod
3082 655 3381 698 consumor
3432 642 3485 696 in
3517 641 3662 698 allii-

2091 731 2272 786 ctione
2301 731 2506 786 doloris
2530 731 2656 785 mei.
2687 730 2987 800 Respondit
3011 730 3073 786 B.
3099 731 3345 786 Calixtus
3369 733 3663 802 episcopus

2090 821 2315 878 dicens:
2359 824 2418 876 Si
2453 823 2630 878 credis
2655 837 2721 876 ex
2755 830 2867 878 toto
2904 823 3086 890 corde,
3115 823 3222 889 liii,
3260 832 3315 878 et
3348 823 3404 880 in
3435 826 3662 881 nomine

2093 915 2154 971 S.
2183 915 2466 970 Trinitatis
2498 914 2806 984 baptizatus
2837 913 3026 978 fueris,
3055 913 3431 970 mundaberis.
3463 914 3662 970 Priva-

2091 1012 2182 1062 tus
2208 1005 2366 1061 miles
2389 1004 2698 1074 respondit:
2732 1003 2844 1074 Ego
2871 1003 3054 1071 credo,
3086 1004 3214 1074 quia
3239 1005 3436 1060 liberat
3464 1014 3520 1060 et
3549 1005 3663 1060 sal-

2093 1104 2182 1149 vat
2205 1110 2292 1150 me
2325 1095 2590 1151 Dominus
2637 1095 2690 1148 in
2731 1095 3028 1163 baptismo,
3076 1110 3171 1164 per
3214 1110 3437 1151 manum
3484 1108 3658 1150 tuam.

2092 1185 2243 1242 Tunc
2275 1187 2338 1240 Β.
2378 1187 2622 1241 Calixtus
2653 1201 2777 1240 eum
2803 1185 3117 1254 baptizavit,
3154 1195 3209 1240 et
3236 1186 3310 1241 ita
3354 1201 3386 1240 a
3421 1186 3664 1263 vulneri.

2089 1277 2192 1333 bus
2215 1287 2269 1332 et
2296 1277 2510 1342 morbo,
2538 1292 2648 1347 quo
2679 1277 2985 1343 tenebatur,
3005 1279 3300 1333 mundatus
3319 1287 3423 1333 est.
3458 1277 3525 1334 Et
3547 1293 3665 1333 cae—

2089 1370 2165 1440 pit
2191 1369 2428 1424 clamare
2453 1368 2672 1424 dicens:
2707 1367 2852 1424 Deus
2875 1384 3036 1425 verus
3056 1379 3110 1425 et
3151 1369 3386 1426 Sanetus
3421 1379 3507 1426 est
3547 1369 3666 1426 Do-

2089 1462 2273 1516 minus
2307 1459 2482 1516 Jesus‘
2511 1460 2783 1526 Christus,
2808 1476 2970 1531 quem
3000 1461 3258 1532 praedicat
3297 1461 3360 1518 Β.
3411 1461 3666 1519 Calixtus

2091 1551 2424 1620 episcopus:
2456 1549 2584 1620 quia
2625 1549 2771 1604 idola
2810 1565 2950 1604 vana
2975 1560 3029 1605 et
3056 1559 3206 1606 muta
3235 1561 3662 1607 consumentur:

2091 1639 2236 1696 Deus
2266 1643 2411 1698 enim
2439 1649 2678 1698 aeternus
2703 1650 2791 1698 est
2820 1642 3096 1699 Christus.
3127 1641 3285 1709 Quod
3317 1642 3512 1700 iterum
3555 1659 3665 1700 au-

414 1729 488 1796 ei,
527 1731 672 1800 quod
703 1745 848 1788 esset
867 1733 920 1788 in
961 1707 1408 1794 domo'Pouiiani
1447 1738 1602 1809 juxta
1650 1707 1840 1795 υἶδθιιι
1880 1739 1986 1794 Ba.
2017 1707 2060 1763 Β
2091 1733 2248 1789 diens
2275 1732 2602 1800 Alexander,
2623 1733 2909 1788 iracundia
2929 1707 3234 1804 plenus—eo
3258 1735 3406 1805 quod
3433 1735 3666 1792 militem

413 1826 730 1882 vennutium
751 1843 764 1880 :
791 1830 1050 1900 misitque
1069 1832 1280 1887 occulte
1295 1846 1444 1889 trans
1461 1833 1700 1890 Tiberim
1733 1845 1787 1890 et
1813 1836 1988 1891 tenuit

413 1927 572 1968 eum:
603 1916 926 1986 praecipiens
952 1929 1012 1972 ut
1043 1920 1102 1974 in
1129 1921 1321 1976 eodem
1365 1922 1488 1978 loco
1533 1921 1679 1980 fame
1711 1926 1989 1981 cruciare-

414 2011 524 2059 tur.
559 2004 664 2071 Qui
692 2015 874 2062 tamen
905 2023 1031 2064 cum
1061 2021 1259 2080 quarto
1297 2012 1389 2069 die
1433 2013 1571 2068 nihil
1611 2016 1790 2072 victus
1827 2031 1988 2072 acce-

416 2095 607 2163 pisset,
622 2097 848 2166 jejuniis
866 2107 919 2153 et
947 2101 1287 2159 orationibus
1313 2105 1485 2175 magis
1505 2107 1985 2163 corroborabatur.

413 2182 530 2240 Hoc
569 2187 803 2244 audiens
844 2189 1174 2258 Alexander,
1217 2193 1382 2263 jussit
1406 2211 1533 2251 eum
1585 2197 1822 2256 fustibus
1852 2199 1988 2254 caedi

410 2277 668 2333 omnibus
695 2279 908 2346 diebus,
936 2291 990 2336 et
1013 2282 1068 2336 in
1097 2285 1286 2339 eodem
1317 2286 1440 2342 loco
1484 2290 1752 2344 custodia:
1779 2290 1989 2346 manci-

409 2369 553 2438 pari,
590 2379 649 2423 ut
679 2371 726 2426 si
747 2372 872 2441 quis
904 2373 972 2427 ad
1002 2389 1129 2430 eum
1148 2387 1316 2432 noctu
1348 2379 1580 2446 veniret,
1623 2381 1983 2436 occideretur.

411 2460 662 2531 Cumque
684 2463 872 2519 multis
905 2465 1096 2522 diebus
1117 2468 1233 2537 (29)
1269 2469 1327 2523 in
1358 2472 1605 2548 custodia
1631 2482 1780 2528 esset
1806 2489 1987 2528 mace-

409 2562 586 2618 ratus,
611 2556 756 2611 venit
777 2557 845 2611 ad
877 2573 1000 2612 eum
1031 2558 1090 2613 Β.
1114 2557 1440 2631 Calepodius
1480 2572 1646 2618 noctu
1687 2579 1784 2634 per
1813 2566 1986 2620 visio-

410 2662 558 2713 nem,
574 2657 627 2703 et
643 2651 957 2707 consolatus
981 2664 1067 2709 est
1087 2669 1211 2708 eum
1237 2655 1426 2711 dicens
1446 2673 1459 2709 :
1479 2656 1698 2712 Firmus
1720 2666 1858 2722 esto,
1878 2657 1984 2712 Pa-

411 2743 532 2791 ter:
565 2739 691 2807 quia
720 2755 920 2797 corona
947 2751 1038 2797 tua
1067 2744 1182 2812 jam
1226 2745 1466 2814 perfecta
1502 2757 1620 2803 eat:
1651 2756 1710 2804 ut
1749 2749 1986 2818 accipias

409 2843 443 2882 a
476 2827 588 2883 Deo
608 2831 928 2900 condignam
962 2833 1168 2890 laboris
1188 2837 1266 2891 tui
1297 2839 1625 2894 mercedem.
1655 2839 1854 2895 Beatus
1887 2855 1987 2894 au-

411 2927 519 2974 tem
543 2919 791 2976 Calixtus
817 2922 1076 2980 insistens
1102 2927 1362 2994 orationi,
1396 2945 1506 2988 non
1534 2931 1785 2987 cessabat
1812 2931 1988 2986 Domi-

411 3024 542 3063 num
572 3010 872 3078 deprecari.

481 3097 536 3152 8.
553 3098 685 3154 Erat
713 3111 894 3156 autem
919 3103 1114 3159 ibidem
1149 3108 1369 3176 quidam
1389 3108 1563 3175 miles,
1589 3108 1840 3167 Privatus
1868 3113 1980 3184 (50)

411 3189 654 3256 nomine,
683 3194 776 3261 qui
803 3205 922 3248 erat
955 3196 1230 3252 ulceribus
1257 3199 1470 3267 plenus,
1527 3209 1583 3254 et
1633 3202 1984 3257 cruciabatur

369 3356 375 3358 _
411 3279 499 3334 die
520 3294 584 3336 ac
603 3291 761 3337 nocte
789 3283 1089 3340 doloribus.
1121 3285 1221 3342 Hic
1248 3287 1396 3342 misit
1427 3303 1487 3343 se
1513 3288 1580 3342 ad
1604 3289 1768 3358 pedes
1802 3289 1984 3346 B.Ca-

453 3411 602 3492 (23)
638 3413 1082 3492 Martyrologium
1111 3417 1296 3474 Bedec:
1341 3437 1360 3471 ι
1389 3418 1539 3475 Fecit
1569 3421 1742 3476 occidi
1789 3437 1819 3475 a
1844 3420 1984 3478 Lao-

411 3480 592 3536 dicier
610 3501 628 3534 ι
659 3480 1048 3541 Ηειυέειιειιῖυε.

455 3551 987 3640 Ξ(εξέξ)μβςᾼιυριιξιιιιι
1026 3557 1185 3638 μιιίὶιί
1239 3559 1413 3640 movit
1458 3560 1576 3615 dies
1626 3559 1802 3640 prima
1854 3559 1980 3640 Maii

413 3621 504 3698 hic
615 3620 1039 3698 Galepodiineci
1068 3629 1366 3696 assignate,
1392 3645 1522 3684 num
1564 3620 1774 3685 scilicet
1805 3632 1980 3698 posita

415 3691 531 3768 hac
550 3691 619 3768 S._
637 3691 914 3768 Calepodii
938 3697 1089 3768 necis
1119 3691 1359 3768 enocba,
1385 3715 1508 3767 quae
1537 3691 1821 3754 hactenus
1831 3710 1981 3768 gesta

409 3763 468 3814 in
503 3760 676 3840 Actis_
699 3760 978 3840 dicuntur,
997 3766 1095 3840 ‘ab
1106 3837 1116 3840 _
1131 3760 1445 3840 Alexandri
1470 3770 1684 3840 imperii
1713 3760 1981 3839 principio

413 3845 586 3910 usque
610 3831 679 3912 ad
705 3830 974 3889 Kalendas
995 3835 1271 3917 Maiianni
1295 3837 1403 3919 222
1426 3830 1748 3920 ﬁeri'reips'a
1784 3830 1978 3907 potue-

409 3909 539 3977 rtnt.
574 3900 664 3977 Sic
680 3917 755 3977 ‘ea
773 3902 1041 3977 plorettus
1077 3905 1226 3977 Disq‘.
1261 3908 1285 3960 1
1327 3925 1380 3961 ιιι
1410 3909 1690 3973 Auctarto,
1715 3923 1834 3977 cap.
1861 3910 1894 3962 9
1929 3919 1980 3963 ct

409 3948 886 4047 £18.33;
901 3948 1063 4047 dis-po
1070 3948 1491 4047 iti‘ll'mlpei‘uarcu
1499 3948 1699 4033 K1233

410 3993 500 4032 ιυ,
529 3993 583 4040 p.
604 3993 706 4025 me
727 4012 743 4036 ,
766 3993 878 4027 lere
906 3993 1175 4043 disponit:
1199 3993 1273 4029 ιιιι
1315 3993 1471 4032 erarc
1501 3993 1799 4033 Alexander
1816 3993 1978 4047 cmptt

410 4041 684 4118 a_nno_222
711 4043 799 4096 die
846 4059 896 4118 vi
934 4044 1244 4118 Martiigab
1280 3993 1382 4118 Bac
1420 4047 1509 4118 die
1555 4061 1730 4116 usque
1755 4047 1823 4100 ad
1879 4064 1978 4118 xm

410 4110 655 4187 ejusdem
691 4113 1101 4187 tnensis_po_t_uit_
1117 4114 1420 4187 Alexander
1444 4110 1723 4187 tabernam
1757 4117 1979 4170 merito-

407 4179 570 4242 riam,
590 4179 705 4248 jam
742 4191 870 4254 ante
898 4179 950 4234 iit
976 4183 1410 4254 Christianorum
1450 4186 1706 4254 templum
1747 4200 1978 4239 conver-

409 4261 552 4322 sam,
583 4253 850 4322 rescripto
888 4267 990 4306 suo
1022 4251 1350 4306 Christianis
1380 4251 1631 4309 addicere
1652 4294 1666 4319 ,
1704 4264 1757 4308 et
1814 4255 1979 4322 Capi-

410 4316 602 4387 tolium
638 4316 783 4387 tangi
817 4320 1063 4383 fulmine,
1097 4322 1141 4376 si
1173 4338 1279 4374 non
1331 4333 1456 4376 ante
1485 4316 1686 4378 annum
1740 4323 1846 4376 222
1875 4316 1974 4378 ista

409 4369 762 4460 contigerint?
793 4388 1016 4460 Factum
1039 4369 1201 4444 fuerit
1224 4391 1344 4445 Jovi
1375 4394 1610 4460 primum
1639 4369 1975 4448 sacrificium
2009 4369 2054 4422 Β

411 4453 566 4516 (vide
625 4471 789 4536 num:
832 4459 885 4579 1)
929 4460 1018 4514 die
1080 4476 1167 4514 xtv
1214 4453 1416 4526 Martii,
1467 4463 1562 4531 qui
1606 4478 1672 4518 eo
1695 4463 1977 4529 anno,lit-

411 4531 525 4576 tera
577 4521 899 4579 Domintcai
955 4528 1016 4579 Ρ.
1049 4529 1165 4579 dies
1196 4529 1346 4579 Iovis
1399 4532 1517 4579 fuit.
1556 4535 1815 4579 Acmtsnri
1863 4543 1976 4579 tum

410 4521 910 4602 tera__D_omi_nical‘i_
955 4528 1016 4602 Ε,
1040 4529 1165 4602 dies
1196 4529 1346 4586 Jovis
1397 4521 1517 4586 inii.
1555 4535 1816 4587 Accusari
1847 4521 1978 4587 'tum

410 4592 574 4671 empti
611 4591 814 4649 fuerint
849 4597 1167 4671 Christiani,
1195 4610 1467 4671 tanquam
1513 4603 1804 4665 malorum,
1859 4619 1980 4671 quae

411 4661 1058 4741 acciderant,_auctores.
1111 4661 1243 4741 Cirin
1279 4661 1456 4741 «lien
1481 4671 1680 4737 Martii,
1713 4661 1806 4741 qui
1856 4661 1975 4727 dies

410 4729 664 4785 Mercurii
699 4733 824 4799 fuit,
887 4736 1090 4790 factum
1128 4737 1289 4792 fuerit
1331 4739 1600 4795 Mercurio
1646 4729 1972 4796 sacriﬁcium

409 4802 674 4880 alterum,
731 4805 798 4880 de
856 4821 967 4874 quo
1015 4822 1166 4880 num.
1231 4809 1284 4860 2.
1352 4809 1568 4865 Tertius
1621 4827 1764 4866 noro
1797 4812 1978 4880 prodi-

409 4869 846 4950 gio_Palmaliu§
871 4869 1230 4950 illaptismum
1289 4880 1422 4950 petit
1464 4896 1475 4930 :
1511 4880 1653 4934 diem
1695 4869 1972 4949 posterum

409 4941 564 5019 (vide
601 4959 753 5019 num.
813 4945 888 5014 5)
922 4941 1470 5019 ,jeju_nio_transigit:
1525 4949 1611 5003 die
1665 4941 1777 5002 x'xn
1835 4950 1979 5005 Mar-

408 5011 470 5064 ιιι
518 5011 843 5083 baptismum
871 5011 1100 5085 recipit.
1140 5015 1270 5072 Post
1307 5011 1424 5073 diés
1456 5033 1608 5073 χχχιι
1649 5018 1792 5090 (vide
1822 5035 1974 5074 num.

2089 1823 2365 1878 Privatum
2394 1825 2743 1894 baptizasset,
2770 1825 2990 1881 mittens
3027 1826 3155 1881 fecit
3168 1824 3447 1882 Privatum
3470 1827 3664 1898 plum-

2089 1915 2232 1971 batis
2274 1915 2406 1970 caedi
2448 1924 2504 1970 et
2544 1915 2808 1971 deiicere:
2848 1915 3122 1972 Calixtum
3178 1933 3308 1973 vero
3339 1919 3664 1990 episcopum

2089 2022 2186 2077 per
2212 2006 2504 2062 fenestram
2527 2007 2726 2064 domus
2751 2009 3077 2078 praecipitari
3098 2050 3114 2075 ,
3149 2010 3425 2081 ligatoque
3449 2011 3518 2067 ad
3542 2012 3663 2067 col-

2090 2103 2200 2154 lum
2231 2099 2353 2168 ejus
2373 2113 2527 2165 saxo,
2558 2099 2613 2153 in
2643 2108 2869 2169 puteum
2900 2100 3142 2172 demergi
3167 2110 3222 2156 et
3256 2102 3313 2156 in
3359 2118 3428 2158 eo
3459 2103 3664 2158 rudera

2087 2191 2362 2247 cumulari
2390 2191 2525 2262 (3i).
3207 2191 3211 2196 ’

2085 2311 2099 2347 -,
2157 2284 2210 2339 9.
2251 2282 2383 2340 Post
2419 2283 2538 2340 dies
2591 2297 2722 2339 vero
2775 2283 2963 2339 decem
3015 2291 3071 2338 et
3117 2293 3322 2354 septem
3371 2285 3485 2356 (32)
3513 2287 3663 2342 venit

2087 2376 2370 2446 presbyter
2398 2376 2542 2446 ejus,
2588 2375 2814 2430 nomine
2863 2376 3115 2431 Asterius
3145 2392 3268 2431 cum
3305 2377 3522 2433 clericis
3561 2394 3666 2433 no-

2087 2476 2198 2532 ctu,
2225 2478 2284 2521 et
2308 2467 2507 2521 levavit
2527 2481 2729 2537 corpus
2755 2465 2815 2521 B.
2849 2466 3045 2522 Ca-lixti
3082 2469 3324 2537 episcopi
3352 2478 3405 2523 ct
3435 2469 3663 2525 honori-

2087 2557 2187 2612 licc
2224 2556 2466 2624 sepelivit
2521 2556 2574 2609 in
2610 2554 2924 2610 coemetcrio
2971 2555 3275 2625 Calepodii,
3302 2558 3387 2610 via
3415 2557 3662 2624 Aurelia,

2085 2649 2258 2718 pridie
2287 2649 2409 2703 ldus
2431 2647 2700 2703 Octobris.
2720 2643 2850 2700 Post
2877 2645 2996 2701 dies
3015 2659 3196 2702 autem
3227 2665 3320 2703 sex
3345 2648 3459 2718 (55)
3484 2649 3662 2703 tenuit

2087 2737 2392 2793 Alexander
2416 2739 2689 2794 Asterium
2724 2741 3134 2810 presbyterum:
3187 2755 3348 2809 quem
3403 2739 3662 2808 praecepit

2087 2843 2182 2898 per
2208 2840 2425 2898 pontem
2457 2831 2804 2900 praecipitari.
2837 2829 3010 2900 Cujus
3041 2840 3293 2884 sanctum
3339 2845 3540 2899 corpus
3573 2831 3660 2884 in-

2087 2929 2307 2976 ventum
2335 2929 2419 2977 est
2445 2922 2498 2975 in
2531 2919 2702 2986 Ostia,
2725 2932 2823 2976 eta
2854 2922 3179 2992 quibusdam
3210 2921 3540 2976 Christianis
3567 2937 3659 2976 se-

2013 3044 2057 3102 c
2091 3013 2298 3081 pultum
2350 3012 2403 3065 in
2457 3011 2646 3067 eadem
2693 3012 2910 3068 civitate
2943 3013 3044 3071 sub
3068 3013 3154 3067 die
3181 3029 3256 3066 xu
3289 3011 3658 3066 Kalendarum

2090 3102 2442 3158 Novembris:
2488 3113 2747 3174 regnante
2786 3103 3018 3160 Domino
3044 3111 3231 3158 nostro
3280 3102 3406 3159 Jesu
3439 3104 3662 3159 Christo

2089 3197 2183 3267 qui
2208 3195 2340 3250 vivit
2371 3205 2425 3250 et
2456 3205 2648 3265 regnat
2670 3197 2811 3252 Deus
2841 3211 2936 3266 per
2970 3195 3157 3251 omnia
3191 3196 3388 3252 saecula
3425 3196 3659 3251 saeculo-

2086 3303 2230 3342 rum.
2254 3286 2457 3347 Amen.

2090 3425 2176 3494 4),
2217 3421 2805 3494 Palmatiumreqnirit
2825 3421 3130 3494 Alexander
3152 3420 3240 3475 die
3265 3421 3465 3488 Aprilis
3491 3437 3656 3494 xxiv;

2085 3491 2245 3562 eique
2295 3493 2688 3562 sistitur_(vi'de
2721 3507 2871 3562 num.
2924 3492 2978 3556 4)
3019 3491 3200 3544 triduo
3252 3500 3392 3562 post,
3435 3507 3528 3544 seu
3570 3493 3662 3546 die

2085 3559 2286 3631 Aprilis
2307 3577 2477 3631 xxvii.
2507 3559 2763 3631 sequenti
2785 3561 3253 3631 triduoservatur
3284 3559 3579 3615 Palmatins
3603 3563 3659 3615 in

2085 3629 2293 3688 aedibus
2325 3629 2612 3700 Simplicii,
2632 3631 2834 3684 Blanda
2856 3639 2909 3684 et
2939 3629 3253 3700 Simplicius
3281 3631 3621 3700 baptizantur
3641 3650 3659 3685 :

2085 3711 2281 3772 quarto
2333 3698 2512 3772 autem
2569 3710 2692 3772 post
2725 3701 2832 3764 die,
2869 3715 2963 3754 seu
2996 3698 3253 3772 Kalendis
3281 3699 3429 3765 Maii,
3465 3699 3522 3753 S.
3550 3699 3659 3754 Ca-

2085 3769 2332 3842 lepodius
2358 3769 2585 3842 ejtgsque
2614 3769 2758 3825 Socii
2786 3770 3104 3842 martyrium
3138 3769 3394 3842 subeunt.

2159 3842 2273 3910 (25)
2300 3837 2404 3895 Seu
2424 3837 2759 3904 Tiber-mam,
2781 3837 3011 3910 nunc}.
3031 3837 3412 3910 Barrtltolomwi
3427 3839 3654 3905 dictam,

2085 3907 2358 3966 obaadem
2387 3911 2514 3964 huic
2539 3926 2772 3965 sacram.
2808 3908 2888 3963 Ex
2927 3907 3291 3962 llenschenio.

2157 3981 2269 4050 (26)
2297 3980 2650 4036 Postmodum
2679 3993 3000 4035 conversam
3030 3979 3085 4032 in
3112 3979 3418 4046 ecclesiam,
3454 3977 3513 4032 S.
3531 3978 3659 4034 Cal-

2084 4051 2209 4104 listo
2240 4065 2472 4104 sacram.

2156 4119 2268 4188 (27)
2311 4117 2466 4183 Quod
2504 4118 2820 4188 nimirum__a
2855 4116 2912 4170 S.
2940 4115 3272 4188 Calcpodio,
3306 4132 3429 4172 cum
3468 4117 3660 4186 junior

2084 4185 2258 4250 esset,
2275 4188 2454 4242 extrui
2483 4188 2727 4256 potuisse
2754 4185 3132 4256 Hienschenius
3161 4197 3345 4242 censet
3367 4202 3485 4256 pag.
3522 4188 3652 4241 498.

2157 4258 2268 4328 (28)
2312 4256 2454 4322 Quo,
2485 4257 2668 4328 audita
2694 4255 2752 4310 S.
2786 4255 3053 4328 Simplicii
3075 4257 3304 4326 ejusque
3327 4257 3656 4328 familiaedad

2083 4325 2650 4398 lidem'convcrsimie,
2667 4326 2796 4398 capi
2819 4326 2876 4380 S.
2907 4325 3260 4396 Calepodium
3296 4327 3522 4397 ejusque
3552 4326 3661 4380 So-

2087 4398 2203 4452 cios
2229 4397 2486 4464 iusserat.

2158 4463 2270 4534 (29)
2299 4465 2404 4518 Sed
2441 4479 2555 4534 non
2580 4464 2874 4519 admodum
2903 4465 3124 4534 multis:
3156 4465 3413 4518 nimirum
3460 4463 3547 4534 t7.

2157 4533 2271 4606 (ὅθ)
2298 4536 2454 4606 Alius
2476 4551 2504 4587 a
2540 4533 2597 4588 S.
2634 4537 2832 4591 Saturo
2857 4536 2921 4606 in_
2961 4533 3402 4606 Hieronymianis
3449 4533 3653 4605 Marty-

2086 4603 2308 4675 rologiis
2335 4606 2403 4660 ad
2429 4605 2570 4658 diem
2596 4620 2672 4658 xu
2699 4614 2752 4660 et
2775 4621 2863 4658 nv
2889 4603 3140 4659 Octobris
3167 4603 3520 4675 annunciato.

2158 4671 2270 4747 (ΞΠ)
2301 4675 2834 4747 Annoprobabilius
2865 4675 3096 4747 222,di_e
3115 4685 3196 4726 xu
3237 4671 3507 4747 Octobris.

2158 4743 2270 4815 (52)
2301 4743 2674 4815 Verosimilius
2713 4760 2743 4797 a
2776 4743 2833 4798 S.
2865 4744 3076 4815 Callisti
3111 4745 3422 4815 captivitate
3449 4758 3652 4815 nume—

2084 4812 2286 4870 rando's
2309 4829 2376 4868 ex
2407 4813 2709 4884 Comment.
2744 4829 2909 4882 prtev.
2945 4814 2973 4884 §
3017 4817 3052 4871 5
3077 4853 3092 4874 ,
3129 4814 3182 4867 id
3215 4823 3318 4878 est,
3363 4829 3396 4867 a
3427 4812 3514 4868 die
3545 4813 3655 4868 cir-

2082 4887 2216 4940 citer
2244 4899 2388 4937 xxvii
2421 4882 2775 4950 Septembris.

2157 4953 2806 5026 (‘55)7Yerosimiliusﬂegr
2831 4952 2991 5026 dictis
3037 4953 3104 5026 in
3141 4951 3445 5026 Comment.
3486 4967 3651 5020 prter.

2088 5021 2258 5080 ιιιιιῐι.⁷
2276 5025 2346 5079 53
2369 5039 2396 5077 a
2425 5037 2560 5078 nece
2584 5022 2643 5077 S.
2673 5021 2906 5088 Callisti,
2937 5038 3031 5078 seu
3057 5023 3143 5078 die
3169 5022 3423 5078 Octobris
3455 5036 3611 5074 xvut.
