3990 6214
537 272 674 350 r35

1829 293 1884 346 8.
1920 292 2000 345 CA
2014 287 2254 344 LLISTll
2286 286 2482 342 PAWE

3711 285 3812 338 fil

575 412 799 468 Factum
826 423 901 468 est
927 412 1135 469 verbum
1161 411 1374 466 Domini
1402 413 1470 466 ad
1496 427 1597 479 me,
1617 412 1793 466 dicens
1819 429 1836 465 :
1863 411 1990 466 ch
2011 412 2138 464 dicit
2173 413 2214 468 Α
2242 409 2371 478 quia
2421 406 2703 476 indignum
2743 414 2854 471 est,
2903 414 2963 458 ιιι
3008 406 3199 458 doctor
3273 403 3532 459 stulto"et
3572 403 3812 464 indocto.

572 502 830 556 Dominus
851 505 1208 558 exercituum:
1227 501 1374 557 Sicut
1399 504 1646 572 cogitavi,
1666 511 1720 556 ut
1738 504 2014 573 aﬂligerem
2035 519 2141 565 vos,

571 609 693 646 cum
715 594 784 646 ad
807 595 1134 648 iracundiam
1174 603 1541 664 provocassent
1582 610 1662 646 me
1684 603 1860 661 patres
1889 593 2068 656 vestri,
2095 602 2144 645 et

573 699 677 736 non
719 699 835 736 sum
877 685 1155 749 misertus;
1194 685 1271 738 sic
1296 699 1571 738 conversus
1617 683 1844 752 cogitavi
1883 684 1938 735 in
1964 682 2143 734 diebus

571 776 711 836 istis,
741 784 798 826 ut
827 773 1147 844 benefaciam
1167 773 1464 828 Jerusalem
1498 784 1546 828 et
1573 775 1753 826 domui
1771 773 1935 826 Iuda.
1967 771 2145 825 Nolite

573 865 773 918 timere.
806 862 933 917 Haac
954 873 1074 918 sunt
1106 863 1256 917 verba
1273 880 1389 933 qua:
1416 863 1626 932 facietis
1651 879 1669 916 :
1697 862 1974 932 loquimini
2004 861 2143 913 veri-

573 963 731 1007 tatem
749 957 1106 1024 unusquisque
1131 971 1249 1008 cum
1267 956 1508 1024 proximo
1529 969 1658 1016 suo;
1679 954 1950 1007 veritatem
1980 960 2027 1004 et
2055 950 2145 1017 ju-

571 1047 768 1099 dicium
793 1047 937 1114 pacis
950 1046 1188 1113 judicate
1219 1047 1273 1098 in
1293 1047 1459 1114 portis
1481 1046 1686 1108 vestris,
1717 1053 1765 1096 et
1793 1042 2144 1110 unusquisque

571 1137 770 1190 malum
805 1147 989 1190 contra
1016 1139 1243 1190 amicum
1273 1153 1426 1190 suum
1451 1153 1512 1190 ne
1545 1136 1782 1205 cogitetis
1816 1135 1871 1187 in
1899 1131 2142 1186 cordibus

569 1226 776 1289 vestris,
801 1235 848 1278 et
866 1225 1232 1293 juramentum
1287 1226 1514 1278 mendax
1554 1240 1616 1277 ne
1646 1224 1900 1293 diligatis.
1951 1221 2143 1274 Omnia

569 1317 711 1370 enim
739 1317 848 1368 Ιιωε
872 1325 992 1368 sunt
1016 1331 1133 1384 qua:
1162 1315 1326 1378 odivi,
1355 1315 1484 1366 dicit
1511 1313 1763 1366 Dominus
1797 1313 2138 1366 exercituum.

573 1405 641 1458 Et
691 1406 889 1474 factum
938 1416 1013 1459 est
1063 1401 1272 1458 verbum
1313 1404 1524 1456 Domini
1577 1404 1900 1457 exercituum
1929 1401 1998 1454 ad
2043 1418 2140 1462 me,

570 1497 744 1548 dicens
777 1511 794 1546 :
837 1494 964 1548 ch
997 1496 1127 1547 dicit
1161 1494 1417 1546 Dominus
1449 1494 1772 1547 exercituum
1807 1508 1825 1544 :
1867 1490 2140 1559 Jejunium

570 1586 768 1654 quarti,
814 1595 864 1638 et
895 1585 1158 1653 jejunium
1197 1585 1387 1653 quinti.
1427 1592 1474 1635 et
1503 1579 1772 1652 jejunium
1820 1582 2051 1658 septimi,
2095 1590 2142 1632 et

565 1677 828 1745 jejunium
867 1677 1056 1729 decimi
1099 1676 1196 1728 erit
1223 1675 1402 1727 domui
1428 1672 1574 1726 Juda
1613 1675 1664 1725 in
1699 1673 1974 1742 gaudium,
2005 1681 2054 1724 et
2089 1673 2141 1724 in

2246 508 2408 567 atque
2448 497 2950 566 reprehensibiliter
3001 495 3239 561 viventi,
3286 495 3607 563 respondeat
3656 494 3816 563 juxta

2246 588 2530 644 stultitiam
2560 602 2740 650 suam,
2767 585 2982 640 dicente
3008 583 3286 654 Scriptura
3314 601 3328 639 :
3355 583 3475 637 Non
3500 585 3817 651 respondeas

2245 678 2411 732 stulto
2428 677 2589 747 juxta
2617 677 2904 730 stultitiam
2933 692 3089 728 suam
3115 677 3178 729 ¹¹.
3217 673 3337 728 Non
3369 674 3503 728 bene
3531 675 3684 739 vivit,
3715 675 3819 743 qui

2245 783 2352 820 non
2395 776 2537 820 recte
2562 766 2604 798 “
2628 765 2818 820 credit.
2854 763 2996 818 Nihil
3033 765 3161 818 mali
3191 763 3336 831 vult,
3367 765 3458 834 qui
3491 764 3660 819 fidelis
3705 772 3817 819 est.

2247 856 2302 910 Si
2333 857 2455 924 quis
2483 856 2654 910 ﬁdelis
2685 865 2787 919 est,
2818 855 2994 908 videat
3029 855 3255 910 nelalsa
3286 855 3665 925 loquatur,aut
3692 855 3821 908 cui-

2243 962 2408 1016 quam
2439 947 2669 1002 insidias
2703 955 2887 1016 ponat.
2916 946 3114 1001 Fidelis
3145 949 3310 1001 homo
3343 962 3559 1016 semper
3583 947 3820 1001 ﬁdeliter

2245 1038 2373 1106 agit,
2425 1045 2479 1091 et
2527 1037 2758 1091 inﬁdelis
2805 1037 2998 1092 callide
3051 1038 3358 1103 insidiatur,
3409 1049 3568 1106 atque
3627 1037 3823 1093 ﬁdeles

2243 1134 2297 1177 et
2320 1125 2404 1192 pie
2434 1139 2499 1179 ac
2523 1125 2668 1193 juste
2694 1125 2931 1178 viventes
2960 1125 3183 1194 perdere
3210 1126 3418 1190 nititur,
3450 1126 3575 1195 quia
3615 1125 3821 1181 similis

2244 1213 2476 1266 similem
2507 1214 2610 1268 sibi
2648 1215 2858 1282 quaerit.
2916 1215 3151 1269 lnlidelis
3178 1195 3346 1268 homo
3365 1225 3612 1268 mortuus
3641 1225 3725 1268 est
3759 1216 3817 1268 in

2243 1317 2470 1370 corpore
2502 1303 2735 1358 vivente.
2794 1305 2858 1358 Et
2887 1313 3074 1358 contra
3122 1319 3398 1359 sermones
3432 1304 3604 1358 ﬁdelis
3637 1305 3820 1357 horni-

2245 1393 2329 1447 nis
2361 1393 2522 1446 vitam
2555 1394 2868 1449 custodiunt
2904 1394 3232 1448 auditorum.
3286 1393 3567 1447 Doctorem
3596 1395 3741 1449 enim
3773 1395 3820 1426 "

2244 1484 2592 1548 catholicum,
2624 1495 2677 1538 et
2705 1485 2976 1554 praecipue
3014 1485 3228 1538 Domini
3265 1485 3619 1550 sacerdotem,
3668 1486 3818 1539 sicut

2246 1574 2394 1628 nullo
2436 1590 2620 1628 errore
2669 1575 2972 1644 implicari,
3023 1576 3098 1629 ita
3151 1577 3294 1629 nulla
3341 1585 3553 1646 oportet
3603 1576 3812 1630 machi-

2245 1663 2466 1716 natione
2493 1671 2588 1716 aut
2613 1664 2907 1732 cupiditate
2940 1665 3151 1720 violari.
3191 1665 3404 1720 Dicente
3433 1668 3628 1736 quippe
3660 1667 3818 1722 Scri-

576 1768 844 1828 twtitiam,
901 1775 950 1818 et
1008 1767 1062 1818 in
1109 1765 1460 1817 solemnitates
1515 1763 1836 1832 prazclaras;
1878 1763 2140 1815 veritatem

2248 1761 2402 1820 plura
2449 1761 2636 1808 sancta
2678 1772 2690 1807 :
2729 1753 2859 1807 Post
2901 1757 3348 1824 concupiscentias
3397 1768 3512 1810 tuas
3553 1774 3651 1809 non
3696 1774 3816 1821 eas,

573 1867 776 1910 tantum
809 1867 855 1910 et
880 1872 1056 1926 pacem
1076 1855 1301 1925 diligite,
1325 1855 1453 1907 dicit
1473 1854 1724 1907 Dominus
1756 1852 2140 1908 exercituum‘.

572 1953 629 2002 1η
663 1951 764 2002 hoc
793 1963 922 2016 ergo
965 1961 1155 2000 omnes
1205 1962 1303 2000 ltus
1344 1948 1365 1978 ⁸
1411 1945 1697 1999 unanimes
1744 1952 1954 2012 oportet
2002 1958 2142 2008 esse,

572 2049 631 2092 ut
669 2038 967 2091 secundum
1014 2035 1368 2104 apostolicam
1400 2035 1726 2097 doctrinam,
1750 2033 1977 2102 idipsum
2001 2034 2146 2087 dica-

571 2145 685 2180 mus
726 2144 934 2190 omnes,
970 2136 1018 2178 et
1061 2143 1161 2179 non
1207 2129 1314 2180 sint
1347 2129 1402 2180 in
1434 2128 1581 2180 nobis
1623 2126 1931 2180 schismata.
1967 2125 2143 2178 Simus

569 2225 745 2269 autem
787 2215 1002 2284 perfecti
1047 2215 1100 2267 in
1126 2216 1302 2267 eodem
1346 2232 1521 2278 sensu,
1547 2225 1595 2268 et
1636 2216 1687 2268 in
1729 2216 1908 2268 eadem
1940 2225 2146 2268 senten-

571 2306 645 2358 tia
669 2305 712 2371 ⁸,
739 2306 792 2359 in
819 2305 979 2374 cujus
1007 2305 1187 2374 operis
1212 2305 1498 2358 devotione
1525 2306 1864 2373 gratulamur
1893 2305 2140 2359 dilectio.

569 2412 692 2450 nem
728 2405 874 2448 tuam
903 2410 1024 2450 esse
1056 2404 1385 2450 consortem.
1413 2394 1530 2450 Non
1560 2395 1714 2450 decet
1737 2396 1879 2449 enim
1915 2410 1945 2448 a
1968 2397 2144 2464 capite

568 2485 813 2539 membra
865 2485 1198 2548 dissidere’,
1253 2485 1378 2548 sed,
1430 2486 1583 2555 juxta
1633 2501 1802 2539 sacra:
1849 2484 2142 2554 Scriptura:

567 2573 962 2637 testimonium,
990 2575 1169 2626 omnia
1190 2577 1421 2627 membra
1444 2583 1600 2642 caput
1625 2576 1972 2644 sequantur".
1997 2573 2141 2628 Nulli

565 2682 697 2720 vero
743 2666 968 2720 dubium
1019 2675 1104 2720 est
1153 2667 1308 2736 (58),
1359 2667 1502 2735 quod
1553 2667 1850 2736 apostolica
1900 2666 2140 2721 Ecclesia

565 2765 742 2810 mater
770 2757 841 2811 sit
868 2756 1114 2810 omnium
1160 2755 1547 2823 Ecclesiarum,
1584 2774 1612 2810 a
1639 2757 1795 2825 cujus
1819 2773 1913 2812 vos
1942 2757 2142 2826 regulis

566 2847 878 2901 nullatenus
931 2849 1188 2902 convenit
1243 2848 1482 2902 deviare.
1533 2846 1597 2901 Et
1648 2848 1790 2902 sicut
1834 2845 1927 2900 Dei
1973 2846 2143 2902 Filius

567 2937 722 2991 venit
757 2935 937 2991 facere
970 2939 1302 2990 voluntatem
1336 2929 1513 2990 Patris
1541 2937 1582 2999 ’,
1621 2939 1700 2991 sic
1737 2945 1793 2990 et
1821 2951 1918 2990 vos
1947 2937 2140 2990 volun-

567 3037 729 3081 tatem
762 3037 952 3082 vestree
988 3029 1255 3097 impleatis
1305 3030 1494 3082 matris
1523 3029 1587 3094 ¹⁰,
1622 3045 1742 3096 qua:
1770 3037 1852 3082 est
1879 3028 2137 3091 Ecclesia,

566 3118 724 3185 cujus
772 3127 955 3186 caput.
1007 3127 1066 3170 ut
1109 3117 1429 3187 praedictum
1479 3126 1582 3181 est,
1636 3118 1880 3171 Romana
1929 3120 2139 3173 exsistit

565 3207 829 3262 Ecclesia.
872 3209 1145 3277 Quidquid
1187 3223 1318 3278 ergo
1345 3209 1386 3238 “
1413 3209 1532 3263 sine
1562 3209 1889 3262 discretione
1914 3209 2141 3276 justitia:

566 3308 760 3353 contra
792 3300 955 3369 hujus
985 3301 1330 3370 disciplinam
1381 3311 1561 3356 actum
1602 3302 1792 3366 fuerit,
1826 3313 2002 3357 ratum
2040 3305 2138 3358 lla-

565 3389 679 3444 beri
712 3391 852 3445 ratio
887 3391 1034 3446 nulla
1063 3393 1347 3461 permittit.

919 3616 995 3670 De
1028 3611 1490 3670 criminationibus
1516 3619 1814 3672 doctorum.

635 3728 1054 3784 Criminationes
1080 3744 1208 3784 vero
1243 3737 1430 3784 contra
1463 3727 1738 3784 doctorem
1775 3745 1937 3784 nemo
1966 3733 2142 3786 susci—

566 3819 698 3890 piat,
733 3818 860 3888 quia
902 3835 1011 3872 non
1045 3826 1259 3888 oportet
1298 3819 1439 3873 ﬁlios
1490 3818 1884 3888 reprehendere
1935 3832 2138 3889 patres,

559 3923 668 3965 nec
693 3923 882 3964 servos
911 3909 1164 3963 dominos
1186 3909 1444 3963 lacerare.
1482 3907 1606 3960 Filii
1635 3923 1767 3978 ergo
1793 3920 1920 3964 sunt
1945 3911 2136 3964 docto-

567 4015 712 4065 rum,
757 4013 949 4053 omnes
991 4014 1128 4067 quos
1178 3997 1476 4052 instruunt.
1527 3996 1595 4051 Et
1636 3999 1779 4052 sicut
1818 3999 1912 4053 ﬁlii
1959 4010 2140 4068 patres

567 4089 834 4153 carnales,
863 4089 944 4143 sic
972 4098 1026 4142 et
1055 4089 1110 4141 hi
1136 4097 1315 4156 patres
1336 4087 1535 4142 debent
1554 4087 1781 4156 diligere
1805 4089 2136 4157 spiritualcs.

566 4179 686 4234 Non
731 4181 877 4236 enim
926 4180 1064 4233 bene
1106 4178 1259 4244 vivit,
1310 4179 1404 4247 qui
1457 4193 1567 4232 non
1619 4188 1765 4233 recte
1809 4180 2003 4245 credit,
2047 4190 2142 4234 aut

568 4280 749 4340 patres
809 4270 1176 4340 reprehendit,
1231 4269 1316 4323 vel
1372 4269 1606 4322 detrahit
1664 4285 1816 4325 suos.
1879 4269 2140 4324 Doctores

565 4379 717 4433 ergo,
750 4363 842 4432 qui
873 4372 927 4417 et
967 4371 1147 4430 patres
1175 4370 1456 4423 vocantur,
1493 4359 1667 4429 magis
1690 4360 1937 4428 portandi
1970 4376 2132 4429 quam

566 4453 996 4522 reprehendendi
1032 4462 1188 4516 sunt,
1233 4452 1334 4506 nisi
1374 4451 1428 4504 in
1467 4461 1612 4504 recta
1659 4450 1764 4504 ﬁde
1807 4452 2132 4505 erraverint.

566 4541 758 4596 Nullus
783 4559 911 4612 ergo
933 4544 1211 4597 doctorem
1255 4559 1346 4610 per
1388 4541 1591 4610 scripta
1621 4550 1860 4605 accuset,
1899 4557 1999 4596 nec
2033 4541 2136 4596 nisi

567 4634 712 4688 lldeli
735 4629 788 4688 et
815 4635 1076 4702 legitimo,
1101 4636 1194 4704 qui
1226 4636 1388 4691 etiam
1421 4634 1946 4704 irreprehensibilem
1970 4634 2136 4688 vitam

565 4740 632 4781 ac
659 4725 1127 4780 conversationem
1181 4725 1366 4790 ducat,
1420 4725 1723 4780 accusatori
1777 4725 2134 4794 respondeat:

634 4870 658 4902 ⁸
679 4870 845 4926 Zach.
869 4886 988 4937 VIII,
1011 4871 1158 4926 1-19.
1231 4871 1251 4902 ⁵
1278 4870 1335 4925 8.
1357 4869 1467 4925 Leo
1494 4886 1580 4939 ep.
1599 4873 1668 4925 33
1689 4881 1741 4926 ct
1763 4871 1851 4926 84.

563 4943 587 4973 ⁸
608 4939 764 4994 Joan.
788 4957 864 5003 vl,
893 4940 983 4994 '58.

567 5013 610 5043 “
635 5009 792 5064 Prov.
824 5026 972 5073 xxvi,
1001 5010 1056 5064 4.

564 5091 708 5134 sent.
739 5079 866 5141 202,
899 5096 963 5134 ex
991 5080 1131 5148 Aug.
1171 5081 1222 5132 in
1265 5095 1347 5148 ps.
1383 5095 1490 5148 ων.

564 5217 717 5272 ιειιιζ
795 5220 838 5250 ⁸⁸
868 5217 1133 5285 8.ξΑωι›π-.
1168 5219 1377 5288 εμίῖί.
1455 5221 1498 5250 ²²
1525 5217 1579 5272 8.
1607 5217 1716 5273 Leo
1741 5235 1826 5288 ep.
1857 5220 1946 5273 5'2.

563 5289 824 5343 detractis
865 5289 1135 5344 additisve
1160 5288 1489 5358 quibusdam
1533 5289 1882 5358 interpolata.

634 5400 750 5467 (38)
806 5400 961 5455 Nulli
1006 5419 1121 5456 vero
1169 5402 1408 5456 dubium.
1480 5402 1778 5458 Romanam
1837 5403 2130 5460 Ecclesiam

564 5479 893 5541 matremet
924 5483 1086 5541 caput
1127 5487 1250 5528 esse
1288 5473 1530 5527 omnium
1592 5475 1822 5528 aliarum
1866 5475 2134 5529 Ecclesia-

565 5553 708 5612 rum,
741 5539 962 5612 evidens
990 5539 1372 5597 testimonium
1410 5551 1594 5597 notatu
1632 5543 2012 5612 dignissimum
2048 5543 2135 5597 hic

556 5607 837 5684 traditur:
871 5611 1026 5684 plura
1077 5613 1386 5684 testimonia
1422 5614 1538 5668 vide
1579 5607 1720 5684 apud
1756 5612 2010 5668 Bcllarm.
2060 5613 2134 5666 De

562 5676 716 5730 Rom.
749 5676 896 5748 ponti.
925 5679 1052 5734 Sev.
1087 5681 1288 5736 BINIUS.

1103 4871 1158 4926 9.
1231 4871 1251 4902 "
1278 4871 1335 4925 S.
1357 4871 1467 4925 Leo
1494 4873 1668 4939 ep.33
1689 4881 1741 4926 ct
1763 4871 1851 4926 84.
1930 4871 1986 4924 ⁸1
2017 4871 2160 4925 Petr.
2190 4886 2270 4925 ιη.
2355 4892 2357 4894 ·
2383 4871 2605 4925 ⁷ἀίειίη.
2631 4871 2734 4923 12:
2764 4871 2880 4923 Non
2915 4871 2976 4923 de

1095 4941 1136 4971 ¹⁰
1163 4941 1303 5003 idem
1338 4941 1565 4993 habetur
1595 4941 1734 4994 infra
1765 4943 1816 4994 in
1848 4941 1994 4995 decr.
2021 4943 2056 4994 ‘2
2087 4941 2344 5009 Stephani
2397 4939 2414 4991 l
2464 4950 2516 4992 et
2546 4941 2681 4993 Sixti
2715 4956 2864 5008 papa:
2892 4938 2976 4992 lll.

1136 5012 1178 5041 ¹³
1204 5009 1340 5063 Sixti
1387 5012 1666 5064 sententiae
1711 5011 1763 5073 6,
1800 5011 1918 5075 167,
1953 5013 2074 5075 189,
2108 5011 2233 5064 205.

1570 5081 1609 5109 ⁸⁷
1636 5096 1833 5134 canon.
1866 5083 1899 5134 9
1927 5078 2082 5136 cmic.
2109 5080 2329 5134 Nicatni.

563 5151 618 5210 5,
645 5149 910 5219 lnjustmn
929 5143 1330 5216 judicium.etc.°
1350 5151 1390 5180 ⁸³³
1414 5147 1472 5201 8.
1498 5148 1750 5218 Prosperi
1782 5159 1921 5204 sent.
1950 5151 2071 5213 179,
2101 5166 2162 5203 ex
2199 5149 2411 5218 S.Aug.
2430 5164 2483 5202 IX
2502 5143 2813 5200 Confess.c.
2842 5146 2895 5200 9.
2974 5149 3018 5179 ²⁰
3039 5143 3280 5215 ejusdem
3310 5163 3376 5200 ex
3403 5143 3644 5202 eodem'i

564 5234 717 5272 xcnt.
795 5220 838 5250 “
868 5217 1133 5272 SJAmbr.
1168 5219 1377 5274 en.t2l.
1455 5221 1498 5250 ²²
1525 5217 1579 5272 8.
1607 5217 1716 5273 Leo
1741 5235 1826 5274 en.
1857 5220 1946 5273 5‘2.
2023 5221 2067 5252 ²³
2092 5221 2146 5273 8.
2177 5218 2285 5274 Leo
2315 5233 2400 5274 eo.
2445 5218 2534 5274 51,
2589 5219 2748 5274 cuius
2783 5217 2944 5270 verba
2985 5227 3042 5270 ut
3070 5217 3485 5274 praecedentium
3516 5227 3644 5271 auct

2134 5259 2146 5272 .
2177 5231 2285 5276 Ι.λοθ
2315 5233 2400 5288 ep.
2445 5231 2534 5280 Μ,
2589 5232 2748 5285 (ξυιυς
2783 5231 2944 5270 verna
2985 5231 3042 5270 Ill
3070 5231 3485 5284 praecedentium
3516 5231 3810 5271 allCIOI‘llm

2245 1849 2294 1892 et
2339 1857 2370 1892 a
2401 1841 2664 1894 voluntate
2695 1853 2786 1895 tua
2819 1855 3049 1897 avertere
3091 1846 3132 1876 ¹⁸
3162 1859 3175 1897 :
3212 1847 3397 1899 multis
3431 1846 3591 1914 hujus
3623 1847 3817 1902 mundi

2245 1929 2543 1993 illecebris,
2587 1933 2773 1987 multis
2818 1936 3151 1990 vanitatibus
3198 1938 3557 1991 resistendum
3608 1949 3710 2003 est,
3753 1948 3818 1993 ut

2245 2034 2384 2072 verae
2407 2020 2750 2074 continentia:
2779 2022 3088 2075 obtineatur
3115 2023 3412 2092 integritas.
3439 2022 3609 2092 Cujus
3637 2025 3815 2093 prima

2244 2116 2327 2162 est
2367 2107 2516 2162 labes
2549 2109 2821 2177 superbia,
2854 2109 3070 2162 initium
3107 2111 3552 2176 transgressionis
3579 2120 3630 2163 et
3661 2111 3818 2179 origo

2244 2198 2482 2264 peccati:
2509 2198 2765 2266 quoniam
2800 2213 2954 2250 mens
2976 2207 3173 2266 .sponte
3198 2198 3373 2258 avida,
3408 2213 3507 2251 nec
3539 2197 3817 2251 abstinere

2245 2288 2413 2349 novit,
2451 2304 2547 2342 nec
2571 2288 2755 2356 pietati
2785 2288 3044 2342 adhibere
3071 2304 3391 2343 consensus.
3423 2287 3613 2342 Nullus
3642 2290 3816 2342 bono-

2242 2395 2364 2432 rum
2397 2380 2441 2410 “
2472 2381 2750 2434 inimicum
2799 2381 2980 2446 habet,
3015 2382 3119 2436 nisi
3161 2381 3383 2446 malum,
3414 2381 3506 2450 qui
3543 2380 3662 2434 ideo
3688 2394 3817 2434 esse

2243 2470 2591 2538 permittitur,
2624 2480 2681 2526 ut
2709 2483 2802 2527 aut
2829 2473 3152 2542 corrigatur,
3184 2481 3278 2525 aut
3305 2486 3398 2540 per
3434 2471 3607 2539 ipsum
3633 2471 3818 2524 bonus

2243 2570 2578 2615 exerceatur.
2633 2561 2904 2631 Quidquid
2945 2578 3074 2632 ergo
3106 2562 3147 2592 "
3178 2560 3652 2629 irreprehensibilc
3701 2559 3813 2621 est,

2244 2649 2506 2703 catholica
2543 2650 2782 2705 defendit
2800 2629 3074 2706 Ecclesia.
3125 2648 3269 2702 Nulli
3309 2649 3622 2718 imperatori
3647 2649 3692 2680 ¹⁸
3725 2629 3837 2702 Vel.

2244 2741 2480 2809 cuipiam
2513 2741 2768 2809 pietatem
2821 2741 3169 2804 custodienti,
3219 2741 3347 2795 licet
3381 2740 3582 2810 aliquid
3619 2748 3816 2794 contra

2245 2832 2497 2885 mandata
2555 2832 2737 2886 divina
2784 2847 3126 2902 priesumere.
3182 2832 3446 2900 lnjustum
3493 2846 3622 2900 ergo
3657 2831 3818 2899 india

2243 2923 2386 2975 cium
2421 2931 2475 2976 et
2501 2921 2750 2976 diﬁinitio
2775 2923 2998 2991 iniusta,
3033 2924 3182 2992 regio
3206 2931 3349 2976 metu
3380 2931 3472 2975 aut
3497 2922 3677 2990 jussu,
3707 2933 3806 2976 aut

2242 3013 2617 3082 cujuscunque
2659 3013 2896 3082 episcopi
2927 3023 3020 3066 aut
3050 3015 3303 3082 potentis,
3351 3030 3379 3067 a
3403 3014 3678 3082 iudicibus
3710 3028 3804 3067 or-

2241 3101 2424 3154 dinata
2449 3103 2531 3155 vel
2561 3112 2704 3164 aeta,
2733 3119 2839 3156 non
2868 3104 3058 3157 valeat.
3093 3102 3307 3158 Homini
3339 3105 3590 3173 religioso
3617 3120 3810 3173 parum

2241 3208 2360 3244 esse
2385 3193 2545 3246 debet
2576 3195 2618 3224 ³³
2649 3193 2963 3247 inimicitias
2994 3194 3226 3246 aliorum
3275 3210 3382 3248 non
3419 3209 3690 3257 exercere,
3726 3197 3812 3248 vel

2241 3295 2439 3350 augere
2474 3281 2615 3335 male
2655 3282 2948 3351 loquendo,
2981 3282 3086 3334 nisi
3130 3284 3290 3336 etiam
3333 3298 3426 3338 eas
3465 3283 3811 3353 exstinguere

2241 3370 2375 3424 bene
2394 3371 2665 3440 loquendo
2690 3371 2978 3426 studuerit.
3003 3373 3195 3427 Melior
3219 3382 3300 3427 est
3323 3374 3367 3404 ὀ
3390 3375 3445 3427 in
3469 3373 3626 3427 malis
3651 3372 3816 3428 factis

2245 3458 2795 3524 humilisconfessio,
2821 3475 2985 3528 quam
3011 3461 3064 3514 in
3096 3461 3251 3514 bonis
3278 3461 3506 3529 superba
3539 3461 3821 3531 gloriatio-

2240 3546 2442 3602 Omnes
2485 3564 2611 3602 vero
2660 3550 2752 3618 qui
2805 3559 2991 3604 amant
3017 3552 3059 3582 ’ί
3092 3551 3261 3605 vitam
3312 3552 3546 3617 beatam,
3600 3554 3810 3606 malum

2239 3654 2359 3690 eam
2401 3640 2810 3709 tranquillitatis
2858 3656 2971 3695 sua:
3009 3651 3061 3695 et
3099 3641 3322 3710 iustitiae
3368 3652 3508 3697 statu
3562 3659 3814 3710 currere.

2240 3745 2401 3797 quam
2448 3739 2760 3784 nostrorum
2803 3742 3155 3800 peccatorum
3191 3733 3369 3802 poenis
3409 3735 3689 3790 ultricibus
3720 3736 3814 3790 in-

2242 3818 2518 3886 terpolari.
2566 3817 2772 3873 Memor
2808 3821 2953 3874 enim
3003 3837 3123 3875 sum
3154 3824 3222 3886 “,
3268 3837 3356 3876 me
3397 3823 3500 3877 sub
3529 3823 3673 3879 illius
3707 3839 3827 3879 no-

2242 3909 2388 3961 mine
2418 3909 2674 3963 Ecclesiaa
2723 3911 3011 3978 praesidere
3035 3911 3167 3980 ('59),
3201 3911 3358 3980 cujus
3394 3927 3424 3965 a
3452 3911 3680 3966 Domino
3710 3930 3818 3968 no-

2241 4009 2355 4052 stro
2378 3997 2505 4054 Jesu
2538 3999 2755 4054 Christo
2792 4010 2874 4055 est
2909 4001 3206 4070 gloriﬁcata
3251 4001 3542 4069 confessio,
3570 4013 3624 4058 et
3649 4004 3820 4072 cujus

2241 4090 2375 4144 ﬁdes
2422 4104 2615 4145 omnes
2659 4105 2872 4159 semper
2909 4091 3145 4146 destruit
3189 4107 3424 4147 errores.
3474 4091 3539 4146 Et
3569 4095 3817 4164 intelligo

2239 4178 2396 4232 aliter
2447 4179 2583 4232 mihi
2638 4194 2749 4233 non
2802 4179 2987 4246 licere,
3031 4196 3196 4250 quam
3248 4191 3309 4236 ut
3349 4197 3538 4238 omnes
3577 4194 3814 4239 conatus

2242 4283 2392 4324 meos
2436 4270 2486 4323 ei
2522 4285 2736 4336 causae,
2778 4270 2831 4323 in
2867 4285 2973 4339 qua
3009 4271 3335 4328 universalis
3367 4271 3624 4328 Ecclesia:
3657 4274 3816 4328 salus

2242 4359 2550 4434 infestatur,
2599 4359 2932 4429 impendam.
2989 4361 3158 4430 Spero
3196 4374 3374 4416 autem
3426 4363 3735 4418 adfuturam
3761 4365 3815 4397 ³³

2241 4449 2665 4505 misericordiam
2694 4451 2973 4521 Dei,:quod
3001 4464 3327 4522 cooperante
3351 4453 3470 4523 ejus
3494 4455 3812 4520 clementia,

2241 4541 2418 4596 omnis
2461 4542 2683 4610 pestifer
2733 4542 2989 4606 morbus,
3033 4542 3152 4611 ipso
3193 4543 3441 4612 pellente,
3490 4542 3809 4599 auferatur.

2240 4643 2292 4687 et
2316 4633 2579 4702 quidquid
2612 4633 2731 4702 ipso
2771 4634 3067 4702 inspirante
3097 4645 3259 4702 atque
3286 4634 3584 4689 auxiliante
3609 4636 3817 4704 poterit

2242 4724 2532 4780 salubriter
2577 4724 2715 4790 ﬁeri,
2759 4739 2885 4780 cum
2922 4735 3029 4778 tua:
3054 4724 3177 4779 ﬁdei
3207 4734 3261 4779 et
3297 4726 3602 4781 devotionis
3645 4727 3814 4782 laude

2355 4870 2734 4925 ·⁷(1ἱειίιι.12;
2764 4869 2880 4923 Νοη
2915 4870 3069 4924 decet
3101 4887 3130 4923 a
3157 4871 3352 4938 capite.
3460 4871 3482 4902 ⁸
3513 4870 3679 4925 ICor.
3704 4886 3810 4924 xu.
3833 4889 3846 4898 ο

2397 4939 2411 4971 Ι
2464 4950 2510 4971 nl
2546 4941 2680 4971 Qi-Ii
2715 4956 2864 4971 unum
2892 4938 2952 4971 ΙΙΙ
3080 4942 3117 4971 ιι
3157 4942 3349 4971 Διὶ-ἀοι..
3400 4942 3500 4971 nn”
3567 4942 3599 4971 ἰ
3633 4951 3681 4971 nl
3713 4941 3785 4971 ιζἺ

2314 4942 2344 4993 ιί
2397 4941 2414 4991 l
2464 4950 2516 4992 et
2546 4941 2681 4993 Sixti
2715 4956 2864 5008 papa:
2892 4941 2976 4992 lll.
3080 4942 3117 4971 ”
3149 4942 3372 4995 Adrian.
3399 4942 3526 4996 coll.
3567 4942 3600 4994 ’5
3633 4951 3686 4994 et
3713 4941 3812 4994 67.

2314 5011 2356 5042 ¹⁵
2380 5009 2436 5064 S.
2467 5009 2576 5062 Leo
2609 5026 2694 5077 ep.
2727 5011 2816 5062 55.
2892 5010 2934 5039 ¹⁵
2961 5008 3105 5063 ECcl.
3137 5025 3289 5071 mn,
3317 5010 3404 5064 50.
3486 5011 3528 5040 ⁸⁸
3552 5010 3814 5076 Prosperi

2428 5080 2472 5110 ⁸⁸
2499 5094 2654 5150 eone:
2676 5079 2832 5130 Boni.
2851 5093 2935 5150 Δγι,
2967 5077 3419 5150 subSymmacluo
3451 5095 3612 5150 papa,
3634 5079 3718 5150 ll,
3745 5095 3811 5147 q.

2974 5149 3018 5179 ²⁰
3039 5148 3280 5215 ejusdem
3310 5163 3376 5200 ex
3403 5148 3604 5202 eodem
3632 5149 3684 5199 in
3717 5163 3809 5215 ps.

2313 5402 2423 5472 (39)
2453 5401 2655 5472 Memor
2674 5399 2812 5472 enim
2835 5414 2971 5461 sum,
2997 5415 3077 5452 me
3103 5399 3206 5472 sub‘
3225 5399 3376 5472 illius
3402 5399 3607 5452 nomine
3631 5397 3814 5450 Eccle-

2239 5467 2335 5552 sia}
2367 5467 3010 5552 prwsidere..ﬂo.ma.num
3061 5469 3368 5552 po'nltiﬁcem
3428 5483 3806 5552 successorem

2239 5536 2382 5595 Petri
2436 5554 2586 5600 esse,
2637 5539 2725 5591 hic
2777 5536 3076 5593 indicatur:
3124 5536 3285 5590 Plura
3341 5537 3650 5592 testimonia
3681 5537 3811 5589 vide

2241 5611 2380 5678 apud
2412 5607 2719 5660 Bcllarmin.
2768 5607 2839 5660 De
2882 5606 3104 5678 Roman.
3149 5618 3290 5675 pont.
3343 5607 3436 5662 lib.
3469 5622 3527 5671 tt,
3563 5622 3682 5677 cap.
3720 5607 3816 5670 li,

2241 5677 2292 5735 et
2327 5679 2508 5733 multis
2539 5678 2658 5731 aliis
2685 5679 3052 5748 sequentibus.
3094 5677 3165 5730 In.
