3990 6214
286 317 362 370 125

1679 309 2055 365 EPISTOLAZ.

3329 317 3431 373 19.6

278 442 503 505 peragatur.
533 425 796 490 Quoniam
829 440 914 481 res
943 442 1133 481 omnes
1161 427 1316 482 aliter
1345 438 1470 482 tnta:
1500 444 1618 484 esse
1650 444 1758 482 non
1791 439 1831 491 Α
1866 423 2163 495 recipiendi
2196 422 2262 490 “,
2314 439 2415 479 nec
2453 424 2657 487 eorum
2713 425 2797 479 vel
2847 428 3430 487 anathematizatorum

276 531 455 595 possunt,
494 517 607 577 nisi,
649 532 774 585 qua-
821 516 887 570 ad
928 517 1099 571 divini
1149 520 1391 574 muneris
1431 520 1748 573 famulatum

272 613 506 680 pertinent,
550 604 900 659 sacerdotalis
951 605 1205 660 defendat
1250 608 1572 661 auctoritas.
1625 605 1753 659 Data

270 699 484 753 undecimo
516 693 778 748 Kalendas
826 694 1169 757 Decembris,
1221 696 1499 749 Antonino
1543 703 1595 749 et
1631 695 1755 748 Ale-

266 790 418 845 xandro
444 786 558 839 viris
587 784 908 839 clarissimis
937 785 1255 840 consulibus
1277 786 1343 841 ³⁵.

743 915 1081 971 EPISTOLA
1121 916 1185 969 ll.

498 1027 557 1062 AD
596 1024 769 1062 OLVES
808 1023 1113 1063 GALLIABUM
1152 1022 1451 1063 EPISCOPOS.

258 1122 313 1176 De
344 1116 781 1186 conspirationibns
832 1126 879 1168 et
922 1117 1137 1184 reliquis
1193 1117 1402 1170 illicitis
1452 1120 1647 1184 causis,
1690 1136 1753 1173 ne

301 1192 422 1255 ﬁant,
448 1190 571 1240 etde
608 1188 938 1251 reparatione
966 1186 1101 1253 lapsi
1140 1200 1253 1255 post
1288 1188 1676 1255 paenitentiam.

304 1277 629 1333 Dilectissimis
660 1275 921 1330 fratribus
949 1292 1042 1344 per
1059 1276 1259 1331 Gallias
1283 1278 1614 1345 constitutis,
1635 1278 1757 1332 uni-

254 1371 381 1423 vctsis
413 1366 684 1434 epise0pis,
720 1364 1045 1417 Cacusrus.

315 1455 639 1509 Plurimorum
696 1454 866 1506 relatu
917 1453 1285 1520 comperimus
1322 1454 1367 1484 ³³
1417 1452 1754 1508 dilectionem

253 1558 429 1599 vestram
468 1544 672 1597 fervore
700 1541 937 1611 Spiritus
967 1543 1138 1595 sancti
1176 1542 1249 1596 ita
1281 1541 1533 1598 Ecclesia:
1557 1542 1752 1613 guber-

253 1638 394 1689 uacula
422 1634 632 1687 ﬁrmiter
657 1642 849 1687 contra
885 1632 1119 1701 impetus
1156 1641 1337 1687 tenere
1366 1641 1420 1687 et
1452 1648 1659 1702 regere,
1690 1643 1749 1688 ut

251 1727 470 1796 naufragia
487 1734 574 1779 aut
596 1723 1005 1793 naufragiorum
1024 1724 1367 1790 detrimenta,
1389 1725 1498 1780 Deo
1514 1735 1754 1791 auctore,
1787 1766 1830 1820 Β

251 1837 328 1872 non
369 1819 562 1871 sentiat.
636 1814 864 1869 Talibus
930 1815 1098 1885 igitur
1162 1816 1457 1885 gloriantes
1515 1818 1751 1880 indiciis,

251 1924 447 1979 ngamus
478 1948 492 1973 ,
567 1921 636 1960 ne
696 1906 752 1959 in
822 1906 930 1959 illis
986 1906 1233 1975 partibus
1300 1916 1488 1961 contra
1555 1916 1753 1962 statuta

248 1997 485 2065 apostolica
533 1995 834 2063 quidquam
886 1994 999 2048 ﬁeri
1036 1994 1249 2057 sinatis,
1284 1994 1379 2049 sed
1412 2002 1602 2048 nostra
1637 1993 1754 2048 fulti

249 2086 521 2150 auctoritate,
548 2085 741 2139 nociva
774 2083 1319 2154 compescite,illicita
1346 2084 1648 2154 prohibete.

250 2312 306 2364 De
334 2314 384 2374 iis
412 2313 489 2381 qui
525 2312 833 2380 conspirant
872 2312 1121 2391 adversus
1147 2310 1433 2380 episcopos,
1460 2309 1538 2364 vel
1559 2311 1649 2380 qui
1679 2310 1754 2364 eis

819 2390 1167 2435 consentiunt.

295 2472 731 2541 Conspirationum
764 2487 897 2527 vero
928 2472 1159 2526 erimina
1188 2472 1383 2527 vestris
1416 2472 1469 2525 in
1505 2471 1752 2541 partibus

246 2564 383 2631 vigere
412 2564 711 2618 audivimus
732 2604 749 2629 ,
782 2573 837 2617 et
866 2562 1050 2632 plebes
1081 2572 1273 2617 contra
1303 2564 1592 2631 episcopos
1622 2577 1755 2618 suos

246 2656 500 2722 mnspirare
549 2656 711 2709 nobis
761 2652 1173 2708 manifestatum
1210 2655 1254 2685 ’°
1286 2664 1388 2709 est.
1430 2654 1602 2720 Cujus
1642 2654 1751 2708 cri-

245 2746 367 2797 minis
388 2746 570 2799 astutia
598 2762 705 2799 non
739 2747 917 2799 solum
954 2746 1094 2805 inter
1148 2745 1492 2800 Christianos
1546 2745 1757 2799 abomi-

245 2835 398 2887 nabilis
422 2845 532 2887 est:
565 2836 657 2889 sed
689 2835 855 2889 etiam
892 2836 1033 2889 inter
1057 2835 1337 2900 ethnicos,
1365 2844 1419 2888 et
1451 2835 1520 2888 ab
1551 2834 1756 2889 exteris

245 2925 410 2993 legibus
450 2926 739 2993 prohibita.
798 2924 864 2979 Et
899 2925 1106 2980 idcirco
1141 2925 1307 2995 hujus
1346 2926 1596 2980 criminis
1636 2941 1757 2980 reos

248 3031 328 3067 non
362 3016 516 3069 solum
554 3016 980 3082 ecclesiasticae,
1023 3016 1117 3071 sed
1155 3017 1317 3070 etiam
1362 3017 1556 3071 saeculi
1605 3016 1757 3069 dam—

245 3114 344 3156 nant
374 3105 541 3173 leges:
567 3116 622 3160 et
654 3123 765 3160 non
802 3107 977 3161 solum
1012 3107 1424 3176 conspirantes,
1471 3107 1562 3161 sed
1594 3111 1757 3159 etiam
1786 3102 1826 3158 C

246 3195 559 3248 consentientes
601 3196 678 3249 eis
713 3196 780 3247 '7.
822 3198 1211 3251 Antecessores
1251 3212 1381 3251 vero
1417 3197 1584 3252 nostri
1631 3213 1754 3252 eum

245 3283 423 3346 plurima
444 3286 592 3337 turba
621 3286 1360 3357 episcoporum,quicuuque
1390 3302 1578 3341 eorum
1598 3288 1648 3341 in
1671 3303 1761 3341 sa-

250 3372 451 3427 cerdotali
488 3375 697 3430 honore
725 3385 855 3429 sunt
880 3377 1075 3445 positi,
1112 3388 1207 3432 aut
1233 3379 1503 3433 exsistunt
1541 3380 1754 3445 clerici,

251 3462 430 3527 honore,
464 3480 568 3533 quo
608 3474 862 3532 utuntur,
900 3466 1093 3520 cadere
1122 3467 1167 3499 ’⁸
1198 3478 1572 3537 praeceperunt
1602 3487 1614 3521 :
1650 3483 1753 3522 ea}-

250 3562 354 3605 teras
380 3568 491 3609 vero
523 3556 910 3610 communione
946 3557 1180 3626 privari,
1213 3568 1265 3613 et
1298 3559 1366 3612 ab
1396 3558 1634 3614 Ecclesia
1664 3577 1758 3613 ex-

251 3648 377 3696 torres
421 3646 528 3698 ﬁeri
561 3646 886 3714 jusserunt;
919 3662 1218 3717 omnesque
1263 3649 1426 3703 simul
1470 3651 1757 3719 utriusque

250 3734 407 3786 ordinis
437 3735 577 3791 viros
613 3736 849 3792 infames
886 3752 1009 3792 esse
1042 3748 1374 3793 censuerunt
1402 3757 1416 3805 _:
1450 3752 1503 3793 et
1539 3756 1639 3792 non
1672 3755 1757 3792 so-

250 3822 327 3875 lum
358 3827 583 3894 facientes
606 3870 621 3893 ,
664 3832 756 3885 sed
795 3842 844 3885 et
873 3834 947 3886 eis
989 3836 1383 3887 consentientes.
1426 3834 1641 3889 Iustum
1676 3846 1758 3889 est

250 3915 353 3967 enim
382 3921 439 3982 ³³,
467 3932 521 3975 ιιι
571 3924 665 3991 qui
716 3924 899 3977 divina
944 3928 1302 3979 contemnunt
1350 3926 1601 3979 mandata
1629 3965 1643 3990 ,
1696 3934 1750 3980 et

251 4002 557 4065 inohedientes
578 4022 797 4081 patrum
824 4015 1094 4070 exsistunt
1111 4015 1453 4084 jussionihus
1475 4055 1489 4078 ,
1518 4016 1759 4070 sevcrio-

250 4095 362 4151 ribus
390 4104 725 4173 corrigmtur
764 4105 1054 4170 vindiciis,
1095 4117 1364 4177 quatenus
1403 4109 1581 4162 ueteri
1628 4109 1757 4163 talia

252 4192 528 4247 committere
558 4197 819 4261 timeant,
846 4206 901 4251 et
923 4213 1115 4253 omnes
1146 4200 1416 4268 gaudeant
1443 4200 1486 4230 ³ο
1519 4199 1759 4255 fraterna

250 4283 513 4346 concordia,
543 4295 599 4339 et
632 4288 819 4341 cuncti
854 4296 1075 4342 sumant
1113 4290 1421 4344 severitatis
1457 4300 1621 4358 atque
1662 4292 1758 4345 ho-

251 4369 389 4426 niutis
408 4376 867 4445 exemplum.Nam
891 4380 958 4443 si,
975 4379 1119 4448 quod
1144 4380 1305 4442 absit,
1328 4382 1757 4437 ecclesiasticam

252 4458 609 4517 sollicitudinem
637 4464 680 4495 ”
709 4465 1063 4535 vigoremque
1090 4468 1435 4538 negligimus,
1463 4471 1638 4537 perdit
1665 4471 1761 4526 de-

252 4546 349 4599 διάξει
380 4551 743 4622 disciplinam,
789 4564 844 4610 et
890 4558 1179 4613 animabus
1224 4559 1463 4613 lidclium
1518 4560 1759 4629 profecto

256 4639 501 4696 nocebitur.
540 4642 606 4697 lli
645 4661 771 4700 vero
811 4647 868 4699 in
916 4647 1122 4702 nullius
1171 4649 1577 4714 accusationem
1628 4662 1757 4707 sunt

295 4750 329 4779 “
349 4768 457 4835 ann.
484 4759 605 4812 222.
660 4762 755 4835 ___'_'
777 4760 1103 4835 _Simplicius
1134 4779 1221 4835 ep.
1246 4766 1295 4819 1.

254 4815 318 4870 Gr.
354 4829 479 4877 textu
522 4830 733 4883 concilii
766 4815 1021 4887 επιειιὲεὼ

253 4891 447 4970 gaudeat.
516 4898 557 4928 “
594 4896 650 4951 S.
684 4899 840 4970 Greg.
901 4917 987 4970 ep.
1040 4891 1100 4956 ll
1131 4943 1147 4966 ,
1204 4891 1318 4959 nn.’
1347 4891 1442 4959 κιῗ.

255 4968 365 5052 fatos
404 4980 607 5034 quoque
657 4983 708 5021 a.
798 4968 878 5001 ’³³
935 4968 1129 5051 Apost.
1186 4990 1309 5028 can.
1347 4975 1554 5039 “,1‘2.

257 5029 410 5098 Δᾼὼυ.
460 5037 561 5089 col.
614 5038 703 5090 lli.
802 5041 847 5070 ³⁸
870 5039 1120 5097 Amauus
1177 5054 1353 5098 const.
1409 5047 1479 5098 2.

254 5091 303 5146 9:
325 5083 714 5174 Nullusprimas
735 5150 751 5173 ,
787 5083 1444 5169 ιιυἷ’.τίηᾸῦι-Ῐὲδῑλὸῖ
1465 5087 1479 5111 ’

1410 4768 1455 4798 ’⁸
1482 4767 1795 4822 mandatum

305 5235 576 5313 (lolium
632 5248 985 5313 apostolorum
1050 5250 1455 5305 institutionem.
1512 5251 1762 5308 Canoncs

257 5308 589 5389 ippstolorum
619 5308 678 5389 ll
723 5324 778 5370 et
826 5317 891 5389 142
950 5318 1227 5389 intelligit,
1270 5321 1321 5373 in
1346 5337 1581 5389 quorum
1619 5322 1763 5378 notis

374 5393 491 5497 gate
542 5383 777 5442 diximus
826 5387 896 5441 de
959 5372 1759 5447 excommunicauit—vitandis:

326 5458 350 5495 ἶ.
374 5458 476 5501 BIN.

283 5510 560 5600 ζςξὶμὶιίοιζ
582 5523 644 5575 ab
678 5525 953 5600 apostolis.
992 5525 1224 5600 _Canone
1249 5527 1319 5581 55
1350 5538 1405 5582 et
1437 5528 1527 5592 56,
1561 5530 1761 5598 quibus

262 5585 437 5667 ξξιξαιιιίε
480 5585 743 5662 episcopis
799 5596 1095 5667 apostolica
1154 5598 1267 5666 lege
1324 5585 1659 5667 praecipitur,
1696 5615 1760 5654 ne

263 5645 295 5693 ό·
326 5645 343 5649 ⁷
512 5645 526 5658 ⁸
605 5645 612 5646 “
660 5645 738 5662 l’"
803 5645 1095 5673 “l'."""""
1154 5645 1266 5666 "0'
1325 5645 1659 5679 Ιξ”““¹“Ι”“¹“’ν
1696 5645 1754 5654 "“

266 5663 502 5737 3W5
552 5676 676 5737 sua;
714 5673 974 5718 terminos
1037 5669 1531 5735 transgrediuntur,
1568 5686 1754 5722 verum

266 5727 605 5800 Wltuselnguli
666 5735 807 5787 intra
869 5752 997 5791 suos
1048 5727 1354 5793 liucsvsese
1415 5727 1753 5794 contineant.

1054 4849 1161 4906 ,_c.
1207 4835 1286 4906 28
1306 4875 1320 4898 ,
1349 4836 1541 4906 legitur
1570 4839 2002 4896 ὲκπιπτέτωσαν.

1546 4906 1591 4938 ³⁸
1621 4908 1684 4973 2,
1716 4925 1770 4976 q.
1804 4908 1837 4961 4
1864 4928 1876 4962 :
1910 4906 2323 4981 Conspiratores
2356 4906 2406 4967 i'n
2438 4916 2550 4968 nul.

1546 5014 1554 5029 .
1693 4979 1738 5009 ⁸⁸
1767 4978 1807 5029 ΙΙ
1836 4976 1964 5032 Cor.
2000 4998 2049 5032 v1
2072 5022 2085 5032 .
2126 4983 2210 5032 Μ.
2307 4984 2353 5014 ³⁸
2386 4985 2438 5032 9-
2465 5001 2518 5032 ιι.

1693 4983 1738 5009 ³⁵
1767 4983 1807 5029 ll
1836 4983 1964 5035 Cor.
2000 4998 2085 5046 vr,
2126 4983 2210 5036 M.
2307 4984 2353 5014 ”
2386 4985 2433 5050 9,

1589 5046 1671 5101 tit.
1706 5048 1801 5114 l6,
1831 5048 1923 5105 lib.
1954 5068 2030 5119 tv,
2059 5053 2195 5107 Cod.
2226 5050 2433 5109 Theod.

1854 531 1991 581 vox,
2030 516 2200 571 ullum
2235 530 2434 571 nocere
2470 515 2562 571 vel
2591 529 2852 571 accusare
2881 527 3080 585 potest.

2622 628 2686 681 ll.

1856 725 1934 780 De
1972 726 2039 779 iis
2078 726 2167 795 qui
2205 724 2675 844 excommunigafiz
2736 726 3163 791 communicant,
3206 728 3285 781 uel
3318 729 3414 799 inﬁ

2575 810 2600 844 e
2628 810 2641 844 ι
2681 809 2761 844 ns.

2575 809 2761 845 euaus.

1930 883 2449 938 Exeommunicatos
2484 898 2701 952 quoque
2736 900 2765 937 a
2801 885 3177 941 sacerdotibus
3212 889 3278 956 ³³,
3307 890 3431 944 nul-

1854 975 1945 1029 lus
1974 976 2203 1044 recipiat
2232 983 2358 1028 ante
2389 974 2675 1044 utriusque
2704 976 2874 1043 partis
2900 976 3106 1045 justam
3139 980 3424 1035 examina-

1859 1069 2057 1121 tiouem
2086 1083 2187 1121 nec
2216 1082 2337 1120 cum
2366 1066 2447 1120 eis
2476 1065 2527 1118 in
2555 1065 2826 1133 oratione,
2856 1076 2948 1121 aut
2977 1069 3118 1132 cibo,
3149 1080 3243 1124 aut
3269 1081 3433 1141 potu,

1857 1167 1952 1211 aut
1992 1156 2181 1210 osculo
2221 1155 2628 1219 communicet,
2671 1171 2773 1210 nec
2813 1172 2912 1211 ave
2949 1157 3031 1212 eis
3069 1160 3213 1213 dicat
3254 1179 3267 1214 :
3304 1162 3433 1231 quia

1855 1248 2177 1317 quicunque
2212 1247 2267 1299 in
2310 1245 2395 1299 his
2430 1246 2510 1298 vel
2548 1244 2671 1300 aliis
2709 1248 3033 1316 prohibitis,
3067 1251 3301 1305 scienter
3337 1268 3434 1306 ev-

1856 1338 2279 1392 communicatis
2314 1336 2805 1392 eommunicaverit
2825 1379 2839 1403 ,
2866 1340 3024 1408 juxta
3056 1343 3430 1410 apostolorum

1846 1420 2258 1483 institutionem
2290 1427 2401 1495 (40)
2421 1468 2434 1489 ,
2465 1438 2517 1483 et
2540 1430 2654 1496 ipse
2678 1428 2841 1482 simili
2868 1432 3433 1489 excommunicatione

1860 1520 2167 1590 subjacebit
2193 1520 2255 1573 ”‘.
2290 1520 2371 1574 Ab
2405 1521 2489 1574 his
2520 1537 2650 1591 ergo
2686 1522 2867 1575 clerici
2905 1531 2957 1576 et
2998 1523 3121 1577 laici
3162 1539 3219 1578 se
3259 1524 3432 1578 absti~

1858 1620 2061 1675 neant,
2103 1610 2196 1679 qui
2236 1611 2424 1663 eadem
2466 1612 2579 1680 pati
2612 1612 2907 1666 noluerint.
2942 1613 3260 1670 Infrdelibus
3293 1632 3433 1685 quo-

1859 1716 1965 1769 que
1998 1702 2168 1755 nolite
2200 1701 2494 1770 conjungi,
2531 1717 2632 1755 nec
2666 1718 2789 1757 cum
2822 1705 2903 1757 eis
2936 1705 3100 1758 ullam
3138 1707 3432 1775 participa-

1860 1786 2061 1840 tionem
2110 1787 2331 1839 hahere.
2387 1785 2538 1840 Talia
2580 1804 2711 1843 vero
2761 1801 3019 1859 agentes,
3068 1808 3173 1845 non
3208 1794 3428 1856 lideles,

1857 1878 1951 1931 sed
1984 1878 2230 1933 infideles
2256 1879 2600 1948 judicantur.
2643 1880 2797 1936 Unde
2830 1883 2905 1935 ait
2932 1885 3222 1953 Apostolus
3249 1904 3262 1938 :
3303 1888 3435 1949 ρηω

1858 1985 1982 2037 pars
2019 1969 2168 2037 ﬁdeli
2201 1986 2319 2024 cum
2351 1971 2555 2039 inﬁdeli
2583 1973 2608 2025 ἱ)
2640 1981 2875 2043 antqua:
2901 1975 3238 2044 participatio
3262 1975 3433 2044 justi--

1828 2130 1831 2135 η
1859 2062 1950 2115 tite
1981 2077 2099 2114 cum
2134 2062 2414 2130 iniquitate
2450 2062 2541 2116 ’5?

1862 2302 1929 2359 Ut
1954 2303 2131 2358 nullus
2160 2306 2433 2377 episcopus
2458 2304 2521 2357 de
2550 2303 2767 2377 alterius
2789 2305 3041 2377 parocﬁ'ria
3066 2305 3271 2375 aliquid
3300 2322 3433 2377 pra:-

2034 2373 2241 2439 sumat,
2272 2386 2319 2428 et
2357 2376 2420 2427 de
2456 2373 2838 2427 mutationibus
2874 2373 3254 2443 episcoporum.

1929 2484 2099 2541 Nemo
2138 2501 2356 2554 quoque
2390 2485 2616 2537 alterius
2658 2484 2919 2539 terminos
2958 2494 3185 2554 usurpet
3220 2486 3283 2548 ³⁸,
3328 2501 3430 2541 nec

1858 2578 2082 2631 alterius
2114 2576 2503 2645 parochianum
2532 2575 2777 2643 judicare
2808 2585 2902 2630 aut
2952 2578 3433 2631 excommunicare

1861 2673 2156 2737 praesumat
2185 2683 2198 2730 ;
2228 2665 2355 2733 quia
2382 2664 2504 2717 talis
2532 2663 2795 2731 judicatio
2825 2666 2908 2717 vel
2935 2664 3211 2717 ordinatio
3240 2665 3307 2731 ³⁷,
3339 2675 3435 2719 aut

1860 2751 2391 2815 excommunicatio,
2423 2750 2507 2803 vel
2537 2750 2845 2816 damnatio,
2879 2765 2977 2805 nec
3008 2760 3123 2805 rata
3154 2750 3289 2815 erit,
3326 2768 3431 2807 nec

1860 2842 2005 2895 vires
2035 2840 2174 2895 ullas
2201 2840 2454 2905 habebit;
2485 2840 2746 2910 quoniam
2791 2842 2974 2897 nullos
3023 2842 3248 2896 alterius
3285 2842 3434 2911 judi-

1859 2932 1959 2994 cis,
1992 2930 2100 2985 nisi
2124 2930 2243 2995 sui,
2266 2936 2535 2989 sententia
2564 2930 2859 2997 tenebitur,
2882 2940 2976 2985 aut
2997 2930 3345 2985 damnabitur
3364 2931 3429 2984 ³⁸.

1864 3022 2019 3077 Unde
2047 3031 2102 3077 et
2128 3021 2393 3076 Dominus
2422 3021 2666 3090 loquitur
2697 3021 2881 3076 dicens
2909 3041 2922 3075 :
2961 3020 3042 3075 Ne
3074 3022 3435 3092 transgrediu-

1861 3115 1935 3167 ris
1976 3114 2227 3167 terminos
2261 3114 2503 3182 antiquos
2524 3149 2541 3176 ,
2571 3129 2701 3181 quos
2730 3125 3012 3181 posuerunt
3045 3124 3222 3182 patres
3255 3114 3335 3167 tui
3362 3114 3430 3168 ³⁹.

1858 3206 2055 3262 Nullus
2088 3214 2270 3259 autem
2304 3205 2508 3273 primas
2538 3205 2621 3257 vel
2654 3206 3105 3274 metropolitanus
3135 3206 3431 3263 dim’cesaui

1857 3297 2143 3352 ecclesiam
2167 3296 2251 3349 vel
2301 3294 2619 3363 parochiam
2664 3295 2730 3360 ⁸ο,
2775 3305 2867 3348 aut
2906 3296 3141 3364 aliquem
3190 3297 3257 3351 de
3311 3297 3433 3366 ejus

1858 3387 2115 3455 parochia
2151 3394 2443 3454 praesumat
2485 3385 2963 3439 exeommunicare
3006 3386 3090 3439 vel
3141 3386 3427 3455 judicare,

1861 3476 1945 3530 vel
1986 3476 2191 3544 aliquid
2226 3490 2385 3544 agere
2416 3474 2623 3543 absque
2656 3474 2776 3542 ejus
2811 3476 3044 3529 consilio
3076 3477 3159 3529 vel
3186 3476 3431 3544 judicio:

1861 3564 1953 3616 sed
1988 3562 2091 3616 hoc
2124 3562 2412 3625 observet,
2450 3561 2598 3631 quod
2630 3563 2698 3616 ab
2729 3565 2991 3632 apostolis
3022 3563 3135 3635 (41)
3166 3581 3228 3619 ac
3259 3565 3434 3633 patri-

1860 3651 1962 3705 bus
1996 3659 2049 3705 et
2088 3650 2584 3719 praedecessor-ibus
2623 3654 2830 3708 nostris
2868 3663 2949 3707 est
2988 3662 3290 3719 statutum,
3323 3664 3378 3708 et
3404 3672 3434 3707 a

1862 3742 2022 3795 nobis
2057 3742 2439 3797 conﬁrmatum
2469 3760 2482 3796 :
2521 3742 2573 3795 id
2610 3750 2695 3795 est
2720 3744 2788 3809 “,
2824 3745 2870 3799 si
2902 3745 3026 3813 quis
3062 3746 3439 3813 metropolita-

1862 3848 1966 3886 nus
2022 3831 2354 3901 episcopus,
2405 3832 2510 3887 nisi
2567 3834 2713 3901 quod
2766 3835 2832 3888 ad
2887 3850 3043 3889 suam
3078 3836 3434 3889 solummodo

1861 3922 2140 3992 propriam
2176 3923 2411 3989 pertinet
2442 3924 2756 3991 parochiam
2779 3966 2793 3991 ,
2832 3926 2949 3981 sine
2983 3925 3215 3981 consilio
3242 3940 3305 3978 ac
3338 3941 3434 3978 vo-

1863 4014 2070 4068 luntate
2118 4014 2364 4067 omnium
2417 4016 2964 4085 comprovincialium
3013 4018 3435 4087 episcoporum,

1860 4116 2017 4158 extra
2048 4104 2253 4173 aliquid
2290 4120 2450 4174 agere
2484 4107 2811 4171 tentaverit,
2846 4109 3045 4178 gradus
3074 4108 3157 4161 sui
3190 4108 3436 4176 periculo

1860 4194 2169 4263 subjacehit
2194 4214 2208 4252 :
2233 4207 2288 4250 ct
2314 4198 2456 4265 quod
2490 4198 2699 4267 egerit,
2730 4199 2942 4251 irritum
2976 4198 3240 4251 habeatur
3268 4207 3323 4251 et
3354 4214 3438 4251 va-

1862 4302 2024 4342 cuum
2064 4308 2075 4342 :
2126 4289 2220 4343 sed
2276 4291 2540 4361 quidquid
2583 4292 2650 4344 de
2696 4292 3115 4361 provincialium
3153 4293 3437 4361 coepisco—

1867 4394 2061 4448 porum
2109 4381 2325 4445 causis,
2378 4396 2679 4450 eorumque
2724 4384 3081 4438 ecclesiarum
3114 4395 3167 4437 et
3209 4384 3436 4437 clerico-

1868 4487 1989 4526 rum
2046 4481 2208 4541 atque
2254 4474 2601 4529 saecularium
2658 4477 3083 4531 necessitatibus
3133 4492 3293 4547 agere
3345 4486 3438 4530 aut

1867 4564 2159 4632 disponere
2197 4580 2421 4622 necesse
2462 4565 2668 4631 fuerit,
2712 4570 2817 4623 hoc
2856 4584 2980 4623 cum
3022 4570 3267 4623 omnium
3308 4585 3439 4623 con-

1868 4670 2033 4709 sensu
2074 4659 2620 4726 comprovincialium
2669 4668 2862 4729 agatur
2907 4660 3224 4729 pontificum
3281 4659 3436 4729 (42);

1890 4772 1934 4801 ²⁷
1966 4770 2335 4855 Rom._t,_52.
2433 4776 2480 4855 ξ’
2507 4791 2732 4855 carere:
2767 4777 2839 4830 ita
2871 4785 2926 4830 et
2972 4774 3336 4855 ms..Just_.Aa't
3384 4773 3438 4825 in

2140 4844 2185 4875 "
2217 4844 2319 4907 55,
2348 4860 2403 4912 q.
2433 4847 2504 4899 5:
2531 4845 2744 4901 Justum
2774 4856 2893 4911 est,
2929 4845 3122 4913 utqui.
3223 4844 3265 4874 ³ο
3296 4842 3438 4896 Deus

2140 4922 2323 4967 atores
2356 4916 2406 4967 in
2438 4916 2550 4968 nul.
2651 4916 2696 4947 ³³
2725 4916 2786 4968 21
2811 4955 2825 4968 .
2862 4932 2915 4968 u.
2946 4916 2979 4968 5
3008 4934 3020 4968 :
3054 4911 3440 4967 Exeommuni-

2465 4932 2550 4968 ιυΙ.
2651 4932 2696 4947 σο
2725 4932 2786 4968 τι
2811 4955 2825 4978 ,
2862 4932 2915 4984 q.
2946 4932 2979 4968 ο
3008 4934 3020 4968 :
3054 4932 3434 4967 bXCOlﬂﬂlulll-I

2465 5001 2518 5054 q.
2552 4984 2626 5054 27:
2661 4983 2855 5039 Nullus
2900 4986 3122 5039 alterius
3150 4982 3434 5054 terminos.

2510 5055 2552 5085 "
2583 5053 2744 5109 Prov.
2775 5070 2914 5119 uti,
2945 5055 3036 5108 28.
3166 5052 3210 5083 ⁸ο
3264 5051 3317 5118 9,
3381 5067 3435 5119 q.

2307 4984 2353 5014 ιο
2386 4985 2439 5050 9’

1872 5248 2189 5372 Videlquae
2243 5249 2483 5305 diximus
2531 5249 2585 5303 in
2641 5248 2786 5304 notis
2831 5249 2899 5303 ad
2955 5246 3215 5315 allegatos
3269 5258 3437 5300 cano-

1872 5337 1990 5372 nes.
2049 5337 2103 5372 Ι).

1871 5337 1990 5375 nes.
2027 5337 2103 5374 ID.

1942 5387 2631 5462 (lZlgComprovincialiunt
2680 5398 2873 5457 agatur
2904 5382 3242 5462 pontiﬁcum.“
3260 5382 3437 5462 Locus

1872 5452 2167 5523 notabilis,
2220 5452 2364 5514 unde
2421 5452 2736 5527 perspicue:
2773 5452 2995 5527 constat
3040 5452 3357 5527 _pontilleis_
3384 5464 3436 5505 et

1868 5530 2108 5598 episcopi
2136 5544 2333 5598 nomen
2368 5522 2658 5598 commune
2713 5524 3161 5598 fuissemomnibus
3183 5522 3436 5598 _omuino

1866 5591 2136 5666 episcopis
2164 5597 2412 5651 Romano
2446 5596 2716 5666 dignitate
2735 5604 2788 5648 et
2832 5592 3008 5666 ollicio
3039 5591 3429 5666 inferioribus;

1865 5660 2111 5735 adeoque
2143 5669 2343 5720 nemini
2404 5660 2601 5718 mirum
2634 5664 2801 5717 videri
2857 5664 3068 5727 debeat,
3126 5660 3433 5735 Romanum

1864 5730 2171 5806 pontiliccm
2205 5748 2255 5790 et
2288 5736 2623 5804 episcopum,
2660 5736 2745 5790 cui
2781 5736 3016 5791 maxima
3058 5748 3187 5789 cura
3245 5730 3435 5786 Eccloo
