3990 6214
558 293 660 349 ωδ

1816 291 1870 345 S.
1906 291 1987 344 CA
2001 288 2127 342 LLIE

2231 286 2241 340 l
2272 284 2469 340 ΡΑΡᾸΞ.
3689 281 3772 335 [2|

560 410 786 466 Factum
813 422 888 466 est
914 409 1122 467 verbum
1149 410 1361 464 Domini
1388 411 1456 464 ad
1483 425 1584 477 me,
1603 410 1780 464 dicens
1805 427 1823 464 :
1850 409 1977 464 ch
1997 410 2125 463 dicit
2159 411 2202 466 Α
2229 407 2358 477 quia
2408 405 2690 474 indignum
2730 412 2839 468 est,
2889 411 2949 456 ut
2994 403 3185 456 doctor
3259 399 3518 456 stulto'et
3558 399 3771 460 indocto,

559 500 816 554 Dominus
838 503 1194 556 exercituum:
1214 500 1361 555 Sicut
1385 503 1632 570 cogitavi,
1652 510 1706 554 ut
1725 502 2001 572 aﬂligerem
2022 518 2128 563 vos,

558 607 680 644 cum
701 592 770 644 ad
793 593 1121 646 iracundiam
1161 601 1528 662 provocassem
1569 608 1649 645 me
1671 601 1847 659 patres
1876 592 2055 654 vestri,
2082 600 2131 643 et

559 697 664 735 non
705 697 822 735 sum
864 683 1142 747 misertus;
1181 683 1258 736 sic
1283 697 1558 736 conversus
1605 681 1831 750 cogitavi
1870 682 1925 734 in
1951 680 2131 733 diebus

558 774 698 835 istis,
727 783 784 826 ut
815 772 1134 842 benefaciam
1154 772 1450 826 Jerusalem
1485 783 1532 826 et
1560 773 1740 825 domui
1757 771 1922 825 Juda.
1954 769 2132 824 Nolite

561 863 760 916 timere.
793 861 920 916 Haec
941 873 1061 916 sunt
1093 862 1244 915 verba
1260 878 1376 931 qua:
1403 861 1612 930 facietis
1638 877 1655 915 :
1683 860 1960 930 loquimini
1991 859 2130 912 veri-

560 962 718 1006 tatem
737 955 1092 1022 unusquisque
1117 969 1236 1006 cum
1253 954 1495 1022 proximo
1517 967 1645 1014 suo;
1666 952 1936 1005 veritatem
1967 958 2014 1002 et
2042 949 2132 1016 ju-

557 1045 756 1097 dicium
779 1046 924 1112 pacis
937 1044 1175 1111 judicate
1207 1045 1260 1096 in
1280 1045 1446 1112 portis
1467 1045 1673 1107 vestris,
1703 1052 1753 1095 et
1780 1040 2131 1109 unusquisque

558 1135 756 1188 malum
791 1145 976 1188 contra
1003 1137 1230 1188 amicum
1259 1151 1414 1188 suum
1437 1151 1500 1188 ne
1532 1135 1769 1204 cogitetis
1803 1133 1858 1184 in
1886 1129 2130 1184 cordibus

555 1224 763 1287 vestris,
788 1233 836 1276 et
853 1223 1219 1291 juramentum
1275 1225 1500 1276 mendax
1542 1239 1603 1276 ne
1633 1223 1888 1291 diligatis.
1939 1219 2130 1272 Omnia

555 1315 698 1368 enim
726 1314 834 1367 haec
859 1323 979 1366 sunt
1003 1329 1120 1382 qua:
1149 1313 1312 1376 odivi,
1341 1313 1470 1364 dicit
1499 1311 1750 1364 Dominus
1784 1311 2126 1364 exercituum.

558 1403 627 1456 Et
677 1404 876 1472 factum
925 1415 1000 1457 est
1049 1399 1259 1456 verbum
1300 1403 1511 1455 Domini
1564 1402 1887 1456 exercituum
1917 1399 1985 1452 ad
2030 1417 2127 1461 me,

557 1495 730 1547 dicens
763 1509 780 1544 :
824 1492 951 1546 Hcec
983 1494 1113 1545 dicit
1148 1492 1404 1544 Dominus
1435 1492 1759 1545 exercituum
1794 1507 1812 1543 :
1855 1488 2127 1557 Jejunium

557 1584 754 1652 quarti,
801 1593 851 1636 et
882 1583 1144 1650 jejunium
1184 1583 1374 1651 quinti.
1414 1591 1461 1634 et
1491 1577 1759 1650 jejunium
1808 1580 2038 1658 septimi,
2082 1588 2129 1630 et

552 1675 813 1743 jejunium
854 1675 1043 1727 decimi
1085 1674 1183 1727 erit
1210 1674 1390 1726 domui
1415 1671 1561 1724 Juda
1601 1673 1653 1723 in
1687 1671 1960 1740 gaudium,
1993 1679 2041 1723 et
2076 1671 2129 1722 in

2233 507 2395 566 alque
2435 494 2936 565 reprehensibiliter
2987 493 3225 558 viventi,
3273 491 3594 560 respondeat
3640 491 3774 559 juxta

2233 586 2517 642 stultitiam
2547 600 2726 648 suam,
2754 583 2968 638 dicente
2994 581 3272 651 Scriptura
3301 599 3314 636 :
3341 580 3462 634 Non
3487 581 3775 648 respondeas

2233 677 2398 730 stulto
2416 676 2576 745 juxta
2605 674 2891 728 stultitiam
2919 690 3075 726 suam
3101 674 3164 726 ¹¹.
3203 670 3323 726 Non
3356 671 3490 726 bene
3518 671 3666 735 vivit,
3695 671 3777 740 qui

2233 781 2339 818 non
2383 775 2524 819 recte
2549 765 2591 795 ¹³
2615 763 2804 818 credit.
2841 760 2983 816 Nihil
3020 763 3147 816 mali
3177 761 3323 828 vult,
3352 763 3443 831 qui
3477 761 3645 816 ﬁdelis
3686 769 3776 816 est.

2234 854 2289 908 Si
2321 855 2442 923 quis
2469 854 2641 908 ﬁdelis
2671 862 2774 917 est,
2803 853 2980 907 videat
3015 852 3242 908 nel'alsa
3272 853 3542 922 loquatur,
3560 861 3650 906 aut
3673 852 3781 906 eui-

2231 961 2395 1014 qnam
2426 945 2656 1000 insidias
2689 953 2874 1014 ponat.
2903 944 3101 999 Fidelis
3131 946 3296 998 homo
3331 959 3546 1012 semper
3570 944 3781 998 ﬁdeliter

2233 1037 2361 1105 agit,
2413 1043 2467 1090 et
2514 1035 2745 1089 inﬁdelis
2792 1035 2984 1090 callide
3038 1036 3345 1100 insidiatur,
3395 1046 3555 1104 atque
3615 1035 3784 1090 ﬁdeles

2231 1133 2284 1176 et
2307 1123 2392 1191 pie
2421 1138 2486 1178 ac
2510 1123 2654 1192 juste
2681 1123 2918 1176 viventes
2947 1123 3170 1192 perdere
3196 1124 3404 1187 nititur,
3437 1123 3562 1192 quia
3602 1122 3784 1178 similis

2232 1211 2463 1265 similem
2495 1212 2598 1266 sibi
2635 1213 2845 1280 quaerit.
2903 1213 3138 1266 Intidelis
3165 1193 3333 1266 homo
3353 1222 3600 1265 mortuus
3628 1222 3702 1265 est
3733 1213 3781 1265 in

2231 1315 2458 1368 corpore
2489 1301 2722 1356 vivente.
2781 1303 2845 1355 Et
2873 1309 3060 1355 contra
3109 1317 3385 1356 sermones
3419 1301 3592 1355 ﬁdelis
3624 1301 3785 1354 homi-

2232 1391 2316 1445 nis
2349 1392 2510 1445 vitam
2543 1392 2855 1447 custodiunt
2891 1391 3219 1446 auditorum.
3273 1391 3555 1444 Doetorem
3583 1392 3718 1446 enim
3745 1392 3785 1423 "

2231 1482 2579 1546 catholicum,
2611 1493 2664 1537 et
2692 1483 2964 1552 prmcipue
3001 1483 3216 1536 Domini
3251 1482 3608 1546 sacerdotem,
3653 1483 3786 1536 sicut

2234 1573 2381 1626 nullo
2424 1588 2608 1626 errore
2657 1573 2959 1642 implicari,
3011 1573 3086 1626 ita
3138 1574 3281 1626 nulla
3329 1582 3540 1642 oportet
3590 1574 3781 1627 machio

2234 1661 2454 1714 natione
2481 1670 2575 1714 aut
2601 1662 2894 1730 cupiditate
2927 1663 3138 1717 violari.
3177 1663 3391 1718 Dicente
3421 1665 3615 1734 quippe
3646 1665 3788 1719 Scri-

563 1766 832 1827 lwtitiam,
889 1772 938 1817 et
995 1765 1048 1816 in
1095 1763 1447 1816 solenmitates
1502 1762 1824 1831 prwclaras;
1866 1749 2130 1813 veritatem
2168 1757 2204 1808 Β
2235 1759 2389 1819 plura
2437 1759 2624 1805 sancta
2666 1771 2678 1804 :
2717 1751 2846 1805 Post
2887 1754 3335 1822 concupiscentias
3384 1765 3500 1808 luas
3540 1771 3636 1806 ηθη
3679 1771 3786 1819 εαες

559 1866 763 1908 tantum
795 1867 843 1909 et
868 1871 1044 1924 pacem
1063 1854 1288 1923 diligite,
1312 1853 1441 1905 dicit
1460 1853 1711 1905 Dominus
1743 1853 2068 1906 exercituum
2087 1850 2128 1904 ‘.

559 1951 616 2000 In
649 1949 750 2001 hoc
780 1961 910 2015 ergo
951 1959 1142 1998 omnes
1192 1961 1290 1998 tius
1332 1946 1352 1976 ⁸
1398 1943 1685 1998 unanimes
1731 1950 1942 2010 Oportet
1989 1957 2130 2006 esse,

558 2047 618 2090 ut
656 2037 954 2089 secundum
1001 2034 1355 2104 apostolicam
1388 2034 1713 2096 doctrinam,
1738 2032 1963 2101 idipsum
1988 2032 2133 2086 dica-

558 2143 672 2178 mus
713 2143 920 2189 omnes,
957 2135 1004 2178 et
1048 2141 1147 2177 non
1194 2127 1301 2178 sint
1335 2127 1389 2178 in
1421 2126 1569 2178 nobis
1610 2125 1918 2178 schismata.
1953 2122 2130 2177 Simus

555 2225 732 2268 autem
774 2214 988 2282 perfecti
1034 2213 1086 2266 in
1113 2214 1289 2266 eodem
1333 2230 1509 2276 sensu,
1535 2223 1583 2266 et
1624 2215 1674 2266 in
1715 2215 1894 2266 eadem
1927 2223 2133 2266 senten-

558 2304 632 2356 tia
657 2304 699 2370 ⁸,
726 2305 779 2358 in
806 2303 966 2372 cujus
993 2303 1174 2372 operis
1199 2303 1486 2357 devotione
1513 2304 1851 2372 gratulamur
1880 2303 2127 2357 dilectio-

556 2410 679 2449 nem
715 2403 862 2447 tuam
889 2409 1010 2448 esse
1043 2402 1372 2448 consortem.
1400 2393 1517 2448 Non
1547 2393 1701 2448 decet
1724 2394 1866 2448 enim
1902 2408 1931 2446 a
1955 2394 2130 2462 capite

555 2484 800 2538 membra
852 2483 1185 2548 dissidere’,
1239 2484 1365 2547 sed,
1417 2484 1570 2553 juxta
1621 2499 1789 2538 sacrae
1837 2483 2130 2552 Scripturze

555 2572 948 2636 testimonium,
977 2573 1156 2625 omnia
1177 2576 1408 2625 membra
1431 2581 1586 2641 caput
1612 2581 1902 2642 sequantur
1918 2573 1959 2625 ⁸.
1983 2571 2128 2626 Nulli

553 2680 685 2718 vero
730 2664 955 2718 dubium
1007 2673 1090 2718 est
1141 2665 1295 2735 (38),
1345 2665 1489 2734 quod
1540 2665 1836 2734 apostolica
1888 2664 2127 2719 Ecclesia

553 2763 730 2808 mater
757 2755 828 2809 sit
855 2755 1100 2808 omnium
1147 2753 1534 2821 Ecelesiarum,
1571 2773 1600 2808 a
1627 2755 1782 2823 cujus
1805 2771 1900 2809 vos
1929 2755 2130 2824 regulis

553 2846 865 2899 nullatenus
919 2847 1174 2900 convenit
1231 2846 1468 2900 deviare.
1521 2844 1584 2899 Et
1635 2845 1778 2900 sicut
1823 2843 1914 2898 Dei
1960 2844 2130 2899 Filius

555 2935 709 2990 venit
743 2934 925 2989 facere
958 2937 1288 2989 voluntatem
1323 2925 1501 2988 Patris
1527 2935 1569 2997 ’,
1609 2937 1688 2988 sic
1724 2943 1780 2988 et
1809 2949 1905 2988 vos
1934 2935 2128 2987 volun-

555 3035 717 3079 tatem
750 3036 940 3080 vestree
975 3027 1242 3096 impleatis
1291 3027 1481 3080 matris
1511 3027 1575 3092 ίο,
1609 3042 1729 3095 qua:
1757 3035 1839 3080 est
1867 3025 2124 3088 Ecclesia,

553 3116 712 3183 cujus
759 3126 942 3185 caput.
995 3126 1054 3169 ut
1097 3116 1416 3185 praedictum
1467 3124 1570 3179 est,
1623 3115 1866 3169 Romana
1917 3118 2126 3170 exsistit

554 3206 816 3261 Ecclesia.
859 3207 1133 3276 Quidquid
1173 3222 1305 3276 ergo
1333 3208 1372 3237 “
1400 3207 1518 3262 sine
1549 3207 1876 3260 discretione
1901 3207 2128 3274 justitiae

553 3306 747 3352 contra
780 3299 942 3368 hujus
972 3300 1318 3368 disciplinam
1369 3309 1548 3354 actum
1589 3300 1779 3364 fuerit,
1813 3311 1990 3354 ratum
2027 3302 2126 3355 lia-

553 3389 666 3443 beri
700 3389 840 3444 ratio
873 3390 1021 3444 nulla
1050 3391 1334 3460 permittit.

906 3615 982 3669 De
1015 3609 1478 3670 criminationibus
1504 3618 1802 3670 doctorum.

623 3727 1041 3783 Criminationes
1068 3743 1195 3782 vero
1231 3735 1418 3782 contra
1450 3726 1726 3782 doctorem
1762 3743 1925 3783 nemo
1955 3732 2130 3784 susci-

553 3818 686 3888 piat,
721 3817 848 3887 quia
890 3833 998 3872 non
1033 3824 1246 3886 Oportet
1286 3817 1427 3871 ﬁlios
1478 3817 1872 3885 reprehendere
1923 3829 2125 3887 patres,

546 3922 656 3964 nec
681 3922 869 3964 servos
898 3907 1151 3962 dominos
1173 3908 1432 3962 lacerare.
1469 3905 1594 3959 Filii
1623 3921 1755 3976 ergo
1781 3918 1908 3962 sunt
1933 3909 2124 3962 docto-

554 4013 699 4064 rum,
745 4012 936 4052 omnes
978 4012 1116 4066 quos
1165 3995 1464 4050 instruunt.
1515 3994 1583 4049 Et
1624 3997 1767 4050 sicut
1806 3997 1901 4050 ﬁlii
1947 4007 2128 4066 patres

554 4087 822 4150 carnales,
851 4087 932 4142 sic
960 4097 1014 4140 et
1043 4087 1097 4139 hi
1124 4095 1302 4154 patres
1324 4086 1523 4140 debent
1543 4085 1769 4154 diligere
1793 4087 2123 4155 spirituales.

553 4177 673 4233 Non
718 4180 865 4234 enim
913 4177 1052 4232 bene
1093 4176 1247 4242 vivit,
1298 4177 1393 4245 qui
1445 4192 1555 4230 non
1608 4186 1753 4232 recte
1796 4178 1991 4242 credit,
2035 4187 2130 4232 aut

555 4278 737 4339 patres
797 4268 1164 4338 reprehendit,
1220 4267 1305 4322 vel
1361 4267 1595 4321 detrahit
1653 4283 1804 4322 suos.
1867 4267 2128 4322 Doctores

553 4377 704 4432 ergo,
738 4362 830 4432 qui
861 4370 915 4415 et
955 4369 1135 4428 patres
1163 4368 1444 4421 vocantur,
1481 4358 1656 4428 magis
1678 4359 1925 4427 portandi
1959 4374 2120 4427 quam

555 4452 983 4520 reprehendendi
1020 4460 1176 4514 sunt,
1220 4450 1323 4504 nisi
1361 4450 1416 4503 in
1455 4459 1601 4502 recta
1648 4449 1752 4503 ﬁde
1795 4451 2120 4504 erraverint.

552 4539 746 4595 Nullus
771 4557 898 4612 ergo
921 4542 1198 4595 doctorem
1243 4557 1334 4608 per
1376 4540 1579 4608 scripta
1610 4548 1848 4604 accuset,
1888 4555 1987 4595 nec
2021 4539 2124 4594 nisi

555 4633 698 4686 tideli
722 4629 775 4686 et
802 4633 1064 4701 legitimo,
1089 4635 1182 4702 qui
1214 4635 1376 4688 etiam
1409 4632 1935 4702 irreprchensibilem
1958 4633 2124 4687 vitam

553 4737 619 4778 ac
647 4723 1116 4778 conversationem
1169 4724 1353 4788 ducat,
1408 4724 1711 4779 accusatori
1766 4724 2124 4793 respondeat:

623 4868 646 4900 ⁸
667 4869 833 4923 Zach.
857 4885 976 4934 vm,
999 4869 1146 4924 l-l9.
1219 4870 1239 4900 ⁸
1266 4868 1323 4923 S.
1346 4868 1455 4924 Leo
1482 4884 1569 4937 ep.
1587 4871 1656 4923 33
1676 4878 1728 4924 et
1751 4870 1839 4923 84.

551 4941 574 4971 ⁹
596 4938 751 4992 Joan.
776 4955 852 5001 v1,
880 4938 971 4993 58.

555 5011 598 5041 ’³
623 5007 780 5062 Prov.
811 5024 959 5072 xxvi,
989 5007 1044 5062 4.

552 5077 854 5158 sent._202,
886 5094 951 5158 ex
979 5077 1118 5158 Aullg.
1159 5078 1210 5130 iu
1253 5093 1524 5158 ps.._‘t.i‘v._\
1558 5079 1596 5107 ”
1624 5094 1820 5157 canon.
1853 5079 1886 5131 9
1915 5075 2070 5158 emine.
2096 5077 2317 5158 Nicgeni.

1695 5147 1737 5199 ri
1769 5155 1908 5200 sent.
1937 5147 2058 5209 179,
2088 5163 2150 5200 ex
2187 5147 2473 5215 S.Aug.|x
2490 5140 2800 5198 Confess.c.
2830 5145 2883 5199 9.

2010 5217 2054 5248 ³³
2079 5217 2134 5270 S.
2164 5216 2274 5272 Leo
2303 5231 2389 5285 ep.
2433 5216 2522 5278 51,
2578 5217 2736 5283 cujus
2771 5215 2931 5268 verba
2973 5226 3029 5269 ut
3058 5216 3473 5283 prtecedentium
3504 5225 3826 5269 auctorum

552 5148 606 5208 3,
633 5146 897 5216 lnjustum
917 5146 1318 5214 judicium,etc.’
1337 5149 1378 5178 ³⁸
1402 5146 1460 5199 S.
1486 5146 1688 5216 Prospe

552 5214 705 5270 acut}
782 5217 826 5248 “
855 5215 1121 5284 S.3Ambr.
1156 5227 1259 5284 ειη
1275 5216 1364 5268 21.
1442 5219 1486 5248 ²²
1512 5215 1567 5269 S.
1594 5214 1704 5270 Leo
1729 5232 1814 5284 ep.
1845 5217 1934 5269 5:2.

551 5285 812 5340 detractis
854 5286 1123 5342 additisve
1147 5285 1477 5356 quibusdam
1522 5287 1869 5355 interpolata.

622 5397 738 5464 (38)
794 5397 949 5452 Nulli
994 5417 1109 5454 vero
1157 5399 1395 5454 dubium.
1468 5400 1766 5454 Romanam
1824 5397 2118 5455 Ecclesiam

551 5477 782 5522 matrem
829 5479 882 5523 et
911 5480 1074 5538 caput
1116 5485 1238 5525 esse
1276 5471 1518 5524 omnium
1580 5471 1810 5524 aliarum
1853 5470 2123 5524 Ecclesia-

553 5550 697 5608 rum,
729 5537 950 5593 evidens
979 5537 1360 5595 testimonium
1399 5549 1582 5594 notatu
1620 5540 2000 5608 dignissimum
2035 5540 2124 5594 hic

545 5605 825 5680 traditur:
859 5609 1013 5680 plura
1065 5611 1375 5680 testimonia
1410 5611 1526 5665 vide
1567 5605 1708 5680 apud
1745 5609 1998 5664 Bellarm.
2049 5609 2123 5663 De

551 5673 705 5727 Rom.
737 5673 884 5745 ponti.
913 5677 1040 5732 Ssv.
1076 5679 1276 5734 BINIUS.

1917 4869 1974 4922 ⁸1
2005 4869 2148 4924 Petr.
2178 4885 2258 4923 ιιι.

1083 4939 1124 4969 ¹⁰
1151 4939 1291 5001 idem
1326 4939 1553 4992 habetur
1583 4939 1721 4992 infra
1752 4941 1804 4992 in
1835 4939 1982 4992 decr.
2009 4941 2044 4992 2
2075 4939 2332 5008 Stephani
2378 4937 2401 5008 7|
2452 4948 2504 5008 et
2534 4939 2670 4991 Sixti
2703 4955 2852 5006 papze
2880 4937 2964 5008 lll.

1124 5010 1166 5040 ¹³
1192 5009 1328 5061 Sixti
1376 5009 1653 5062 sententia:
1699 5009 1751 5070 6,
1787 5008 1906 5072 167,
1940 5010 2062 5072 189,
2096 5009 2222 5062 Ξυὸ.

2233 1847 2281 1890 et
2327 1855 2358 1890 a
2389 1839 2652 1892 voluntate
2683 1851 2774 1893 tua
2807 1852 3037 1894 avertere
3077 1843 3119 1873 ¹⁶
3149 1857 3162 1894 :
3200 1843 3384 1896 multis
3418 1843 3579 1912 hujus
3611 1845 3788 1900 Inundt

2232 1927 2531 1991 illecebris,
2575 1931 2760 1984 multis
2806 1933 3138 1987 vanitatibus
3185 1935 3545 1987 resistendum
3595 1944 3692 1999 est,
3730 1944 3790 1990 ut

2232 2033 2372 2070 vera:
2395 2018 2738 2072 continentiae.
2767 2019 3075 2072 obtineatur
3102 2020 3400 2089 integritas.
3426 2019 3595 2088 Cujus
3624 2021 3788 2090 prima

2231 2115 2314 2160 est
2355 2105 2503 2161 labes
2537 2107 2808 2175 superbia,
2841 2107 3057 2160 initium
3094 2109 3540 2174 transgressionis
3566 2117 3617 2160 et
3647 2109 3791 2176 origo

2231 2196 2468 2263 peccati:
2496 2196 2753 2264 quoniam
2787 2210 2940 2248 mens
2963 2203 3160 2263 sponte
3185 2195 3361 2255 av’ida,
3396 2209 3494 2248 nec
3527 2194 3791 2248 abstinere

2231 2285 2400 2346 novit,
2437 2302 2534 2340 nec
2558 2285 2741 2354 pietati
2773 2286 3031 2340 adhibere
3058 2301 3378 2341 consensus.
3411 2284 3600 2340 Nullus
3628 2287 3792 2340 bono-

2230 2392 2350 2429 rum
2385 2377 2428 2407 “
2459 2378 2737 2432 inimicum
2786 2379 2967 2443 habet,
3001 2379 3107 2434 nisi
3147 2379 3371 2444 malum,
3401 2377 3494 2447 qui
3529 2377 3648 2431 ideo
3673 2391 3793 2432 esse

2229 2467 2578 2536 permittitur,
2610 2477 2667 2523 ut
2697 2480 2789 2524 aut
2816 2471 3138 2540 corrigatur,
3171 2478 3265 2522 aut
3292 2483 3385 2537 per
3421 2469 3594 2536 ipsum
3621 2467 3795 2522 bonus

2229 2567 2565 2612 exerceatur.
2621 2558 2891 2628 Quidquid
2932 2575 3061 2629 ergo
3094 2559 3134 2590 "
3165 2557 3638 2626 irreprehensibile
3687 2555 3791 2618 est,

2230 2647 2493 2702 catholica
2530 2647 2768 2702 defendit
2788 2627 3061 2703 Ecclesia.
3113 2645 3256 2700 Nulli
3297 2646 3607 2714 imperatori
3633 2647 3678 2678 ιι
3710 2627 3813 2700 νει·

2231 2738 2467 2807 cuipiam
2500 2739 2754 2806 pietatem
2807 2739 3156 2802 custodienti,
3206 2739 3334 2792 licet
3369 2737 3570 2806 aliquid
3605 2746 3795 2791 contra

2233 2829 2484 2882 mandata
2542 2830 2723 2883 divina
2772 2845 3114 2898 praesumere.
3170 2829 3434 2897 lnjustum
3481 2843 3609 2898 ergo
3643 2828 3800 2897 judi~

2229 2919 2374 2972 cium
2408 2929 2462 2973 et
2489 2918 2737 2973 diﬁinitio
2761 2921 2985 2988 injusta,
3021 2921 3169 2990 regio
3193 2928 3337 2973 metu
3367 2928 3461 2972 aut
3485 2919 3664 2988 jussu,
3695 2931 3794 2974 aut

2229 3010 2605 3079 cujuscunque
2645 3011 2883 3080 episc0pi
2913 3020 3007 3064 aut
3036 3013 3290 3080 potentis,
3338 3027 3368 3064 a
3391 3011 3665 3079 judicibus
3697 3026 3794 3065 or-

2229 3099 2412 3152 dinata
2436 3100 2518 3152 vel
2549 3110 2692 3162 acta,
2720 3117 2826 3153 non
2855 3101 3046 3154 valeat.
3080 3099 3294 3156 Ηοηιὶηἰ
3327 3103 3579 3170 religioso
3605 3117 3802 3170 parum

2228 3204 2348 3242 esse
2373 3190 2533 3244 debet
2563 3192 2605 3222 ¹⁹
2636 3191 2950 3244 inimicitias
2981 3191 3213 3244 aliorum
3263 3207 3370 3245 non
3406 3207 3678 3255 exercere,
3714 3194 3804 3246 vel

2229 3293 2426 3348 augere
2461 3279 2602 3332 male
2643 3279 2934 3348 loquendo,
2968 3279 3072 3332 nisi
3117 3282 3278 3334 etiam
3320 3296 3413 3335 eas
3453 3281 3804 3351 exstinguere

2228 3368 2363 3422 bene
2382 3369 2652 3438 loquendo
2678 3369 2964 3424 studuerit.
2991 3370 3182 3425 Melior
3207 3379 3288 3425 est
3311 3371 3354 3402 ὀ
3377 3372 3433 3425 in
3456 3371 3614 3424 malis
3639 3370 3808 3426 factis

2233 3455 2781 3521 bumilisconfessio,
2808 3473 2971 3526 quam
2998 3459 3051 3511 in
3084 3458 3238 3512 bonis
3265 3459 3494 3526 superba
3527 3459 3808 3528 gloriatio.

2228 3544 2429 3600 Omnes
2471 3561 2598 3599 vero
2647 3548 2740 3615 qui
2792 3557 2978 3601 amant
3003 3549 3046 3579 ¹¹
3080 3549 3249 3602 vitam
3299 3549 3534 3615 beatam,
3588 3551 3799 3604 malum

2228 3652 2346 3689 eam
2389 3637 2797 3706 tranquillitatis
2845 3654 2958 3693 sua:
2996 3649 3048 3692 et
3086 3639 3310 3708 justitiae
3355 3649 3495 3695 statu
3550 3656 3806 3707 currere,

2227 3743 2388 3795 quam
2436 3736 2748 3782 nostrorum
2791 3739 3142 3799 peccatorum
3178 3731 3356 3800 poenis
3396 3733 3678 3787 ultricibus
3711 3733 3808 3787 in-

2229 3816 2506 3883 terpolari.
2554 3815 2760 3870 Memor
2795 3819 2940 3872 enim
2991 3834 3111 3873 sum
3141 3822 3210 3884 “,
3255 3835 3343 3873 me
3385 3820 3487 3875 sub
3516 3821 3660 3876 illius
3696 3837 3824 3876 no-

2230 3906 2376 3959 mine
2405 3907 2661 3960 Ecclesia:
2710 3908 2998 3975 praesidere
3021 3908 3154 3978 (39),
3189 3909 3345 3978 cujus
3381 3925 3411 3963 a
3439 3909 3668 3964 Domino
3700 3927 3816 3965 no-

2229 4006 2344 4048 stro
2365 3995 2493 4051 Jesu
2525 3997 2742 4052 Christo
2779 4007 2861 4052 est
2897 3999 3192 4068 gloriﬁcata
3237 4000 3529 4067 confessio,
3557 4010 3611 4056 et
3636 4001 3818 4070 cujus

2229 4088 2362 4142 ﬁdes
2410 4101 2602 4142 omnes
2647 4103 2860 4157 semper
2897 4089 3132 4143 destruit
3176 4105 3412 4145 errores.
3461 4089 3526 4144 Et
3557 4093 3828 4162 intelligo.

2228 4176 2384 4230 aliter
2435 4177 2570 4230 mihi
2625 4193 2736 4231 non
2790 4177 2974 4245 licere,
3018 4194 3184 4248 quam
3236 4189 3296 4234 ut
3337 4195 3526 4236 omnes
3565 4192 3814 4237 conatus

2230 4282 2381 4322 meos
2425 4268 2473 4321 ei
2510 4283 2724 4335 causae,
2767 4269 2819 4322 in
2854 4283 2961 4338 qua
2997 4270 3322 4326 universalis
3355 4269 3611 4326 Eeclesiae
3645 4272 3827 4326 salus.

2231 4357 2538 4431 infestatur,
2588 4357 2921 4428 impendam.
2976 4359 3146 4428 Spero
3183 4372 3362 4414 autem
3414 4361 3729 4416 adfuturam
3759 4363 3818 4395 ³³

2229 4447 2653 4504 misericordiam
2681 4450 2961 4519 Dei,',quod
2989 4461 3315 4520 cooperante
3338 4452 3457 4521 ejus
3482 4453 3817 4516 clementia,

2229 4540 2406 4594 omnis
2449 4540 2670 4608 pestifer
2720 4541 2977 4604 morbus,
3021 4541 3140 4609 ipso
3181 4541 3429 4610 pellente,
3478 4541 3815 4597 auferatur.

2229 4641 2281 4686 et
2305 4631 2567 4701 quidquid
2601 4631 2718 4700 ipso
2759 4632 3055 4700 inspirante
3085 4642 3247 4701 atque
3274 4633 3572 4687 auxiliante
3597 4634 3826 4702 poterit

2231 4723 2520 4778 salubriter
2564 4722 2703 4788 ﬁeri,
2747 4737 2873 4779 cum
2910 4733 3017 4777 tua:
3042 4722 3166 4778 ﬁdei
3195 4732 3249 4778 et
3286 4724 3590 4780 devotionis
3633 4725 3824 4780 laude

2371 4869 2593 4924 'distin.
2619 4869 2722 4922 12:
2752 4867 2868 4922 Non
2902 4869 3057 4923 decet
3089 4885 3118 4922 a
3147 4869 3340 4937 capite.
3448 4869 3470 4900 ⁸
3500 4868 3667 4923 lCor.
3698 4884 3821 4922 xu.
3847 4887 3860 4894 -

2385 4937 2400 4969 I
2453 4948 2499 4969 nl
2534 4939 2668 4969 ειυς
2703 4955 2852 4969 πηιισῐι
2880 4937 2940 4969 III
3069 4941 3106 4969 ιι
3147 4940 3337 4969 Διονῖα..
3389 4941 3487 4969 ηηΙΙ
3555 4940 3586 4969 ’Χ
3621 4949 3669 4969 Δ.
3708 4939 3792 4969 ιξἺ

2880 4939 2964 4992 Ill.
3069 4941 3106 4969 “
3137 4940 3360 4993 Adrian.
3387 4941 3514 4994 coll.
3554 4940 3587 4992 5
3621 4949 3675 4992 et
3708 4939 3823 4992 67.

2880 5009 2922 5038 ¹⁸
2949 5007 3094 5061 Eccl.
3126 5024 3278 5071 xvm,
3305 5009 3392 5063 30.
3474 5009 3515 5039 “
3539 5008 3827 5075 Prosperi

2416 5078 2460 5109 ¹⁸
2487 5093 2642 5147 c_onc_.
2665 5077 2820 5129 Rom.
2841 5092 2923 5147 AV],
2955 5080 3057 5131 sub
3081 5076 3408 5146 Symmacho
3440 5093 3600 5147 papa,
3621 5077 3715 5142 11,
3748 5093 3825 5144 q.

2962 5149 3005 5178 ²⁰
3027 5147 3267 5214 ejusdem
3299 5162 3364 5199 ex
3391 5147 3578 5201 eodem
3620 5147 3673 5197 in
3713 5161 3824 5213 ps.

2302 5009 2344 5040 "‘
2369 5007 2424 5062 S.
2456 5007 2564 5060 Leo
2597 5025 2682 5075 ep.
2715 5009 2804 5060 55.

2301 5399 2412 5470 (59)
2443 5399 2644 5470 Memor
2662 5398 2800 5470 enim
2823 5413 2959 5459 sum,
2985 5414 3064 5451 me
3091 5397 3193 5470 sub
3214 5398 3365 5470 illius
3390 5397 3594 5450 nomine
3619 5395 3833 5448 Eccle-

2227 5466 2322 5549 sia}
2356 5466 2997 5549 prwsidere..Romanum
3049 5468 3356 5549 pontiﬁcem
3417 5482 3826 5549 successor-erit

2227 5535 2371 5592 Petri
2425 5553 2575 5597 esse,
2626 5536 2714 5590 hic
2766 5535 3064 5592 indicatur:
3112 5535 3273 5590 Plura
3330 5536 3637 5590 testimonia
3668 5535 3832 5587 vide

2229 5608 2369 5676 apud
2399 5605 2708 5659 Bellarmin.
2757 5605 2828 5658 De
2869 5605 3092 5659 Roman.
3137 5616 3279 5673 pont.
3331 5606 3424 5660 lib.
3457 5621 3515 5670 ll,
3550 5620 3670 5675 cap.
3719 5605 3838 5668 li,

2230 5689 2281 5734 ct
2316 5677 2497 5731 multis
2527 5676 2647 5730 aliis
2675 5677 3040 5747 sequentibus.
3082 5676 3153 5729 Ιυ.
