3990 6214
272 336 354 389 125

264 461 507 524 peragatur.
538 445 803 510 Quoniam
835 460 921 500 res
951 460 1140 499 omnes
1168 445 1323 499 aliter
1353 454 1478 499 tntze
1508 460 1626 501 esse
1659 460 1767 499 non
1800 454 1840 507 Α

261 550 455 615 passum,
497 537 616 597 nisi,
658 552 781 605 quae
828 536 894 589 ad
936 536 1107 589 divini
1156 537 1399 592 muneris
1439 537 1757 590 famulatum

260 631 511 699 pertinent,
556 624 908 679 sacerdotalis
960 624 1213 679 defendat
1258 625 1581 678 auctoritas.
1634 622 1763 675 Data

257 719 488 772 undecimo
520 713 785 767 Kalendas
833 712 1178 775 Decembris,
1230 714 1508 767 Antonino
1552 720 1605 766 ct
1640 712 1764 764 Ale-

254 809 418 864 xandro
446 806 565 859 viris
596 804 917 859 clarissimis
946 803 1264 858 consulibus
1285 804 1352 858 ".

751 934 1091 990 EPISTOLA
1130 934 1194 987 ll.

504 1046 564 1081 AD
605 1043 778 1081 OINES
818 1042 1122 1080 GALLIABUH
1162 1040 1461 1081 EPISCOPOS.

247 1142 306 1196 De
341 1135 791 1205 conspirationibus
842 1146 890 1187 et
933 1135 1147 1202 reliquis
1202 1135 1413 1187 illicitis
1462 1136 1657 1201 causis,
1701 1152 1763 1190 ne

294 1212 423 1276 ﬁant,
451 1217 496 1260 ct
517 1209 579 1257 de
617 1206 948 1271 reparatione
975 1205 1111 1272 lapsi
1150 1218 1263 1273 post
1298 1206 1686 1273 paenitentiam.

298 1300 331 1352 D
352 1296 640 1353 lectissimis
670 1295 932 1349 fratribus
960 1310 1052 1363 per
1070 1293 1271 1349 Gallias
1294 1296 1625 1361 constitutis,
1646 1294 1768 1349 uni-

243 1389 379 1443 versis
413 1385 696 1454 episcopis,
730 1382 1056 1436 CALLISTUS.

311 1475 650 1529 Plurimorum
708 1474 877 1526 relatu
930 1471 1297 1539 comperimus
1335 1472 1379 1502 ’³
1428 1470 1767 1525 dilectionem

242 1578 431 1620 \t‘Slfam
472 1564 684 1617 fervore
712 1560 950 1631 Spiritus
980 1562 1149 1614 sancti
1188 1560 1260 1614 ita
1293 1560 1545 1616 Ecclesiae.
1569 1560 1765 1630 guber-

244 1658 395 1710 mcula
423 1654 643 1707 ﬁrmiter
669 1661 862 1707 contra
898 1651 1131 1720 impetus
1168 1660 1351 1706 tenere
1378 1660 1432 1705 et
1464 1666 1671 1720 regere,
1702 1660 1761 1705 ut

242 1747 475 1817 naufragia
491 1754 581 1799 aut
605 1744 1017 1813 naufragiorum
1037 1743 1380 1808 detrimenta,
1401 1743 1510 1798 Deo
1527 1753 1767 1809 auctore,
1800 1783 1842 1837 Β

242 1858 324 1893 non
368 1839 571 1891 sentiat.
647 1834 878 1888 Talibus
944 1834 1110 1904 igitur
1174 1834 1469 1904 gloriantes
1527 1835 1763 1897 indiciis,

241 1944 497 2000 rogamus,
576 1941 647 1981 ne
709 1926 766 1979 in
836 1926 944 1979 illis
1000 1924 1248 1994 partibus
1314 1934 1501 1979 contra
1568 1934 1766 1979 statuta

237 2018 489 2087 apostolica
540 2015 847 2084 quidquam
900 2013 1012 2067 fieri
1050 2012 1263 2076 sinatis,
1298 2012 1392 2067 sed
1426 2020 1616 2066 nostra
1649 2010 1767 2065 fulti

239 2107 527 2171 auctoritate,
556 2106 757 2160 nociva
790 2102 1333 2174 compescite,illicita
1360 2102 1662 2172 prohibete.

241 2333 301 2386 De
330 2336 384 2385 iis
414 2334 494 2402 qui
532 2332 849 2400 conspirant
887 2331 1135 2410 adversus
1161 2328 1447 2399 episcopos,
1475 2327 1553 2381 vel
1574 2328 1663 2397 qui
1694 2327 1770 2381 eis

834 2409 1182 2454 consentiunt.

288 2493 749 2563 Conspirationum
781 2507 911 2546 vero
943 2491 1174 2546 crimina
1202 2490 1398 2545 vestris
1431 2490 1484 2543 in
1521 2488 1767 2558 partibus

237 2586 383 2653 vigere
414 2585 731 2637 audivimus
750 2623 767 2649 ,
797 2593 852 2636 et
881 2581 1065 2651 plebes
1097 2590 1289 2636 contra
1318 2582 1607 2649 episcopos
1637 2594 1771 2634 suos

236 2676 507 2743 conspirare
558 2674 730 2729 nobis
778 2671 1189 2727 manifestatum
1225 2673 1270 2703 ³⁸
1302 2682 1404 2727 est.
1445 2671 1617 2737 Cujus
1657 2670 1767 2725 cri-

237 2767 367 2819 minis
388 2766 580 2820 astutia
609 2781 725 2818 non
758 2766 933 2818 solum
968 2765 1109 2823 inter
1163 2763 1507 2817 Christianos
1561 2761 1773 2815 abomi-

237 2856 399 2909 nabilis
424 2865 541 2908 est:
575 2855 678 2908 sed
709 2854 871 2907 etiam
907 2855 1049 2907 inter
1074 2853 1354 2918 ethnicos,
1381 2861 1435 2905 et
1467 2852 1535 2905 ab
1567 2851 1772 2905 exteris

237 2947 412 3015 legibus
456 2945 757 3014 prohibita.
814 2943 880 2997 Et
916 2944 1122 2999 idcirco
1157 2943 1323 3012 hujus
1362 2943 1612 2997 criminis
1652 2957 1774 2996 reos

241 3052 327 3089 non
363 3037 526 3090 solum
566 3036 996 3101 ecclesiasticae,
1039 3034 1134 3090 sed
1171 3035 1334 3088 etiam
1378 3033 1573 3088 saeculi
1621 3032 1774 3085 dam—

239 3136 344 3179 nant
377 3127 553 3194 leges:
581 3137 639 3181 et
671 3143 782 3180 non
818 3127 993 3181 solum
1028 3125 1441 3194 conspirantes,
1488 3124 1579 3177 sed
1611 3128 1773 3175 etiam
1802 3118 1843 3174 C

240 3218 573 3269 consentientes
618 3216 696 3269 eis
731 3216 797 3267 "'.
840 3217 1228 3270 Antecessorcs
1269 3228 1398 3268 vero
1434 3214 1602 3269 nostri
1648 3230 1772 3268 cunt

238 3306 429 3369 plurima
450 3306 609 3359 turba
638 3305 1377 3374 episcoporum,quicunque
1407 3319 1595 3358 eorum
1614 3304 1665 3358 in
1688 3319 1777 3358 sa-

244 3394 459 3449 cerdotali
499 3397 717 3450 honore
744 3404 872 3449 sunt
897 3396 1092 3465 positi,
1129 3405 1225 3450 aut
1250 3396 1521 3450 exsistunt
1558 3396 1772 3462 clerici,

244 3484 437 3549 honore,
473 3500 583 3555 quo
625 3493 880 3551 utuntur,
917 3484 1110 3539 cadere
1139 3486 1184 3517 ’⁸
1216 3494 1589 3554 ριηρεθρεηιιιι
1619 3503 1631 3538 :
1667 3500 1771 3539 cae-

244 3585 355 3629 teros
383 3590 502 3630 vero
536 3575 928 3631 communione
963 3576 1197 3645 privari,
1230 3586 1283 3631 et
1316 3577 1384 3629 ab
1413 3575 1652 3630 Ecclesia
1681 3592 1776 3629 ex-

244 3674 380 3719 torres
427 3666 543 3719 fieri
578 3667 905 3734 jusserunt;
937 3681 1236 3735 omnesque
1281 3666 1445 3721 simul
1489 3667 1775 3735 utriusque

243 3755 412 3808 ordinis
445 3756 595 3812 viros
632 3756 868 3811 infames
905 3771 1027 3811 esse
1061 3766 1391 3812 censuerunt
1420 3774 1434 3823 ;
1468 3769 1522 3809 et
1557 3773 1658 3809 non
1690 3772 1776 3808 so-

243 3845 325 3898 lani
360 3849 603 3916 facientes
626 3890 641 3913 ,
685 3852 775 3903 sed
815 3861 863 3904 et
892 3853 966 3905 eis
1008 3853 1402 3905 consentientes.
1445 3850 1659 3905 Justum
1694 3862 1777 3906 est

242 3937 355 3988 enim
386 3942 447 4004 ³³,
479 3952 537 3995 ιιι
591 3944 686 4011 qni
736 3942 917 3996 divina
962 3948 1321 3997 contemnunt
1369 3944 1619 3996 mandata
1648 3982 1662 4007 ,
1716 3951 1769 3997 et

243 4024 577 4086 iuohedientes
599 4042 816 4100 patrum
844 4034 1113 4089 exsistunt
1130 4033 1473 4102 jussionihus
1495 4072 1508 4095 ,
1538 4033 1779 4087 sevcrio-

243 4119 364 4174 ribus
396 4126 745 4193 eorrigmtur
785 4125 1072 4189 vindiciis,
1115 4135 1385 4195 quatenus
1423 4125 1601 4179 eteteri
1647 4126 1777 4179 talia

244 4214 547 4267 committere
579 4217 840 4281 timeant,
866 4225 920 4269 et
942 4232 1134 4271 omnes
1166 4218 1437 4285 gaudeant
1463 4216 1506 4247 ³ο
1539 4217 1779 4271 fraterna

243 4304 494 4357 concordia
516 4348 530 4365 .
562 4314 621 4359 et
655 4306 840 4359 cuncti
875 4315 1094 4361 sumant
1133 4307 1442 4362 severitatis
1478 4317 1641 4376 atque
1683 4309 1778 4361 ho-

246 4392 396 4447 nitatis
418 4395 889 4464 exemplum.Natn
912 4398 978 4462 si,
995 4397 1139 4466 quod
1165 4398 1326 4459 absit,
1349 4399 1778 4455 ecclesiasticam

245 4481 631 4537 sollicitudinem
660 4484 701 4514 "
730 4484 1083 4554 vigoremque
1111 4486 1457 4556 negligimus,
1484 4488 1659 4555 perdit
1686 4488 1781 4542 dc-

247 4570 353 4622 sidia
387 4572 765 4642 disciplinam,
811 4584 867 4629 et
911 4576 1200 4632 animabus
1245 4576 1485 4631 fidelium
1540 4577 1780 4646 profecto

250 4661 519 4717 nocebitur.
561 4662 629 4716 lli
669 4680 793 4719 vero
835 4666 890 4718 in
937 4666 1144 4721 nullius
1192 4667 1599 4732 accusationem
1649 4678 1778 4723 sunt

293 4773 331 4803 “
353 4791 472 4830 ann.
501 4779 628 4832 222.
683 4782 777 4853 Δ-ξι
800 4778 1125 4853 _Simplicius
1156 4784 1317 4853 ep.rl.

247 4840 318 4893 Gr.
358 4853 497 4899 textu
542 4850 755 4902 concilii
789 4840 1044 4907 Chalced.

248 4914 461 4977 gaudeat.
537 4918 580 4949 ³⁸
618 4917 673 4972 S.
705 4919 864 4990 Greg.
924 4936 954 4974 e

249 4992 371 5076 fatos
414 5002 629 5055 quoque
680 5004 731 5041 a.
856 4989 901 5020 “
960 4990 1153 5058 Apost.
1209 4992 1577 5057 can.ii,12.

270 5053 421 5107 “Αάι·.
476 5058 584 5110 col.
638 5058 725 5110 16.
825 5059 870 5089 ³⁸
894 5058 1143 5114 Anianus
1200 5071 1376 5115 const.
1432 5064 1501 5115 ‘2.

248 5116 303 5171 2:
328 5103 737 5195 iullusvpritnas
758 5170 773 5193 ,
810 5103 1467 5186 ιιιιῘῖη’ῖ¹“Ᾰῖ11·.ωέδῑ.”45ῖ
1487 5103 1501 5128 ’

1432 4785 1477 4816 ’⁸
1504 4784 1816 4838 mandatum

956 4937 1009 4989 p.
1064 4920 1170 4984 Η,
1226 4922 1319 4976 lib.
1370 4920 1465 4977 κιῖ.
1568 4923 1706 4990 ³³2,

305 5259 600 5332 (Nilum
656 5266 1010 5332 apostolorum
1075 5268 1479 5321 institutionem.
1536 5267 1785 5324 Canoncs

251 5330 612 5406 appstolorumr
642 5330 701 5406 il
748 5342 802 5389 et
850 5335 915 5389 12
974 5336 1251 5406 intelligit,
1293 5338 1345 5390 in
1370 5354 1605 5406 quorum
1641 5338 1786 5393 notis

385 5414 513 5518 [qlia
566 5403 801 5461 diximus
851 5406 920 5460 de
984 5394 1479 5462 “communicatis
1528 5407 1783 5463 vitandis.

300 5480 357 5517 iV.
385 5480 498 5521 UIN.

281 5532 584 5618 2(ιηηίὶιιοᾴ
606 5542 668 5593 ab
704 5544 978 5618 apostolis.
1018 5542 1249 5618 _(_3ano_ne
1273 5545 1343 5599 55
1375 5554 1428 5599 et
1460 5544 1561 5618 3’6,
1585 5546 1785 5614 quibus

257 5607 454 5684 {iugulis
502 5607 768 5681 episcOpis
824 5614 1120 5681 apostolica
1179 5615 1292 5684 lege
1349 5607 1684 5683 praecipitur,
1720 5631 1785 5669 ne

258 5668 551 5757 θὶςὲαδθῖδ.
576 5668 702 5757 5.933..
739 5668 1000 5737 ίθτηίίιιοε
1064 5668 1555 5757 ιηιιιεένθιίἶιιιιιιιῖι,
1580 5668 1779 5757 vei-uni

262 5750 411 5805 potius
439 5750 632 5818 tinguli
692 5752 831 5806 intra
894 5769 1024 5809 suos
1075 5750 1378 5810 lincs'sesc
1439 5756 1778 5810 contincant.

1688 325 2063 382 EPISTOLZE.

1076 4867 1183 4923 ,Ac.
1240 4852 1308 4905 28
1328 4892 1342 4916 ,
1372 4854 1563 4923 legitur
1591 4855 2025 4911 ὲκπιπτέτωσαν.

1716 4941 1793 5025 aq.
1826 4924 1859 4977 4
1887 4944 1898 4979 :
1933 4928 2345 4995 Conspiratores
2379 4924 2429 4982 in
2460 4930 2573 4982 nul.

1790 4994 1830 5045 ΙΙ
1859 4992 1987 5049 Cor.
2023 5014 2108 5049 γι.
2149 4998 2232 5049 Μ.
2330 4998 2376 5029 ³⁸
2409 5000 2461 5049 9.
2488 5014 2540 5049 a.

1716 4998 1760 5025 ³⁵
1790 4998 1830 5045 ll
1859 4998 1987 5050 Cor.
2023 5014 2108 5061 γι,
2149 4998 2232 5051 id.
2330 4998 2376 5029 "
2409 5000 2457 5063 9,

1612 5063 1693 5118 tit.
1728 5064 1823 5131 l6,
1853 5065 1946 5121 lib.
1978 5083 2053 5134 tv,
2082 5068 2217 5123 Cod.
2249 5065 2457 5123 Theod.

3338 329 3438 385 19.6

1875 439 2172 511 recipiendi
2205 438 2271 506 ",
2323 453 2424 493 nec
2462 438 2666 503 eorum
2722 438 2804 492 vel
2856 440 3438 499 anathematizatorum

1863 547 2000 597 vox,
2038 532 2210 586 ullum
2244 545 2443 585 nocere
2478 529 2571 585 vel
2600 542 2861 585 accusare
2888 540 3089 597 potest.

2631 642 2695 695 11.

1866 741 1944 796 De
1981 741 2050 795 iis
2088 742 2177 810 qui
2215 738 2685 858 excommunigaﬁz
2745 739 3173 802 communicant,
3216 740 3293 793 vel
3328 740 3424 809 inﬁ

2584 823 2650 858 et
2691 823 2771 858 us.

2584 823 2771 859 euntis.

1941 898 2459 953 Excommunicatos
2494 912 2711 965 quoque
2746 912 2775 950 a
2811 898 3186 953 sacerdotibus
3221 901 3287 968 ³³,
3316 902 3441 955 nul-

1864 991 1955 1045 lus
1986 992 2213 1060 recipiat
2243 998 2369 1043 ante
2399 989 2685 1057 utriusque
2715 989 2884 1057 partis
2911 990 3116 1058 justam
3148 992 3435 1047 examina-

1870 1085 2068 1138 tioncm
2097 1098 2198 1136 nec
2226 1096 2348 1135 cum
2376 1081 2457 1134 eis
2486 1079 2537 1132 in
2565 1079 2836 1146 oratione,
2867 1089 2958 1134 aut
2987 1081 3129 1143 cibo,
3160 1092 3252 1136 aut
3279 1092 3444 1152 potu,

1870 1183 1963 1227 aut
2003 1172 2192 1225 osculo
2232 1170 2639 1233 communicet,
2682 1185 2784 1224 nec
2824 1185 2923 1224 ave
2960 1170 3041 1225 eis
3079 1172 3224 1225 dicat
3265 1191 3278 1225 :
3314 1174 3444 1242 quia

1867 1266 2188 1333 quicunque
2223 1262 2279 1314 in
2320 1260 2406 1314 his
2440 1260 2522 1313 vel
2559 1258 2682 1314 aliis
2720 1261 3044 1330 prohibitis,
3077 1263 3312 1317 scienter
3348 1280 3445 1317 ex-

1868 1352 2291 1407 communicatis
2325 1350 2817 1405 communicaverit
2836 1392 2850 1416 ,
2877 1352 3035 1421 juxta
3067 1355 3441 1422 apostolorum

1858 1437 2270 1498 institutionem
2302 1441 2413 1509 (40)
2432 1482 2445 1504 ,
2477 1452 2529 1496 et
2551 1442 2665 1510 ipse
2690 1441 2853 1495 simili
2880 1444 3445 1499 excommunicatione

1873 1536 2180 1605 subjacebit
2205 1536 2268 1588 ³⁸⁵.
2302 1535 2383 1588 Ab
2417 1535 2502 1587 his
2532 1550 2662 1605 ergo
2699 1535 2879 1589 clerici
2917 1543 2969 1588 et
3010 1535 3133 1589 laici
3174 1550 3231 1590 se
3271 1535 3444 1589 absti-

1870 1635 2074 1691 neant,
2116 1626 2209 1695 qui
2248 1625 2435 1678 eadem
2478 1626 2591 1694 pati
2624 1626 2919 1679 noluerint.
2954 1626 3272 1682 Inlidelibus
3305 1643 3445 1697 quo-

1872 1732 1978 1786 que
2012 1717 2181 1770 nolite
2214 1715 2506 1784 conjungi,
2544 1731 2645 1769 nec
2679 1731 2801 1770 cum
2835 1717 2915 1770 eis
2948 1717 3112 1769 ullam
3152 1719 3445 1786 participa-

1872 1802 2075 1856 tionem
2124 1802 2344 1854 babere.
2400 1800 2551 1855 Talia
2594 1817 2724 1856 vero
2774 1814 3032 1872 agentes,
3080 1820 3186 1858 non
3221 1805 3441 1867 fideles,

1870 1894 1964 1947 sed
1997 1893 2243 1948 infideles
2269 1894 2613 1963 judicantur.
2656 1894 2810 1949 Unde
2842 1896 2917 1948 ait
2946 1896 3235 1965 Apostolus
3263 1916 3275 1950 :
3316 1900 3448 1961 Quae

1871 2001 1996 2054 pars
2033 1984 2181 2053 ﬁdeli
2215 2001 2331 2039 cum
2364 1985 2569 2053 inﬁdeli
2596 1987 2621 2039 ?
2653 1995 2747 2039 aut
2771 2002 2888 2056 qua:
2914 1986 3251 2056 participatio
3276 1986 3446 2055 justi--

1842 2148 1843 2151 η
1872 2078 1964 2131 titz
1995 2093 2113 2130 cum
2148 2077 2428 2145 iniquitate
2463 2076 2555 2130 "‘2

1876 2319 1943 2375 Ut
1968 2319 2145 2373 nullus
2174 2321 2448 2389 episcopus
2473 2317 2536 2371 de
2564 2317 2782 2389 alterius
2804 2318 3055 2384 paroc’ria
3081 2317 3284 2387 aliquid
3314 2334 3448 2389 pra:-

2048 2386 2255 2453 sttmat,
2286 2386 2435 2443 etde
2471 2386 2853 2441 mutationibus
2889 2386 3269 2455 episcoporum.

1944 2499 2114 2556 Nemo
2152 2516 2371 2569 quoque
2405 2499 2631 2552 alterius
2674 2498 2935 2552 terminos
2972 2506 3200 2566 usurpet
3234 2498 3298 2559 ³⁸.
3342 2513 3445 2553 nec

1873 2593 2097 2647 alterius
2129 2591 2519 2661 parochianum
2546 2589 2794 2657 judicare
2824 2598 2918 2643 aut
2968 2590 3448 2643 excommunicarc

1876 2688 2171 2753 praasumat
2200 2698 2214 2745 ;
2243 2680 2370 2748 quia
2397 2678 2519 2731 talis
2547 2677 2811 2745 judicatio
2842 2678 2924 2729 vel
2951 2676 3227 2730 ordinatio
3255 2677 3322 2742 ³⁷,
3354 2686 3450 2730 aut,

1876 2766 2406 2829 excommunicatio,
2438 2764 2522 2817 vel
2552 2763 2861 2827 damnatio,
2896 2777 2994 2817 nec
3024 2770 3139 2817 rata
3170 2762 3305 2827 erit,
3342 2779 3446 2818 nec

1876 2858 2021 2911 vires
2051 2856 2190 2910 ullas
2217 2855 2470 2919 habebit;
2501 2853 2762 2923 quoniam
2808 2854 2991 2909 nullus
3039 2854 3263 2907 alterius
3301 2853 3449 2922 judi-

1875 2948 1975 3009 cis,
2008 2946 2115 3000 nisi
2140 2945 2259 3011 sui,
2282 2949 2551 3003 sententia
2581 2943 2876 3009 tenebitur,
2899 2952 2993 2997 aut
3014 2942 3361 2996 damnabitur
3380 2942 3445 2995 ³⁸.

1881 3037 2035 3093 Unde
2063 3046 2118 3092 et
2145 3036 2409 3091 Dominus
2439 3035 2683 3103 loquitur
2713 3034 2899 3089 dicens
2926 3053 2939 3088 :
2978 3033 3059 3087 Ne
3090 3034 3451 3103 transgrediu-

1877 3131 1953 3182 ris
1993 3130 2244 3183 terminos
2278 3128 2520 3196 antiquos
2542 3163 2558 3190 ,
2588 3143 2718 3195 quos
2747 3138 3029 3195 posuerunt
3063 3136 3238 3194 patres
3272 3126 3352 3178 tui
3378 3126 3447 3179 ".

1875 3222 2072 3277 Nullus
2104 3229 2287 3275 autem
2321 3220 2525 3289 primas
2555 3220 2638 3271 vel
2671 3219 3123 3286 metropolitanus
3152 3218 3449 3274 dim'cesani

1875 3312 2160 3367 ecclesiam
2185 3311 2267 3364 vel
2319 3308 2637 3378 parochiam
2680 3308 2747 3373 ⁸ο,
2793 3318 2885 3362 aut
2924 3308 3159 3377 aliquem
3207 3309 3275 3363 de
3327 3309 3450 3377 ejus

1875 3402 2133 3471 parochia
2169 3409 2461 3470 praesumat
2503 3399 2980 3452 excommunicare
3024 3398 3108 3452 vel
3159 3398 3445 3467 judicare,

1878 3492 1963 3545 vel
2004 3491 2209 3560 aliquid
2244 3505 2403 3559 agere
2434 3488 2641 3558 absque
2674 3488 2794 3556 ejus
2829 3488 3062 3542 consilio
3094 3489 3177 3542 vel
3203 3488 3449 3556 judicio:

1879 3579 1972 3632 sed
2007 3578 2109 3632 hoc
2142 3577 2395 3631 observet
2416 3615 2430 3639 ,
2469 3576 2617 3645 quod
2648 3577 2716 3630 ah
2747 3578 3009 3645 apostolis
3039 3576 3153 3647 (41)
3183 3593 3246 3631 ac
3276 3577 3453 3645 patri-

1878 3667 1981 3721 bus
2015 3674 2068 3720 et
2107 3665 2602 3734 prmdeccssoribus
2642 3668 2849 3721 nostris
2886 3676 2968 3720 est
3006 3675 3309 3731 statutum,
3342 3676 3396 3720 et
3422 3683 3452 3719 a

1882 3758 2042 3812 nobis
2076 3757 2457 3812 confirmatum
2488 3774 2501 3810 :
2540 3755 2592 3809 id
2629 3764 2714 3810 est
2738 3757 2807 3823 “,
2843 3759 2888 3812 si
2921 3758 3045 3825 quis
3081 3758 3457 3825 metropolita-

1882 3864 1985 3903 nus
2041 3847 2374 3916 episcopus,
2423 3846 2529 3901 nisi
2586 3847 2731 3915 quod
2785 3847 2851 3901 ad
2906 3862 3061 3901 suam
3098 3848 3453 3901 solummodo

1880 3938 2159 4009 propriam
2195 3938 2431 4004 pertinet
2461 3938 2775 4005 parochiam
2798 3978 2813 4003 ,
2850 3939 2968 3993 sine
3002 3937 3235 3993 consilio
3261 3951 3325 3990 ac
3356 3952 3454 3990 vo-

1882 4030 2090 4084 luntate
2138 4029 2384 4082 omnium
2436 4029 2983 4098 comprovincialium
3032 4031 3455 4099 episcoporum,

1880 4133 2037 4175 extra
2069 4119 2274 4188 aliquid
2310 4134 2469 4189 agere
2504 4120 2830 4185 tentaverit,
2867 4121 3065 4191 gradus
3094 4119 3177 4174 sui
3212 4119 3456 4188 periculo

1880 4210 2189 4279 subjaccbit
2214 4228 2228 4267 :
2253 4222 2308 4265 et
2334 4212 2476 4280 quod
2510 4212 2719 4281 egerit,
2749 4212 2963 4264 irritum
2996 4211 3261 4264 habeatur
3288 4218 3343 4263 ct
3373 4226 3458 4263 va-

1883 4318 2045 4358 cuum
2084 4322 2096 4357 :
2146 4304 2241 4358 sed
2296 4305 2561 4375 quidquid
2604 4305 2671 4358 de
2716 4305 3135 4374 provincialium
3174 4305 3458 4373 coepisco-

1888 4410 2081 4464 porum
2129 4395 2345 4460 causis,
2398 4410 2700 4464 eorumque
2745 4397 3102 4451 ecclesiarum
3135 4406 3188 4449 et
3230 4395 3456 4449 clerico-

1889 4503 2010 4542 rum
2067 4497 2229 4556 atque
2275 4488 2623 4543 saecularium
2679 4490 3104 4544 necessitatibus
3154 4503 3314 4558 agerc
3367 4497 3459 4541 aut

1888 4580 2179 4647 disponere
2219 4595 2443 4636 necesse
2484 4580 2689 4645 fuerit,
2734 4583 2839 4636 hoc
2877 4597 3001 4635 cum
3043 4582 3289 4635 omnium
3330 4596 3461 4635 con—

1889 4685 2054 4725 sensu
2095 4674 2642 4741 comprovincialium
2690 4681 2884 4743 agatur
2929 4672 3247 4742 pontificum
3303 4670 3458 4741 (42);

1913 4788 1956 4817 ²⁷
1988 4786 2149 4843 Rom.
2183 4804 2229 4854 ι,
2266 4789 2357 4842 52.

1913 4873 2025 4911 σαν.
2162 4860 2207 4889 ³⁹
2239 4859 2341 4911 55.

2275 4874 2341 4922 ο,

2457 4789 2501 4821 ’³
2529 4805 2753 4844 carere:
2789 4790 2861 4843 ita
2893 4797 2948 4842 et
2995 4804 3098 4842 ms.
3133 4786 3273 4841 Just.
3306 4794 3357 4837 at
3406 4784 3461 4837 in

2371 4875 2426 4932 ιι.
2455 4861 2488 4913 5
2513 4859 2773 4932 :AJustutn
2795 4869 2878 4932 est
2900 4898 2915 4923 ,
2952 4867 3009 4932 u_t
3033 4857 3145 4932 qui.
3246 4856 3288 4886 ³ο
3318 4853 3461 4932 Deus

2673 4929 2718 4960 ³³
2748 4929 2809 4981 2|
2833 4968 2848 4991 ,
2884 4945 2937 4996 q.
2969 4928 3001 4980 5
3031 4946 3043 4980 :
3076 4926 3463 4996 Excommuni-

2488 5014 2540 5068 q.
2574 4998 2648 5068 2:
2684 4996 2877 5051 Nullus
2903 4992 3146 5068 alterius
3174 4992 3457 5068 terminos.

2534 5069 2575 5099 ³³
2606 5066 2767 5122 Prov.
2798 5082 2937 5131 xxii,
2968 5066 3060 5119 28.
3189 5063 3234 5093 ⁸ο
3287 5062 3341 5127 9,
3403 5077 3459 5130 q.

2330 4998 2376 5029 ιο
2409 5000 2461 5063 9’

1896 5264 2212 5336 Vide_quae
2266 5263 2506 5318 diximus
2554 5263 2609 5316 in
2664 5261 2809 5316 notis
2854 5260 2923 5314 ad
2979 5257 3239 5327 allegatos
3294 5268 3462 5309 cano-

1895 5352 2013 5390 nes.
2050 5334 2126 5388 ln'.

1966 5404 2078 5471 (42)
2120 5401 2654 5471 Comprooincialium
2704 5410 2896 5469 agatur
2928 5394 3267 5471 pontiﬁcum.“
3284 5392 3464 5471 [focus

1896 5463 2191 5537 notabilis,
2242 5463 2388 5527 unde
2444 5463 2760 5540 perspicue:
2797 5463 3019 5540 constat
3064 5463 3463 5540 _pontilicis_et

1893 5544 2132 5613 cpiscOpi
2160 5532 2356 5613 nomen
2392 5532 2683 5613 commune
2738 5532 3185 5613 fuisse__or_nnibps
3208 5532 3462 5613 .ontnino

1890 5602 2160 5681 episcopis
2188 5612 2436 5665 Romano
2470 5608 2823 5681 dignitateet
2856 5605 3033 5681 ofiicio
3064 5602 3455 5681 inferioribus;

1890 5672 2367 5749 adeoqnenetnini
2426 5672 2625 5732 mirum
2658 5677 2826 5730 videri
2882 5676 3093 5739 debeat,
3152 5672 3459 5749 Romanum

1890 5741 2196 5821 pontificem
2229 5762 2278 5804 et
2312 5750 2649 5818 episcopum,
2685 5749 2771 5803 cui
2806 5749 3042 5803 maxima
3084 5760 3213 5800 cura
3272 5741 3461 5797 Eccle—
