3990 6214
272 324 341 381 12')
1637 309 1994 366 Ειηετοωις
2006 351 2020 366 .

3294 321 3398 376 130

270 452 492 494 censemus.
520 432 617 488 ﬂos
641 445 767 518 ergo
807 431 991 487 saeculi
1037 431 1182 502 leges
1222 429 1590 496 interﬁciunt,
1625 432 1718 486 sed
1751 434 1793 490 Α
1821 431 1966 486 enim
1997 431 2042 462 “
2075 440 2319 500 tempore
2362 432 2667 503 indigemus
2689 474 2702 500 ,
2750 441 2809 488 ut
2858 434 3062 506 aliquid
3112 440 3389 494 maturius

270 543 366 587 nos.
391 522 705 578 misericordia
742 530 1047 591 praeeunte,
1082 523 1184 577 sub
1218 521 1457 577 infamia:
1487 531 1618 576 nota
1650 523 1716 576 ad

266 615 547 687 penitentiam
575 612 880 682 recipimus.
914 611 1090 682 lpsam
1125 628 1346 682 quoque
1397 611 1716 676 infamiam,

263 722 333 777 qua
354 715 450 760 sunt
472 705 658 774 aspersi
680 746 696 769 ,
727 704 904 758 delere
939 718 1048 756 non
1089 717 1388 772 possumus
1413 748 1428 770 ,
1467 703 1557 756 sed
1599 705 1720 755 aui-

259 813 339 851 mas
361 811 512 850 eorum
541 810 628 864 per
653 795 1024 864 paenitentiam
1055 794 1329 864 publicam
1373 802 1427 848 et
1467 793 1722 848 Ecclesia:

258 886 592 941 satisfactionem
644 900 836 939 sanare
885 886 1138 954 cupimus
1171 925 1185 949 ,
1249 883 1378 954 quia
1435 883 1717 938 manifesta

255 987 411 1046 peccata
437 991 527 1029 non
560 984 683 1030 sunt
711 976 922 1030 occulta
951 976 1295 1030 correctione
1327 975 1606 1045 purganda
1651 977 1716 1027 ⁵⁷.

252 1068 395 1121 tlmnes
417 1082 527 1135 ergo
554 1067 641 1136 qui
673 1067 726 1120 in
758 1076 904 1121 recta
939 1065 1042 1120 fide
1072 1067 1310 1136 suspecti
1343 1075 1507 1132 sunt,
1539 1066 1591 1119 in
1626 1081 1722 1121 ac-

251 1157 461 1211 cusatione
485 1156 811 1210 sacerdotum
839 1164 890 1210 et
917 1171 1105 1210 eorum
1129 1197 1143 1221 ,
1174 1172 1334 1224 super
1359 1171 1593 1226 quorum
1622 1157 1724 1210 fide

252 1263 322 1300 non
342 1247 597 1307 hasitatur,
623 1247 847 1300 minime
871 1246 1226 1315 recipiantur,
1252 1256 1305 1301 et
1327 1247 1380 1300 in
1413 1247 1722 1302 testimonio

251 1337 424 1391 humano
456 1336 590 1389 dubii
623 1337 946 1389 habeantur.
1010 1336 1278 1390 lnfirmari
1331 1352 1458 1406 ergo
1510 1345 1725 1406 oportet

248 1441 382 1479 θοι-ιιιιι
409 1440 570 1479 vocem
591 1467 606 1491 ,
634 1425 700 1479 de
726 1440 961 1495 quorum
988 1427 1092 1480 ﬁde
1107 1426 1417 1493 dubitatur,
1447 1443 1550 1482 nec
1575 1427 1654 1482 eis
1678 1427 1724 1459 ⁵³

246 1517 521 1571 σιιιιιίιιοεεςε
544 1515 888 1583 credendum,
915 1518 1007 1586 qui
1037 1525 1237 1572 rectam
1265 1519 1420 1573 fidem
1449 1519 1720 1590 ignorant.

244 1603 521 1668 Quaerendum
551 1612 628 1657 est
665 1619 794 1674 ergo
821 1604 874 1656 in
894 1604 1098 1674 judicio
1122 1607 1189 1637 ⁸⁸⁴
1216 1607 1372 1674 cujus
1399 1607 1469 1661 sit
1494 1623 1725 1662 conver-

244 1695 412 1749 sationis
449 1703 496 1748 et
531 1693 684 1758 ﬁdei,
713 1695 760 1749 is
790 1695 884 1765 qui
919 1705 1174 1762 accusat,
1207 1707 1261 1751 et
1292 1698 1338 1752 is
1368 1699 1460 1767 qui
1495 1713 1725 1753 accusa-

1821 536 2065 590 agamus.
2125 519 2236 576 Nec
2268 523 2678 592 prmeipitemus
2713 525 2941 579 consilia
2978 535 3030 580 et
3065 542 3228 602 opera
3263 544 3395 581 nos-

1824 620 1936 678 tra,
1984 629 2159 683 neque
2201 615 2446 668 ordinem
2485 631 2922 685 corrumpamus.
2977 616 3079 672 Sed
3116 619 3162 672 si
3194 618 3396 688 aliquis

1821 701 2012 771 lapsus
2044 717 2375 773 quocunque
2435 706 2600 760 modo
2664 706 2872 772 fuerit,
2934 723 3042 760 non
3099 707 3397 777 perdamus

1826 807 1951 846 eum
1984 794 2050 859 "°,
2095 794 2185 847 sed
2225 793 2466 849 fraterno
2496 797 2857 865 corripiamus
2883 794 3075 851 affectu
3098 834 3113 859 ,
3151 797 3293 850 sicut
3323 797 3399 850 ait

1823 883 2016 939 beatus
2042 884 2374 954 Apostolus:
2414 885 2474 940 Si
2502 897 2900 957 prwoccupatus
2942 888 3105 956 fuerit
3147 888 3299 940 homo
3343 889 3396 940 in

1825 973 2006 1044 aliqua
2057 975 2283 1040 delicto,
2330 993 2418 1030 vos
2459 978 2548 1047 qui
2598 978 2902 1047 spirituales
2947 979 3104 1042 estis,
3150 978 3395 1032 instruite

1823 1064 2131 1128 huiusmodi
2155 1067 2208 1118 in
2239 1069 2430 1136 spiritu
2458 1071 2697 1123 lenitatis
2719 1109 2731 1130 ,
2763 1073 3102 1122 considerans
3130 1070 3352 1138 teipsum
3376 1108 3394 1134 ,

1825 1173 1886 1210 ne
1934 1167 1984 1210 et
2018 1167 2072 1210 tu
2105 1159 2340 1212 tenteris.
2373 1159 2522 1213 Alter
2577 1160 2796 1213 alterius
2854 1175 3014 1211 onera
3069 1169 3310 1228 portate,
3344 1168 3394 1212 et

1824 1249 1898 1302 sic
1929 1249 2284 1318 adimplebitis
2320 1250 2480 1318 legem
2513 1251 2714 1306 Christi
2749 1252 2812 1302 7‘.
2840 1249 3009 1305 Porro
3041 1249 3098 1304 S.
3129 1249 3297 1304 David
3329 1251 3398 1306 de

1827 1338 2151 1393 criminibus
2178 1340 2476 1394 mortiferis
2502 1341 2610 1407 egit
2639 1339 3013 1409 paenitentiam
3042 1341 3111 1404 ⁷⁸⁸,
3136 1349 3188 1394 et
3214 1349 3394 1393 tamen

1826 1425 1880 1479 in
1919 1425 2125 1479 honore
2156 1427 2476 1494 permansit.
2511 1427 2708 1482 Beatus
2749 1443 2966 1496 quoque
3006 1427 3198 1482 Petrus
3241 1443 3394 1481 ama-

1825 1515 2074 1570 rissimas
2104 1515 2375 1588 lacrymas
2402 1516 2542 1571 fudit
2567 1558 2583 1582 ,
2609 1519 2830 1586 quando
2857 1517 3145 1571 Dominum
3170 1532 3398 1588 negasse

1825 1606 2113 1674 paenituit,
2160 1605 2253 1658 sed
2302 1615 2480 1660 tamen
2526 1607 2804 1674 apostolus
2847 1608 3166 1676 permansit.
3199 1606 3266 1660 Et
3290 1606 3398 1660 Do-

1829 1695 2010 1748 minus
2051 1710 2148 1762 per
2187 1695 2508 1764 prophetam
2555 1697 2908 1765 peccantibus
2957 1697 3260 1764 pollicetur,
3308 1696 3392 1749 di-

243 1799 317 1846 tur,
335 1788 554 1856 quoniam
585 1789 636 1841 hi
670 1789 762 1857 qui
798 1804 908 1842 non
945 1797 1074 1843 sunt
1105 1789 1725 1844 rectmconversationis
1755 1785 1798 1838 B
1827 1802 1955 1842 cens
1983 1805 1996 1840 :
2039 1785 2296 1841 Peccator
2330 1789 2384 1840 in
2421 1804 2731 1857 quacunque
2788 1788 2874 1841 die
2930 1804 3205 1841 conversus
3245 1789 3394 1857 inge-

240 1894 282 1932 ac
303 1877 398 1933 ﬁdei
420 1919 432 1939 ,
461 1887 509 1933 et
534 1895 762 1948 quorum
798 1881 910 1934 vita
942 1889 1026 1934 est
1055 1880 1408 1947 accusabilis,
1453 1895 1562 1934 non
1599 1895 1724 1949 per-

239 1971 455 2023 mittuntur
472 1970 696 2039 majores
721 1977 852 2024 natu
877 1985 1156 2036 accusare,
1183 1985 1282 2024 nec
1305 1985 1542 2039 quorum
1566 1970 1720 2033 fides,

239 2062 314 2113 vita
346 2069 388 2113 et
420 2059 621 2115 libertas
666 2061 936 2116 nescitur.
984 2058 1166 2129 Neque
1196 2061 1328 2114 viles
1372 2074 1618 2129 persona:
1666 2059 1722 2112 in

235 2167 379 2206 eorum
403 2154 718 2222 recipiantur
749 2153 1154 2208 accusationem
1186 2153 1252 2205 ⁸ο.
1287 2151 1569 2206 Rimandzc
1597 2165 1724 2204 vero

239 2250 333 2294 sunt
369 2243 653 2296 enucleatim
702 2257 953 2311 personat
995 2249 1411 2305 accusatorum,
1442 2255 1562 2309 qua:
1608 2240 1726 2295 sine

237 2335 385 2402 scripto
409 2334 630 2402 diliicile,
665 2350 770 2404 per
801 2335 1060 2402 scriptum
1091 2341 1271 2387 autem
1308 2329 1589 2401 nunq’uam
1636 2346 1728 2386 re-

237 2423 438 2492 cipiantur
461 2443 474 2477 :
501 2425 622 2494 quia
652 2439 753 2492 per
779 2424 1102 2492 scripturam
1134 2422 1318 2476 nullus
1352 2436 1612 2476 accusare
1641 2420 1726 2476 vel

235 2516 414 2570 accusari
449 2525 617 2586 potest
647 2515 698 2547 ⁸⁸
720 2557 735 2580 ,
770 2516 862 2568 sed
907 2515 1124 2584 propria
1168 2527 1334 2579 voce,
1369 2522 1424 2567 et
1463 2521 1726 2582 prazsente

232 2619 296 2669 eo,
328 2622 460 2673 quem
498 2623 760 2662 accusare
802 2607 1072 2671 voluerit,
1121 2621 1277 2660 suam
1322 2606 1560 2674 quisque
1603 2612 1729 2674 agat

233 2696 559 2750 accusationem
591 2697 655 2749 ".
693 2693 803 2750 Nec
825 2697 1048 2750 absente
1078 2710 1142 2750 co
1170 2696 1236 2762 θ’,
1267 2710 1428 2764 quem
1464 2710 1727 2750 accusare

232 2785 428 2854 voluerit,
455 2791 756 2860 cuicunque
790 2791 1094 2845 accusatori
1137 2790 1411 2844 credatur.
1466 2790 1729 2844 Similiter

232 2885 351 2934 testes
368 2895 836 2951 perquamcunque
867 2884 1189 2952 scripturam
1216 2883 1583 2938 testimonium
1617 2898 1724 2937 non

232 2969 476 3037 proferant,
508 2974 595 3026 sed
629 2982 962 3042 przesentcs,
997 2975 1062 3029 de
1107 2974 1192 3028 his
1221 2988 1343 3044 qua:
1384 2973 1635 3027 viderunt
1675 2983 1730 3028 et

231 3068 464 3125 noverunt,
506 3063 775 3115 veraciter
826 3062 1200 3116 testimonium
1251 3062 1454 3117 dicant.
1506 3059 1617 3118 Nec
1662 3064 1729 3118 de

232 3148 315 3202 aliis
350 3151 509 3206 causis
552 3152 634 3205 vel
683 3152 917 3222 negotiis
958 3153 1145 3207 dicant
1177 3153 1584 3220 testimonium,
1621 3153 1728 3210 nisi

232 3239 275 3292 te
297 3240 363 3294 his
388 3259 494 3310 qua:
524 3245 626 3298 sub
655 3245 947 3314 praesentia
977 3259 1167 3299 eorum
1201 3255 1318 3299 acta
1351 3259 1473 3300 esse
1497 3260 1735 3301 noscun-

233 3337 306 3384 tur.
348 3331 685 3390 Accusatores
743 3349 873 3390 vero
923 3334 1314 3401 consanguinei
1351 3335 1418 3400 ⁸³,
1471 3335 1734 3392 adversus

233 3430 453 3479 extraneos
483 3426 859 3485 testimonium
892 3440 997 3480 non
1028 3425 1245 3492 dicant,
1296 3441 1397 3481 nec
1438 3425 1734 3483 familiares

233 3514 287 3567 vel
309 3515 360 3571 de
382 3519 529 3573 domo
557 3520 892 3590 prodeuntes
922 3537 937 3574 :
965 3518 1059 3574 sed
1094 3517 1140 3574 si
1173 3518 1442 3574 voluerint
1467 3561 1480 3582 ,
1512 3529 1565 3575 et
1595 3518 1735 3573 invi-

235 3619 314 3658 cem
358 3612 720 3665 consenserint
785 3613 928 3666 inter
960 3626 1053 3676 se,
1086 3620 1335 3680 parentes
1355 3610 1734 3666 tantummodo

235 3699 538 3764 testiﬁcantur,
571 3710 628 3756 et
655 3717 767 3756 non
805 3703 860 3756 in
903 3701 1062 3756 alios.
1107 3699 1216 3756 Nec
1260 3706 1607 3756 accusaturos
1651 3701 1734 3759 vel

235 3796 350 3844 testes
375 3794 591 3860 suspecti
621 3794 961 3862 recipiantur
991 3813 1005 3848 ε
1031 3793 1158 3863 quia
1192 3793 1650 3863 propinquitatis,
1681 3803 1736 3848 et

235 3875 579 3949 fauniliaritatis,
626 3899 693 3938 ac
741 3884 1128 3938 dominationis
1157 3883 1415 3949 all‘ectio,
1451 3879 1733 3936 veritatem

233 3965 428 4034 impedire
451 3974 581 4026 solet
609 3973 677 4025 ⁵³.
707 3975 878 4028 Αιιιοι·
900 3975 1139 4029 carnalis
1157 4015 1172 4040 ,
1200 3982 1255 4029 et
1283 3975 1447 4029 timor
1474 3975 1542 4040 ⁸⁸,
1572 3983 1737 4043 atque

234 4061 426 4125 mritia,
466 4063 786 4132 plerumque
828 4079 1024 4119 sensus
1071 4064 1329 4119 hebetant
1369 4064 1637 4119 humanos
1683 4072 1738 4116 et

235 4162 478 4214 pervertunt
509 4156 841 4224 opiniones;
902 4165 959 4210 ut
1011 4165 1282 4225 quaestum
1336 4156 1588 4224 pietatem
1636 4171 1736 4224 pu-

235 4249 336 4307 teat,
364 4253 409 4298 et
437 4251 718 4315 pecuniam
752 4247 913 4316 quasi
950 4247 1255 4301 mercedem
1294 4247 1736 4316 prudentiaa.Ne-

234 4349 290 4383 IIO
323 4337 437 4388 enim
477 4340 525 4391 in
548 4338 671 4392 dolo
715 4337 966 4408 loquatur
1011 4339 1078 4392 ad
1128 4338 1429 4407 proximum
1460 4355 1616 4390 suum
1664 4339 1731 4389 ⁸⁸.

238 4419 361 4478 Foeta
398 4427 503 4482 alta
531 4441 608 4482 est
642 4446 701 4482 os
735 4429 977 4483 malevoli
1009 4431 1076 4484 ⁸⁷.
1107 4427 1373 4484 lnnocens
1401 4429 1530 4483 dum
1567 4429 1738 4484 credit

236 4511 372 4580 facile,
395 4519 494 4573 cito
520 4521 742 4575 labitur.
780 4521 886 4576 Sed
919 4523 1023 4578 iste
1049 4522 1267 4591 lapsus,
1297 4522 1472 4591 surgit
1500 4538 1513 4586 ;
1548 4533 1602 4574 et
1628 4529 1734 4574 ter-

235 4603 470 4672 giversatur
493 4613 608 4668 suis
629 4613 840 4667 artibus
867 4613 1254 4683 praecipitatur,
1285 4613 1434 4667 unde
1456 4627 1734 4681 nunquam

235 4697 394 4752 exsiliat
415 4710 572 4770 atque
613 4703 825 4757 evadat.
870 4702 1140 4757 Ponderet
1183 4717 1312 4773 ergo
1359 4701 1734 4771 unusquisque

236 4801 452 4846 sermones
479 4807 642 4859 suos,
672 4803 725 4846 et
757 4794 903 4863 quod
940 4794 1046 4849 sibi
1079 4794 1225 4864 loqui
1258 4809 1365 4850 non
1399 4795 1547 4857 vult,
1577 4793 1735 4848 alteri

237 4891 309 4928 non
354 4880 614 4948 loquatur.
671 4879 827 4936 Unde
880 4882 1015 4937 bene
1074 4897 1227 4936 sacra
1281 4883 1358 4936 ait
1408 4880 1734 4950 Scriptura:

238 4968 345 5029 Quod
392 4971 474 5024 tibi
517 4991 622 5028 non
668 4975 744 5028 vis
794 4974 943 5040 ﬁeri,
991 4974 1146 5028 alteri
1193 4991 1254 5028 ne
1298 4975 1466 5041 facias
1515 4972 1581 5027 “.
1628 4969 1739 5026 Nos

281 5189 312 5217 ⁸⁷
350 5192 398 5245 S.
441 5192 564 5248 Isid.
610 5210 692 5258 ιιι,
720 5193 871 5249 Sent.
901 5195 993 5249 46.
1069 5194 1114 5225 ⁵⁸
1155 5193 1284 5247 Adr.
1335 5193 1442 5247 col.
1487 5191 1538 5244 4.
1619 5187 1734 5241 “‘9

1833 5195 2002 5256 [necsL
2026 5187 2065 5258 77
2090 5204 2118 5258 ε
2137 5187 2499 5258 Quaerendum
2525 5189 2627 5236 est.
2657 5187 2722 5233 Et
2753 5187 2805 5233 in
2855 5187 3211 5258 Uarihag.“cOJ

1165 5242 1302 5328 δέ,
1329 5242 1452 5332 *ὲ
1479 5242 1939 5332 είᾹοουεδιριῖιιιι.
2018 5257 2063 5332 f"
2089 5242 2182 5332 ξῗ
2205 5272 2259 5324 q.
2384 5271 2395 5305 :
2432 5252 2710 5332 Absenti)“
2730 5264 2795 5302 eo
2851 5242 3420 5332 quem."

234 5272 316 5336 ξιιι-
366 5263 443 5316 96.
489 5263 665 5318 Adr.l
715 5265 820 5319 col.
838 5264 881 5336 5
906 5263 1070 5336 etl5.

245 5325 376 5384 Testes
402 5348 491 5400 per
511 5350 667 5404 quas.
720 5337 766 5367 ⁶¹
798 5335 919 5389 vide
945 5335 1066 5390 cod.
1100 5325 1307 5404 Theod.
1339 5325 1391 5387 et
1421 5331 1690 5404 Amanum
1721 5328 1969 5396 aliosque
2013 5325 2503 5404 iurisconsultos.m
2677 5325 2736 5399 2ἱ
2763 5333 2827 5404 q:
2844 5325 2981 5404 3‘

742 5385 1066 5458 “finiant
1111 5385 1385 5458 veritatis
1444 5385 2389 5470 professionemfpropinquitatis“
2426 5389 2640 5444 affectio
2724 5385 2986 5470 impedire
3005 5385 3421 5470 vgignqlsc'i'tup.

237 5410 527 5458 ειοεειοτεε
535 5443 549 5456 .

237 5464 265 5491 ⁸⁵
293 5466 573 5547 S_.‘Am_br1
593 5489 677 5547 ep.
709 5475 805 5540 44,
839 5489 1002 5547 quam
1034 5473 1326 5547 legenduim
1350 5464 1564 5524 moueo.
1644 5469 1687 5500 ⁸⁸
1723 5464 2030 5547 Psal,x}m
2058 5505 2072 5528 ,
2105 5465 2158 5547 4:

1276 5544 1321 5610 ῖ⁰
1351 5551 1627 5610 portemus
1651 5553 1810 5610 cuin,
1843 5545 1896 5591 et
1929 5537 1994 5589 l'r.
2027 5551 2077 5590 c.
2109 5534 2324 5610 affectu:

1567 5611 1612 5640 ⁷⁸
1648 5606 1843 5661 Ezecb.
1899 5621 2029 5659 xvm
2055 5643 2071 5670 ,
2122 5601 2222 5671 21,
2253 5604 2344 5657 22.

241 5549 292 5598 IV,
317 5538 388 5593 16.
459 5543 503 5574 ⁸⁵
542 5542 598 5598 S.
627 5538 819 5598 'Ambr.
853 5538 1199 5612 epistola'59.

241 5619 338 5679 EW-
358 5627 433 5679 ep.
475 5612 545 5665 50
574 5614 637 5668 de
664 5615 854 5670 iisdem
883 5609 1084 5668 Davide
1106 5623 1160 5668 et
1194 5612 1250 5666 S.
1281 5609 1462 5664 Petit).

241 5672 411 5760 usus;
444 5682 572 5736 ibid.
642 5685 687 5760 τῇ
709 5683 1101 5760 ,Μειιιμ-κνιιιν
1136 5684 1221 5760 4.3.-

245 5749 311 5812 δέ,
361 5760 407 5803 et
435 5767 634 5822 χχχιιι,
668 5755 752 5809 ll.
831 5756 874 5786 ⁸⁸
908 5753 1054 5809 Psal.
1084 5753 1244 5817 1.,14.
1322 5751 1364 5783 ⁸¹
1397 5749 1528 5805 Ibid.
1565 5749 1649 5801 15.

1810 5195 2002 5256 quzcst.
2035 5186 2065 5237 7
2093 5204 2107 5240 :

1325 5683 1366 5712 ⁷⁷
1407 5681 1462 5733 S.
1493 5679 1651 5746 Greg.
1685 5694 1771 5748 ep.
1800 5675 1869 5730 54
1902 5675 2023 5730 libri
2058 5689 2176 5728 vut.

1824 1878 2052 1944 muerit,
2089 1870 2326 1931 omnium
2365 1879 2713 1948 iniquitatum
2752 1878 2900 1932 illius
2939 1895 3044 1932 non
3079 1876 3399 1933 recordabor

1826 1968 2058 2037 amplius
2089 1967 2158 2022 ⁷⁸.

2569 2057 2656 2114 Vl.

1968 2151 2026 2206 Si
2052 2153 2217 2221 possit
2247 2151 2492 2205 sacerdos
2515 2161 2628 2220 post
2657 2151 2863 2219 lapsum
2896 2152 3223 2206 ministrare.

1897 2262 2092 2318 Errant
2139 2263 2283 2316 enim
2312 2265 2378 2326 ⁷⁸,
2436 2264 2530 2334 qui
2585 2273 2778 2333 putant
2827 2263 3040 2318 Domini
3090 2264 3402 2320 sacerdotes

1826 2360 1950 2419 post
1982 2351 2231 2422 lapsum,
2281 2355 2325 2408 si
2368 2355 2691 2424 condignam
2731 2355 2942 2424 egerint
2982 2355 3396 2424 pmnitentiam,

1828 2441 2060 2497 Domino
2108 2444 2422 2500 ministrare
2471 2460 2579 2498 non
2614 2460 2809 2514 posse,
2858 2454 2913 2501 et
2953 2447 3070 2500 suis
3097 2447 3398 2502 honoribus

1827 2532 1970 2597 frui,
2017 2534 2062 2588 si
2113 2534 2312 2589 bonam
2355 2535 2611 2605 deinceps
2637 2535 2803 2591 vitam
2837 2534 3124 2602 duxerint,
3153 2543 3207 2588 et
3239 2550 3401 2589 suum

1828 2621 2200 2677 sacerdotium
2232 2625 2502 2693 condigne
2530 2624 2906 2679 custodierint.
2944 2623 3009 2678 Et
3037 2624 3138 2693 ipsi
3168 2624 3261 2693 qui
3297 2624 3404 2679 hoc

1827 2720 2022 2780 putant
2049 2751 2064 2776 ,
2089 2726 2196 2765 non
2229 2712 2402 2765 solum
2432 2721 2652 2778 errant,
2679 2712 2774 2766 sed
2814 2711 2976 2765 etiam
3008 2718 3198 2764 contra
3223 2709 3399 2764 tradi-

1829 2809 1912 2855 tas
1936 2800 2192 2856 Ecclesia!
2215 2803 2394 2858 claves
2417 2803 2697 2872 disputant
2719 2802 2763 2832 ⁷⁵
2783 2808 2841 2856 et
2864 2815 3024 2871 agerc
3047 2799 3314 2862 videntur,
3337 2799 3406 2854 de

1830 2894 2029 2963 quibus
2070 2893 2276 2946 dictum
2312 2901 2433 2947 est:
2479 2892 2813 2960 Quwcunque
2837 2887 3100 2944 solveritis
3135 2887 3190 2940 in
3226 2897 3402 2948 terra,

1830 2994 1983 3038 erunt
2025 2984 2202 3038 soluta
2241 2991 2288 3036 et
2329 2983 2382 3036 in
2422 2983 2622 3040 calo".
2655 2981 2914 3050 Alioquin
2951 2980 3067 3032 haec
3099 2976 3402 3039 sententia,

1832 3086 1923 3130 aut
1951 3075 2164 3129 Domini
2193 3089 2299 3126 non
2329 3081 2416 3127 est
2437 3114 2452 3141 ,
2481 3080 2575 3127 aut
2602 3087 2732 3126 vera
2761 3081 2864 3126 est.
2891 3066 3003 3124 Nos
3033 3081 3164 3123 vero
3192 3065 3408 3122 indubi-

1835 3175 2036 3233 tanter,
2066 3175 2174 3220 tam
2204 3165 2416 3221 Domini
2462 3158 2772 3220 sacerdoies
2803 3176 2968 3232 quam
2998 3159 3241 3230 reliquos
3271 3158 3405 3214 fide-

1835 3254 1913 3308 les
1935 3293 1948 3313 .
1979 3265 2104 3322 post
2127 3253 2347 3323 dignam
2377 3251 2806 3308 satisfactionem
2835 3263 2996 3319 posse
3019 3249 3196 3304 redire
3217 3247 3288 3302 ad
3313 3248 3408 3302 ho-

1835 3355 1996 3395 nores
2021 3340 2300 3395 credimus
2321 3341 2390 3406 ’7,
2412 3347 2646 3395 testante
2669 3336 2900 3392 Domino
2925 3350 3020 3408 per
3044 3336 3360 3406 prophetam
3387 3351 3402 3388 :

1838 3431 2091 3501 Nunquid
2122 3432 2212 3502 qui
2240 3433 2425 3496 cadit,
2455 3447 2558 3484 non
2591 3430 2804 3498 adiiciet
2835 3437 2892 3482 ut
2922 3428 3203 3500 resurgat?
3223 3435 3277 3482 et
3306 3428 3399 3497 qui

1835 3536 2049 3573 aversus
2092 3529 2166 3573 est
2184 3561 2200 3587 ,
2239 3536 2339 3574 non
2377 3526 2659 3574 revertetur
2679 3517 2726 3550 ⁷⁸
2748 3518 2774 3571 .9
2800 3515 2869 3572 Et
2898 3516 3030 3572 alibi
3064 3533 3080 3570 :
3107 3514 3249 3569 Nolo
3269 3556 3284 3582 ,
3330 3515 3411 3568 in-

1836 3608 1956 3678 quit
1981 3607 2268 3674 Dominus,
2289 3618 2510 3662 mortem
2533 3608 2845 3676 peccatoris,
2869 3606 2959 3661 sed
2983 3615 3039 3660 ut
3064 3613 3411 3660 convertatur

1835 3709 1886 3752 et
1912 3700 2049 3753 vivat
2072 3700 2141 3754 7’.
2176 3699 2239 3753 Et
2268 3699 2528 3769 propheta
2574 3697 2745 3753 David
2809 3697 3185 3767 ptenitentiam
3218 3710 3408 3766 agens,

1835 3792 2011 3846 dixit:
2044 3779 2217 3846 Redde
2244 3792 2371 3844 mihi
2402 3791 2646 3846 lwtitiam
2688 3789 2943 3845 salutaris
2964 3789 3080 3856 tui,
3116 3797 3165 3842 et
3215 3788 3408 3857 spiritu

1837 3881 2121 3952 principali
2175 3882 2431 3950 conﬁrma
2489 3895 2568 3935 me
2600 3881 2672 3934 ⁸ο.
2723 3879 2844 3949 Ipse
2874 3893 3109 3948 namque
3143 3886 3269 3948 post
3293 3892 3410 3946 pae-

1839 3974 2124 4028 nitentiam
2152 3982 2206 4028 et
2232 3974 2370 4027 alios
2402 3971 2610 4034 docuit,
2655 3978 2710 4025 et
2743 3959 3221 4025 sacrificium’Deo
3249 3967 3410 4021 obtu-

1838 4063 1923 4127 lit,
1957 4065 2098 4121 dans
2130 4064 2436 4134 exemplum
2466 4061 2784 4118 doctoribus
2828 4069 3031 4116 sanctae
3057 4057 3332 4122 Ecclesiae,
3363 4056 3410 4112 si

1838 4156 1974 4225 lapsi
2005 4155 2232 4222 fuerint,
2265 4165 2319 4210 et
2372 4155 2697 4224 condignam
2733 4151 3109 4221 paenitentiam
3151 4149 3262 4205 Deo
3285 4164 3410 4219 ges-

1839 4246 2029 4311 serint,
2060 4253 2353 4314 utrumque
2382 4243 2560 4299 facere
2590 4258 2770 4312 posse.
2802 4241 2993 4296 Docuit
3025 4241 3169 4295 enim
3189 4239 3412 4309 quando

1838 4336 2014 4390 dixit:
2045 4333 2249 4389 Docebo
2279 4335 2486 4404 iniquos
2512 4334 2624 4387 vias
2656 4342 2796 4396 tuas,
2829 4342 2876 4384 et
2924 4332 3072 4400 impii
3097 4331 3166 4384 ad
3201 4339 3247 4383 te
3275 4346 3406 4383 cou-

1841 4436 2107 4481 vcrtentur
2155 4426 2221 4478 ⁸¹.
2277 4424 2343 4479 Et
2387 4423 2714 4480 sacrificium
2767 4420 2878 4475 Deo
2929 4436 3027 4490 pro
3081 4437 3139 4475 se
3192 4419 3411 4486 obtulit,

1841 4517 1971 4571 dum
1995 4515 2239 4571 dicebat:
2269 4514 2605 4583 Sacriﬁcium
2633 4512 2736 4565 Deo
2760 4513 2980 4581 spiritus
3004 4511 3412 4564 contribulatus.

1846 4607 2050 4664 Videns
2100 4607 2246 4663 enim
2308 4605 2577 4675 Propheta
2625 4605 2829 4660 scelera
2875 4619 2974 4658 sua
3030 4603 3288 4657 mundata
3321 4617 3416 4672 per

1841 4700 2240 4771 ptenitentiam,
2274 4712 2382 4752 non
2413 4697 2698 4762 dubitavit,
2730 4695 3076 4765 praedicando
3099 4702 3153 4748 et
3184 4693 3415 4748 Domino

1844 4793 2083 4856 libando,
2109 4804 2303 4844 curare
2357 4787 2556 4845 aliena.
2611 4785 3000 4858 Lacrymarum
3033 4799 3162 4853 ergo
3221 4781 3418 4836 eﬂusio

1847 4888 2027 4936 movet
2059 4878 2228 4932 animi
2265 4876 2603 4947 passionem.
2671 4874 3059 4930 Satisfactione
3094 4881 3272 4925 autem
3307 4870 3417 4923 im-

1848 4971 2014 5040 pleta,
2042 4969 2305 5023 avertitur
2330 4967 2550 5022 animus
2577 4965 2646 5021 ab
2677 4965 2778 5019 ira.
2809 4963 2913 5029 Qui
2960 4962 3106 5017 enim
3137 4974 3243 5013 non
3268 4957 3419 5026 igne-

2137 5183 2499 5251 Quaerendum
2525 5189 2627 5236 est.
2656 5179 2722 5233 Et
2753 5179 2805 5233 in
2855 5175 3291 5251 Carthaga‘cquc.
3347 5187 3420 5251 ιε,

2609 5320 2654 5350 ⁵³
2677 5317 2734 5384 2,
2763 5333 2818 5386 q.
2866 5312 2918 5386 Ξῖ
2946 5333 2958 5368 :
3019 5312 3424 5386 Consanguinei

2267 5465 2309 5495 °7
2354 5461 2512 5514 Prov.
2571 5473 2718 5521 xxvr,
2773 5447 2930 5522 juxta
2960 5447 3144 5504 LXXI
3204 5449 3248 5479 ⁸⁸
3289 5447 3424 5502 Tob.

2271 5551 2299 5570 η
2429 5530 2472 5560 ἰι
2514 5528 2688 5570 Calai-
2744 5539 2828 5570 vt-
2881 5523 2904 5570 1
2930 5562 2944 5570 .
2976 5523 3029 5570 4.
3132 5516 3177 5549 ’τ’
3218 5516 3278 5570 S.
3312 5519 3424 5568 Au-

2433 5530 2472 5560 “
2514 5528 2688 5583 Galat.
2744 5539 2828 5583 γι.
2881 5523 2944 5587 1,
2976 5523 3029 5575 4.
3132 5523 3177 5549 ⁷·
3218 5523 3278 5571 S.
3312 5523 3428 5568 Au-

2433 5598 2478 5631 ⁷⁵
2518 5599 2573 5652 in
2608 5596 2762 5648 Dccr.
2799 5592 2948 5646 lvon.
2983 5592 3076 5644 lib.
3128 5603 3202 5654 tv,
3288 5587 3332 5616 ⁷⁵
3366 5585 3423 5639 S.

2276 5673 2320 5704 ⁷⁸
2357 5669 2554 5724 Jerem.
2615 5679 2752 5730 vni,
2791 5661 2844 5716 4.
2921 5662 2966 5695 7°
3006 5659 3207 5715 Ezecb.
3264 5669 3428 5736 xvm,
