3990 6214
542 292 636 346 l5!

1834 290 1902 353 _S.
1941 285 2263 346 URBANUS
2298 287 2322 343 1
2354 289 2526 344 ΡΔΡΑ

3689 287 3802 343 13Ξ

540 413 645 467 scit
671 410 848 471 alteri.
884 409 1159 481 quomodo
1212 408 1318 465 sibi
1344 416 1498 480 putat
1533 409 1844 465 subveniri?
1874 408 2111 479 Supera-
2141 425 2187 480 Α
2215 421 2459 470 mortem.
2490 411 2599 465 sive
2624 409 2939 464 obeditionis
2986 409 3054 462 ad
3096 408 3411 476 justitiam?
3447 404 3661 460 Gratias
3690 423 3799 458 au-

542 503 786 558 hundant
815 518 944 573 ergo
976 511 1219 573 peccata,
1272 500 1684 571 superabundet
1709 509 1763 555 et
1793 502 2113 556 misericor-

539 595 649 650 dia.
680 595 945 660 Quoniam
998 594 1140 664 apud
1188 592 1479 646 Dominum
1534 593 1917 654 misericordia,
1953 602 2000 646 et
2033 607 2117 645 co-

538 686 691 755 piosa
715 684 856 753 apud
884 696 1004 737 eum
1059 682 1347 751 redemptio
1368 682 1434 735 3’.
1474 681 1647 735 Penes
1682 680 1967 735 Dominum
1997 695 2116 733 om-

540 775 693 829 nium
727 773 1062 828 abundantia
1116 780 1221 837 est,
1249 772 1378 840 quia
1417 771 1668 825 Dominus
1723 771 1979 824 virtutum
2006 771 2116 839 ipse

537 871 615 916 est
644 872 693 917 et
730 877 822 916 rea:
881 861 1067 932 gloriw
1094 861 1161 915 ⁸⁸.
1214 859 1304 919 Ait
1346 860 1491 914 enim
1553 859 1883 930 Apostolus:
1924 858 2115 915 Omnes

537 964 903 1023 peccaverunt,
953 962 1002 1007 et
1049 964 1199 1023 egent
1231 952 1403 1021 gloria
1439 950 1570 1015 Dei;
1609 951 1899 1020 justiﬁcati
1946 951 2115 1021 gratis

536 1059 630 1111 per
658 1043 891 1113 gratiam
934 1042 1122 1112 ipsius,
1167 1057 1261 1110 per
1315 1041 1723 1109 redemptionem
1777 1055 1894 1109 qua:
1953 1048 2030 1093 est
2059 1040 2116 1092 in

538 1130 749 1186 Christo
778 1131 931 1198 Jesu,
965 1148 1119 1201 quem
1166 1131 1439 1200 proposuit
1494 1128 1632 1183 Deus
1690 1129 2112 1198 propitiatorem,

535 1236 627 1290 per
653 1223 810 1291 ﬁdem
839 1224 893 1276 in
918 1222 1177 1292 sanguine
1205 1223 1395 1291 ipsius,
1420 1221 1489 1274 ad
1513 1220 1861 1274 ostensionem
1883 1219 2115 1289 justitia:

537 1330 671 1377 suae,
703 1326 917 1383 propter
946 1313 1307 1377 remissionem
1333 1311 1740 1382 prwcedentium
1777 1312 2113 1377 delictorum,

537 1403 592 1456 in
619 1405 1001 1459 sustentatione
1034 1403 1148 1466 Dei,
1180 1404 1249 1457 ad
1286 1402 1635 1456 ostensionem
1656 1403 1887 1472 justitiae
1912 1401 2026 1470 ejus
2058 1402 2112 1454 in

539 1495 637 1547 hoc
665 1503 928 1563 tempore;
961 1503 1017 1548 ut
1047 1494 1117 1547 sit
1168 1493 1278 1562 ipse
1299 1491 1481 1561 justus
1519 1501 1567 1546 et
1611 1491 1920 1560 justi/icans
1972 1506 2111 1556 eum,

536 1588 625 1657 qui
647 1602 711 1640 ex
727 1585 1063 1655 ﬁdeestlesu
1090 1585 1289 1641 Christi
1311 1585 1377 1636 ⁸⁵.
1399 1583 1563 1638 David
1594 1584 1738 1638 enim
1764 1583 1893 1638 dicit
1916 1601 1928 1637 :
1962 1581 2115 1636 Beati

536 1692 760 1746 quorum
795 1677 1029 1747 remisste
1077 1684 1198 1728 sunt
1226 1675 1558 1744 iniquitates,
1610 1682 1660 1726 et
1705 1688 1929 1743 quorum
1978 1680 2113 1725 tecta

2221 512 2322 555 tem
2353 500 2481 560 Deo.
2513 502 2651 572 quod
2692 501 2870 571 fuistis
2894 501 3027 555 serui
3064 501 3283 568 peccati,
3337 498 3587 554 obedistis
3617 508 3801 550 autem

2219 609 2284 647 ea:
2312 593 2465 646 corde
2489 593 2545 646 in
2598 609 2715 646 eam
2758 591 2986 661 formam
3034 589 3311 655 doctrinae,
3336 590 3392 642 in
3421 604 3577 655 quam
3608 587 3803 640 traditi

2219 685 2345 738 estis
2418 682 2654 736 Liberali
2713 692 2890 736 autem
2939 699 2973 735 a
3020 690 3267 748 peccato,
3314 679 3450 733 servi
3486 679 3616 747 facti
3664 679 3802 732 estis

2212 758 2799 844 hstium-Humanum
2820 773 2952 826 dico
3011 771 3089 824 ⁸⁸.
3122 770 3298 841 Majus
3329 771 3475 826 enim
3511 779 3801 840 peccatum

2220 875 2303 920 est
2323 863 2620 934 iudicantis
2655 864 2724 927 ³⁸,
2755 876 2919 932 quam
2963 862 3084 931 ejus
3113 861 3207 930 qui
3255 858 3555 931 iudicatur.
3593 858 3805 914 Existi-

2222 971 2357 1016 mas,
2391 953 2570 1021 inquit
2623 949 2937 1021 Apostolus,
2969 968 2999 1004 o
3044 950 3198 1005 homo
3232 951 3402 1003 omnis
3453 950 3544 1019 qui
3574 949 3804 1018 judicas

2219 1061 2305 1099 eos
2333 1045 2422 1113 qui
2446 1042 2578 1096 talia
2600 1052 2784 1112 agunt,
2812 1030 2883 1095 eti
2920 1042 3054 1112 facis
3078 1046 3160 1102 ea.
3185 1041 3309 1111 quia
3337 1050 3394 1093 tu
3415 1041 3631 1109 eﬁugies
3647 1041 3804 1110 judi-

2221 1137 2360 1189 cium
2390 1132 2529 1186 Dei.”
2565 1134 2647 1187 An
2679 1130 2893 1185 divitias
2934 1132 3180 1185 bonitatis
3212 1131 3325 1197 ejus
3357 1140 3406 1184 et
3452 1132 3726 1199 patientia:
3745 1140 3800 1184 et

2221 1219 2642 1290 longanimitatis
2690 1219 3026 1273 contemnis?
3070 1217 3291 1288 Ignoras
3342 1219 3593 1288 quoniam
3650 1219 3806 1273 beni-

2222 1311 2395 1379 gnitas
2445 1307 2544 1363 Dei
2597 1309 2668 1363 ad
2700 1309 3056 1378 paenitentiam
3112 1318 3159 1361 te
3194 1309 3452 1362 adducit?
3496 1307 3804 1362 Secundum

2221 1402 2489 1461 duritiam,
2517 1411 2695 1456 autem
2744 1409 2893 1454 tuam
2932 1409 2980 1454 et
3012 1399 3342 1470 impaenitens
3380 1416 3492 1465 cor,
3525 1401 3804 1454 thesauri-

2224 1508 2314 1545 zus
2347 1494 2444 1547 tibi
2469 1494 2607 1546 iram
2634 1493 2689 1545 in
2728 1490 2813 1545 die
2852 1491 2969 1555 ira’,
3003 1502 3053 1545 et
3087 1490 3576 1559 reuelationisjusti
3597 1488 3805 1559 judicii

2222 1578 2340 1645 Dei,
2370 1580 2463 1650 qui
2485 1579 2664 1633 reddet
2716 1578 2994 1649 unicuique
3022 1578 3307 1632 secundum
3347 1594 3504 1648 opera
3528 1578 3643 1647 ejus
3668 1593 3686 1632 :
3711 1578 3804 1633 his

2220 1671 2451 1741 quidem,
2473 1671 2563 1739 qui
2606 1670 2893 1724 secundum
2944 1669 3259 1738 patientiam
3292 1669 3413 1723 boni
3450 1671 3644 1739 operis,
3688 1670 3808 1741 glo-

536 1777 662 1821 sunt
692 1778 908 1838 peccata
934 1768 1007 1822 9'.
1041 1767 1332 1821 Mundatur
1362 1782 1492 1838 ergo
1525 1768 1693 1822 homo
1719 1781 1750 1820 a
1782 1772 2024 1836 peccato,
2059 1774 2112 1817 et
2144 1781 2185 1834 Β
2214 1769 2349 1822 riam
2386 1777 2436 1822 et
2490 1767 2736 1821 honorem
2761 1777 2807 1821 et
2836 1767 3304 1837 incorruptionem,
3360 1767 3714 1838 querentibus
3750 1769 3805 1800 ⁸⁸

538 1860 773 1931 resurgit
806 1863 980 1933 gratia
1024 1859 1120 1915 Dei
1166 1860 1354 1930 lapsus
1377 1859 1451 1925 ⁸⁸,
1486 1867 1541 1914 ct
1594 1859 1646 1913 in
1675 1858 1907 1928 pristino
1934 1864 2117 1909 manet

536 1951 742 2016 cilicio,
796 1951 954 2021 juxta
1011 1950 1300 2020 praedictas
1358 1951 1737 2005 auctoritates.
1802 1946 1997 2002 Videat
2045 1961 2115 2001 ne

537 2039 773 2108 amplius
824 2047 1057 2107 peccet,
1120 2046 1182 2092 ut
1238 2038 1507 2092 sententia
1562 2034 1839 2106 Evangelii
1895 2043 2116 2090 maneat

537 2130 728 2184 ineo:
778 2128 940 2195 Vade,
976 2141 1025 2184 et
1074 2129 1301 2200 amplius
1329 2129 1439 2183 noli
1484 2144 1695 2198 peccare
1745 2128 1815 2183 ⁸⁷.
1856 2126 2012 2182 Unde
2040 2127 2117 2181 ait

534 2220 832 2289 Apostolus
859 2239 872 2274 :
903 2220 1027 2274 Non
1048 2238 1169 2291 ergo
1202 2229 1378 2290 regnet
1396 2230 1666 2289 peccatum
1698 2221 1754 2272 in
1782 2228 1950 2273 vestro
1974 2234 2116 2272 mor-

536 2312 637 2366 tali
665 2328 899 2382 corpore,
927 2322 986 2365 ut
1036 2313 1297 2367 obediatis
1345 2312 1783 2379 concupiscentiis
1830 2311 1965 2381 ejus.
2008 2308 2112 2365 Sed

480 2467 483 2471 γ
535 2418 697 2473 neque
747 2403 1037 2457 exhibeatis
1086 2403 1321 2457 membra
1372 2411 1543 2457 vestra
1601 2417 1754 2455 arma
1812 2401 2112 2471 iniquitatis

535 2502 770 2564 peccato,
807 2494 897 2546 sed
919 2494 1158 2547 exhibete
1205 2509 1293 2546 vos
1321 2492 1452 2559 Deo,
1508 2502 1760 2562 tanquam
1782 2506 1847 2545 ea:
1890 2490 2113 2545 mortuis

535 2585 783 2652 uiuentes,
808 2594 856 2638 et
882 2584 1112 2639 membra
1138 2593 1310 2639 vestra
1361 2599 1515 2638 arma
1533 2583 1769 2653 justitia:
1811 2583 1940 2637 Deo.
1977 2581 2112 2636 Pec-

532 2687 714 2732 catum
739 2677 878 2731 enim
928 2675 1069 2730 vobis
1121 2692 1225 2731 non
1259 2676 1656 2739 dominabitur;
1684 2692 1786 2729 non
1835 2674 1975 2729 enim
2019 2673 2112 2728 sub

543 2766 655 2838 lege
687 2768 835 2833 estis,
867 2767 958 2821 sed
985 2767 1079 2821 sub
1125 2767 1321 2838 gratia.
1354 2765 1494 2833 Quid
1519 2783 1642 2837 ergo
1668 2767 1695 2820 7
1744 2765 2112 2829 Peccabimus,

533 2857 782 2927 quoniam
813 2873 914 2911 non
947 2872 1130 2910 sumus
1158 2856 1254 2910 sub
1299 2855 1428 2926 lege,
1460 2855 1549 2910 sed
1574 2857 1667 2909 sub
1693 2855 1867 2926 gratia
1889 2855 1913 2907 ?
1938 2853 2110 2908 Absit.

533 2950 616 3003 An
642 2950 877 3013 nescitis,
907 2950 1158 3018 quoniam
1188 2950 1275 3003 cui
1297 2948 1548 3003 exhibetis
1576 2965 1663 3001 vos
1694 2963 1865 3002 servos
1897 2948 1966 3000 ad
1994 2948 2113 3000 obe-

533 3041 807 3104 diendum,
832 3040 967 3094 serui
993 3041 1119 3094 estis
1147 3039 1283 3109 ejus,
1316 3041 1403 3094 cui
1423 3040 1666 3123 obeditis.
1693 3041 1799 3093 sive
1819 3039 2020 3108 peccati
2044 3039 2113 3092 ad

2218 1861 2381 1914 vitam
2418 1867 2710 1923 aeternam;
2762 1858 2844 1912 his
2877 1867 3076 1923 autem,
3125 1860 3216 1928 qui
3267 1873 3333 1912 ea:
3365 1859 3717 1920 contentione,
3747 1866 3805 1913 et

2217 1950 2308 2020 qui
2334 1965 2436 2002 non
2466 1949 2799 2019 acquiescant
2837 1949 3069 2012 ueritati,
3116 1948 3340 2003 credunt
3393 1958 3568 2003 autem
3598 1950 3807 2020 iniqui-

2221 2042 2340 2104 tati,
2367 2039 2454 2092 ira
2494 2047 2542 2092 et
2566 2039 2883 2108 indignatio,
2928 2037 3204 2093 tribulatio
3233 2048 3283 2093 et
3312 2041 3563 2109 angustia
3590 2040 3647 2093 in
3681 2055 3800 2094 om-

2221 2146 2335 2184 nem
2364 2131 2601 2183 animam
2629 2129 2854 2184 homines
2901 2130 3169 2199 operantis
3214 2129 3437 2203 malum,
3478 2129 3661 2185 Judaei
3685 2133 3802 2202 pri-

2219 2236 2363 2274 mum
2387 2229 2437 2274 et
2464 2220 2655 2276 Grani.
2688 2221 2874 2276 Gloria
2906 2230 3101 2289 autem,
3138 2232 3188 2276 et
3218 2223 3406 2284 honor,
3439 2232 3489 2276 et
3525 2238 3629 2292 pax
3652 2223 3806 2277 omni

2218 2312 2458 2379 aperanti
2492 2311 2684 2364 bonum
2707 2311 2776 2365 ".
2814 2310 3174 2379 Sententiam,
3208 2312 3425 2376 fratres,
3480 2328 3602 2382 qua:
3633 2316 3805 2369 mise-

2218 2399 2510 2454 ricordiam
2534 2410 2679 2455 vetat
2707 2402 2775 2466 θ’,
2809 2417 2917 2457 non
2954 2401 3133 2457 solum
3158 2410 3363 2468 tenere,
3399 2403 3495 2458 sed
3518 2408 3573 2457 et
3596 2402 3798 2458 audire

2221 2487 2470 2560 refugite,
2501 2491 2629 2560 quia
2661 2491 2843 2559 potior
2887 2500 2971 2546 est
2999 2490 3375 2547 misericordia
3404 2492 3663 2548 omnibus
3695 2493 3801 2546 bo-

2217 2579 2676 2637 locautomatihus
2724 2590 2778 2637 et
2823 2581 3109 2637 sacriﬁciis
3161 2581 3231 2637 ".
3272 2582 3551 2638 Consultis
3580 2583 3802 2645 vestris

2220 2672 2456 2727 breviter
2504 2673 2915 2743 respondimus,
2973 2674 3104 2742 quia
3149 2688 3441 2744 oppressos
3493 2675 3681 2744 nimis,
3740 2685 3803 2731 et

2217 2772 2628 2833 praeoccupatos
2684 2764 2808 2819 aliis
2854 2763 3102 2834 judiciis,
3158 2765 3350 2819 litterae
3389 2779 3490 2820 nos
3530 2765 3800 2820 invenere

2217 2863 2433 2909 vestras.
2459 2853 2594 2909 Data
2617 2869 2716 2909 vm
2736 2853 2862 2910 ldus
2881 2853 3156 2922 Octobris,
3182 2854 3461 2911 Antonino
3482 2863 3538 2913 et
3559 2853 3803 2910 Alexan-

2217 2946 2318 3000 dro
2341 2946 2476 3002 viris
2501 2946 2825 3002 clarissimis
2863 2947 3184 3003 consulibus
3212 2946 3279 3000 ’⁸.

594 3202 643 3233 ⁵³
670 3199 817 3256 Psal.
843 3215 1029 3264 cxxtx,
1064 3200 1118 3255 7.
1150 3201 1198 3233 ⁸³
1221 3200 1367 3256 Psal.
1389 3215 1545 3259 xxiii.
1578 3200 1665 3254 10.
1742 3200 1786 3233 ⁸⁸
1809 3199 1968 3254 Rom.
1998 3217 2079 3262 ιιι,
2111 3203 2118 3253 1

2227 3198 2303 3254 26.
2381 3199 2426 3235 ⁸⁸
2452 3197 2770 3266 Psal.xxu,
2808 3198 2860 3252 ἱ.
2938 3199 2985 3230 ⁸⁸
3013 3214 3042 3252 a
3068 3199 3225 3268 lapsu
3297 3196 3343 3229 ⁸⁷
3368 3195 3526 3250 .Ioan.
3548 3210 3664 3255 vm.
3701 3194 3793 3247 il.

568 3274 616 3306 ⁸⁸
638 3273 793 3327 Rom.
828 3291 902 3335 vr,
937 3276 1122 3331 12-19.
1197 3275 1243 3307 ⁸’
1267 3274 1398 3328 Sixti
1428 3284 1569 3327 seut.
1604 3276 1719 3328 174.
1795 3276 1841 3307 ὀ
1874 3275 2102 3327 Roman.
2128 3273 2367 3327 Correct.
2401 3273 2712 3342 praeierunt
2731 3273 2955 3327 verbum
2986 3281 3224 3342 qua-runt
3255 3269 3537 3342 participio
3562 3284 3810 3342 queret!-

570 3343 725 3397 tibus.
792 3345 838 3376 ⁹¹
862 3344 1018 3399 Rom.
1050 3362 1108 3409 ιι,
1138 3346 1190 3410 '5,
1224 3345 1307 3398 10.
1370 3345 1416 3374 ⁹¹
1439 3343 1568 3398 Sixti
1600 3353 1743 3398 sent.
1769 3345 1892 3408 528,
1926 3358 1993 3397 ex
2021 3344 2269 3397 versione
2295 3339 2475 3396 Ruﬁni
2497 3341 2588 3411 qui
2611 3341 2745 3396 obiit
2769 3357 2857 3395 an.
2886 3339 3008 3396 4H.
3072 3342 3120 3374 ”
3143 3339 3305 3396 Marc.
3335 3357 3430 3395 xu.
3489 3341 3535 3372 “
3561 3339 3651 3394 an.
3673 3339 3807 3395 2‘22.

1850 3696 2021 3741 ANNO
2071 3693 2304 3740 DOMINI
2346 3694 2602 3738 CCXXXI.

1423 3879 1596 4059 s.
1732 3806 2961 4055 URBANUSI
3106 3956 3109 3959 -

1761 4171 2177 4233 PONTIFEX
2230 4167 2618 4230 ROMANUS

1205 4488 1545 4557 NQTITIA
1601 4487 1716 4549 EX
1763 4485 2000 4549 LIBRO
2050 4483 2569 4547 PONTIFICALI
2610 4482 2915 4544 DAMAS]
2957 4478 3182 4543 PAPIE

560 4656 757 4721 (lusi,
783 4652 987 4717 σωθείη
1010 4654 1053 4717 1,
1072 4654 1186 4715 747,
1206 4653 1380 4716 Varias
1397 4653 1648 4703 lectiones
1669 4649 1886 4721 adimat:
1914 4651 2075 4721 locum
2096 4644 2318 4721 Libri

2320 4646 2552 4710 ntiﬁcalis
2570 4646 2686 4710 vide
2718 4640 3020 4710 Patrotogiaz
3062 4639 3246 4692 Latina!
3291 4646 3407 4691 tom.
3436 4635 3670 4698 CXXVII,
3718 4644 3803 4687 col

1685 4712 1826 4770 1558,
1850 4713 1904 4760 in
1925 4709 2188 4762 Anastasio
2210 4707 2647 4767 Bibliothecario.)

636 4931 888 4992 Urbanus
913 4933 988 5006 (i)
1019 4934 1240 4990 natione
1283 4933 1584 5001 Romanus,
1620 4949 1686 4990 ex
1720 4944 1875 5004 patre
1911 4934 2205 5004 Pontiano,
2231 4933 2371 4990 sedit
2418 4945 2594 4988 annos
2636 4936 2906 4999 quatuor,
2942 4941 3159 4982 menses
3196 4926 3292 4989 ιθ,
3340 4924 3457 4981 dies
3492 4925 3557 4979 η
3586 4922 3685 5014 (ξ).
3723 4921 3831 4980 Hic

631 5091 708 5162 (1)
752 5089 1016 5162 Urbanus.
1050 5090 1188 5145 Cum
1221 5091 1688 5162 post_martyrium
1712 5089 1946 5162 Callisti,
1978 5091 2133 5162 sedes

631 5105 708 5162 tu
752 5105 1016 5145 urbanus.
1050 5105 1188 5145 num
1217 5105 1345 5214 gest
1368 5105 1688 5161 martyrium
1712 5105 1946 5157 uanusu,
1978 5105 2133 5146 sedes

558 5176 654 5216 sex
683 5161 876 5217 diebus
906 5168 1177 5219 vacasset.
1257 5162 1283 5214 1
1328 5158 1601 5224 Octobris,
1627 5176 1773 5215 anno
1791 5161 1995 5216 Christi
2022 5162 2135 5214 nati

556 5230 807 5301 226,_qui
833 5239 920 5286 est
943 5229 1235 5301 Alexandri
1265 5230 1607 5301 imperatoris
1638 5232 1852 5301 tertius,
1879 5229 2134 5285 Urbanus

557 5299 739 5368 patria
781 5299 1060 5355 Romanus
1108 5300 1158 5354 ei
1207 5299 1576 5355 substituitur.
1629 5300 1830 5355 Baron.
1866 5301 2133 5369 praedicto

556 5384 737 5441 anno,
783 5370 1091 5441 inumuult.
1146 5369 1262 5426 Sub
1294 5371 1457 5440 hujus
1490 5370 1802 5440 pontiﬁcatu
1844 5368 2133 5441 Origenem

557 5438 937 5495 Alexandrinae
960 5437 1215 5495 Ecclesia:
1239 5437 1542 5505 subditum,
1572 5437 2134 5509 Spontaneum‘ennu-

555 5508 722 5561 chum
750 5510 820 5563 ab
848 5510 1157 5580 Alexandro
1184 5508 1687 5579 Hierosolymorum
1714 5511 1968 5580 episcopo
1995 5524 2130 5565 con-

559 5585 639 5646 tra
668 5578 1037 5646 apostolorum
1070 5595 1308 5636 canones
1335 5578 1643 5634 ordinatum
1677 5578 1799 5635 esse
1827 5578 2131 5635 Demetrius

554 5645 935 5727 Alexandrinae
971 5647 1231 5727 “Ecclesiae
1287 5650 1576 5727 episcopus
1602 5651 1760 5727 ‘jure
1825 5650 2131 5727 meritoque

554 5716 930 5786 conqueritur,
968 5716 1254 5792 ipsumque
1284 5716 1572 5792 Origenem
1601 5716 1658 5778 in
1685 5720 1952 5776 laicorum
1983 5716 2131 5776 ordi-

2242 5104 2367 5144 nem
2395 5085 2769 5159 redigendum,
2793 5083 2943 5159 etab
2961 5081 3223 5159 exercitio
3250 5079 3568 5159 presbyterii
3592 5093 3831 5148 suspen-

2243 5159 2482 5215 dendum
2516 5151 2674 5221 'esse,
2724 5162 2872 5211 recte
2912 5154 3155 5210 decrevit
3199 5151 3263 5207 et
3306 5151 3592 5216 admonet;
3633 5159 3827 5221 postea

2242 5230 2459 5285 tandem
2486 5219 3115 5299 excommunicat,‘quod
3136 5222 3338 5299 scripta
3372 5221 3620 5299 quadam
3638 5219 3827 5299 “dein-

2242 5313 2372 5369 ceps
2422 5299 2492 5369 ab
2538 5310 2604 5350 eo
2655 5297 2741 5350 vel
2783 5287 3031 5369 evulgat'a
3054 5334 3070 5359 ,
3103 5293 3204 5369 _vel
3225 5287 3267 5359 ,’
3292 5300 3352 5346 ut
3385 5287 3535 5369 ipse
3559 5287 3827 5369 Origenes

2245 5359 2578 5430 excusabat,
2639 5381 2740 5421 suo
2784 5359 3007 5420 nomine
3055 5364 3234 5427 edita,
3288 5359 3474 5417 multis
3521 5359 3828 5415 hrcresibus

2246 5445 2537 5559 goatetgsnt.
2568 5435 2708 5559 1laiide
2739 5434 2938 5490 Baron.
2979 5434 3240 5505 praedicto
3278 5446 3422 5486 anno
3455 5437 3509 5486 et
3538 5430 3826 5498 sequenti-

2279 5523 2363 5559 llS.
2448 5522 2533 5559 εγ.
2614 5521 2683 5559 IN.

2239 5509 2363 5564 bus.
2407 5508 2533 5561 Ssv.
2568 5508 2683 5560 Bm.

2311 5576 2389 5650 (2)
2427 5575 2575 5650 Sedit
2599 5590 2765 5629 annos
2795 5573 2849 5641 4,
2882 5578 3094 5629 menses
3115 5572 3202 5650 19,
3225 5573 3335 5627 dies
3369 5571 3456 5650 η.
3485 5567 3565 5623 Ex
3598 5566 3826 5622 Vatica-

2239 5643 2331 5705 nis
2357 5643 2628 5702 indicibus
2651 5654 2866 5701 constat
2897 5660 3023 5700 eum
3063 5645 3270 5700 sedisse
3314 5643 3474 5697 annis
3498 5654 3617 5703 sex,
3643 5651 3823 5691 utens.

2242 5718 2307 5786 7,
2350 5717 2495 5774 dieb.
2528 5718 2583 5772 4.
2615 5714 2814 5774 Euseb.
2864 5715 2920 5769 in
2950 5714 3147 5770 Chron.
3178 5714 3418 5774 graviter
3462 5718 3614 5763 errat
3638 5746 3655 5775 ,
3686 5707 3824 5763 dum
