3990 6214
256 319 325 377 lii
1662 312 1961 373 NO'l'iTlA.
3288 322 3392 373 ςπι

254 438 350 489 fecit
372 429 604 501 ministeria
634 435 844 501 sacrata
870 428 1049 481 omnia
1079 437 1330 501 argentea
1363 430 1476 501 (ὃ)ἐ
1497 437 1551 501 et
1583 439 1807 499 patcnas
1841 440 2125 501 argenteas
2165 430 2235 501 25
2280 430 2688 501 θρροειιίιηηζς
2722 445 2818 483 sua
2859 431 3147 485 traditione
3190 436 3390 491 multos

252 503 441 573 convertit
468 499 881 573 ad__baptismum_
913 508 968 551 ct
995 498 1401 573 credulitatem;
1435 498 1742 573 Tiburtium
1777 498 1938 554 etiam
1966 509 2023 573 et
2055 498 2396 573 Valerianum
2431 500 2841 573 nobilissimum
2879 502 3087 573 virum,
3129 518 3389 573 sponsum

250 582 391 627 sanet:
411 568 616 629 (familiar,
643 583 780 640 quos
810 568 973 640 etiam
1001 583 1175 640 usque
1214 570 1278 640 ad
1316 569 1558 640 martyrii
1591 571 1822 638 palmam
1852 570 2121 638 perduxit.
2162 569 2226 621 Et
2270 584 2364 637 per
2391 569 2512 640 ejus
2542 571 2745 622 monita
2789 578 2843 622 et
2882 568 3206 636 doctrinam,
3236 574 3390 627 multi

248 640 430 708 martyrio
462 638 680 709 coronati
710 646 835 709 sunt
868 637 967 707 (ὦ).
1010 635 1107 691 Hic
1137 637 1264 709 fecit
1304 635 1674 693 ordinationes
1708 635 1949 709 quinque
1987 654 2081 708 per
2106 635 2347 709 mensem
2390 637 2761 709 Decembrem,
2794 640 3138 709 presbyteros
3171 635 3391 702 novem,

244 706 428 780 diaconos
450 708 684 780 quinque,
714 707 1000 775 episcopos
1032 722 1127 780 per
1154 708 1369 780 diversa
1404 708 1833 780 loca_octo:_Qui
1856 706 1911 764 et
1935 706 2179 777 sepultus
2204 716 2287 762 est
2315 708 2369 761 in
2388 708 2702 763 ccemeterio
2725 706 3053 777 Praetextati,
3077 711 3161 764 via
3195 710 3391 780 Appia,

244 722 428 764 let‘OﬂOS
450 722 681 827 quinque,
714 722 1000 775 episcopos
1032 722 1127 776 per
1154 722 1369 762 utversa
1404 722 1521 761 toea
1549 722 1691 762 octo.
1729 722 1752 770 ι

243 797 302 832 \lll
328 778 539 831 Kalendas
598 777 773 839 unias,
799 785 850 829 et
881 777 1115 830 cessavit
1143 778 1491 846 episcopatus
1518 778 1635 832 dies
1663 777 1752 832 50.

1232 1127 1749 1220 NOTITIA
1824 1129 2324 1218 ALTERA.

1176 1315 1267 1377 (D.
1296 1318 1558 1375 Consum,
1592 1315 1820 1381 Epistola?
1853 1319 1985 1366 Rom.
2014 1325 2126 1379 pont
2180 1321 2216 1377 l,
2242 1319 2373 1381 lli.)

269 1621 593 1689 lluncpapam,
620 1617 929 1673 Alexandro
954 1617 1303 1687 imperatore,
1325 1616 1550 1672 Callisto
1579 1631 1699 1671 suc-
1729 1632 1771 1678 Α
1802 1624 2094 1671 censentur
2143 1615 2486 1670 consulatus.
2530 1613 2599 1667 At
2644 1614 2696 1668 in
2747 1614 3094 1673 Bucheriano
3128 1618 3387 1691 Catalogo

221 1714 383 1767 cessisse
406 1709 650 1764 Eusebius
683 1710 737 1762 in
761 1706 1020 1763 Chronico
1052 1707 1236 1761 tradit.
1273 1705 1411 1761 Eum
1445 1705 1700 1761 Ecclesia

220 1807 405 1857 Romana}
431 1803 726 1871 pontiﬁcatu
757 1802 999 1854 octennio
1024 1799 1367 1869 perfunctum
1397 1814 1519 1855 esse
1552 1799 1694 1854 idem

219 1898 384 1963 scriptor
415 1892 541 1946 Hist.
581 1893 673 1946 lib.
722 1909 797 1957 Vl,
829 1909 879 1947 c.
906 1893 998 1958 25,
1022 1893 1198 1947 docet.
1232 1891 1299 1944 Et
1323 1908 1447 1945 eum
1478 1892 1696 1962 quidem

216 2004 236 2037 ι
265 1984 483 2037 consulatu
530 1983 761 2037 Maximi
803 1993 853 2036 et
892 1983 1101 2036 Αἰιὶαηὶ
1146 2000 1309 2053 usque
1354 1983 1602 2052 Agricola
1650 1992 1698 2036 et

212 2076 471 2139 Clemmtino,
496 2075 594 2129 hoc
616 2084 705 2129 est
736 2075 805 2129 ab
834 2090 979 2128 anno
1007 2074 1211 2129 Christi
1233 2075 1339 2128 2'25
1367 2075 1435 2129 ad
1459 2074 1563 2128 250
1593 2073 1699 2129 Ec-

210 2168 373 2221 clesiam
402 2166 583 2220 rexisse
620 2182 691 2219 ex
737 2164 1077 2220 Bucheriano
1118 2165 1366 2235 catalogo
1412 2165 1695 2220 discimus.

210 2256 299 2311 Maii
326 2259 378 2312 25
399 2260 491 2324 die,
511 2273 618 2328 quo
651 2266 711 2311 et
742 2258 1060 2311 memoriam
1088 2257 1210 2326 ejus
1237 2258 1476 2313 celebrat
1506 2257 1697 2313 Eccle-

211 2350 278 2413 sia,
303 2350 466 2405 abiisse
507 2351 769 2405 creditur.
805 2347 930 2403 Haec
978 2355 1159 2403 autem
1212 2349 1394 2403 omnia
1443 2349 1584 2404 inter
1617 2365 1695 2417 se,

210 2456 356 2495 necnon
379 2457 485 2495 cum
513 2443 596 2507 iis,
631 2457 760 2511 quae
785 2441 851 2495 de
881 2440 1105 2495 Callisto
1136 2442 1521 2509 praemisimus,
1554 2456 1700 2495 com-

209 2534 290 2599 toni
309 2534 551 2587 commode
588 2540 856 2601 possunt,
890 2533 937 2587 si
980 2533 1291 2587 octennium
1325 2532 1696 2588 Eusebianum

206 2635 288 2677 octo
309 2625 517 2678 diversos
542 2626 874 2679 consulatus
898 2624 1286 2694 intelligamus.
1312 2624 1446 2679 Nam
1473 2626 1540 2679 ab
1566 2624 1695 2678 anni

206 2716 273 2769 935
304 2733 459 2772 mense
489 2717 732 2781 Octobri,
784 2716 931 2772 circa
973 2719 1132 2785 cujus
1181 2718 1387 2771 exitum
1436 2717 1696 2773 Callistus

204 2805 377 2873 pontifex
414 2817 617 2862 creatus
646 2816 903 2877 putatur,
939 2808 1004 2862 ad
1047 2808 1118 2863 25
1160 2809 1303 2861 diem
1341 2810 1543 2864 mensis
1569 2808 1696 2863 Maii

205 2896 414 2963 ιωτῑεδῡ,
448 2915 550 2969 quo
587 2898 800 2953 Urbani
846 2915 993 2954 mors
1038 2899 1416 2970 consignatur,
1459 2908 1583 2955 octo
1611 2915 1696 2955 re-

1803 1722 1912 1762 non
1952 1708 2131 1763 solum
2174 1722 2348 1760 annos
2402 1705 2456 1768 8,
2505 1705 2596 1760 sed
2631 1714 2683 1759 et
2726 1717 2986 1775 praeterea
3038 1725 3257 1766 menses
3294 1714 3384 1777 tt,

1804 1797 1920 1852 dies
1947 1796 2035 1861 12,
2068 1796 2123 1849 iu
2153 1811 2256 1850 ms.
2285 1807 2466 1849 autem
2495 1795 2697 1864 regina:
2738 1793 2899 1850 Suec.
2937 1812 3112 1852 annos
3142 1798 3197 1861 8,
3229 1814 3384 1854 men-

1803 1906 1893 1945 ses
1924 1889 2013 1953 10,
2043 1890 2160 1944 dies
2191 1889 2277 1954 12,
2330 1888 2385 1941 in
2415 1886 2733 1943 Corheiensi
2782 1905 2955 1945 annos
2979 1892 3033 1956 9,
3078 1906 3295 1946 menses
3328 1892 3383 1955 1.

1802 1983 1919 2038 dies
1948 1982 2008 2036 ll
2050 1980 2261 2037 sedisse
2309 1972 2623 2036 adnotatur.
2667 1979 2772 2035 Sed
2815 1981 2942 2051 quia
2984 1982 3038 2036 in
3074 1984 3386 2039 numericas

1801 2084 1962 2129 notas
1993 2089 2148 2128 error
2184 2071 2345 2126 facile
2370 2072 2581 2140 irrepit,
2627 2072 2762 2127 adeo
2810 2082 2870 2126 ut
2902 2089 2999 2142 pro
3021 2085 3144 2130 octo
3179 2074 3385 2130 Urbani

1800 2163 2074 2235 pontiﬁcis
2117 2164 2274 2218 annis
2318 2162 2372 2217 iu
2422 2177 2531 2218 uno
2575 2162 2889 2218 Colbertino
2928 2163 2995 2217 lV
3028 2167 3158 2219 etin
3186 2165 3385 2223 Fossa-

1800 2256 1941 2312 tensi
1977 2255 2043 2309 ΙΙΙ
2104 2264 2314 2309 tantum
2350 2254 2621 2325 legantur.
2667 2252 2976 2310 haerendum
3022 2258 3204 2326 potius
3234 2259 3385 2313 vide-

1800 2357 1891 2403 tur
1925 2347 2202 2404 consulari
2230 2356 2394 2409 notae,
2425 2361 2532 2414 qua
2566 2344 2773 2400 Urbani
2808 2347 3163 2417 pontiﬁcatus
3200 2363 3230 2403 a
3264 2348 3381 2404 Ma-

1801 2442 1935 2496 ximi
1969 2452 2023 2496 et
2057 2439 2260 2494 ΑΕιίεηὶ
2305 2440 2594 2495 consulatu
2630 2439 2698 2494 ad
2739 2440 3084 2495 consulatum
3113 2439 3386 2511 Agricolae

1798 2542 1853 2589 et
1880 2532 2206 2588 Clementini
2235 2532 2287 2585 in
2317 2530 2660 2587 Bucheriano
2682 2530 2934 2601 catalogo
2961 2532 3240 2585 delinitur.

1872 2622 2077 2678 Urbani
2108 2623 2318 2676 nullum
2364 2622 2430 2677 ad
2481 2638 2581 2677 nos
2629 2624 2873 2692 pervenit
2917 2623 3216 2692 genuinum
3250 2623 3387 2677 seri-

1800 2725 1973 2786 ptum.
2007 2715 2085 2769 Ea
2117 2716 2316 2785 quippe
2360 2716 2610 2784 epistola,
2648 2730 2771 2784 qua:
2814 2715 3033 2769 nomine
3083 2715 3230 2770 illius
3276 2716 3386 2771 cir-

1800 2808 2122 2873 cumfertur,
2161 2808 2431 2862 lsidorum
2477 2805 2833 2861 Mercatorem
2880 2804 3131 2876 opiﬁcem
3179 2807 3380 2861 habet:

1802 2902 2048 2969 adeoque
2078 2899 2147 2954 ab
2173 2899 2294 2969 ejus
2319 2898 2640 2954 collectione
2668 2912 2778 2951 non
2818 2906 2902 2953 est
2934 2897 3310 2953 distrahenda.

203 3051 417 3121 illiannos
446 3070 633 3109 novem
680 3054 930 3109 ascribit.
964 3032 1163 3109 Baron.
1202 3068 1347 3110 anno
1383 3054 1509 3121 255,
1542 3070 1695 3109 num.
1734 3061 1775 3115 Β
1802 3064 1934 3109 nutu
1984 3068 2049 3109 ac
2090 3052 2322 3108 consilio
2373 3051 2570 3107 accidit
2623 3061 2683 3107 ut
2730 3050 3039 3106 Alexander
3084 3050 3386 3121 imperator

204 3123 232 3171 l.
252 3120 345 3176 Ser.
380 3122 481 3177 Bm.

246 3193 300 3255 l5)
334 3192 418 3244 Hic
445 3195 559 3260 {erit
604 3193 906 3247 ministeria
946 3204 1158 3247 sacrata
1199 3195 1378 3248 omnia
1424 3203 1693 3263 argentea.

204 3260 263 3311 His
296 3264 589 3331 temporibus
616 3264 921 3318 Ecclesiam
961 3279 1069 3317 non
1118 3266 1282 3319 modo
1331 3260 1551 3327 vitreis,
1602 3264 1697 3318 sed

202 3334 310 3401 etiam
337 3335 578 3401 argenteis
609 3334 899 3396 calicibus,
941 3334 1139 3400 quibus
1173 3334 1503 3398 abundabat,
1537 3348 1693 3387 usam

203 3398 338 3472 .‘_uisse,
375 3398 724 3472 praeterquam
767 3404 913 3471 quod
958 3398 1045 3457 hic
1088 3403 1237 3456 aliud
1275 3412 1551 3458 asseratur
1577 3443 1590 3465 ,
1627 3418 1695 3456 ex

203 3469 373 3537 Gregorii
394 3469 724 3527 Turonensis
752 3469 1220 3538 commentariolo,
1247 3488 1405 3542 quem
1436 3473 1509 3525 De
1524 3472 1696 3539 gloria

204 3552 414 3611 martyrum
464 3544 724 3611 scripsit,
779 3556 1107 3611 cognoscere
1160 3543 1316 3607 licet,
1369 3542 1462 3597 ubi
1517 3542 1691 3595 dicit:

204 3609 313 3680 multa
335 3626 465 3664 sacra
492 3609 877 3667 miitisterialia
906 3627 1034 3665 vasa
1061 3627 1126 3665 ex
1158 3620 1382 3680 argento
1411 3611 1657 3666 confecta
1677 3651 1692 3676 ,

203 3678 353 3733 intenta
379 3697 506 3745 esse,
534 3682 665 3735 dum
708 3690 897 3752 crypta
938 3681 1061 3752 illa,
1084 3682 1135 3735 in
1167 3678 1274 3749 qua
1304 3680 1503 3752 ﬁdeles
1538 3696 1693 3735 sacra

205 3758 355 3813 agentes
388 3753 580 3805 occlusi
619 3750 868 3817 fuerant,
914 3750 1270 3805 refoderctur.
1303 3750 1417 3804 lmo
1453 3764 1559 3803 non
1602 3766 1692 3804 ar-

204 3819 345 3879 eculeis
381 3830 612 3885 tantum,
661 3822 756 3875 sed
800 3828 855 3874 et
893 3822 1072 3874 aureis
1116 3819 1376 3875 calicibus
1418 3818 1694 3874 Romanos

204 3888 406 3948 pontiﬁces
443 3893 585 3945 circa
628 3892 746 3945 haec
782 3897 1023 3959 tempora
1066 3891 1412 3959 incruentum
1449 3892 1695 3958 corporis

202 3968 241 4029 ac
278 3960 519 4029 sanguinis
577 3961 793 4013 Domini
840 3958 1169 4014 sacriﬁcium
1221 3958 1414 4013 oﬁ‘erre
1458 3974 1695 4029 consue-

202 4027 310 4100 tisse,
328 4028 636 4100 Prudentius
667 4031 724 4082 in
758 4032 961 4100 hymno
986 4030 1053 4084 de
1077 4031 1243 4084 rebus
1274 4029 1439 4097 gestis
1472 4027 1529 4100 ξ.
1559 4028 1696 4100 μω-

203 4096 307 4172 temii
326 4097 519 4172 indicat,
541 4096 818 4172 versibus,
846 4099 1046 4172 quibus
1069 4096 1450 4169 persecutores
1474 4096 1533 4154 S.
1559 4097 1696 4153 Lau-

200 4167 362 4218 rentium
388 4167 813 4238 interpellarunt,
849 4169 1026 4224 hisce:

442 4281 590 4333 Hunc
614 4297 727 4335 esse
758 4283 942 4335 vestris
976 4283 1134 4352 orgiis

437 4351 758 4421 ﬂoremque,
786 4362 833 4404 et
868 4351 1054 4415 artem,
1078 4352 1345 4419 proditum
1374 4359 1487 4411 est;

436 4420 587 4474 Hanc
616 4420 959 4489 disciplinam
984 4422 1193 4486 fwderis

436 4490 616 4544 Libent
646 4500 703 4543 ut
730 4508 859 4543 auro
890 4492 1169 4553 antistites,

438 4560 704 4629 érgenteis
735 4562 943 4629 scyphis
971 4560 1167 4629 ferunt,

436 4627 667 4681 Fu'mare
694 4627 903 4683 sacrum
928 4627 1263 4698 sanguinem:

435 4700 678 4767 Auroque
698 4702 965 4752 nocturnis
992 4701 1157 4752 sacris

436 4768 623 4822 Astare
647 4769 782 4838 ﬁxos
808 4785 1001 4824 cereos.

248 4873 345 4954 Cum
387 4880 540 4950 igitur
589 4884 689 4937 hac
742 4898 828 4954 ex,
856 4890 1009 4950 parte
1058 4881 1400 4954 Christianae
1431 4879 1686 4954 Ecclesia:

208 4939 320 5058 flori:
346 4939 607 5006 cresceret
629 4994 642 5018 ,
685 4939 871 5022 regale
928 4953 1287 5007 sacerdotium
1344 4951 1543 5004 Christi
1599 4950 1685 5003 his

224 5012 427 5058 ttiﬂnrilmc
457 5031 500 5058 nt
533 5023 866 5058 nmmunnnlic
897 5021 1256 5058 illnclrnrntnr
1310 5036 1415 5058 nm:
1444 5021 1560 5058 cina
1591 5018 1680 5058 nni

224 5012 427 5080 ulgoribus
457 5031 506 5075 et
533 5012 866 5075 ornamentis
897 5021 1277 5087 illustraretur,
1310 5036 1416 5074 non
1444 5021 1560 5073 sine
1590 5018 1683 5072 Dei

1803 3125 2019 3193 templis
2064 3123 2290 3177 deorum
2354 3122 2678 3193 gentilium,
2734 3138 2930 3193 aurum
2988 3129 3039 3175 et
3094 3130 3383 3193 argentum

1799 3190 2039 3248 conferri
2064 3208 2205 3263 mgre
2230 3190 2432 3257 tulerit,
2466 3192 2707 3263 illudque
2734 3190 2928 3258 Persii,
2954 3201 3014 3245 ut
3037 3190 3203 3247 refert
3230 3191 3385 3246 Lam-

1798 3264 2032 3333 pridius,
2065 3262 2378 3332 frequenter
2409 3262 2743 3317 susurrarit:

2158 3372 2225 3427 In
2257 3373 2445 3441 templo
2475 3373 2603 3444 quid
2636 3373 2766 3442 facit
2802 3374 3034 3426 aurum?

1797 3485 1863 3540 Et
1888 3487 2104 3541 demum
2140 3486 2431 3556 singularis
2463 3484 2663 3540 divinae
2694 3484 3049 3554 providentiae
3086 3500 3225 3556 opus
3257 3503 3379 3544 esse

1796 3558 2031 3620 videtur,
2060 3558 2205 3626 quod
2232 3571 2428 3609 aurum
2462 3564 2516 3609 et
2541 3566 2849 3626 argentum,
2887 3556 3103 3626 templis
3132 3558 3383 3612 ethnico-

1794 3642 1917 3681 rum
1951 3624 2093 3696 jam.—
2102 3636 2229 3679 ante
2267 3626 2542 3696 collatum.
2579 3624 2674 3694 per
2703 3624 3059 3696 Maximinum
3088 3626 3384 3682 Alexandri

1796 3694 2168 3751 successorem
2203 3696 2342 3749 ἰεῑυο
2371 3694 2598 3757 auferri,
2624 3702 2833 3750 statuas
2860 3694 3107 3757 deorum,
3136 3710 3384 3750 omnem-

1795 3782 1901 3835 que
1935 3766 2219 3835 materiam
2255 3764 2830 3835 nummiscondendis
2859 3763 3120 3835 idoneam
3152 3766 3381 3820 conﬂari

1796 3833 2131 3905 permiserit:
2161 3834 2407 3905 adeoque
2422 3833 2661 3905 soluerit
2688 3833 2828 3895 fieri,
2858 3836 3002 3905 quod
3034 3833 3053 3885 Ι
3090 3833 3221 3905 Reg:
3254 3851 3378 3904 cap.

1796 3901 1827 3958 ir
1851 3904 2128 3985 scribitur,
2159 3918 2282 3957 arca
2314 3904 2523 3957 scilicet
2554 3901 2646 3982 Dei
2670 3901 3377 4024 appropinquante,'Dagon

1796 3974 2236 4024 Philisthzeorum
2271 3971 2435 4024 deum
2470 3970 2773 4024 confrtnet:
2806 3971 2839 4024 tl
2865 3986 2951 4024 am
2981 3972 3191 4024 extolli.
3231 3973 3377 4024 hunc

1795 3974 2236 4029 Philisthzcorum
2271 3971 2435 4027 deum
2470 3970 2773 4041 confringi;
2804 3970 3191 4041 illam’extolli,
3231 3970 3381 4030 hunc

1794 4044 1984 4113 dejic’i;
2032 4044 2178 4097 illam
2224 4042 2391 4112 gloria
2429 4051 2482 4096 et
2518 4040 2724 4113 honore
2759 4040 2916 4106 aﬂici,
2948 4041 3094 4113 hunc
3123 4056 3254 4113 vero
3285 4042 3382 4113 de-

1791 4111 1995 4183 jectum
2024 4111 2509 4183 universorornatu
2546 4119 2599 4165 et
2639 4112 2837 4166 decore
2874 4112 3000 4165 exui
3033 4122 3086 4166 et
3114 4111 3377 4183 spoliari;

1795 4181 2118 4238 Christiana:
2156 4182 2430 4252 religionis
2479 4183 2715 4252 gloriam
2753 4196 2999 4252 crescere
3022 4222 3037 4246 ,
3099 4181 3380 4250 gentilitiaa

1795 4251 2511 4322 superstitionishonorem
2551 4251 2719 4322 minui
2749 4260 2802 4304 et
2818 4251 3045 4322 penitus
3069 4253 3374 4305 obscurari.

1796 4318 1997 4378 Ba'ron.
2026 4337 2171 4376 anno
2197 4320 2402 4375 Christi
2432 4321 2559 4378 255.
2586 4336 2640 4373 n.
2677 4319 2789 4389 {et
2817 4320 2868 4373 5.
2914 4318 3050 4373 Vide
3087 4335 3208 4389 quae
3235 4321 3379 4375 dixi-

1721 4400 1763 4456 c
1795 4408 1918 4447 mus
1951 4407 2114 4460 supra
2147 4391 2202 4444 in
2238 4392 2378 4445 notis
2402 4391 2467 4444 ad
2497 4389 2679 4442 Vitam
2703 4387 3015 4459 Zephyrini.
3049 4387 3124 4443 In}

1776 4485 1779 4489 ·
1870 4462 1946 4531 (4)
1988 4461 2093 4514 Per
2129 4461 2474 4531 ejusAm0n_ita
2514 4460 3083 4531 etdoctrinamntulti
3117 4461 3375 4531 martyrio

1800 4525 2037 4583 coronati
2066 4525 2209 4584 sunt.
2236 4529 2341 4595 Qui
2370 4529 2696 4591 Tiburtium,
2737 4525 3083 4581 Valerianum
3117 4538 3170 4581 et
3199 4525 3377 4581 Minxi-

1800 4615 1950 4654 mum
1979 4615 2103 4654 cum
2133 4611 2319 4654 sancta
2346 4597 2560 4652 Crecilia
2590 4599 2643 4650 in
2674 4597 2777 4651 ﬁde
2806 4596 3158 4661 instruxerat,
3198 4597 3374 4666 bapti-

1799 4681 2038 4733 zaveral,
2067 4677 2121 4723 et
2142 4669 2405 4723 adversus
2433 4668 2599 4722 ictum
2631 4666 2792 4735 gladii
2825 4667 3039 4721 hortatur
3071 4683 3173 4722 suo
3192 4668 3375 4735 iobﬁr—

1798 4748 2061 4802 maverat,
2093 4736 2309 4793 tandem
2340 4737 2458 4805 ipse
2491 4734 2709 4806 quoque
2735 4737 2904 4791 multa
2944 4738 3161 4806 pr0pter
3186 4734 3373 4791 Eccle-

1797 4808 1934 4862 siam
1960 4824 2177 4877 passus,
2208 4807 2523 4877 cervicibus,
2541 4806 2819 4877 abscissis,
2852 4809 3111 4877 martyrio
3141 4820 3374 4861 corona-

1792 4885 1880 4932 tus
1920 4876 2036 4944 est,
2076 4893 2222 4932 anno
2253 4876 2455 4932 Christi
2501 4876 2638 4943 255,
2688 4876 3372 4945 Alexandriimperatoris

1790 4946 1898 5069 110,
1946 4949 2211 5069 \iigesimo
2266 4948 2457 5017 quinto
2509 4947 2595 5001 die
2651 4946 2796 5001 Maii.
2855 4945 3056 5000 Baron.
3113 4946 3370 5017 praedicto

1812 5032 1929 5069 oco.
1985 5034 2039 5069 υ.
2942 5068 2947 5069 ,

1812 5032 1929 5071 000.
1963 5032 2039 5072 ID.
