3990 6214
308 294 380 349 ιῖἷ

1247 240 1586 345 ὲΡὶΞΤΟΙΑ
1621 291 1712 345 AD
1743 290 1975 347 OMNES
2009 292 2492 351 CHRISTIANOS.

3326 307 3427 360 158

309 408 705 481 apparentibus
726 423 883 478 quam
915 408 1113 466 futuris
1136 413 1495 481 temporibus,
1529 414 1762 484 plurima
1791 423 1836 480 Α
1867 426 2045 470 autem
2075 418 2143 469 ad
2169 433 2283 471 eam
2309 434 2327 471 :
2355 418 2494 483 Quid
2543 420 2723 490 utique
2773 423 3006 477 convenit
3057 424 3198 477 vobis
3230 434 3427 481 tentare

305 504 613 573 «elegantiora
640 512 853 572 possent
893 504 1205 559 ministrare
1235 506 1482 561 ﬁdelibus
1505 522 1758 561 commu-

298 599 521 655 nemlidem
542 596 868 659 ducentibus,
891 611 1054 666 quam
1079 613 1144 651 ex
1171 598 1344 667 pretio
1374 598 1597 662 eorum;
1646 615 1759 655 ca:-

291 699 426 763 perunt
445 688 618 759 predia
640 695 692 740 et
725 702 901 757 agros,
933 702 1073 757 quos
1093 689 1322 744 vendere
1353 690 1757 757 solebant,ma-

288 778 695 835 tricibusEcelesiis
725 778 990 845 tradere",
1024 788 1079 835 et
1127 795 1195 835 ex
1236 782 1541 851 sumptibus
1567 798 1752 837 eorum

283 873 426 925 virere.

937 959 999 1015 ll.

321 1072 418 1144 Ipsa
440 1089 549 1128 vero
573 1090 655 1129 res
679 1075 734 1130 in
763 1076 967 1130 ditione
993 1076 1746 1146 singularum'parochiarum,

267 1170 586 1235 episcoporum,
616 1168 707 1237 qui
736 1167 911 1222 locum
946 1177 1127 1222 tenent
1157 1169 1546 1238 apostolorum,
1571 1178 1747 1235 erant,

267 1270 303 1313 et
322 1267 417 1313 sunt
457 1274 612 1327 usque
640 1259 840 1326 adhuc,
864 1269 919 1313 et
948 1259 1144 1314 futuris
1173 1275 1383 1329 semper
1405 1260 1599 1315 debent
1628 1276 1747 1317 esse

264 1348 541 1416 temporibus.
570 1348 607 1401 Ε
634 1350 833 1418 quibus
857 1349 1097 1419 episcopi
1127 1359 1179 1404 et
1202 1351 1746 1421 lidelesdispensato-

262 1452 501 1497 reseorum,
534 1438 780 1493 omnibus
810 1453 1156 1495 communem
1209 1441 1375 1496 vitam
1427 1441 1621 1512 degere
1648 1458 1744 1497 vo-

259 1528 447 1590 lentibus,
468 1530 762 1585 ministrare
794 1540 992 1585 cuncta
1016 1534 1319 1589 necessaria
1342 1534 1559 1601 debent,
1579 1545 1743 1606 prout

258 1622 397 1676 melius
415 1624 685 1692 potuerint,
717 1632 776 1678 ut
812 1640 975 1679 nemo
1000 1626 1052 1680 in
1096 1626 1177 1681 eis
1217 1642 1381 1697 egens
1410 1629 1736 1685 inveniatur.

262 1710 356 1783 ipsa:
393 1714 512 1767 enim
540 1729 619 1768 res
641 1714 877 1770 ﬁdelium
898 1716 1198 1771 oblationes
1220 1718 1578 1787 appellantur,
1609 1720 1737 1789 quia

1864 506 2126 576 Spiritum
2158 508 2412 564 Domini?
2444 509 2577 564 Ecce
2604 514 2756 581 pedes
2777 529 2954 565 eorum
2986 515 3075 585 qui
3112 516 3424 584 sepelierunt

1859 603 2029 655 uirum
2059 612 2223 666 tuum,
2256 604 2324 655 ad
2355 604 2570 667 ostium,
2600 612 2649 657 et
2671 604 2883 673 c/ferent
2914 619 2982 659 te.
3017 605 3308 676 Confestim
3342 628 3427 665 ce-

1857 692 1987 746 cidit
2014 693 2082 745 ad
2103 694 2256 761 pedes
2281 694 2416 762 ejus,
2440 705 2489 749 et
2509 696 2809 764 exspiravit.
2840 696 3109 752 Intranles
3132 709 3307 755 autem
3324 702 3423 771 ju-

1855 802 2022 851 venes,
2053 788 2355 840 invenerunt
2382 787 2533 840 illam
2569 801 2854 854 mortuam,
2906 800 2955 843 et
3004 791 3325 858 extulerunt,
3373 807 3424 849 et

1854 877 2170 946 sepelierunt
2197 880 2266 931 ad
2295 881 2465 933 uirum
2488 896 2662 934 suum.
2696 879 2763 935 Et
2791 883 2960 951 factus
2988 894 3063 937 est
3100 885 3259 938 timor
3305 904 3422 940 ma-

1856 982 1985 1036 gnus
2006 968 2058 1018 in
2076 968 2368 1021 universam
2384 968 2696 1035 Ecclesium,
2708 982 2758 1024 et
2772 972 2826 1025 in
2852 989 3024 1025 omnes
3036 975 3125 1043 qui
3138 976 3417 1030 audierunt

1849 1058 1960 1110 lucc
1975 1059 2015 1111 ⁹.
2039 1055 2184 1121 Haec,
2206 1059 2422 1121 fratres,
2456 1060 2612 1114 valde
2638 1061 2870 1115 cavenda
2899 1072 3026 1116 sunt
3049 1073 3101 1116 et
3126 1063 3365 1118 timenda
3398 1082 3414 1119 :

1850 1149 1979 1218 quia
2032 1165 2121 1203 res
2168 1148 2444 1213 Ecclesiae,
2476 1166 2585 1206 non
2618 1153 2773 1221 quasi
2806 1154 3040 1222 propria:
3083 1154 3146 1219 ‘°,
3201 1155 3296 1210 sed
3356 1166 3417 1210 ut

1842 1255 2164 1297 communes
2192 1251 2245 1296 et
2287 1241 2517 1324 Domiqq
2561 1244 2756 1297 oblata:
2784 1245 2850 1308 “,
2908 1263 3031 1301 cum
3082 1263 3297 1303 summo
3347 1251 3416 1302 ti-

1846 1349 1997 1405 more
2023 1351 2132 1388 non
2161 1335 2213 1389 in
2238 1336 2373 1391 alios
2399 1353 2561 1407 quam
2592 1337 2643 1391 in
2672 1338 2924 1408 praefatos
2952 1357 3084 1396 usus
3131 1352 3259 1398 sunt
3283 1344 3413 1398 ﬁde-

1845 1425 1967 1481 liter
1995 1427 2389 1496 dispensandae,
2445 1447 2512 1485 ne
2560 1433 2823 1501 sacrilegii
2866 1443 3072 1487 reatum
3106 1434 3408 1500 incurrant,

1842 1519 1934 1588 qui
1952 1534 2045 1574 eas
2070 1519 2193 1574 inde
2214 1520 2565 1587 abstrahunt,
2586 1524 2674 1576 ubi
2697 1524 2904 1579 tradita:
2929 1534 3074 1592 sunt,
3102 1542 3170 1581 ne
3191 1543 3407 1597 pinnam

1841 1623 1893 1666 et
1917 1624 2145 1668 mortem
2191 1614 2417 1670 Ananiae
2461 1625 2515 1669 et
2563 1614 2808 1685 Saphiraa
2835 1618 3132 1686 incurrant,
3159 1630 3212 1675 et
3241 1623 3409 1692 (quod

1840 1704 1993 1773 pejus
2027 1706 2131 1776 est)
2184 1708 2471 1761 anathema
2505 1710 2825 1763 ntarauatlta
2856 1712 2988 1764 liant
3019 1712 3083 1775 ¹²,
3124 1720 3179 1765 et
3218 1712 3264 1766 si
3296 1728 3406 1767 non

252 1803 423 1859 Domino
447 1805 749 1861 oderuntur.
773 1806 892 1862 Non
917 1823 1045 1877 ergo
1070 1809 1266 1864 debent
1290 1811 1343 1863 in
1369 1809 1491 1865 aliis
1519 1810 1730 1876 usibus,

1835 1812 2080 1867 corpore,
2111 1806 2169 1851 ut
2204 1798 2445 1855 Ananias
2474 1808 2528 1853 et
2563 1800 2814 1871 Sapliira,
2855 1803 3055 1856 mortui
3086 1802 3403 1867 ceciderint,

254 1910 369 1966 quam
396 1896 779 1961 ecclesiasticis,
814 1908 867 1953 et
900 1899 1276 1968 praedictorum
1303 1901 1736 1956 Christianorum

249 1986 499 2041 iratrumvel
520 1988 869 2057 indigentium
902 1991 1143 2045 converti
1165 2011 1177 2045 :
1199 1992 1327 2061 quia
1359 2000 1481 2047 vota
1514 2000 1644 2047 sunt
1673 1992 1737 2046 ﬁ-

248 2080 401 2133 delitam
415 2079 451 2143 ',
468 2090 509 2134 et
524 2081 683 2149 pretia
698 2091 1043 2152 peccatorum
1061 2082 1159 2153 (7),
1178 2098 1239 2138 ac
1256 2084 1578 2153 patrimonia
1600 2100 1735 2154 pau—

251 2182 413 2237 perum,
434 2179 560 2237 atque
586 2171 653 2224 ad
690 2172 1015 2240 praedictum
1050 2188 1189 2244 opus
1236 2174 1583 2243 explendum,
1617 2174 1732 2229 Do-

250 2258 361 2313 mino
401 2261 586 2317 tradita.
640 2260 701 2315 Si
755 2263 884 2332 quis
934 2273 1113 2319 autem
1153 2266 1316 2335 (quod
1362 2265 1524 2335 absit)
1578 2281 1734 2320 secus

246 2350 382 2419 egerit,
405 2352 553 2406 rideat
584 2369 649 2408 ne
681 2356 1096 2412 damnationem
1152 2356 1377 2411 Ananize
1406 2366 1461 2411 et
1487 2357 1733 2426 Sapbirae

244 2442 451 2511 percipiat,
474 2452 523 2498 et
547 2460 673 2500 reus
702 2447 977 2517 sacrilegii
995 2447 1276 2514 eﬁiciatur,
1293 2450 1435 2502 sicut
1453 2448 1529 2502 illi
1556 2448 1730 2504 eﬁ‘ecti

245 2543 349 2595 sunt,
373 2537 449 2605 qui
477 2540 639 2607 pretia
673 2540 1058 2610 praedictarum
1088 2555 1268 2594 rerum
1318 2539 1727 2605 fraudaverunt,

242 2625 449 2697 lequibus
469 2630 650 2702 legitur
673 2634 730 2686 in
768 2632 1039 2703 praedictis
1064 2632 1437 2702 apostolorum
1459 2633 1684 2688 Actibus
1709 2652 1723 2688 :

245 2715 467 2775 Virutem
512 2724 730 2793 quidam
774 2725 981 2778 nomine
1023 2723 1283 2790 Ananias,
1334 2740 1451 2777 cum
1496 2722 1727 2794 Saphira

237 2823 351 2865 mre
366 2828 472 2876 sua,
497 2816 724 2868 rendidit
752 2832 938 2886 agrum
958 2826 1006 2870 et
1022 2816 1291 2885 fraudavit
1312 2814 1375 2869 de
1394 2817 1562 2885 pretio
1585 2816 1724 2886 agri,

236 2906 385 2958 mstiti
413 2922 556 2961 uxore
576 2925 675 2961 sua
706 2928 730 2963 :
753 2918 800 2963 et
841 2910 1066 2977 alferens
1096 2918 1296 2978 partem
1321 2908 1623 2979 quamdam,
1655 2909 1723 2962 ad

235 2998 339 3062 pedes
359 3000 682 3067 apostolorum
712 3003 909 3071 posuit.
960 3002 1107 3056 Dixit
1155 3014 1331 3057 autem
1363 3001 1551 3056 Petrus
1577 3003 1721 3055 Ana-

236 3090 303 3142 u‘c
326 3105 340 3142 :
368 3090 458 3146 Cur
482 3089 692 3147 tentiivit
727 3093 956 3150 Satanas
993 3113 1082 3151 cor
1107 3108 1278 3163 tuum,
1306 3099 1512 3150 mentiri
1532 3106 1578 3150 te
1600 3094 1721 3167 Spi-

236 3181 319 3233 ritui
336 3193 561 3249 sancto,et
579 3187 837 3256 fraudare
853 3188 916 3241 de
932 3192 1096 3258 pretio
1115 3190 1228 3258 agri
1246 3191 1270 3243 ?
1299 3188 1484 3243 Nonne
1507 3188 1719 3244 manens

236 3271 296 3322 tibi
319 3276 539 3342 manebat,
569 3288 616 3331 et
643 3279 1018 3333 venumdatam
1047 3290 1160 3333 erat
1192 3281 1244 3333 in
1290 3291 1382 3334 tua
1430 3283 1723 3348 potestate?

235 3362 351 3424 (lure
372 3369 569 3435 posuisti
600 3371 655 3423 in
676 3371 836 3424 corde
857 3380 947 3423 tuo
974 3372 1108 3424 lianc
1131 3372 1275 3425 rem?
1314 3370 1436 3425 Non
1476 3388 1528 3425 es
1552 3371 1721 3425 homi-

233 3455 333 3506 miss
356 3461 593 3522 mentitus,
618 3460 715 3514 sed
749 3460 991 3513 Domino.
1017 3462 1250 3514 Audiens
1277 3471 1453 3515 autem
1476 3462 1717 3516 Ananias

234 3544 691 3619 lecrerba,cecidit,
719 3560 769 3605 et
795 3553 1102 3620 exspiravit.
1144 3549 1213 3605 Et
1241 3553 1413 3622 factus
1450 3564 1526 3606 est
1557 3554 1717 3607 timor

233 3652 380 3705 magna:
397 3641 442 3692 in
462 3659 633 3695 omnes
666 3644 760 3713 qui
789 3645 1097 3699 audierunt.
1128 3642 1406 3715 Surgentes
1428 3655 1599 3697 autem
1621 3644 1716 3713 ju-

232 3741 343 3791 taies,
362 3744 636 3787 amaverunt
652 3751 812 3797 eum;
835 3744 884 3788 et
912 3736 1210 3803 e/ferentes,
1235 3734 1565 3804 sepelierunt.
1603 3734 1715 3790 Fa-

230 3830 323 3869 ctus
336 3832 395 3874 est
414 3835 577 3877 autem
601 3826 760 3894 quasi
781 3826 1032 3879 horarum
1059 3828 1219 3879 trium
1239 3827 1492 3895 spatium,
1513 3837 1561 3881 et
1577 3842 1713 3881 uxor

230 3906 355 3972 lPtiss,
382 3917 597 3969 nesciens
622 3916 771 3986 quod
822 3916 1021 3985 factum
1073 3918 1267 3986 fuerat,
1309 3917 1565 3971 introivit.
1608 3917 1713 3971 Re-

228 4002 409 4064 spondent
432 4016 599 4060 autem
624 4009 680 4061 ei
716 4007 930 4073 Petrus,
980 4009 1111 4061 dixit
1140 4023 1160 4061 :
1192 4008 1291 4061 Dic
1314 4009 1462 4071 mihi,
1498 4008 1544 4061 si
1573 4009 1710 4062 tanti

227 4103 354 4153 eorum
367 4096 697 4150 reudidistis?
721 4096 791 4149 At
810 4096 903 4150 illa
928 4098 1063 4150 dixit
1080 4112 1100 4150 .'
1127 4094 1306 4150 Etiam
1334 4098 1490 4151 tanti.
1515 4094 1704 4151 Petrus

274 4255 473 4313 'Concil.
503 4259 685 4316 Milev.
707 4260 798 4315 25.

224 4322 258 4387 8.
282 4328 386 4399 edit.
418 4328 733 4399 Moguntina:
754 4332 947 4386 Busaai.
1021 4332 1227 4385 ’Actor.
1276 4348 1328 4394 v,
1364 4331 1516 4386 t-tt.

224 4462 280 4539 gf.
330 4462 369 4496 7”
392 4462 698 4534 l7.rQu:est.
726 4462 761 4525 ti
790 4491 803 4526 :
840 4462 1233 4526 Atiendeudum
1261 4479 1365 4534 est,
1394 4462 1477 4523 ἠε
1517 4462 1735 4539 praadia.

225 4530 428 4667 gqequam
451 4530 734 4609 expende.,
806 4543 849 4573 “
878 4554 1082 4597 uratur.
1177 4541 1258 4594 "1
1294 4530 1418 4596 (lor.
1458 4530 1531 4605 v,'
1546 4540 1599 4595 5.

308 4622 375 4662 ns.

1702 4542 1745 4572 ⁸⁸
1774 4539 1973 4607 Quaest.
2005 4546 2031 4598 1
2065 4565 2078 4600 :
2109 4544 2363 4600 Videntes
2396 4554 2573 4599 autem
2600 4546 2869 4599 sacerdot.

1839 1891 2017 1944 anima
2054 1900 2255 1957 tamen,
2282 1907 2402 1961 quae
2444 1893 2621 1961 potior
2668 1906 2751 1947 est.
2798 1909 3043 1963 corpore,
3091 1902 3306 1949 mortua
3351 1905 3406 1950 et

1838 1983 2071 2038 alienata
2099 2000 2126 2038 a
2158 1986 2434 2040 consortio
2459 1985 2696 2039 ﬁdelium
2716 1987 2893 2051 cadat,
2912 1995 2963 2038 et
2995 1986 3047 2039 in
3072 1986 3401 2056 profundum

1838 2072 2080 2130 barathri
2110 2076 2342 2132 labatur.
2378 2075 2531 2131 Unde
2552 2076 2937 2131 attendendum
2961 2087 3043 2132 est
3062 2078 3315 2134 omnibus
3335 2079 3399 2140 ¹³,

1835 2174 1889 2222 et
1913 2168 2143 2223 ﬁdeliter
2163 2169 2598 2235 custodiendum,
2627 2179 2679 2224 et
2715 2170 2858 2224 illius
2877 2170 3244 2239 usurpationis
3267 2186 3401 2224 con-

1834 2259 2057 2315 tttmelia
2082 2261 2417 2331 depellenda,
2437 2276 2504 2317 ne
2534 2262 2731 2332 praedia
2759 2262 2949 2317 usibus
2988 2271 3323 2318 secretorum
3358 2266 3402 2296 ”

1834 2350 2132 2407 ccelestium
2155 2351 2425 2417 dedicata,
2441 2369 2471 2407 a
2488 2353 2813 2423 quibusdam
2841 2355 3174 2410 irruentibus
3197 2371 3417 2410 vexen-~

1835 2450 1942 2496 tur.
1965 2442 2119 2508 Quod
2143 2444 2187 2499 si
2218 2445 2341 2515 quis
2374 2445 2562 2501 fecerit
2584 2447 2781 2515 “,post
2808 2446 3002 2501 debitae
3020 2448 3238 2503 ultionis
3252 2448 3365 2503 acri
3381 2478 3400 2489 -

1832 2535 2094 2602 moniam,
2142 2552 2264 2607 quae
2313 2553 2441 2608 erga
2494 2538 2788 2609 sacrilegos
2818 2539 2941 2607 jure
2973 2539 3267 2608 promenda
3293 2549 3395 2603 est,

1833 2634 2094 2695 perpetua
2116 2626 2410 2683 damnetur
2439 2627 2685 2693 infamia,
2715 2638 2768 2680 et
2790 2629 2994 2682 carceri
3020 2628 3284 2694 tradatur,
3303 2640 3399 2682 aut

1828 2719 2019 2774 exsilio
2042 2729 2323 2791 perpetuae
2368 2721 2765 2791 deportationis
2796 2729 2981 2774 utatur
3005 2721 3069 2773 ¹⁶.
3100 2719 3392 2786 Quoniam,

1822 2809 1977 2880 juxta
2008 2810 2328 2881 Apostolum
2361 2813 2427 2879 ιτ,
2460 2811 2675 2866 tradere
2720 2821 2929 2881 Oportet
2952 2812 3259 2881 liujusmodi
3290 2811 3395 2865 ho-

1826 2904 2026 2958 minem
2076 2905 2311 2971 Satanaa,
2354 2913 2415 2959 ut
2467 2904 2693 2975 spiritus
2724 2904 2909 2959 salvus
2961 2904 3033 2958 sit
3086 2905 3141 2958 in
3171 2904 3259 2959 die
3287 2903 3395 2958 Do-

1825 2996 1979 3051 mini.

2562 3088 2648 3144 III.

1896 3180 2210 3236 Memoratis
2236 3196 2366 3251 ergo
2390 3182 2928 3252 augmentatiouibus
2951 3197 3015 3237 ac
3043 3184 3300 3247 cultibus,
3335 3184 3388 3238 in

1825 3281 2032 3327 tantum
2067 3273 2323 3329 Ecclesiae
2347 3275 2409 3342 ¹⁸,
2438 3275 2637 3344 quibus
2664 3275 2903 3345 episcopi
2938 3277 3245 3346 praesident,
3279 3277 3388 3331 Do—

1822 3366 1971 3420 mino
1997 3368 2439 3434 adminiculante,
2475 3378 2782 3433 creverunt,
2831 3380 2885 3424 et
2941 3371 3105 3424 tantis
3151 3370 3387 3422 maxima

1779 3466 1784 3472 '
1817 3471 1947 3525 pars
1975 3472 2162 3512 earum
2195 3458 2474 3513 abundant
2503 3458 2687 3525 rebus,
2737 3468 2796 3513 ut
2823 3458 3005 3513 nullus
3062 3458 3134 3512 sit
3182 3458 3237 3513 in
3282 3460 3386 3523 eis,

1818 3563 2167 3604 communem
2199 3551 2404 3621 eligens
2430 3552 2472 3583 ¹⁹
2501 3551 2691 3615 vitam,
2744 3553 3022 3620 indigens;
3055 3550 3152 3605 sed
3202 3553 3389 3605 omnia

1817 3641 2125 3695 necessaria
2172 3642 2241 3695 ab
2270 3642 2528 3710 episcopo
2583 3642 2806 3711 suisque
2841 3642 3106 3698 ministris
3134 3643 3384 3712 percipit.

1820 3734 1948 3788 ldeo
1976 3733 2022 3787 si
2048 3733 2245 3803 aliquis
2266 3735 2535 3790 exstiterit
2564 3735 2841 3790 modernis
2889 3744 2985 3789 aut
3017 3736 3213 3790 futuris
3245 3744 3385 3789 tem-

1817 3824 2063 3894 poribus,
2090 3825 2183 3893 qui
2216 3825 2330 3879 [nec
2362 3825 2594 3881 avellere
2640 3827 2866 3892 nitatur,
2909 3827 3023 3896 jam
3058 3826 3205 3882 dicta
3231 3826 3387 3880 dam-

1814 3915 2032 3970 natione
2058 3915 2303 3971 feriatur.

2559 4007 2646 4063 IV.

1882 4097 2039 4165 Quod
2074 4107 2253 4154 autem
2280 4100 2434 4155 sedes
2462 4099 2517 4153 in
2565 4101 2943 4170 episcoporum
2990 4099 3235 4155 ecclesiis
3288 4114 3385 4153 ex-

873 4259 1159 4334 l'Julianus
1182 4260 1672 4334 Pomerittslib.'_tt
1698 4260 1783 4334 ρθ
1817 4263 1931 4334 yita
1967 4265 2282 4334 contempl.,
2305 4280 2353 4320 c.
2402 4265 2505 4321 9et
2534 4264 2622 4319 16.
2669 4263 2801 4317 Vide
2826 4262 3040 4317 Hincm.
3097 4280 3218 4333 epp.
3260 4263 3295 4318 5
3327 4275 3382 4319 et

1610 4331 1653 4362 ¹⁶
1690 4331 1777 4386 12.
1805 4331 2006 4398 Quaest.
2035 4336 2059 4388 1
2094 4353 2106 4389 :
2142 4331 2246 4390 Res
2275 4336 2517 4390 ecclesiae
2554 4351 2659 4388 non
2686 4336 2866 4401 quasi.

228 4397 591 4473 pasq_ui_§upra,
620 4403 674 4454 in
706 4417 869 4470 opere
900 4402 1041 4470 quod
1102 4401 1237 4455 falso
1310 4416 1341 4455 a
1394 4401 1673 4473 plerisque
1722 4397 1979 4457 tributum
2026 4406 2128 4459 fuit
2184 4405 2451 4473 Prospero
2515 4397 2805 4473 Aquila-nu.

2945 4337 2982 4366 “
3009 4334 3151 4387 Idem
3185 4334 3380 4389 Pome—

2924 4406 2966 4436 ¹¹
3015 4404 3031 4456 Ι
3083 4404 3211 4458 Cor.
3264 4420 3378 4465 xvr,

2262 4477 2303 4506 ιδ
2329 4476 2438 4529 Cod
2468 4474 2671 4529 Theod.
2702 4475 2792 4526 lib.
2815 4490 2925 4541 ενι,
2955 4475 3035 4528 tit.
3067 4475 3101 4527 2
3122 4516 3138 4539 ,
3199 4485 3376 4529 const.

2262 4554 2363 4599 ites
2396 4554 2573 4599 autem
2600 4546 2869 4599 sacerdot.
2965 4546 3006 4577 ¹⁹
3040 4544 3247 4615 Degeus
3292 4546 3378 4600 vel

1812 4473 1854 4502 “‘
1881 4490 2182 4529 sacrorum.

270 4756 322 4837 (ἶ)
340 4758 497 4837 Pretio
516 4746 863 4835 peccatorum.
889 4766 1278 4837 Receptissima
1308 4774 1391 4820 est
1413 4765 1703 4835 expositio,
1736 4769 1785 4830 ο
1809 4766 2036 4837 pertiunt
2070 4764 2214 4837 nobis
2238 4762 2555 4837 corporalia,
2578 4764 2762 4833 quibus
2810 4778 2903 4815 nos
2948 4762 3376 4837 spiritualia_i_m-

226 4828 434 4907 tithonia:
463 4828 894 4907 et'eleemosynze
936 4828 1050 4905 pro'
1072 4838 1305 4907 peccatis
1332 4828 1547 4901 oblatie,
1574 4828 1731 4905 pecé.

223 4905 303 4976 cf”!
353 4907 683 4976 appellentur.
736 4905 875 4961 Osee
932 4905 1085 4976 cap.’
1115 4923 1168 4961 iv
1217 4907 1284 4961 de
1327 4906 1703 4976 sacerdotibus

226 4964 364 5046 gitith
384 4964 639 5046 E'Beccata
660 4977 844 5046 populi
872 4979 972 5046 mei
997 4964 1289 5030 'comedent.
1319 4974 1489 5041 Quem
1520 4977 1701 5031 locum

226 5030 413 5118 Erillus,
437 5030 1281 5118 TbeOpbjla'ctus,_Tbeodoretus
1311 5030 1482 5118 (εἶ-ξιιίί
1514 5030 1701 5118 recen-

224 5106 505 5185 lioresreete
556 5106 621 5171 d'e
651 5106 1329 5185 'liostiisinterpretantur.
1360 5115 1495 5169 Nam
1550 5116 1699 5170 Scri-

225 5181 332 5257 11⁸⁸ῐὲ
355 5180 415 5257 ila
443 5182 739 5254 frequenter
780 5187 928 5256 loqui
972 5180 1127 5249 solet,
1165 5186 1316 5257 utdin
1349 5185 1540 5255 primis
1582 5185 1699 5257 evi:

223 5242 463 5325 ﬁrmissime
506 5242 642 5325 patet
685 5273 756 5313 es
808 5242 960 5312 hisce
1001 5242 1179 5312 verbis
1226 5242 1379 5310 Pauli
1424 5262 1602 5324 apost.
1654 5253 1697 5308 ll

222 5309 328 5397 ξομ,
352 5334 454 5390 cap.
494 5309 523 5378 ὗ
553 5309 1285 5397 :inuitaui‘peccatu'm‘uon
1311 5309 1566 5397 rnovettat,
1601 5341 1697 5397 pro

224 5384 328 5467 filis
346 5384 581 5467 peccatum
609 5398 750 5465 fecit,
772 5384 829 5450 ut
863 5384 952 5453 n'os
968 5398 1279 5467 efficeremur
1292 5396 1507 5467 justitia
1644 5396 1699 5467 in

224 5463 313 5538 ίρροτ
341 5459 635 5538 Quiaigitur
682 5459 822 5521 bona
861 5459 1179 5538 temporalia
1202 5459 1312 5521 Deo
1338 5468 1391 5520 in
1426 5466 1692 5538 ministris

346 5533 412 5584 ita:
432 5534 614 5603 oblata,
644 5547 861 5607 peccata
889 5533 1252 5604 redimunt,et
1283 5545 1591 5606 peccantem
1620 5536 1689 5589 ad

1808 4832 2083 4904 pertimus.
2139 4834 2252 4890 Hoc
2306 4835 2447 4889 idem
2502 4832 2691 4904 beatus
2751 4843 3082 4904 martyrac
3127 4832 3377 4904 pontifex

1802 4902 2109 4960 Alexander
2133 4906 2178 4969 ι,
2218 4905 2377 4974 epist.
2408 4904 2459 4972 1,
2501 4903 2554 4957 in
2603 4902 2909 4974 principio,
2946 4903 3095 4957 hisce
3124 4902 3328 4974 A’verbis
3358 4922 3371 4956 :

1806 4975 1922 5046 Ipsi
2000 4976 2159 5041 enim,
2219 4972 2413 5045 inquit,
2470 4990 2564 5043 pro
2604 4972 2619 4973 ί
2655 4973 2848 5044 populo
2913 4972 3269 5046 interpellant,
3328 4983 3378 5025 et

1800 5043 1979 5116 populi
2031 5054 2245 5114 peccata
2297 5043 2592 5107 comedunt,
2642 5043 2767 5116 quia
2836 5045 3073 5114 precibus
3149 5043 3260 5116 suis
3327 5052 3378 5116 et

1800 5111 2148 5172 oblationibus
2211 5133 2274 5170 ea
2344 5111 2685 5184 deletumque
2751 5111 3081 5168 consumunt.
3149 5111 3376 5167 Comedi

1798 5189 1943 5244 enim
2028 5188 2285 5244 dicuntur
2361 5187 2415 5239 in
2490 5184 2789 5255 Scriptura,
2833 5184 3197 5255 psal._t.vut_,
3253 5197 3378 5255 qua:

1805 5270 2224 5323 consumuntur.
2287 5256 2571 5311 Diseamus
2611 5252 2787 5323 'ergo
2834 5252 3003 5323 'quod
3077 5253 3173 5322 qui
3232 5253 3377 5308 elec-

1804 5330 2049 5400 mosynis
2104 5338 2159 5383 et
2225 5323 2908 5400 oblationibus__tidelium
2967 5323 3217 5400 fruimur,
3263 5337 3374 5400 _eas

1797 5393 2055 5467 precibus
2113 5400 2336 5461 nostris,
2385 5397 2524 5451 sicut
2577 5393 3371 5467 obligamur,_diligentissime

1794 5463 2231 5539 compensemus;
2264 5468 2505 5521 futurum
2532 5467 2793 5539 alioquin,
2819 5472 2876 5516 ut
2898 5464 2965 5518 de
2986 5465 3149 5539 rebus
3168 5463 3369 5539 injuste

1790 5534 2046 5609 acceptis,
2078 5555 2269 5609 coram,
2319 5538 2598 5609 tremendo
2640 5536 2839 5609 judice
2874 5534 3084 5599 saeculi,
3134 5536 3371 5609 graviter

226 5590 367 5682 {libato
418 5590 729 5670 pmniteitt'iae
751 5590 1132 5682 'obitiéﬁdiml
1150 5590 1487 5682 disponunt,
1542 5615 1688 5661 recte
1787 5590 2391 5682 ﬁéiic’tiiéhih'HViuc'
2419 5590 2669 5661 [liberarii
2705 5607 2759 5659 in
2804 5602 2999 5660 Oseam
3028 5590 3082 5661 οξ
3110 5590 3186 5674 lii,
3221 5619 3277 5660 η.
3308 5602 3365 5657 4.

228 5668 344 5742 [mla
372 5668 689 5749 peccatorum
724 5680 1080 5747 appellantur.
1099 5675 1174 5731 De
1206 5668 1308 5730 hoc
1337 5668 1679 5743 peccatorum

225 5738 346 5791 M10
371 5744 740 5816 intelligendum
774 5757 857 5803 est
904 5748 1036 5805 illud
1066 5747 1293 5820 apostoli
1324 5745 1476 5804 Pauli
1513 5765 1527 5800 :
1566 5744 1679 5801 Im-

430 5836 676 5905 Ps'raOL.
709 5844 824 5905 Gn.
854 5844 936 5904 Χ,

372 5683 689 5749 peccatorum
724 5680 1080 5749 appellantur.
1099 5675 1174 5731 De
1206 5675 1308 5749 hoc
1324 5685 1679 5749 peccatorum
1786 5675 1913 5739 Ser.
1967 5679 2086 5734 Birt.

3048 5833 3089 5893 5
