3990 6214
515 289 619 346 139

1219 288 1478 346 U‘RBANI
1511 290 1531 345 l
1578 291 1778 349 PAPIE
1821 293 2157 351 EPISTOLA
2204 297 2292 352 AD
2315 297 2550 357 OMNES
2581 271 3061 363 Ci'llllSTlANOS.

3645 319 3747 375 110

514 409 676 464 celsa
701 408 1012 466 constituta:
1031 418 1085 466 et
1114 423 1430 483 prmparataa
1473 413 1824 472 inveniuntur
1854 431 1913 476 ut
1948 420 2100 474 thro—
2129 426 2172 483 Α
2202 433 2383 478 votum
2421 423 2664 482 fecerunt
2685 429 2752 494 ’⁸,
2781 439 2873 484 aut
2905 430 3061 485 ﬁdem
3091 443 3547 503 perceperuntpet
3580 450 3746 495 votum

516 516 638 564 nus,
662 501 1091 571 speculationem
1122 513 1178 560 et
1213 515 1536 574 potestatem
1571 508 1872 579 iudicandi,
1906 522 1960 567 et
1984 514 2096 566 sol-

515 595 674 650 vendi
702 603 868 666 atque
899 595 1122 668 ligandi,
1153 615 1183 654 a
1213 597 1443 656 Domino
1467 600 1570 658 sibi
1605 602 1786 659 datam
1815 607 2092 662 materiam

516 687 925 746 docent.-llnde
949 690 1066 760 ipse
1095 689 1348 748 Salvator
1369 693 1424 748 in
1453 693 1745 766 Evangelio
1774 697 1851 752 ait
1883 717 1896 753 :
1933 697 2094 764 Qua:-

515 798 720 852 cunque
751 781 1050 852 ligaveritis
1084 801 1243 854 super
1278 797 1499 851 terram,
1543 800 1696 842 erunt
1745 789 1912 862 ligata
1960 803 2011 847 et
2041 795 2097 847 in

517 874 678 940 uelo;
707 885 757 930 et
783 893 1104 948 quiscunque
1133 878 1397 934 solveritis
1420 896 1584 950 super
1602 892 1979 950 terram,erunt
2005 903 2096 940 so-

516 967 631 1023 luta
659 978 708 1024 et
731 969 786 1023 in
817 968 944 1024 caelo
974 971 1044 1025 ὀ.
1075 969 1140 1026 Et
1163 971 1291 1026 alibi
1334 990 1348 1026 :
1387 973 1932 1046 Accipite.Spiritum
1973 995 2097 1034 san-

516 1073 660 1116 ctum
689 1077 708 1115 :
737 1078 960 1133 quorum
996 1064 1305 1119 remiseritis
1349 1078 1587 1136 peccata,
1627 1069 1968 1125 remittuntur
1986 1072 2094 1138 eis;

516 1163 563 1208 et
590 1172 813 1226 quorum
842 1157 1186 1222 retinueritis,
1219 1165 1421 1214 retenta
1448 1171 1572 1214 sunt
1595 1160 1662 1216 ²ί.

1276 1282 1474 1349 v.0

585 1383 708 1440 ldeo
729 1385 832 1441 ista
867 1385 1228 1457 prmtulimus,
1264 1387 1571 1444 eharissimi
1599 1393 1665 1458 ²²,
1693 1391 2097 1464 ιιιὶηιριιίετιιίε

512 1485 837 1546 potestatem
863 1477 1244 1556 episcoporum
1270 1491 1598 1548 vestrorum,
1628 1485 1683 1538 in
1715 1484 1902 1556 eisque
1925 1485 2093 1540 Deum

514 1570 868 1634 reueremini,
923 1578 979 1625 et
1025 1584 1120 1626 eos
1156 1555 1213 1626 ut
1243 1571 1454 1628 animas
1476 1584 1691 1630 vestras
1724 1555 1990 1647 diligatis;
2043 1585 2097 1632 ct

515 1665 716 1733 quibus
745 1665 822 1718 illi
847 1679 952 1719 non
980 1664 1406 1730 communicant,
1425 1681 1530 1722 non
1565 1648 2008 1736 conimunicetis;
2043 1679 2094 1724 et

511 1772 650 1827 quos
666 1756 1067 1827 cjecerint,non
1100 1757 1392 1826 recipiatis.
1409 1756 1575 1814 Valde
1595 1760 1739 1814 enim
1767 1761 1999 1816 timenda
2018 1760 2093 1835 (8)
2129 1780 2168 1834 Β

509 1856 592 1903 est
612 1849 880 1904 sententia
908 1847 1148 1919 episcopi
1180 1849 1245 1912 ”,
1276 1849 1403 1905 licet
1455 1848 1654 1917 injuste
1679 1850 1806 1921 liget
1831 1851 2086 1922 aliquem;

510 1939 655 2010 quod
679 1948 858 1996 tamen
893 1955 1242 2012 summopere
1273 1943 1568 2012 prazvidere
1591 1945 1769 1999 debet.

1261 2054 1350 2110 Vl.

584 2164 689 2220 Vos
710 2173 890 2220 autem
915 2165 1220 2231 hortantes,
1254 2183 1545 2224 monemus
1573 2184 1786 2235 omnes,
1806 2171 1898 2240 qui
1931 2171 2090 2228 Chri-

507 2257 839 2313 Stianitatem
900 2259 1257 2328 suscepistis,
1311 2269 1364 2316 et
1412 2277 1441 2315 a
1489 2261 1710 2318 Christo
1762 2265 2086 2321 vocabulum

507 2349 805 2406 Christiani
857 2350 1176 2420 sntnpsistis
1201 2352 1269 2419 ",
1298 2368 1366 2407 ne
1401 2353 1454 2406 in
1487 2354 1672 2424 aliquo
1702 2353 2088 2412 Christianita-

507 2453 616 2498 tem
641 2452 878 2499 vestram
908 2442 1117 2497 irritam
1144 2442 1391 2507 faciatis,
1407 2445 1498 2501 sed
1525 2446 1896 2517 sponsionem,
1920 2465 2085 2518 quam

508 2533 741 2590 Domino
789 2535 843 2589 in
877 2534 1152 2605 baptismo
1186 2535 1416 2604 fecistis,
1463 2538 1692 2594 ﬁrmiter
1741 2540 1992 2606 teneatis,
2019 2555 2088 2596 ne

507 2627 749 2697 reprobi,
772 2626 867 2682 sed
898 2625 1154 2699 condigni
1176 2643 1362 2684 coram
1392 2644 1458 2684 eo
1478 2629 1851 2686 inveniamini.
1877 2631 1941 2686 Et
1959 2632 2084 2703 qui-

505 2733 727 2790 cunque
757 2727 999 2774 vestrum
1018 2734 1364 2776 communem
1383 2721 1549 2776 vitam
1568 2731 1873 2793 susceptam
1901 2723 2084 2789 habet,

504 2819 562 2865 et
579 2810 727 2865 vovit
755 2823 818 2865 sa
846 2808 980 2864 nihil
1004 2809 1281 2879 proprium
1315 2809 1537 2875 habere,
1574 2811 1758 2867 videat
1799 2826 1870 2868 ne
1921 2813 2084 2883 polli-

505 2901 820 2958 citationem
855 2917 1010 2958 suam
1049 2901 1260 2958 irritam
1319 2901 1484 2958 faciat
1514 2903 1559 2934 "
1590 2922 1603 2959 :
1633 2904 1725 2960 sed
1765 2904 1892 2973 hoc,
1937 2906 2084 2976 quod

509 2994 740 3050 Domino
770 3003 854 3050 est
882 2993 1180 3064 pollicitus,
1230 2993 1458 3050 ﬁdeliter
1517 2996 1808 3062 custodiat,
1836 3013 1904 3054 ne
1928 2997 2085 3054 dam-

2198 529 2306 568 non
2338 516 2698 585 perfecerunt,
2730 529 2826 574 aut
2853 521 2906 575 in
2936 523 3099 578 malis
3117 523 3279 579 vitam
3308 526 3748 600 linierunt,quam

2198 602 2272 656 illi
2301 603 2394 672 qui
2428 607 2590 660 vitam
2622 609 2741 664 sine
2769 619 2898 665 voto
2922 611 3199 679 ﬁnierunt,
3223 625 3316 671 aut
3343 617 3462 673 sine
3492 619 3594 677 ﬁde
3615 639 3752 677 mor-

2197 695 2274 749 tui
2307 707 2453 762 sunt,
2483 709 2534 753 et
2564 709 2744 755 tamen
2771 701 2911 758 bona
2941 715 3168 775 egerunt
3193 723 3377 778 opera.
3397 711 3476 765 Ad
3493 712 3597 769 hoc
3615 717 3750 772 enim

2197 801 2417 841 sensum
2453 790 2824 874 rationabilem
2849 803 3054 852 naturae
3085 814 3308 856 munere
3341 802 3407 868 ’⁷,
3441 813 3495 859 ct
3517 808 3754 865 secunda:

2197 879 2495 936 nativitatis
2527 887 2920 954 reparationem
2972 891 3333 960 suscepimus,
3362 904 3422 949 ut
3463 900 3754 957 secundum

2197 971 2539 1041 Apustolum,
2581 979 2748 1048 magis
2774 996 2890 1050 qua:
2935 998 3149 1059 sursum.
3173 995 3317 1051 sunt,
3347 971 3635 1058 sapiamus,
3655 1009 3754 1048 non

2195 1079 2312 1135 qua!
2336 1083 2492 1137 super
2543 1079 2736 1123 terram
2781 1072 2826 1103 ’⁸
2861 1090 2874 1125 :
2905 1074 3026 1143 quia
3069 1076 3332 1144 sapientia
3379 1081 3536 1149 hujus
3585 1086 3755 1138 mundi

2196 1159 2425 1214 stultitia
2449 1170 2524 1215 est
2553 1162 2695 1232 apud
2718 1161 2886 1217 Deum
2908 1167 2972 1218 '9.
3004 1165 3142 1232 Quid
3173 1180 3354 1226 autem
3386 1174 3595 1243 suadet,
3626 1177 3754 1232 cbo.

2197 1253 2426 1318 rissimi,
2457 1254 2720 1325 sapientia
2757 1256 2919 1328 hujus
2949 1261 3153 1328 saeculi,
3184 1263 3288 1317 nisi
3328 1268 3578 1324 nocitura
3614 1288 3754 1343 qua:-

2198 1363 2340 1413 rerc,
2358 1357 2413 1402 et
2443 1364 2628 1403 amare
2657 1350 2920 1420 peritura,
2956 1355 3226 1425 negligere
3251 1359 3532 1428 salutaria,
3558 1380 3650 1434 pro
3674 1365 3755 1420 ni-

2199 1437 2311 1491 hilo
2333 1450 2580 1507 reputare
2603 1444 2897 1510 perpetua?
2924 1445 3283 1515 Cupiditatem
3307 1457 3665 1521 commendat,
3689 1458 3755 1515 de

2196 1545 2304 1599 qua
2331 1531 2530 1588 dicitur
2551 1553 2564 1588 :
2599 1534 2773 1591 Radix
2796 1540 3027 1592 omnium
3047 1541 3307 1595 malorum
3323 1546 3664 1613 estcupiditas
3687 1548 3752 1604 “.

2197 1620 2328 1704 Qua:
2368 1623 2616 1694 inprimis
2645 1627 2748 1683 hoc
2772 1629 2974 1684 malum
3009 1631 3193 1698 habet,
3219 1633 3365 1703 quod
3412 1635 3540 1690 dum
3569 1637 3754 1710 ingerit

2197 1717 2528 1794 transitoria,
2559 1720 2842 1778 abscondit
2865 1733 3084 1779 acterna.
3111 1723 3176 1780 Et
3211 1726 3341 1782 dum
3371 1743 3401 1782 a
3434 1727 3564 1786 foris
3582 1733 3753 1801 posita

2196 1810 2481 1884 conspicit,
2516 1810 2653 1866 intra
2685 1829 2744 1868 se
2769 1814 2987 1870 latentia
3014 1833 3122 1872 non
3153 1817 3476 1890 introspicit,
3525 1832 3578 1878 et
3623 1823 3751 1882 dum

2191 1900 2366 1956 aliena
2396 1904 2613 1974 quterit,
2641 1907 2899 1962 sectatori
2930 1908 2969 1938 ³⁸
2997 1923 3100 1963 suo
3138 1912 3489 1982 semetipsum
3521 1914 3750 1974 alienum

2189 1993 2338 2050 facit.
2383 1996 2520 2052 Ecce
2548 1998 2678 2068 quid
2712 1999 2898 2054 suadet
2922 2002 3102 2058 szeculi
3136 2004 3455 2074 sapientia?
3489 2008 3664 2066 vivere
3696 2011 3750 2067 in

2189 2088 2418 2146 deliciis.
2446 2089 2601 2146 Unde
2649 2093 2850 2148 dicitur
2874 2112 2888 2149 :
2924 2093 3095 2148 Vidua
3116 2112 3233 2167 qua:
3257 2097 3313 2150 in
3333 2098 3537 2154 deliciis
3563 2105 3752 2170 est,vi-

2189 2195 2307 2234 rens
2351 2192 2558 2236 mortua
2605 2194 2681 2237 est
2711 2184 2776 2239 ".
2811 2183 3014 2240 Suadet
3041 2201 3170 2257 ergo
3205 2188 3542 2246 mollissimis
3574 2195 3780 2250 suavi-.

2188 2271 2414 2336 tatibus,
2439 2275 2698 2342 peccatis,
2723 2276 2868 2330 vitiis
2912 2286 2966 2332 et
3010 2277 3255 2338 .llamniis
3284 2282 3491 2338 nutrire
3511 2299 3751 2354 carnem,

2187 2361 2293 2416 cibi
2322 2371 2376 2417 et
2402 2365 2514 2418 vini
2551 2361 2966 2439 intemperantia
2997 2370 3232 2426 animam
3265 2389 3532 2444 premere,
3579 2393 3642 2432 ac
3670 2380 3751 2434 vi-

2189 2461 2297 2508 tam
2330 2456 2556 2524 spiritus
2599 2458 2982 2528 intercludere,
3007 2472 3058 2518 et
3087 2472 3282 2520 contra
3307 2483 3366 2522 se
3392 2467 3534 2524 hosti
3555 2485 3654 2524 suo
3685 2471 3753 2528 de

2187 2561 2247 2599 se
2278 2546 2516 2616 gladium
2543 2549 2871 2607 ministrare.
2918 2551 3058 2609 Ecce
3086 2556 3216 2626 quid
3247 2558 3438 2614 suadet
3463 2561 3642 2615 saeculi
3665 2577 3754 2617 sa-

2187 2636 2428 2706 pientia?
2454 2648 2508 2694 ut
2535 2641 2627 2710 qui
2659 2640 2784 2696 boni
2810 2651 2960 2707 sunt,
2998 2645 3126 2699 ntali
3155 2662 3277 2702 esse
3306 2648 3518 2715 malint,
3562 2659 3617 2705 et
3656 2666 3754 2722 per

2185 2746 2424 2786 errorem
2454 2735 2678 2799 mentis,
2711 2737 2822 2792 ﬁeri
2867 2739 3031 2792 etiam
3065 2741 3318 2796 Studeant
3345 2753 3675 2813 peccatores,
3697 2754 3754 2802 et

2187 2837 2295 2876 non
2324 2823 2563 2894 cogitent
2593 2826 2741 2882 illam
2772 2829 3066 2885 terribilem
3099 2830 3193 2886 Dei
3221 2847 3406 2889 vocem
3428 2874 3445 2902 ,
3501 2850 3626 2902 cum
3665 2852 3755 2891 ea:-

2186 2925 2718 2986 ureuturpeccatores
2748 2920 2885 2974 sicut
2919 2921 3100 2991 fenum
3123 2922 3186 2978 ³⁸.
3532 2901 3541 2910 ’

2922 3071 3032 3130 Vll.

2251 3180 2453 3238 Omnes
2474 3184 2616 3239 enim
2643 3185 2828 3242 ﬁdeles
2853 3186 2899 3219 "
2913 3203 3009 3259 per
3031 3205 3226 3248 manus
3242 3191 3640 3264 impositionem
3675 3196 3757 3269 (9)

2183 3273 2565 3347 episcoporum
2589 3275 2853 3348 Spiritum
2880 3291 3131 3339 sanctum
3161 3292 3287 3355 post
3314 3285 3644 3358 baptismum
3669 3304 3764 3346 ac-

505 3087 804 3150 nationem,
864 3084 957 3142 sed
1009 3085 1291 3155 praamium
1350 3085 1454 3140 sibi
1502 3088 1785 3157 acquirat;
1819 3090 2078 3159 quoniam

504 3181 677 3236 satius
699 3188 784 3236 est
812 3193 919 3234 non
949 3194 1165 3245 vovere,
1213 3196 1377 3250 quam
1433 3191 1640 3245 votum,
1683 3191 1848 3252 prout
1881 3183 2077 3239 melius

503 3283 703 3344 potest,
746 3289 855 3330 non
897 3274 1177 3344 perﬁcere.
1213 3274 1444 3330 Gravius
1471 3274 1618 3328 enim
1660 3274 1962 3344 puniuntur
1983 3275 2077 3346 qui

2108 3131 2150 3188 C

572 3418 619 3494 ’_°
647 3415 833 3494 Matth.
857 3415 1160 3494 ιιι-ληνῷ..
1200 3415 1863 3494 ’ξιοειηηιχκηξὲρ-ἳό.
1909 3488 1939 3494 η
1979 3420 2048 3494 f’
2083 3418 2167 3494 l_l_.
2221 3418 2426 3494 Quaest.
2457 3421 2504 3494 Δζ’)
2537 3439 2551 3476 :
2615 3421 2825 3489 Quibus
2877 3425 3114 3494 episcopi
3167 3443 3272 3484 non
3327 3432 3757 3490 communicant.

501 3487 548 3519 ’³
659 3488 1004 3571 tiregzltom.
1029 3490 1124 3571 2ιῇ
1149 3487 1206 3569 in
1224 3486 1531 3570 Evangelia.
1579 3488 1866 3571 ’:J§id.VII
1901 3488 2073 3571 QEig._,
2105 3489 2188 3571 μ.
2263 3491 2418 3571 ἐξ-12.
2443 3486 2697 3571 ριιωιυξιξι
2736 3513 2749 3548 :
2781 3486 2997 3571 Scimus
3007 3486 3130 3571 _vos
3148 3517 3250 3554 non
3276 3500 3384 3571 ign.
3408 3486 3763 3569 votumipvau;

501 3559 746 3642 perlatis.
774 3557 1054 3642 ;"§0ltc.
1085 3557 1412 3642 Parisiensis
1467 3574 1565 3642 an._
1600 3560 1862 3642 8ἳ9ῌςξιι)Γ
1909 3559 1975 3614 10
2004 3557 2214 3642 librth
2260 3557 2500 3642 alludere
2556 3565 2784 3642 videtur.
2877 3569 2971 3642 ᾖ(
2998 3567 3236 3642 Ειιοιιθτ.
3281 3557 3378 3642 ditt
3437 3575 3562 3642 quis
3611 3557 3764 3631 alius

503 3630 651 3707 litim.
679 3630 731 3682 in
758 3627 1237 3707 die._l?en.tecostes,
1282 3644 1453 3707 quam
1479 3630 1620 3707 vide.
1696 3627 1993 3707 "Colossi
2023 3647 2103 3707 ut,
2137 3631 2190 3684 2.
2268 3636 2313 3666 ’³
2356 3633 2372 3686 l
2408 3635 2531 3707 Cor.
2577 3650 2658 3697 Ill,
2713 3636 2798 3691 l9.
2875 3638 2918 3669 ³⁰
2955 3637 3138 3697 lTim.
3180 3641 3379 3707 vt,10.
3454 3627 3498 3675 ³³
3535 3627 3765 3701 Factori

501 3701 733 3766 ieg.cst.
835 3701 912 3752 “1
958 3699 1099 3754 Tim.
1129 3702 1257 3762 v,6.
1352 3699 1618 3756 “Psalm.
1659 3717 1766 3762 set,
1800 3702 1853 3757 8.
1958 3701 2003 3733 ”
2038 3701 2114 3756 De
2168 3717 2414 3760 consecr.
2464 3706 2589 3760 dist.
2642 3721 2672 3758 ν
2739 3725 2751 3736 ·
2809 3707 3008 3764 Οιιιιιιιε
3069 3699 3259 3766 title-les
3307 3699 3769 3771 Contirmationis

502 3786 656 3824 sacra
665 3779 902 3826 mentum
911 3809 924 3823 .

2164 3896 2266 3949 hac
2298 3895 2522 3964 epistola
2565 3896 2793 3962 dicitur;
2837 3897 2974 3950 sicut
3009 3905 3062 3950 ct
3089 3894 3241 3960 iliud,
3292 3896 3437 3965 quod
3463 3897 3614 3952 hom.
3675 3898 3762 3954 26

2177 3967 2230 4018 in
2261 3966 2550 4036 Evangelia
2578 3966 2767 4020 scribit
2795 3966 3088 4035 Gregorius
3114 3984 3127 4020 :
3157 3965 3484 4021 Sententiam
3515 3972 3766 4037 pastoris

2175 4037 2282 4089 sive
2318 4037 2488 4106 justo,
2529 4038 2635 4090 sive
2670 4039 2871 4106 injusta
2913 4039 3005 4103 sit,
3040 4037 3327 4090 timendam
3369 4053 3500 4106 esse.
3537 4038 3766 4095 Valent.

2177 4105 2325 4182 toni.
2354 4109 2440 4173 ιν,
2468 4105 2730 4182 αἰδρηπ
2767 4117 2959 4182 quast.
3004 4107 3092 4171 l7,
3133 4108 3410 4182 punct._2.
3452 4105 3584 4182 Vide
3626 4127 3769 4182 quae

2173 4177 2411 4230 diximus
2435 4193 2596 4244 supra
2630 4177 2681 4230 in
2710 4176 2855 4232 notis
2879 4179 2944 4231 ad
2969 4194 3090 4232 can.
3120 4176 3295 4247 apost.
3321 4176 3447 4233 Ssv.
3483 4179 3602 4236 But.

2243 4247 2319 4317 (9)
2375 4248 2565 4301 Omnes
2612 4249 2792 4314 ﬁdeles
2835 4265 2933 4317 per
2962 4265 3148 4320 manus
3203 4250 3607 4319 imposittonem.
3661 4252 3771 4320 ,Δι’

573 3895 650 3967 (8)
695 3894 859 3950 Valde
882 3897 1022 3950 enim
1063 3896 1317 3967 timenda.
1369 3895 1572 3966 Duplex
1621 3905 1704 3950 est
1749 3912 2067 3951 excommu-

496 3965 735 4022 nieatio:
762 3983 867 4020 una
890 3969 1060 4036 justa,
1090 3965 1144 4020 in
1175 3982 1283 4035 qua
1317 3965 1464 4020 nulla
1493 3967 1669 4021 debita
1703 3968 2065 4022 circumstan-

496 4037 574 4092 tia
621 4039 992 4104 desideratur;
1056 4037 1224 4091 altera
1288 4036 1490 4105 injusta
1530 4047 1633 4101 cst,
1686 4038 1774 4092 cui
1825 4054 1930 4092 una
1985 4038 2067 4093 vel

495 4109 682 4178 plures
708 4109 982 4178 requisita:
1018 4108 1439 4162 circumstantia:
1469 4109 1685 4162 desunt.
1723 4106 1848 4162 Haec
1893 4118 2072 4177 poste-

497 4179 630 4243 rior,
665 4179 710 4235 si
757 4179 992 4232 invalida
1026 4178 1116 4242 sit,
1154 4187 1282 4246 puta
1318 4178 1362 4230 si
1390 4179 1874 4232 excommunicans
1918 4189 2075 4247 pote-

496 4259 690 4305 statem
721 4258 774 4304 et.
820 4251 1196 4307 auctoritatem
1244 4263 1352 4302 non
1393 4249 1611 4311 habeat,
1647 4249 1730 4302 vel
1762 4247 1808 4302 si
1849 4258 2071 4317 propter

499 4321 698 4374 bonum
752 4334 888 4389 opus
937 4335 1057 4374 eam
1113 4317 1273 4389 ferat,
1313 4319 1393 4371 vel
1449 4319 1680 4387 denique
1709 4317 1755 4372 si
1799 4315 2064 4374 solemnia
2185 4315 2402 4372 Urbano
2471 4315 2874 4372 sacramentum
2949 4315 3379 4374 conﬁrmationis
3435 4315 3769 4379 institutum

495 4391 674 4444 debita
702 4387 801 4460 (de
821 4391 1020 4460 quibus
1057 4406 1178 4460 cap.
1236 4387 1559 4460 Statuimus,
1606 4397 1666 4460 et
1702 4404 1823 4458 cap.
1856 4390 2069 4444 Consti-
2172 4404 2312 4450 esse,
2353 4391 2399 4440 si
2442 4389 2534 4456 qui
2575 4403 2640 4441 ex
2677 4389 2780 4460 hoc
2824 4389 2942 4443 loco
2971 4390 3187 4458 probari
3216 4406 3376 4460 posse
3403 4392 3767 4456 existimans,

498 4468 598 4513 tut.
621 4461 676 4526 2,
714 4458 780 4514 de
813 4458 951 4514 sent.
983 4458 1439 4515 excoinmnnicat.
1479 4459 1571 4512 lib.
1604 4458 1679 4528 vt)
1723 4475 1831 4512 non
1871 4460 2061 4513 obser-
2098 4527 2122 4529 _
2170 4460 2406 4528 graviter
2435 4467 2639 4512 errant.
2668 4458 2909 4527 Apostoli
2933 4461 3106 4523 enim,
3139 4458 3232 4529 qui
3278 4461 3398 4516 Act.
3425 4477 3518 4513 vut
3553 4473 3621 4516 'et
3657 4479 3771 4518 nx

493 4533 722 4594 vavcrit,
752 4532 1139 4585 conscientiam
1178 4531 1412 4586 ﬁdelium
1445 4545 1550 4585 non
1579 4527 1800 4599 obligat,
1820 4530 2062 4599 adeoque
2093 4527 2138 4581 Ι)
2167 4527 2329 4598 super
2360 4529 2658 4598 baptizatos
2699 4545 2892 4585 manus
2931 4527 3330 4600 imposuerunt,
3368 4541 3428 4585 ut
3474 4530 3768 4600 Spiritum

495 4601 618 4654 talis
670 4615 948 4669 nunquam
1008 4603 1246 4656 timenda
1303 4600 1462 4666 foret,
1521 4601 1624 4655 nisi
1672 4600 1810 4654 forte
1854 4601 2066 4655 ratione
2168 4608 2420 4655 sanetum
2474 4601 2801 4668 accipereut,
2859 4605 2961 4654 hoc
3007 4613 3408 4656 sacramentum
3441 4604 3775 4657 conﬁrma-

493 4671 727 4740 alicujus
781 4670 1043 4735 scandali,
1077 4673 1146 4724 ab
1174 4673 1452 4726 hominum
1483 4672 1852 4736 Consortio,et
1883 4687 2067 4726 sacra-
2169 4673 2335 4741 tionis
2373 4671 2844 4724 :ulministrarunt.
2896 4672 3118 4726 Accedit
3165 4673 3312 4741 quod
3370 4671 3777 4729 'l‘ertullianus

495 4752 801 4796 mentorum
832 4753 1206 4812 perceptione
1258 4743 1643 4797 abstinendum
1703 4743 1861 4808 foret,
1895 4743 2066 4798 donec
2171 4740 2392 4795 Urbano
2445 4741 2722 4811 antiquior
2761 4740 3196 4795 conﬁrmationis
3231 4741 3474 4812 pluribus
3509 4743 3562 4796 in
3606 4745 3775 4798 locis

493 4813 695 4882 populo
730 4811 950 4866 nullitas
981 4812 1103 4866 lata:
1133 4814 1715 4870 excommunicationis
1746 4814 2061 4867 innotuerit.
2168 4814 2493 4866 meminerit.
2539 4812 2592 4864 In
2641 4812 2734 4865 lib.
2773 4813 2845 4865 De
2878 4811 3253 4866 resurrectione
3280 4813 3456 4866 carnis
3508 4829 3529 4866 :
3579 4813 3773 4879 Caro,

490 4884 624 4950 Quae
653 4899 783 4937 vero
811 4883 1029 4937 aliunde
1069 4885 1540 4937 excommunicato
1576 4885 1777 4950 injusta
1829 4885 2061 4948 videtur,
2166 4883 2359 4952 inquit,
2408 4883 2667 4946 abluitur,
2714 4893 2771 4935 ut
2808 4884 3384 4953 anintaientaculetur;
3420 4899 3541 4936 caro
3580 4886 3776 4953 ungi-

487 4970 556 5009 ex
608 4969 675 5008 eo
717 4953 972 5007 nimirum
1003 4955 1146 5021 quod
1170 4953 1409 5023 judicem
1448 4967 1556 5006 non
1594 4965 1738 5007 recta
1764 4954 2064 5008 intentione
2167 4962 2273 5015 tur,
2315 4963 2373 5006 ut
2413 4953 2590 5006 anima
2611 4965 2960 5007 consecretur.
2995 4952 3059 5006 Et
3095 4954 3185 5008 lib.
3217 4954 3290 5006 De
3319 4955 3462 5022 bapt.
3487 4968 3508 5008 :
3538 4952 3779 5009 Deinde

486 5024 765 5091 iudicasse
809 5033 980 5093 putet,
1006 5025 1088 5077 vel
1134 5039 1194 5078 se
1236 5025 1577 5077 innocentem
1610 5039 1733 5079 esse
1765 5025 2060 5088 existimet,
2165 5040 2353 5076 manus
2395 5024 2704 5092 imponitur,
2729 5040 2820 5093 per
2850 5025 3257 5078 benedictionem
3284 5025 3541 5077 aduocans
3573 5034 3627 5078 et
3661 5025 3779 5078 iu—

493 5097 688 5150 tnerito
741 5095 969 5165 singulis
1019 5095 1270 5150 ﬁdelibus
1305 5095 1704 5165 extimescenda
1753 5105 1834 5149 est
1873 5113 1887 5148 :
1936 5110 2058 5149 cum
2165 5096 2336 5148 uitans
2379 5093 2639 5162 Spiritum
2681 5105 2944 5147 sanctum.
2989 5095 3052 5148 Et
3096 5097 3148 5148 in
3199 5096 3292 5147 lib.
3330 5096 3405 5148 De
3431 5095 3776 5164 prwscripl.

493 5168 739 5220 ontuium
792 5163 1000 5233 judicio
1043 5175 1250 5221 certum
1305 5165 1396 5226 sit,
1433 5165 1628 5218 talibus
1661 5163 1896 5218 fructum
1937 5182 2063 5218 ora-
2165 5165 2392 5234 loquens
2415 5167 2482 5219 de
2513 5165 2748 5228 diabolo,
2772 5167 2865 5234 qui
2899 5166 3141 5219 imitatur
3169 5163 3497 5233 baptismum
3527 5175 3583 5219 et
3608 5163 3785 5220 cmi-

496 5237 658 5290 tionis
679 5247 733 5291 et
761 5237 1145 5306 suﬁ'ragiorum
1173 5236 1544 5290 communium
1573 5250 1602 5288 a
1633 5236 1856 5303 reliquis
1889 5237 2062 5290 ﬁdeli-
2163 5236 2522 5289 ﬁrmationem
2550 5246 2792 5289 nostram
2837 5254 2850 5290 :
2894 5235 3095 5305 Tingit,
3131 5237 3325 5304 inquit,
3354 5247 3402 5290 et
3432 5239 3540 5304 ipse
3573 5251 3782 5305 quos-

498 5307 597 5378 bus
627 5309 773 5361 licite
820 5308 1081 5376 applicari
1121 5323 1226 5361 non
1262 5321 1442 5378 posse,
1476 5320 1651 5373 neque
1677 5308 1905 5378 debere;
1949 5307 2058 5359 imo
2161 5307 2286 5378 (tam
2321 5307 2496 5373 utique
2525 5307 2788 5360 credentes
2821 5307 3076 5378 et‘ﬁdetes
3102 5321 3257 5369 suos;
3307 5309 3481 5378 signat
3524 5307 3648 5378 illic
3674 5377 3683 5378 ί
3705 5308 3782 5361 in

496 5377 541 5428 si
565 5375 1036 5432 excommunicato
1082 5378 1148 5430 de
1175 5392 1273 5432 sua
1307 5377 1610 5430 innocentia
1643 5391 1751 5430 non
1781 5377 2060 5431 evidenter
2161 5377 2423 5444 frontibus
2457 5377 2649 5429 milites
2693 5394 2835 5431 suos.
2868 5375 2943 5430 De
2984 5377 3088 5432 hoc
3123 5375 3467 5432 sacramento
3507 5378 3566 5430 S.
3615 5376 3788 5430 Diu-

2161 5449 2350 5517 nysius
2379 5448 2698 5517 Areopagéta
2737 5449 3107 5518 apostolorum
3145 5451 3480 5518 temporibus
3507 5448 3786 5518 aequalis

2158 5533 2280 5586 cap.
2319 5519 2373 5580 2,
2402 5528 2554 5586 parte
2609 5534 2644 5571 ιι
2703 5517 2901 5572 Eccles.
2929 5517 3269 5581 hierarchiw,
3295 5521 3374 5574 sic
3396 5522 3471 5572 ait
3504 5517 3790 5583 :Bapti-

2159 5599 2338 5640 satum
2381 5589 2624 5642 indutum
2672 5590 2792 5641 alba
2867 5600 3002 5643 reste
3065 5591 3134 5642 ad
3177 5592 3472 5658 pontificem
3510 5590 3782 5654 ducunt,

2158 5659 2248 5730 ille
2269 5661 2445 5713 divino
2478 5676 2539 5711 ac
2567 5659 2750 5728 deiﬁco
2782 5676 2996 5728 prorsus
3029 5675 3290 5730 unguento
3334 5663 3502 5714 virum
3529 5661 3782 5727 signal.

2161 5729 2222 5782 lit
2259 5731 2397 5784 intra
2433 5746 2555 5799 cap.
2583 5731 2637 5793 4,
2670 5748 2808 5798 pari.
2832 5749 2889 5784 ιιι
2919 5750 2929 5784 :
2962 5730 3063 5784 Sed
3095 5729 3140 5783 et
3170 5732 3296 5800 ipsis
3335 5733 3421 5800 qui
3447 5730 3787 5782 .sacrats’s-

2157 5803 2287 5854 sima
2321 5803 2723 5871 regenerationis
2751 5803 2998 5875 mysterio
3027 5811 3424 5863 consecrantur,
3447 5804 3789 5857 adventum

497 5458 726 5508 constet,
762 5457 977 5502 tenetur
1007 5449 1170 5502 etiam
1207 5447 1308 5501 sub
1340 5447 1488 5516 gravi
1527 5457 1746 5515 peccato
1777 5449 2058 5501 sententia:

498 5517 618 5570 luta:
651 5533 860 5587 parcre,
886 5532 940 5573 et
967 5535 1138 5589 usque
1164 5519 1228 5572 ad
1258 5517 1652 5571 absolutionem
1685 5518 1753 5571 ab
1777 5519 2056 5572 hominum

497 5590 775 5642 consortio
808 5598 861 5641 ct
899 5599 1365 5644 sacramentorum
1391 5590 1734 5657 perceptione
1760 5589 2052 5643 abstinere.

501 5657 587 5728 De
617 5660 709 5710 tali
765 5659 928 5724 igitur
975 5659 1558 5714 excommunicationis
1606 5662 1895 5724 sententia,
1936 5675 2057 5728 qua:

499 5727 700 5782 scilicet
753 5729 1018 5794 probabili
1071 5730 1529 5798 judieinjudicis,
1585 5732 1796 5784 tametsi
1852 5727 1967 5783 non
2000 5749 2055 5783 re

494 5798 633 5867 ipsa,
666 5812 902 5851 .causam
945 5799 1149 5866 justam
1212 5799 1424 5864 habeat,
1453 5801 1674 5871 intelligi
1709 5803 1878 5856 debet
1907 5803 2051 5869 quod
