  <div class='ocr_page' id='page_1' title='image "/cluster/home/n/w/nwhite01/storage/ocr_20150623/10/hvd.32044073501330/091.png"; bbox 0 0 3918 6194; ppageno 0'>
   <div class='ocr_carea' id='block_1_1' title="bbox 446 339 549 394">
    <p class='ocr_par' dir='ltr' id='par_1_1' title="bbox 446 339 549 394">
     <span class='ocr_line' id='line_1_1' title="bbox 446 339 549 394; baseline -0.019 0"><span class='ocrx_word' id='word_1_1' title='bbox 446 339 549 394; x_wconf 69' lang='grc'>115</span> 
     </span>
    </p>
   </div>
   <div class='ocr_carea' id='block_1_2' title="bbox 1808 331 3673 398">
    <p class='ocr_par' dir='ltr' id='par_1_2' title="bbox 1808 331 3673 398">
     <span class='ocr_line' id='line_1_2' title="bbox 1808 331 3673 398; baseline 0.006 -12"><span class='ocrx_word' id='word_1_2' title='bbox 1808 332 2080 388; x_wconf 77' lang='lat' dir='ltr'><strong>A&#39;STERII</strong></span> <span class='ocrx_word' id='word_1_3' title='bbox 2123 331 2376 390; x_wconf 78' lang='lat' dir='ltr'><strong>URBANI</strong></span> <span class='ocrx_word' id='word_1_4' title='bbox 3569 344 3673 398; x_wconf 67' lang='grc' dir='ltr'><strong>ηε.</strong></span> 
     </span>
    </p>
   </div>
   <div class='ocr_carea' id='block_1_3' title="bbox 443 455 3680 530">
    <p class='ocr_par' dir='ltr' id='par_1_3' title="bbox 443 455 3680 530">
     <span class='ocr_line' id='line_1_3' title="bbox 443 455 3680 530; baseline 0.001 -14"><span class='ocrx_word' id='word_1_5' title='bbox 443 461 718 518; x_wconf 87' lang='lat' dir='ltr'><strong>centiores</strong></span> <span class='ocrx_word' id='word_1_6' title='bbox 771 466 1099 515; x_wconf 89' lang='lat' dir='ltr'><strong>statuerunt.</strong></span> <span class='ocrx_word' id='word_1_7' title='bbox 1143 457 1315 512; x_wconf 86' lang='lat' dir='ltr'><strong>Porro</strong></span> <span class='ocrx_word' id='word_1_8' title='bbox 1365 455 1647 513; x_wconf 84' lang='lat' dir='ltr'><strong>Valesiana</strong></span> <span class='ocrx_word' id='word_1_9' title='bbox 1703 459 2014 527; x_wconf 79' lang='lat' dir='ltr'><strong>conjectura</strong></span> <span class='ocrx_word' id='word_1_10' title='bbox 2044 462 2091 517; x_wconf 85' lang='lat' dir='ltr'><strong>A</strong></span> <span class='ocrx_word' id='word_1_11' title='bbox 2115 459 2369 530; x_wconf 85' lang='lat' dir='ltr'><strong>episcopo</strong></span> <span class='ocrx_word' id='word_1_12' title='bbox 2393 462 2532 516; x_wconf 87' lang='lat' dir='ltr'><strong>duas</strong></span> <span class='ocrx_word' id='word_1_13' title='bbox 2551 461 2820 518; x_wconf 87' lang='lat' dir='ltr'><strong>Ecclesias</strong></span> <span class='ocrx_word' id='word_1_14' title='bbox 2842 461 3000 530; x_wconf 81' lang='lat' dir='ltr'><strong>longe</strong></span> <span class='ocrx_word' id='word_1_15' title='bbox 3025 460 3164 516; x_wconf 89' lang='lat' dir='ltr'><strong>inter</strong></span> <span class='ocrx_word' id='word_1_16' title='bbox 3187 475 3250 516; x_wconf 90' lang='lat' dir='ltr'><strong>se</strong></span> <span class='ocrx_word' id='word_1_17' title='bbox 3267 461 3484 518; x_wconf 78' lang='lat' dir='ltr'><strong>dissitas</strong></span> <span class='ocrx_word' id='word_1_18' title='bbox 3505 462 3680 520; x_wconf 84' lang='lat' dir='ltr'><strong>fuisse</strong></span> 
     </span>
    </p>
   </div>
   <div class='ocr_carea' id='block_1_4' title="bbox 445 547 2009 623">
    <p class='ocr_par' dir='ltr' id='par_1_4' title="bbox 445 547 2009 623">
     <span class='ocr_line' id='line_1_4' title="bbox 445 547 2009 623; baseline -0.003 -16"><span class='ocrx_word' id='word_1_19' title='bbox 445 551 793 608; x_wconf 85' lang='lat' dir='ltr'><strong>Tillemontio</strong></span> <span class='ocrx_word' id='word_1_20' title='bbox 824 551 937 623; x_wconf 70' lang='grc'>(12)</span> <span class='ocrx_word' id='word_1_21' title='bbox 977 565 1089 621; x_wconf 83' lang='lat' dir='ltr'><strong>pra</strong></span> <span class='ocrx_word' id='word_1_22' title='bbox 1135 549 1345 606; x_wconf 81' lang='lat' dir='ltr'><strong>cateris</strong></span> <span class='ocrx_word' id='word_1_23' title='bbox 1373 558 1537 620; x_wconf 90' lang='lat' dir='ltr'><strong>atque</strong></span> <span class='ocrx_word' id='word_1_24' title='bbox 1567 547 1860 606; x_wconf 84' lang='lat' dir='ltr'><strong>Pearsonio</strong></span> <span class='ocrx_word' id='word_1_25' title='bbox 1899 551 2009 621; x_wconf 83' lang='grc'>(15)</span> 
     </span>
    </p>
   </div>
   <div class='ocr_carea' id='block_1_5' title="bbox 444 643 1063 718">
    <p class='ocr_par' dir='ltr' id='par_1_5' title="bbox 444 643 1063 718">
     <span class='ocr_line' id='line_1_5' title="bbox 444 643 1063 718; baseline -0.006 -18"><span class='ocrx_word' id='word_1_26' title='bbox 444 645 699 700; x_wconf 86' lang='lat' dir='ltr'><strong>arrisisse</strong></span> <span class='ocrx_word' id='word_1_27' title='bbox 727 643 1063 718; x_wconf 60' lang='lat' dir='ltr'><strong>perhibetur.</strong></span> 
     </span>
    </p>
   </div>
   <div class='ocr_carea' id='block_1_6' title="bbox 515 729 2008 803">
    <p class='ocr_par' dir='ltr' id='par_1_6' title="bbox 515 729 2008 803">
     <span class='ocr_line' id='line_1_6' title="bbox 515 729 2008 803; baseline -0.001 -15"><span class='ocrx_word' id='word_1_28' title='bbox 515 735 580 789; x_wconf 84' lang='lat' dir='ltr'><strong>Il.</strong></span> <span class='ocrx_word' id='word_1_29' title='bbox 619 733 752 800; x_wconf 85' lang='lat' dir='ltr'><strong>Quis</strong></span> <span class='ocrx_word' id='word_1_30' title='bbox 803 742 984 788; x_wconf 88' lang='lat' dir='ltr'><strong>autem</strong></span> <span class='ocrx_word' id='word_1_31' title='bbox 1030 733 1274 803; x_wconf 83' lang='lat' dir='ltr'><strong>qualisve</strong></span> <span class='ocrx_word' id='word_1_32' title='bbox 1321 731 1481 786; x_wconf 88' lang='lat' dir='ltr'><strong>fuerit</strong></span> <span class='ocrx_word' id='word_1_33' title='bbox 1525 739 1709 786; x_wconf 80' lang='lat' dir='ltr'><strong>noster</strong></span> <span class='ocrx_word' id='word_1_34' title='bbox 1744 729 2008 798; x_wconf 85' lang='lat' dir='ltr'><strong>Asterius,</strong></span> 
     </span>
    </p>
   </div>
   <div class='ocr_carea' id='block_1_7' title="bbox 445 821 2011 894">
    <p class='ocr_par' dir='ltr' id='par_1_7' title="bbox 445 821 2011 894">
     <span class='ocr_line' id='line_1_7' title="bbox 445 821 2011 894; baseline -0.003 -13"><span class='ocrx_word' id='word_1_35' title='bbox 445 841 556 882; x_wconf 87' lang='lat' dir='ltr'><strong>non</strong></span> <span class='ocrx_word' id='word_1_36' title='bbox 593 825 782 894; x_wconf 89' lang='lat' dir='ltr'><strong>liquet.</strong></span> <span class='ocrx_word' id='word_1_37' title='bbox 821 823 1146 894; x_wconf 83' lang='lat' dir='ltr'><strong>Episcopum</strong></span> <span class='ocrx_word' id='word_1_38' title='bbox 1184 839 1312 878; x_wconf 86' lang='lat' dir='ltr'><strong>vero</strong></span> <span class='ocrx_word' id='word_1_39' title='bbox 1339 824 1515 893; x_wconf 91' lang='lat' dir='ltr'><strong>ipsum</strong></span> <span class='ocrx_word' id='word_1_40' title='bbox 1543 821 1732 886; x_wconf 85' lang='lat' dir='ltr'><strong>fuisse,</strong></span> <span class='ocrx_word' id='word_1_41' title='bbox 1765 823 1854 876; x_wconf 90' lang='lat' dir='ltr'><strong>illa</strong></span> <span class='ocrx_word' id='word_1_42' title='bbox 1885 839 2011 878; x_wconf 80' lang='lat' dir='ltr'><strong>sua-</strong></span> 
     </span>
    </p>
   </div>
   <div class='ocr_carea' id='block_1_8' title="bbox 445 915 2009 986">
    <p class='ocr_par' dir='ltr' id='par_1_8' title="bbox 445 915 2009 986">
     <span class='ocr_line' id='line_1_8' title="bbox 445 915 2009 986; baseline -0.002 -13"><span class='ocrx_word' id='word_1_43' title='bbox 445 918 575 973; x_wconf 90' lang='lat' dir='ltr'><strong>dere</strong></span> <span class='ocrx_word' id='word_1_44' title='bbox 603 919 739 974; x_wconf 87' lang='lat' dir='ltr'><strong>satis</strong></span> <span class='ocrx_word' id='word_1_45' title='bbox 767 917 1021 971; x_wconf 79' lang='lat' dir='ltr'><strong>videntur</strong></span> <span class='ocrx_word' id='word_1_46' title='bbox 1065 932 1188 986; x_wconf 85' lang='lat' dir='ltr'><strong>qua</strong></span> <span class='ocrx_word' id='word_1_47' title='bbox 1236 916 1304 970; x_wconf 88' lang='lat' dir='ltr'><strong>ab</strong></span> <span class='ocrx_word' id='word_1_48' title='bbox 1337 931 1401 970; x_wconf 92' lang='lat' dir='ltr'><strong>co</strong></span> <span class='ocrx_word' id='word_1_49' title='bbox 1451 915 1677 986; x_wconf 88' lang='lat' dir='ltr'><strong>Ancyra</strong></span> <span class='ocrx_word' id='word_1_50' title='bbox 1717 916 1772 970; x_wconf 89' lang='lat' dir='ltr'><strong>in</strong></span> <span class='ocrx_word' id='word_1_51' title='bbox 1801 915 2009 971; x_wconf 81' lang='lat' dir='ltr'><strong>Galatia</strong></span> 
     </span>
    </p>
   </div>
   <div class='ocr_carea' id='block_1_9' title="bbox 447 1003 2010 1080">
    <p class='ocr_par' dir='ltr' id='par_1_9' title="bbox 447 1003 2010 1080">
     <span class='ocr_line' id='line_1_9' title="bbox 447 1003 2010 1080; baseline -0.003 -16"><span class='ocrx_word' id='word_1_52' title='bbox 447 1019 662 1080; x_wconf 89' lang='lat' dir='ltr'><strong>peracta</strong></span> <span class='ocrx_word' id='word_1_53' title='bbox 709 1017 1033 1062; x_wconf 86' lang='lat' dir='ltr'><strong>noscuntur.</strong></span> <span class='ocrx_word' id='word_1_54' title='bbox 1082 1006 1219 1060; x_wconf 89' lang='lat' dir='ltr'><strong>Cum</strong></span> <span class='ocrx_word' id='word_1_55' title='bbox 1272 1006 1416 1061; x_wconf 91' lang='lat' dir='ltr'><strong>enim</strong></span> <span class='ocrx_word' id='word_1_56' title='bbox 1470 1005 1614 1060; x_wconf 90' lang='lat' dir='ltr'><strong>illius</strong></span> <span class='ocrx_word' id='word_1_57' title='bbox 1647 1006 1798 1060; x_wconf 87' lang='lat' dir='ltr'><strong>urbis</strong></span> <span class='ocrx_word' id='word_1_58' title='bbox 1829 1003 2010 1060; x_wconf 88' lang='lat' dir='ltr'><strong>Eccle-</strong></span> 
     </span>
    </p>
   </div>
   <div class='ocr_carea' id='block_1_10' title="bbox 446 1095 1999 1168">
    <p class='ocr_par' dir='ltr' id='par_1_10' title="bbox 446 1095 1999 1168">
     <span class='ocr_line' id='line_1_10' title="bbox 446 1095 1999 1168; baseline -0.003 -13"><span class='ocrx_word' id='word_1_59' title='bbox 446 1102 584 1156; x_wconf 90' lang='lat' dir='ltr'><strong>siam</strong></span> <span class='ocrx_word' id='word_1_60' title='bbox 611 1098 849 1153; x_wconf 85' lang='lat' dir='ltr'><strong>Montani</strong></span> <span class='ocrx_word' id='word_1_61' title='bbox 882 1101 1107 1168; x_wconf 70' lang='lat' dir='ltr'><strong>ejusque</strong></span> <span class='ocrx_word' id='word_1_62' title='bbox 1143 1095 1466 1150; x_wconf 82' lang='lat' dir='ltr'><strong>feminarum</strong></span> <span class='ocrx_word' id='word_1_63' title='bbox 1488 1095 1999 1165; x_wconf 88' lang='lat' dir='ltr'><strong>pseudoprophetiis</strong></span> 
     </span>
    </p>
   </div>
   <div class='ocr_carea' id='block_1_11' title="bbox 447 1187 2010 1264">
    <p class='ocr_par' dir='ltr' id='par_1_11' title="bbox 447 1187 2010 1264">
     <span class='ocr_line' id='line_1_11' title="bbox 447 1187 2010 1264; baseline -0.004 -17"><span class='ocrx_word' id='word_1_64' title='bbox 447 1193 716 1264; x_wconf 77' lang='lat' dir='ltr'><strong>turbatam</strong></span> <span class='ocrx_word' id='word_1_65' title='bbox 753 1189 1130 1259; x_wconf 85' lang='lat' dir='ltr'><strong>comperisset,</strong></span> <span class='ocrx_word' id='word_1_66' title='bbox 1161 1188 1387 1243; x_wconf 91' lang='lat' dir='ltr'><strong>collecto</strong></span> <span class='ocrx_word' id='word_1_67' title='bbox 1427 1187 1662 1242; x_wconf 91' lang='lat' dir='ltr'><strong>ﬁdelium</strong></span> <span class='ocrx_word' id='word_1_68' title='bbox 1707 1196 1848 1242; x_wconf 77' lang='lat' dir='ltr'><strong>catu</strong></span> <span class='ocrx_word' id='word_1_69' title='bbox 1891 1187 2010 1257; x_wconf 88' lang='lat' dir='ltr'><strong>plu-</strong></span> 
     </span>
    </p>
   </div>
   <div class='ocr_carea' id='block_1_12' title="bbox 448 1279 2008 1351">
    <p class='ocr_par' dir='ltr' id='par_1_12' title="bbox 448 1279 2008 1351">
     <span class='ocr_line' id='line_1_12' title="bbox 448 1279 2008 1351; baseline -0.004 -10"><span class='ocrx_word' id='word_1_70' title='bbox 448 1287 600 1341; x_wconf 86' lang='lat' dir='ltr'><strong>ribus</strong></span> <span class='ocrx_word' id='word_1_71' title='bbox 628 1285 817 1340; x_wconf 90' lang='lat' dir='ltr'><strong>diebus</strong></span> <span class='ocrx_word' id='word_1_72' title='bbox 840 1282 1120 1349; x_wconf 85' lang='lat' dir='ltr'><strong>disseruit,</strong></span> <span class='ocrx_word' id='word_1_73' title='bbox 1153 1296 1356 1351; x_wconf 86' lang='lat' dir='ltr'><strong>eosque</strong></span> <span class='ocrx_word' id='word_1_74' title='bbox 1399 1281 1453 1334; x_wconf 93' lang='lat' dir='ltr'><strong>in</strong></span> <span class='ocrx_word' id='word_1_75' title='bbox 1481 1281 1704 1336; x_wconf 87' lang='lat' dir='ltr'><strong>veritate</strong></span> <span class='ocrx_word' id='word_1_76' title='bbox 1730 1279 1851 1335; x_wconf 85' lang='lat' dir='ltr'><strong>fidei</strong></span> <span class='ocrx_word' id='word_1_77' title='bbox 1890 1294 2008 1335; x_wconf 88' lang='lat' dir='ltr'><strong>ma-</strong></span> 
     </span>
    </p>
   </div>
   <div class='ocr_carea' id='block_1_13' title="bbox 446 1373 2010 1450">
    <p class='ocr_par' dir='ltr' id='par_1_13' title="bbox 446 1373 2010 1450">
     <span class='ocr_line' id='line_1_13' title="bbox 446 1373 2010 1450; baseline -0.003 -18"><span class='ocrx_word' id='word_1_78' title='bbox 446 1393 683 1450; x_wconf 85' lang='lat' dir='ltr'><strong>gnopere</strong></span> <span class='ocrx_word' id='word_1_79' title='bbox 721 1376 1084 1439; x_wconf 76' lang='lat' dir='ltr'><strong>continuavit,</strong></span> <span class='ocrx_word' id='word_1_80' title='bbox 1132 1374 1472 1430; x_wconf 72' lang='lat' dir='ltr'><strong>adversarios</strong></span> <span class='ocrx_word' id='word_1_81' title='bbox 1512 1389 1638 1430; x_wconf 84' lang='lat' dir='ltr'><strong>vero</strong></span> <span class='ocrx_word' id='word_1_82' title='bbox 1671 1374 1873 1444; x_wconf 87' lang='lat' dir='ltr'><strong>Deique</strong></span> <span class='ocrx_word' id='word_1_83' title='bbox 1906 1373 2010 1428; x_wconf 86' lang='lat' dir='ltr'><strong>bo-</strong></span> 
     </span>
    </p>
   </div>
   <div class='ocr_carea' id='block_1_14' title="bbox 447 1467 2010 1540">
    <p class='ocr_par' dir='ltr' id='par_1_14' title="bbox 447 1467 2010 1540">
     <span class='ocr_line' id='line_1_14' title="bbox 447 1467 2010 1540; baseline -0.005 -13"><span class='ocrx_word' id='word_1_84' title='bbox 447 1481 560 1527; x_wconf 89' lang='lat' dir='ltr'><strong>stes</strong></span> <span class='ocrx_word' id='word_1_85' title='bbox 591 1472 642 1526; x_wconf 88' lang='lat' dir='ltr'><strong>in</strong></span> <span class='ocrx_word' id='word_1_86' title='bbox 683 1469 864 1540; x_wconf 80' lang='lat' dir='ltr'><strong>fugam</strong></span> <span class='ocrx_word' id='word_1_87' title='bbox 897 1469 1162 1524; x_wconf 88' lang='lat' dir='ltr'><strong>convertit</strong></span> <span class='ocrx_word' id='word_1_88' title='bbox 1191 1467 1301 1537; x_wconf 70' lang='grc'>(11)</span> <span class='ocrx_word' id='word_1_89' title='bbox 1335 1485 1348 1520; x_wconf 89' lang='lat'><strong>:</strong></span> <span class='ocrx_word' id='word_1_90' title='bbox 1387 1482 1494 1537; x_wconf 90' lang='lat' dir='ltr'><strong>quo</strong></span> <span class='ocrx_word' id='word_1_91' title='bbox 1536 1467 1752 1535; x_wconf 89' lang='lat' dir='ltr'><strong>quidem</strong></span> <span class='ocrx_word' id='word_1_92' title='bbox 1787 1481 2010 1521; x_wconf 90' lang='lat' dir='ltr'><strong>munere</strong></span> 
     </span>
    </p>
   </div>
   <div class='ocr_carea' id='block_1_15' title="bbox 447 1557 2007 1632">
    <p class='ocr_par' dir='ltr' id='par_1_15' title="bbox 447 1557 2007 1632">
     <span class='ocr_line' id='line_1_15' title="bbox 447 1557 2007 1632; baseline -0.004 -14"><span class='ocrx_word' id='word_1_93' title='bbox 447 1562 621 1632; x_wconf 81' lang='lat' dir='ltr'><strong>fungi,</strong></span> <span class='ocrx_word' id='word_1_94' title='bbox 647 1562 825 1616; x_wconf 82' lang='lat' dir='ltr'><strong>virum</strong></span> <span class='ocrx_word' id='word_1_95' title='bbox 857 1560 910 1615; x_wconf 92' lang='lat' dir='ltr'><strong>in</strong></span> <span class='ocrx_word' id='word_1_96' title='bbox 939 1559 1128 1630; x_wconf 87' lang='lat' dir='ltr'><strong>primis</strong></span> <span class='ocrx_word' id='word_1_97' title='bbox 1148 1559 1440 1628; x_wconf 85' lang='lat' dir='ltr'><strong>episcopali</strong></span> <span class='ocrx_word' id='word_1_98' title='bbox 1465 1558 1672 1614; x_wconf 86' lang='lat' dir='ltr'><strong>honore</strong></span> <span class='ocrx_word' id='word_1_99' title='bbox 1691 1557 2007 1628; x_wconf 76' lang='lat' dir='ltr'><strong>insignitum</strong></span> 
     </span>
    </p>
   </div>
   <div class='ocr_carea' id='block_1_16' title="bbox 448 1651 693 1715">
    <p class='ocr_par' dir='ltr' id='par_1_16' title="bbox 448 1651 693 1715">
     <span class='ocr_line' id='line_1_16' title="bbox 448 1651 693 1715; baseline -0.004 -9"><span class='ocrx_word' id='word_1_100' title='bbox 448 1651 693 1715; x_wconf 84' lang='lat' dir='ltr'><strong>decebat.</strong></span> 
     </span>
    </p>
   </div>
   <div class='ocr_carea' id='block_1_17' title="bbox 519 1733 2007 1809">
    <p class='ocr_par' dir='ltr' id='par_1_17' title="bbox 519 1733 2007 1809">
     <span class='ocr_line' id='line_1_17' title="bbox 519 1733 2007 1809; baseline -0.006 -13"><span class='ocrx_word' id='word_1_101' title='bbox 519 1743 784 1797; x_wconf 73' lang='lat' dir='ltr'><strong>Praeterea</strong></span> <span class='ocrx_word' id='word_1_102' title='bbox 821 1749 1047 1794; x_wconf 86' lang='lat' dir='ltr'><strong>testatur</strong></span> <span class='ocrx_word' id='word_1_103' title='bbox 1079 1745 1269 1792; x_wconf 77' lang='lat' dir='ltr'><strong>auctor</strong></span> <span class='ocrx_word' id='word_1_104' title='bbox 1302 1736 1410 1809; x_wconf 78' lang='lat'><strong>(15)</strong></span> <span class='ocrx_word' id='word_1_105' title='bbox 1450 1745 1577 1791; x_wconf 91' lang='lat' dir='ltr'><strong>tunc</strong></span> <span class='ocrx_word' id='word_1_106' title='bbox 1608 1734 1848 1791; x_wconf 81' lang='lat' dir='ltr'><strong>adfuisse</strong></span> <span class='ocrx_word' id='word_1_107' title='bbox 1878 1733 2007 1788; x_wconf 93' lang='lat' dir='ltr'><strong>dum</strong></span> 
     </span>
    </p>
   </div>
   <div class='ocr_carea' id='block_1_18' title="bbox 448 1807 2082 1907">
    <p class='ocr_par' dir='ltr' id='par_1_18' title="bbox 448 1807 2082 1907">
     <span class='ocr_line' id='line_1_18' title="bbox 448 1807 2082 1907; baseline -0.006 -16"><span class='ocrx_word' id='word_1_108' title='bbox 448 1837 792 1907; x_wconf 86' lang='lat' dir='ltr'><strong>loqueretur,</strong></span> <span class='ocrx_word' id='word_1_109' title='bbox 825 1834 1070 1888; x_wconf 86' lang='lat' dir='ltr'><strong>Zoticum</strong></span> <span class='ocrx_word' id='word_1_110' title='bbox 1121 1830 1379 1886; x_wconf 86' lang='lat' dir='ltr'><strong>Otrcnum</strong></span> <span class='ocrx_word' id='word_1_111' title='bbox 1433 1845 1593 1900; x_wconf 87' lang='lat' dir='ltr'><strong>quem</strong></span> <span class='ocrx_word' id='word_1_112' title='bbox 1641 1836 1800 1883; x_wconf 80' lang='lat' dir='ltr'><strong>vocat</strong></span> <span class='ocrx_word' id='word_1_113' title='bbox 1849 1843 2007 1882; x_wconf 87' lang='lat' dir='ltr'><strong>suum</strong></span> <span class='ocrx_word' id='word_1_114' title='bbox 2041 1807 2082 1862; x_wconf 76' lang='grc' dir='ltr'>Β</span> 
     </span>
    </p>
   </div>
   <div class='ocr_carea' id='block_1_19' title="bbox 448 1921 2013 2000">
    <p class='ocr_par' dir='ltr' id='par_1_19' title="bbox 448 1921 2013 2000">
     <span class='ocr_line' id='line_1_19' title="bbox 448 1921 2013 2000; baseline -0.007 -17"><span class='ocrx_word' id='word_1_115' title='bbox 448 1927 947 2000; x_wconf 81' lang='grc' dir='ltr'>συμπρεσὸύτερον,</span> <span class='ocrx_word' id='word_1_116' title='bbox 990 1925 1119 1995; x_wconf 89' lang='lat' dir='ltr'><strong>quin</strong></span> <span class='ocrx_word' id='word_1_117' title='bbox 1162 1933 1216 1977; x_wconf 90' lang='lat' dir='ltr'><strong>et</strong></span> <span class='ocrx_word' id='word_1_118' title='bbox 1246 1923 1488 1978; x_wconf 88' lang='lat' dir='ltr'><strong>Zoticum</strong></span> <span class='ocrx_word' id='word_1_119' title='bbox 1525 1921 1918 1975; x_wconf 82' lang='lat' dir='ltr'><strong>Comanensem</strong></span> <span class='ocrx_word' id='word_1_120' title='bbox 1958 1928 2013 1973; x_wconf 91' lang='lat' dir='ltr'><strong>et</strong></span> 
     </span>
    </p>
   </div>
   <div class='ocr_carea' id='block_1_20' title="bbox 446 2011 2013 2088">
    <p class='ocr_par' dir='ltr' id='par_1_20' title="bbox 446 2011 2013 2088">
     <span class='ocr_line' id='line_1_20' title="bbox 446 2011 2013 2088; baseline -0.006 -13"><span class='ocrx_word' id='word_1_121' title='bbox 446 2019 723 2076; x_wconf 66' lang='lat' dir='ltr'><strong>Iulianum</strong></span> <span class='ocrx_word' id='word_1_122' title='bbox 761 2019 1120 2088; x_wconf 84' lang='lat' dir='ltr'><strong>Apamenum,</strong></span> <span class='ocrx_word' id='word_1_123' title='bbox 1157 2016 1356 2087; x_wconf 77' lang='grc' dir='ltr'>ἄνδρας</span> <span class='ocrx_word' id='word_1_124' title='bbox 1394 2014 1648 2085; x_wconf 84' lang='grc' dir='ltr'><strong>δοκίμους</strong></span> <span class='ocrx_word' id='word_1_125' title='bbox 1674 2013 1765 2067; x_wconf 74' lang='grc' dir='ltr'><strong>καὶ</strong></span> <span class='ocrx_word' id='word_1_126' title='bbox 1795 2011 2013 2066; x_wconf 78' lang='grc' dir='ltr'>ἐπισκό-</span> 
     </span>
    </p>
   </div>
   <div class='ocr_carea' id='block_1_21' title="bbox 446 2105 2011 2178">
    <p class='ocr_par' dir='ltr' id='par_1_21' title="bbox 446 2105 2011 2178">
     <span class='ocr_line' id='line_1_21' title="bbox 446 2105 2011 2178; baseline -0.008 -12"><span class='ocrx_word' id='word_1_127' title='bbox 446 2129 604 2176; x_wconf 85' lang='grc' dir='ltr'>πους,</span> <span class='ocrx_word' id='word_1_128' title='bbox 639 2111 775 2164; x_wconf 74' lang='lat' dir='ltr'><strong>viros</strong></span> <span class='ocrx_word' id='word_1_129' title='bbox 809 2108 998 2178; x_wconf 88' lang='lat' dir='ltr'><strong>probos</strong></span> <span class='ocrx_word' id='word_1_130' title='bbox 1041 2119 1090 2162; x_wconf 87' lang='lat' dir='ltr'><strong>et</strong></span> <span class='ocrx_word' id='word_1_131' title='bbox 1133 2105 1417 2176; x_wconf 78' lang='lat' dir='ltr'><strong>episcopali</strong></span> <span class='ocrx_word' id='word_1_132' title='bbox 1449 2106 1706 2174; x_wconf 79' lang='lat' dir='ltr'><strong>dignitate</strong></span> <span class='ocrx_word' id='word_1_133' title='bbox 1747 2112 1960 2156; x_wconf 85' lang='lat' dir='ltr'><strong>ornatos</strong></span> <span class='ocrx_word' id='word_1_134' title='bbox 1992 2116 2011 2154; x_wconf 89' lang='lat'><strong><em>:</em></strong></span> 
     </span>
    </p>
   </div>
   <div class='ocr_carea' id='block_1_22' title="bbox 446 2194 2010 2272">
    <p class='ocr_par' dir='ltr' id='par_1_22' title="bbox 446 2194 2010 2272">
     <span class='ocr_line' id='line_1_22' title="bbox 446 2194 2010 2272; baseline -0.008 -15"><span class='ocrx_word' id='word_1_135' title='bbox 446 2213 508 2257; x_wconf 91' lang='lat' dir='ltr'><strong>ut</strong></span> <span class='ocrx_word' id='word_1_136' title='bbox 537 2211 819 2272; x_wconf 82' lang='lat' dir='ltr'><strong>propterea</strong></span> <span class='ocrx_word' id='word_1_137' title='bbox 853 2215 960 2253; x_wconf 91' lang='lat' dir='ltr'><strong>non</strong></span> <span class='ocrx_word' id='word_1_138' title='bbox 985 2199 1157 2253; x_wconf 93' lang='lat' dir='ltr'><strong>solum</strong></span> <span class='ocrx_word' id='word_1_139' title='bbox 1188 2198 1240 2251; x_wconf 93' lang='lat' dir='ltr'><strong>in</strong></span> <span class='ocrx_word' id='word_1_140' title='bbox 1268 2197 1701 2267; x_wconf 84' lang='lat' dir='ltr'><strong>presbyterorum</strong></span> <span class='ocrx_word' id='word_1_141' title='bbox 1725 2194 2010 2264; x_wconf 83' lang='lat' dir='ltr'><strong>collegium</strong></span> 
     </span>
    </p>
   </div>
   <div class='ocr_carea' id='block_1_23' title="bbox 445 2286 2012 2363">
    <p class='ocr_par' dir='ltr' id='par_1_23' title="bbox 445 2286 2012 2363">
     <span class='ocr_line' id='line_1_23' title="bbox 445 2286 2012 2363; baseline -0.007 -14"><span class='ocrx_word' id='word_1_142' title='bbox 445 2302 734 2363; x_wconf 87' lang='lat' dir='ltr'><strong>cooptatus</strong></span> <span class='ocrx_word' id='word_1_143' title='bbox 765 2291 936 2346; x_wconf 88' lang='lat' dir='ltr'><strong>fuisse</strong></span> <span class='ocrx_word' id='word_1_144' title='bbox 969 2291 1216 2345; x_wconf 87' lang='lat' dir='ltr'><strong>videatur</strong></span> <span class='ocrx_word' id='word_1_145' title='bbox 1243 2289 1524 2350; x_wconf 85' lang='lat' dir='ltr'><strong>Asterius,</strong></span> <span class='ocrx_word' id='word_1_146' title='bbox 1558 2286 1652 2342; x_wconf 89' lang='lat' dir='ltr'><strong>sed</strong></span> <span class='ocrx_word' id='word_1_147' title='bbox 1701 2297 1753 2340; x_wconf 89' lang='lat' dir='ltr'><strong>et</strong></span> <span class='ocrx_word' id='word_1_148' title='bbox 1787 2286 2012 2354; x_wconf 90' lang='lat' dir='ltr'><strong>ipsemet</strong></span> 
     </span>
    </p>
   </div>
   <div class='ocr_carea' id='block_1_24' title="bbox 444 2379 2010 2457">
    <p class='ocr_par' dir='ltr' id='par_1_24' title="bbox 444 2379 2010 2457">
     <span class='ocr_line' id='line_1_24' title="bbox 444 2379 2010 2457; baseline -0.007 -15"><span class='ocrx_word' id='word_1_149' title='bbox 444 2388 735 2457; x_wconf 88' lang='lat' dir='ltr'><strong>episc0pus</strong></span> <span class='ocrx_word' id='word_1_150' title='bbox 793 2384 974 2449; x_wconf 90' lang='lat' dir='ltr'><strong>fuerit,</strong></span> <span class='ocrx_word' id='word_1_151' title='bbox 1013 2384 1108 2454; x_wconf 88' lang='lat' dir='ltr'><strong>qui</strong></span> <span class='ocrx_word' id='word_1_152' title='bbox 1151 2383 1406 2439; x_wconf 88' lang='lat' dir='ltr'><strong>nimirum</strong></span> <span class='ocrx_word' id='word_1_153' title='bbox 1451 2381 1625 2436; x_wconf 90' lang='lat' dir='ltr'><strong>tribus</strong></span> <span class='ocrx_word' id='word_1_154' title='bbox 1659 2379 1780 2435; x_wconf 88' lang='lat' dir='ltr'><strong>aliis</strong></span> <span class='ocrx_word' id='word_1_155' title='bbox 1831 2388 2010 2432; x_wconf 87' lang='lat' dir='ltr'><strong>astan-</strong></span> 
     </span>
    </p>
   </div>
   <div class='ocr_carea' id='block_1_25' title="bbox 447 2469 2012 2548">
    <p class='ocr_par' dir='ltr' id='par_1_25' title="bbox 447 2469 2012 2548">
     <span class='ocr_line' id='line_1_25' title="bbox 447 2469 2012 2548; baseline -0.006 -16"><span class='ocrx_word' id='word_1_156' title='bbox 447 2478 594 2532; x_wconf 88' lang='lat' dir='ltr'><strong>tibus</strong></span> <span class='ocrx_word' id='word_1_157' title='bbox 620 2476 888 2548; x_wconf 85' lang='lat' dir='ltr'><strong>episcopis</strong></span> <span class='ocrx_word' id='word_1_158' title='bbox 913 2476 978 2531; x_wconf 91' lang='lat' dir='ltr'><strong>ad</strong></span> <span class='ocrx_word' id='word_1_159' title='bbox 1011 2475 1268 2546; x_wconf 88' lang='lat' dir='ltr'><strong>populum</strong></span> <span class='ocrx_word' id='word_1_160' title='bbox 1306 2475 1357 2528; x_wconf 92' lang='lat' dir='ltr'><strong>in</strong></span> <span class='ocrx_word' id='word_1_161' title='bbox 1398 2473 1631 2528; x_wconf 84' lang='lat' dir='ltr'><strong>ecclesia</strong></span> <span class='ocrx_word' id='word_1_162' title='bbox 1665 2477 1827 2546; x_wconf 85' lang='lat' dir='ltr'><strong>verba</strong></span> <span class='ocrx_word' id='word_1_163' title='bbox 1870 2469 2012 2524; x_wconf 90' lang='lat' dir='ltr'><strong>fece-</strong></span> 
     </span>
    </p>
   </div>
   <div class='ocr_carea' id='block_1_26' title="bbox 445 2549 2010 2638">
    <p class='ocr_par' dir='ltr' id='par_1_26' title="bbox 445 2549 2010 2638">
     <span class='ocr_line' id='line_1_26' title="bbox 445 2549 2010 2638; baseline -0.007 -14"><span class='ocrx_word' id='word_1_164' title='bbox 445 2570 535 2624; x_wconf 87' lang='lat' dir='ltr'><strong>rit.</strong></span> <span class='ocrx_word' id='word_1_165' title='bbox 567 2567 751 2638; x_wconf 85' lang='lat' dir='ltr'><strong>Neque</strong></span> <span class='ocrx_word' id='word_1_166' title='bbox 783 2581 910 2622; x_wconf 79' lang='lat' dir='ltr'><strong>vero</strong></span> <span class='ocrx_word' id='word_1_167' title='bbox 936 2567 1058 2636; x_wconf 89' lang='lat' dir='ltr'><strong>quis</strong></span> <span class='ocrx_word' id='word_1_168' title='bbox 1081 2567 1204 2635; x_wconf 87' lang='lat' dir='ltr'><strong>jure</strong></span> <span class='ocrx_word' id='word_1_169' title='bbox 1227 2549 1528 2634; x_wconf 79' lang='lat' dir='ltr'><strong>collegerit,</strong></span> <span class='ocrx_word' id='word_1_170' title='bbox 1565 2572 1818 2617; x_wconf 90' lang='lat' dir='ltr'><strong>nostrum</strong></span> <span class='ocrx_word' id='word_1_171' title='bbox 1852 2562 2010 2614; x_wconf 83' lang='lat' dir='ltr'><strong>Aste-</strong></span> 
     </span>
    </p>
   </div>
   <div class='ocr_carea' id='block_1_27' title="bbox 444 2652 2010 2730">
    <p class='ocr_par' dir='ltr' id='par_1_27' title="bbox 444 2652 2010 2730">
     <span class='ocr_line' id='line_1_27' title="bbox 444 2652 2010 2730; baseline -0.006 -15"><span class='ocrx_word' id='word_1_172' title='bbox 444 2661 588 2715; x_wconf 90' lang='lat' dir='ltr'><strong>rium</strong></span> <span class='ocrx_word' id='word_1_173' title='bbox 635 2660 878 2730; x_wconf 86' lang='lat' dir='ltr'><strong>adeoque</strong></span> <span class='ocrx_word' id='word_1_174' title='bbox 933 2658 1178 2713; x_wconf 89' lang='lat' dir='ltr'><strong>Zoticum</strong></span> <span class='ocrx_word' id='word_1_175' title='bbox 1239 2657 1531 2712; x_wconf 90' lang='lat' dir='ltr'><strong>Otrenum&#39;</strong></span> <span class='ocrx_word' id='word_1_176' title='bbox 1566 2655 1620 2708; x_wconf 92' lang='lat' dir='ltr'><strong>in</strong></span> <span class='ocrx_word' id='word_1_177' title='bbox 1686 2652 2010 2724; x_wconf 81' lang='lat' dir='ltr'><strong>presbyterii</strong></span> 
     </span>
    </p>
   </div>
   <div class='ocr_carea' id='block_1_28' title="bbox 445 2746 2010 2825">
    <p class='ocr_par' dir='ltr' id='par_1_28' title="bbox 445 2746 2010 2825">
     <span class='ocr_line' id='line_1_28' title="bbox 445 2746 2010 2825; baseline -0.004 -19"><span class='ocrx_word' id='word_1_178' title='bbox 445 2754 614 2825; x_wconf 87' lang='lat' dir='ltr'><strong>gradu</strong></span> <span class='ocrx_word' id='word_1_179' title='bbox 646 2751 813 2807; x_wconf 90' lang='lat' dir='ltr'><strong>fuisse</strong></span> <span class='ocrx_word' id='word_1_180' title='bbox 841 2750 1213 2807; x_wconf 87' lang='lat' dir='ltr'><strong>tantummodo</strong></span> <span class='ocrx_word' id='word_1_181' title='bbox 1237 2749 1553 2813; x_wconf 85' lang='lat' dir='ltr'><strong>collocatos,</strong></span> <span class='ocrx_word' id='word_1_182' title='bbox 1592 2747 1736 2817; x_wconf 91' lang='lat' dir='ltr'><strong>quod</strong></span> <span class='ocrx_word' id='word_1_183' title='bbox 1767 2746 2010 2801; x_wconf 89' lang='lat' dir='ltr'><strong>Zoticum</strong></span> 
     </span>
    </p>
   </div>
   <div class='ocr_carea' id='block_1_29' title="bbox 445 2839 2008 2917">
    <p class='ocr_par' dir='ltr' id='par_1_29' title="bbox 445 2839 2008 2917">
     <span class='ocr_line' id='line_1_29' title="bbox 445 2839 2008 2917; baseline -0.006 -16"><span class='ocrx_word' id='word_1_184' title='bbox 445 2845 623 2917; x_wconf 85' lang='lat' dir='ltr'><strong>ipsum</strong></span> <span class='ocrx_word' id='word_1_185' title='bbox 665 2845 1137 2914; x_wconf 86' lang='lat' dir='ltr'><strong>compresbyternnt</strong></span> <span class='ocrx_word' id='word_1_186' title='bbox 1183 2857 1341 2897; x_wconf 92' lang='lat' dir='ltr'><strong>suum</strong></span> <span class='ocrx_word' id='word_1_187' title='bbox 1379 2840 1650 2912; x_wconf 87' lang='lat' dir='ltr'><strong>appellet:</strong></span> <span class='ocrx_word' id='word_1_188' title='bbox 1693 2839 1836 2894; x_wconf 86' lang='lat' dir='ltr'><strong>haud</strong></span> <span class='ocrx_word' id='word_1_189' title='bbox 1864 2839 2008 2898; x_wconf 81' lang='lat' dir='ltr'><strong>enim</strong></span> 
     </span>
    </p>
   </div>
   <div class='ocr_carea' id='block_1_30' title="bbox 448 2932 2008 3003">
    <p class='ocr_par' dir='ltr' id='par_1_30' title="bbox 448 2932 2008 3003">
     <span class='ocr_line' id='line_1_30' title="bbox 448 2932 2008 3003; baseline -0.004 -11"><span class='ocrx_word' id='word_1_190' title='bbox 448 2939 690 2993; x_wconf 88' lang='lat' dir='ltr'><strong>insolens</strong></span> <span class='ocrx_word' id='word_1_191' title='bbox 732 2938 786 2992; x_wconf 88' lang='lat' dir='ltr'><strong>in</strong></span> <span class='ocrx_word' id='word_1_192' title='bbox 830 2935 1216 2992; x_wconf 84' lang='lat' dir='ltr'><strong>ecclesiastica</strong></span> <span class='ocrx_word' id='word_1_193' title='bbox 1253 2935 1590 3003; x_wconf 88' lang='lat' dir='ltr'><strong>antiquitatis</strong></span> <span class='ocrx_word' id='word_1_194' title='bbox 1620 2932 2008 2998; x_wconf 88' lang='lat' dir='ltr'><strong>monumentis,</strong></span> 
     </span>
    </p>
   </div>
   <div class='ocr_carea' id='block_1_31' title="bbox 445 3023 2010 3099">
    <p class='ocr_par' dir='ltr' id='par_1_31' title="bbox 445 3023 2010 3099">
     <span class='ocr_line' id='line_1_31' title="bbox 445 3023 2010 3099; baseline -0.004 -15"><span class='ocrx_word' id='word_1_195' title='bbox 445 3031 732 3099; x_wconf 88' lang='lat' dir='ltr'><strong>episcopos</strong></span> <span class='ocrx_word' id='word_1_196' title='bbox 781 3028 964 3083; x_wconf 86' lang='lat' dir='ltr'><strong>vocari</strong></span> <span class='ocrx_word' id='word_1_197' title='bbox 1007 3026 1356 3082; x_wconf 81' lang='lat' dir='ltr'><strong>consuevisse</strong></span> <span class='ocrx_word' id='word_1_198' title='bbox 1407 3025 1771 3096; x_wconf 87' lang='lat' dir='ltr'><strong>presbyteros.</strong></span> <span class='ocrx_word' id='word_1_199' title='bbox 1832 3023 2010 3078; x_wconf 90' lang='lat' dir='ltr'><strong>Unum</strong></span> 
     </span>
    </p>
   </div>
   <div class='ocr_carea' id='block_1_32' title="bbox 2115 551 3681 623">
    <p class='ocr_par' dir='ltr' id='par_1_32' title="bbox 2115 551 3681 623">
     <span class='ocr_line' id='line_1_32' title="bbox 2115 551 3681 623; baseline 0.002 -20"><span class='ocrx_word' id='word_1_200' title='bbox 2115 551 2456 608; x_wconf 90' lang='lat' dir='ltr'><strong>commissas.</strong></span> <span class='ocrx_word' id='word_1_201' title='bbox 2487 551 2650 623; x_wconf 80' lang='lat' dir='ltr'><strong>Otrys</strong></span> <span class='ocrx_word' id='word_1_202' title='bbox 2683 552 2828 606; x_wconf 89' lang='lat' dir='ltr'><strong>enim</strong></span> <span class='ocrx_word' id='word_1_203' title='bbox 2875 551 2928 606; x_wconf 93' lang='lat' dir='ltr'><strong>in</strong></span> <span class='ocrx_word' id='word_1_204' title='bbox 2978 551 3243 622; x_wconf 85' lang='lat' dir='ltr'><strong>Bithynia</strong></span> <span class='ocrx_word' id='word_1_205' title='bbox 3280 552 3478 609; x_wconf 90' lang='lat' dir='ltr'><strong>ﬁnibus</strong></span> <span class='ocrx_word' id='word_1_206' title='bbox 3502 556 3681 610; x_wconf 66' lang='lat' dir='ltr'><strong>collo.</strong></span> 
     </span>
    </p>
   </div>
   <div class='ocr_carea' id='block_1_33' title="bbox 2113 645 3682 719">
    <p class='ocr_par' dir='ltr' id='par_1_33' title="bbox 2113 645 3682 719">
     <span class='ocr_line' id='line_1_33' title="bbox 2113 645 3682 719; baseline 0.005 -23"><span class='ocrx_word' id='word_1_207' title='bbox 2113 653 2271 698; x_wconf 89' lang='lat' dir='ltr'><strong>catur</strong></span> <span class='ocrx_word' id='word_1_208' title='bbox 2306 660 2335 699; x_wconf 89' lang='lat' dir='ltr'><strong>a</strong></span> <span class='ocrx_word' id='word_1_209' title='bbox 2375 646 2678 712; x_wconf 87' lang='lat' dir='ltr'><strong>Strabone;</strong></span> <span class='ocrx_word' id='word_1_210' title='bbox 2711 645 3078 700; x_wconf 88' lang='lat' dir='ltr'><strong>Comanorum</strong></span> <span class='ocrx_word' id='word_1_211' title='bbox 3110 660 3239 699; x_wconf 80' lang='lat' dir='ltr'><strong>vero</strong></span> <span class='ocrx_word' id='word_1_212' title='bbox 3280 646 3412 702; x_wconf 90' lang='lat' dir='ltr'><strong>urbs</strong></span> <span class='ocrx_word' id='word_1_213' title='bbox 3459 648 3540 719; x_wconf 91' lang='lat' dir='ltr'><strong>(ut</strong></span> <span class='ocrx_word' id='word_1_214' title='bbox 3582 649 3682 704; x_wconf 84' lang='lat' dir='ltr'><strong>hic</strong></span> 
     </span>
    </p>
   </div>
   <div class='ocr_carea' id='block_1_34' title="bbox 2111 734 3683 806">
    <p class='ocr_par' dir='ltr' id='par_1_34' title="bbox 2111 734 3683 806">
     <span class='ocr_line' id='line_1_34' title="bbox 2111 734 3683 806; baseline 0.004 -18"><span class='ocrx_word' id='word_1_215' title='bbox 2111 734 2180 789; x_wconf 92' lang='lat' dir='ltr'><strong>de</strong></span> <span class='ocrx_word' id='word_1_216' title='bbox 2227 734 2484 790; x_wconf 88' lang='lat' dir='ltr'><strong>Comanis</strong></span> <span class='ocrx_word' id='word_1_217' title='bbox 2531 736 2773 792; x_wconf 92' lang='lat' dir='ltr'><strong>Ponticis</strong></span> <span class='ocrx_word' id='word_1_218' title='bbox 2817 737 3047 804; x_wconf 87' lang='lat' dir='ltr'><strong>taceam)</strong></span> <span class='ocrx_word' id='word_1_219' title='bbox 3092 735 3466 806; x_wconf 86' lang='lat' dir='ltr'><strong>Cappadocia,</strong></span> <span class='ocrx_word' id='word_1_220' title='bbox 3490 737 3683 794; x_wconf 88' lang='lat' dir='ltr'><strong>Ptole-</strong></span> 
     </span>
    </p>
   </div>
   <div class='ocr_carea' id='block_1_35' title="bbox 2112 827 3681 898">
    <p class='ocr_par' dir='ltr' id='par_1_35' title="bbox 2112 827 3681 898">
     <span class='ocr_line' id='line_1_35' title="bbox 2112 827 3681 898; baseline 0.002 -18"><span class='ocrx_word' id='word_1_221' title='bbox 2112 841 2250 881; x_wconf 82' lang='lat' dir='ltr'><strong>mao</strong></span> <span class='ocrx_word' id='word_1_222' title='bbox 2294 835 2452 892; x_wconf 89' lang='lat' dir='ltr'><strong>teste,</strong></span> <span class='ocrx_word' id='word_1_223' title='bbox 2500 828 2832 883; x_wconf 90' lang='lat' dir='ltr'><strong>attribuitur.</strong></span> <span class='ocrx_word' id='word_1_224' title='bbox 2872 829 2933 881; x_wconf 91' lang='lat' dir='ltr'><strong>In</strong></span> <span class='ocrx_word' id='word_1_225' title='bbox 2983 827 3195 882; x_wconf 88' lang='lat' dir='ltr'><strong>notitiis</strong></span> <span class='ocrx_word' id='word_1_226' title='bbox 3241 829 3681 898; x_wconf 84' lang='lat' dir='ltr'><strong>episcOpatuum.</strong></span> 
     </span>
    </p>
   </div>
   <div class='ocr_carea' id='block_1_36' title="bbox 2111 919 3681 990">
    <p class='ocr_par' dir='ltr' id='par_1_36' title="bbox 2111 919 3681 990">
     <span class='ocr_line' id='line_1_36' title="bbox 2111 919 3681 990; baseline 0.003 -18"><span class='ocrx_word' id='word_1_227' title='bbox 2111 919 2264 988; x_wconf 91' lang='lat' dir='ltr'><strong>prior</strong></span> <span class='ocrx_word' id='word_1_228' title='bbox 2308 920 2609 976; x_wconf 77' lang='lat' dir='ltr'><strong>diaceseos</strong></span> <span class='ocrx_word' id='word_1_229' title='bbox 2652 920 2870 975; x_wconf 87' lang='lat' dir='ltr'><strong>Asiana</strong></span> <span class='ocrx_word' id='word_1_230' title='bbox 2915 928 3156 990; x_wconf 86' lang='lat' dir='ltr'><strong>putatur,</strong></span> <span class='ocrx_word' id='word_1_231' title='bbox 3204 919 3440 976; x_wconf 87' lang='lat' dir='ltr'><strong>Pontica</strong></span> <span class='ocrx_word' id='word_1_232' title='bbox 3490 931 3681 978; x_wconf 85' lang='lat' dir='ltr'><strong>autem</strong></span> 
     </span>
    </p>
   </div>
   <div class='ocr_carea' id='block_1_37' title="bbox 2111 1011 2401 1080">
    <p class='ocr_par' dir='ltr' id='par_1_37' title="bbox 2111 1011 2401 1080">
     <span class='ocr_line' id='line_1_37' title="bbox 2111 1011 2401 1080; baseline 0.007 -17"><span class='ocrx_word' id='word_1_233' title='bbox 2111 1011 2401 1080; x_wconf 89' lang='lat' dir='ltr'><strong>posterior.</strong></span> 
     </span>
    </p>
   </div>
   <div class='ocr_carea' id='block_1_38' title="bbox 2182 1101 3681 1174">
    <p class='ocr_par' dir='ltr' id='par_1_38' title="bbox 2182 1101 3681 1174">
     <span class='ocr_line' id='line_1_38' title="bbox 2182 1101 3681 1174; baseline -0.001 -18"><span class='ocrx_word' id='word_1_234' title='bbox 2182 1101 2271 1157; x_wconf 89' lang='lat' dir='ltr'><strong>lll.</strong></span> <span class='ocrx_word' id='word_1_235' title='bbox 2300 1101 2420 1157; x_wconf 88' lang='lat' dir='ltr'><strong>Jam</strong></span> <span class='ocrx_word' id='word_1_236' title='bbox 2442 1117 2572 1158; x_wconf 88' lang='lat' dir='ltr'><strong>vero</strong></span> <span class='ocrx_word' id='word_1_237' title='bbox 2601 1118 2721 1174; x_wconf 85' lang='lat' dir='ltr'><strong>qua</strong></span> <span class='ocrx_word' id='word_1_238' title='bbox 2752 1111 3008 1173; x_wconf 89' lang='lat' dir='ltr'><strong>superant</strong></span> <span class='ocrx_word' id='word_1_239' title='bbox 3033 1118 3100 1158; x_wconf 80' lang='lat' dir='ltr'><strong>ex</strong></span> <span class='ocrx_word' id='word_1_240' title='bbox 3125 1103 3299 1157; x_wconf 82' lang='lat' dir='ltr'><strong>tribus</strong></span> <span class='ocrx_word' id='word_1_241' title='bbox 3326 1101 3484 1157; x_wconf 89' lang='lat' dir='ltr'><strong>libris</strong></span> <span class='ocrx_word' id='word_1_242' title='bbox 3514 1103 3681 1155; x_wconf 85' lang='lat' dir='ltr'><strong>Aste-</strong></span> 
     </span>
    </p>
   </div>
   <div class='ocr_carea' id='block_1_39' title="bbox 2110 1193 3683 1266">
    <p class='ocr_par' dir='ltr' id='par_1_39' title="bbox 2110 1193 3683 1266">
     <span class='ocr_line' id='line_1_39' title="bbox 2110 1193 3683 1266; baseline 0.001 -18"><span class='ocrx_word' id='word_1_243' title='bbox 2110 1195 2453 1259; x_wconf 12' lang='lat' dir='ltr'><strong>rii,latatem</strong></span> <span class='ocrx_word' id='word_1_244' title='bbox 2486 1196 2618 1251; x_wconf 85' lang='lat' dir='ltr'><strong>satis</strong></span> <span class='ocrx_word' id='word_1_245' title='bbox 2664 1196 2944 1252; x_wconf 90' lang='lat' dir='ltr'><strong>declarant</strong></span> <span class='ocrx_word' id='word_1_246' title='bbox 2971 1212 3079 1266; x_wconf 89' lang='lat' dir='ltr'><strong>qua</strong></span> <span class='ocrx_word' id='word_1_247' title='bbox 3124 1196 3212 1250; x_wconf 84' lang='lat' dir='ltr'><strong>ille</strong></span> <span class='ocrx_word' id='word_1_248' title='bbox 3260 1195 3548 1250; x_wconf 87' lang='lat' dir='ltr'><strong>scribebat.</strong></span> <span class='ocrx_word' id='word_1_249' title='bbox 3583 1193 3683 1249; x_wconf 88' lang='lat' dir='ltr'><strong>Sic</strong></span> 
     </span>
    </p>
   </div>
   <div class='ocr_carea' id='block_1_40' title="bbox 2111 1284 3678 1357">
    <p class='ocr_par' dir='ltr' id='par_1_40' title="bbox 2111 1284 3678 1357">
     <span class='ocr_line' id='line_1_40' title="bbox 2111 1284 3678 1357; baseline -0.001 -17"><span class='ocrx_word' id='word_1_250' title='bbox 2111 1287 2258 1341; x_wconf 88' lang='lat' dir='ltr'><strong>enim</strong></span> <span class='ocrx_word' id='word_1_251' title='bbox 2299 1287 2376 1340; x_wconf 90' lang='lat' dir='ltr'><strong>ait</strong></span> <span class='ocrx_word' id='word_1_252' title='bbox 2413 1285 2525 1357; x_wconf 79' lang='grc'>(19)</span> <span class='ocrx_word' id='word_1_253' title='bbox 2559 1304 2574 1340; x_wconf 92' lang='lat'><strong>:</strong></span> <span class='ocrx_word' id='word_1_254' title='bbox 2606 1284 2682 1340; x_wconf 78' lang='lat' dir='ltr'><strong>Ab</strong></span> <span class='ocrx_word' id='word_1_255' title='bbox 2726 1287 2872 1340; x_wconf 87' lang='lat' dir='ltr'><strong>obitu</strong></span> <span class='ocrx_word' id='word_1_256' title='bbox 2913 1284 3226 1340; x_wconf 70' lang='lat' dir='ltr'><strong>Maximilla</strong></span> <span class='ocrx_word' id='word_1_257' title='bbox 3255 1301 3416 1355; x_wconf 85' lang='lat' dir='ltr'><strong>usque</strong></span> <span class='ocrx_word' id='word_1_258' title='bbox 3446 1290 3499 1338; x_wconf 86' lang='lat' dir='ltr'><strong>in</strong></span> <span class='ocrx_word' id='word_1_259' title='bbox 3536 1284 3678 1339; x_wconf 80' lang='lat' dir='ltr'><strong>hanc</strong></span> 
     </span>
    </p>
   </div>
   <div class='ocr_carea' id='block_1_41' title="bbox 2111 1377 3681 1448">
    <p class='ocr_par' dir='ltr' id='par_1_41' title="bbox 2111 1377 3681 1448">
     <span class='ocr_line' id='line_1_41' title="bbox 2111 1377 3681 1448; baseline -0.001 -17"><span class='ocrx_word' id='word_1_260' title='bbox 2111 1379 2285 1445; x_wconf 89' lang='lat' dir='ltr'><strong>diem,</strong></span> <span class='ocrx_word' id='word_1_261' title='bbox 2312 1379 2431 1447; x_wconf 87' lang='lat' dir='ltr'><strong>plus</strong></span> <span class='ocrx_word' id='word_1_262' title='bbox 2461 1394 2620 1448; x_wconf 89' lang='lat' dir='ltr'><strong>quam</strong></span> <span class='ocrx_word' id='word_1_263' title='bbox 2667 1377 2915 1431; x_wconf 80' lang='lat' dir='ltr'><strong>tredecim</strong></span> <span class='ocrx_word' id='word_1_264' title='bbox 2965 1379 3090 1431; x_wconf 89' lang='lat' dir='ltr'><strong>anni</strong></span> <span class='ocrx_word' id='word_1_265' title='bbox 3121 1378 3239 1447; x_wconf 89' lang='lat' dir='ltr'><strong>jam</strong></span> <span class='ocrx_word' id='word_1_266' title='bbox 3287 1378 3454 1447; x_wconf 89' lang='lat' dir='ltr'><strong>elapsi</strong></span> <span class='ocrx_word' id='word_1_267' title='bbox 3502 1385 3624 1431; x_wconf 84' lang='lat' dir='ltr'><strong>sunt</strong></span> <span class='ocrx_word' id='word_1_268' title='bbox 3659 1393 3681 1430; x_wconf 93' lang='lat'><strong><em>:</em></strong></span> 
     </span>
    </p>
   </div>
   <div class='ocr_carea' id='block_1_42' title="bbox 2112 1469 3681 1538">
    <p class='ocr_par' dir='ltr' id='par_1_42' title="bbox 2112 1469 3681 1538">
     <span class='ocr_line' id='line_1_42' title="bbox 2112 1469 3681 1538; baseline -0.002 -14"><span class='ocrx_word' id='word_1_269' title='bbox 2112 1487 2202 1524; x_wconf 86' lang='lat' dir='ltr'><strong>nec</strong></span> <span class='ocrx_word' id='word_1_270' title='bbox 2236 1481 2410 1524; x_wconf 83' lang='lat' dir='ltr'><strong>tamen</strong></span> <span class='ocrx_word' id='word_1_271' title='bbox 2453 1469 2619 1522; x_wconf 90' lang='lat' dir='ltr'><strong>ullum</strong></span> <span class='ocrx_word' id='word_1_272' title='bbox 2671 1477 2764 1521; x_wconf 87' lang='lat' dir='ltr'><strong>aut</strong></span> <span class='ocrx_word' id='word_1_273' title='bbox 2793 1469 3118 1538; x_wconf 88' lang='lat' dir='ltr'><strong>particulare</strong></span> <span class='ocrx_word' id='word_1_274' title='bbox 3149 1469 3369 1536; x_wconf 87' lang='lat' dir='ltr'><strong>bellum,</strong></span> <span class='ocrx_word' id='word_1_275' title='bbox 3415 1480 3508 1524; x_wconf 90' lang='lat' dir='ltr'><strong>aut</strong></span> <span class='ocrx_word' id='word_1_276' title='bbox 3552 1470 3681 1523; x_wconf 81' lang='lat' dir='ltr'><strong>uni-</strong></span> 
     </span>
    </p>
   </div>
   <div class='ocr_carea' id='block_1_43' title="bbox 2111 1559 3680 1632">
    <p class='ocr_par' dir='ltr' id='par_1_43' title="bbox 2111 1559 3680 1632">
     <span class='ocr_line' id='line_1_43' title="bbox 2111 1559 3680 1632; baseline -0.001 -16"><span class='ocrx_word' id='word_1_277' title='bbox 2111 1563 2309 1616; x_wconf 81' lang='lat' dir='ltr'><strong>oersale</strong></span> <span class='ocrx_word' id='word_1_278' title='bbox 2352 1563 2406 1616; x_wconf 90' lang='lat' dir='ltr'><strong>in</strong></span> <span class='ocrx_word' id='word_1_279' title='bbox 2461 1562 2615 1614; x_wconf 87' lang='lat' dir='ltr'><strong>terris</strong></span> <span class='ocrx_word' id='word_1_280' title='bbox 2667 1560 2791 1629; x_wconf 76' lang='lat' dir='ltr'><strong>fuit.</strong></span> <span class='ocrx_word' id='word_1_281' title='bbox 2838 1559 2956 1614; x_wconf 86' lang='lat' dir='ltr'><strong>Imo</strong></span> <span class='ocrx_word' id='word_1_282' title='bbox 3002 1561 3359 1626; x_wconf 84' lang='lat' dir='ltr'><strong>Christianis,</strong></span> <span class='ocrx_word' id='word_1_283' title='bbox 3408 1562 3680 1632; x_wconf 72' lang='lat' dir='ltr'><strong>pra&#39;cipua</strong></span> 
     </span>
    </p>
   </div>
   <div class='ocr_carea' id='block_1_44' title="bbox 2109 1650 3680 1724">
    <p class='ocr_par' dir='ltr' id='par_1_44' title="bbox 2109 1650 3680 1724">
     <span class='ocr_line' id='line_1_44' title="bbox 2109 1650 3680 1724; baseline -0.001 -18"><span class='ocrx_word' id='word_1_284' title='bbox 2109 1654 2340 1724; x_wconf 88' lang='lat' dir='ltr'><strong>quadam</strong></span> <span class='ocrx_word' id='word_1_285' title='bbox 2368 1653 2464 1707; x_wconf 89' lang='lat' dir='ltr'><strong>Dei</strong></span> <span class='ocrx_word' id='word_1_286' title='bbox 2495 1650 2888 1716; x_wconf 77' lang='lat' dir='ltr'><strong>misericordia,</strong></span> <span class='ocrx_word' id='word_1_287' title='bbox 2922 1668 3028 1720; x_wconf 67' lang='lat' dir='ltr'><strong>pax</strong></span> <span class='ocrx_word' id='word_1_288' title='bbox 3058 1653 3264 1706; x_wconf 75' lang='lat' dir='ltr'><strong>stabilis</strong></span> <span class='ocrx_word' id='word_1_289' title='bbox 3291 1662 3340 1706; x_wconf 91' lang='lat' dir='ltr'><strong>et</strong></span> <span class='ocrx_word' id='word_1_290' title='bbox 3371 1653 3528 1720; x_wconf 81' lang='lat' dir='ltr'><strong>ﬁrma</strong></span> <span class='ocrx_word' id='word_1_291' title='bbox 3555 1668 3680 1722; x_wconf 83' lang='lat' dir='ltr'><strong>per-</strong></span> 
     </span>
    </p>
   </div>
   <div class='ocr_carea' id='block_1_45' title="bbox 2111 1742 3683 1814">
    <p class='ocr_par' dir='ltr' id='par_1_45' title="bbox 2111 1742 3683 1814">
     <span class='ocr_line' id='line_1_45' title="bbox 2111 1742 3683 1814; baseline -0.003 -16"><span class='ocrx_word' id='word_1_292' title='bbox 2111 1745 2326 1799; x_wconf 85' lang='lat' dir='ltr'><strong>mansit.</strong></span> <span class='ocrx_word' id='word_1_293' title='bbox 2359 1743 2423 1798; x_wconf 87' lang='lat' dir='ltr'><strong>Et</strong></span> <span class='ocrx_word' id='word_1_294' title='bbox 2444 1745 2636 1798; x_wconf 88' lang='lat' dir='ltr'><strong>iterum</strong></span> <span class='ocrx_word' id='word_1_295' title='bbox 2666 1744 2777 1814; x_wconf 70' lang='lat'><strong>(&#39;20)</strong></span> <span class='ocrx_word' id='word_1_296' title='bbox 2814 1761 2826 1796; x_wconf 90' lang='lat'><strong>:</strong></span> <span class='ocrx_word' id='word_1_297' title='bbox 2859 1742 3151 1799; x_wconf 86' lang='lat' dir='ltr'><strong>Ostendant</strong></span> <span class='ocrx_word' id='word_1_298' title='bbox 3181 1743 3324 1796; x_wconf 87' lang='lat' dir='ltr'><strong>nobis</strong></span> <span class='ocrx_word' id='word_1_299' title='bbox 3359 1742 3683 1812; x_wconf 81' lang='lat' dir='ltr'><strong>(Cataphry-</strong></span> 
     </span>
    </p>
   </div>
   <div class='ocr_carea' id='block_1_46' title="bbox 2113 1833 3676 1909">
    <p class='ocr_par' dir='ltr' id='par_1_46' title="bbox 2113 1833 3676 1909">
     <span class='ocr_line' id='line_1_46' title="bbox 2113 1833 3676 1909; baseline -0.006 -17"><span class='ocrx_word' id='word_1_300' title='bbox 2113 1841 2226 1909; x_wconf 81' lang='lat' dir='ltr'><strong>ges)</strong></span> <span class='ocrx_word' id='word_1_301' title='bbox 2255 1838 2470 1909; x_wconf 85' lang='lat' dir='ltr'><strong>quinam</strong></span> <span class='ocrx_word' id='word_1_302' title='bbox 2495 1838 2631 1890; x_wconf 87' lang='lat' dir='ltr'><strong>inter</strong></span> <span class='ocrx_word' id='word_1_303' title='bbox 2663 1838 2801 1904; x_wconf 84' lang='lat' dir='ltr'><strong>ipsos</strong></span> <span class='ocrx_word' id='word_1_304' title='bbox 2832 1834 3082 1888; x_wconf 83' lang='lat' dir='ltr'><strong>Montano</strong></span> <span class='ocrx_word' id='word_1_305' title='bbox 3102 1843 3150 1888; x_wconf 87' lang='lat' dir='ltr'><strong>et</strong></span> <span class='ocrx_word' id='word_1_306' title='bbox 3187 1833 3508 1887; x_wconf 76' lang='lat' dir='ltr'><strong>mulierculis</strong></span> <span class='ocrx_word' id='word_1_307' title='bbox 3545 1848 3676 1885; x_wconf 84' lang='lat' dir='ltr'><strong>suc-</strong></span> 
     </span>
    </p>
   </div>
   <div class='ocr_carea' id='block_1_47' title="bbox 2111 1923 3682 1997">
    <p class='ocr_par' dir='ltr' id='par_1_47' title="bbox 2111 1923 3682 1997">
     <span class='ocr_line' id='line_1_47' title="bbox 2111 1923 3682 1997; baseline -0.004 -15"><span class='ocrx_word' id='word_1_308' title='bbox 2111 1930 2360 1983; x_wconf 78' lang='lat' dir='ltr'><strong>cesserint</strong></span> <span class='ocrx_word' id='word_1_309' title='bbox 2392 1944 2410 1982; x_wconf 92' lang='lat'><strong><em>:</em></strong></span> <span class='ocrx_word' id='word_1_310' title='bbox 2439 1929 2626 1982; x_wconf 90' lang='lat' dir='ltr'><strong>etenim</strong></span> <span class='ocrx_word' id='word_1_311' title='bbox 2657 1928 2935 1997; x_wconf 71' lang='lat' dir='ltr'><strong>prophetia:</strong></span> <span class='ocrx_word' id='word_1_312' title='bbox 2963 1927 3156 1980; x_wconf 87' lang='lat' dir='ltr'><strong>donum</strong></span> <span class='ocrx_word' id='word_1_313' title='bbox 3178 1928 3233 1978; x_wconf 89' lang='lat' dir='ltr'><strong>in</strong></span> <span class='ocrx_word' id='word_1_314' title='bbox 3267 1925 3406 1978; x_wconf 89' lang='lat' dir='ltr'><strong>omni</strong></span> <span class='ocrx_word' id='word_1_315' title='bbox 3437 1923 3682 1977; x_wconf 79' lang='lat' dir='ltr'><strong>Ecclesia</strong></span> 
     </span>
    </p>
   </div>
   <div class='ocr_carea' id='block_1_48' title="bbox 2113 2016 3676 2090">
    <p class='ocr_par' dir='ltr' id='par_1_48' title="bbox 2113 2016 3676 2090">
     <span class='ocr_line' id='line_1_48' title="bbox 2113 2016 3676 2090; baseline -0.004 -16"><span class='ocrx_word' id='word_1_316' title='bbox 2113 2021 2182 2074; x_wconf 85' lang='lat' dir='ltr'><strong>ad</strong></span> <span class='ocrx_word' id='word_1_317' title='bbox 2214 2019 2458 2074; x_wconf 87' lang='lat' dir='ltr'><strong>ultimum</strong></span> <span class='ocrx_word' id='word_1_318' title='bbox 2491 2035 2651 2090; x_wconf 83' lang='lat' dir='ltr'><strong>usque</strong></span> <span class='ocrx_word' id='word_1_319' title='bbox 2692 2018 2904 2072; x_wconf 87' lang='lat' dir='ltr'><strong>Domini</strong></span> <span class='ocrx_word' id='word_1_320' title='bbox 2934 2019 3220 2072; x_wconf 79' lang='lat' dir='ltr'><strong>adventum‘</strong></span> <span class='ocrx_word' id='word_1_321' title='bbox 3254 2031 3552 2086; x_wconf 83' lang='lat' dir='ltr'><strong>permanere</strong></span> <span class='ocrx_word' id='word_1_322' title='bbox 3576 2016 3676 2068; x_wconf 84' lang='lat' dir='ltr'><strong>de-</strong></span> 
     </span>
    </p>
   </div>
   <div class='ocr_carea' id='block_1_49' title="bbox 2113 2106 3678 2177">
    <p class='ocr_par' dir='ltr' id='par_1_49' title="bbox 2113 2106 3678 2177">
     <span class='ocr_line' id='line_1_49' title="bbox 2113 2106 3678 2177; baseline -0.003 -15"><span class='ocrx_word' id='word_1_323' title='bbox 2113 2109 2248 2170; x_wconf 85' lang='lat' dir='ltr'><strong>bere,</strong></span> <span class='ocrx_word' id='word_1_324' title='bbox 2294 2121 2479 2162; x_wconf 84' lang='lat' dir='ltr'><strong>auctor</strong></span> <span class='ocrx_word' id='word_1_325' title='bbox 2516 2120 2590 2163; x_wconf 83' lang='lat' dir='ltr'><strong>est</strong></span> <span class='ocrx_word' id='word_1_326' title='bbox 2624 2107 2923 2177; x_wconf 83' lang='lat' dir='ltr'><strong>Apostolus.</strong></span> <span class='ocrx_word' id='word_1_327' title='bbox 2960 2106 3061 2162; x_wconf 87' lang='lat' dir='ltr'><strong>Sed</strong></span> <span class='ocrx_word' id='word_1_328' title='bbox 3091 2107 3295 2160; x_wconf 83' lang='lat' dir='ltr'><strong>nullum</strong></span> <span class='ocrx_word' id='word_1_329' title='bbox 3335 2121 3549 2175; x_wconf 82' lang='lat' dir='ltr'><strong>prorsus</strong></span> <span class='ocrx_word' id='word_1_330' title='bbox 3575 2121 3678 2174; x_wconf 83' lang='lat' dir='ltr'><strong>po-</strong></span> 
     </span>
    </p>
   </div>
   <div class='ocr_carea' id='block_1_50' title="bbox 2114 2198 3682 2270">
    <p class='ocr_par' dir='ltr' id='par_1_50' title="bbox 2114 2198 3682 2270">
     <span class='ocr_line' id='line_1_50' title="bbox 2114 2198 3682 2270; baseline -0.004 -14"><span class='ocrx_word' id='word_1_331' title='bbox 2114 2212 2287 2256; x_wconf 85' lang='lat' dir='ltr'><strong>terunt</strong></span> <span class='ocrx_word' id='word_1_332' title='bbox 2338 2202 2638 2269; x_wconf 81' lang='lat' dir='ltr'><strong>ostendere,</strong></span> <span class='ocrx_word' id='word_1_333' title='bbox 2677 2201 2886 2254; x_wconf 88' lang='lat' dir='ltr'><strong>tametsi</strong></span> <span class='ocrx_word' id='word_1_334' title='bbox 2923 2201 3038 2269; x_wconf 85' lang='lat' dir='ltr'><strong>jam</strong></span> <span class='ocrx_word' id='word_1_335' title='bbox 3082 2209 3299 2270; x_wconf 84' lang='lat' dir='ltr'><strong>quartus</strong></span> <span class='ocrx_word' id='word_1_336' title='bbox 3331 2199 3556 2252; x_wconf 80' lang='lat' dir='ltr'><strong>decimus</strong></span> <span class='ocrx_word' id='word_1_337' title='bbox 3586 2198 3682 2250; x_wconf 82' lang='lat' dir='ltr'><strong>hic</strong></span> 
     </span>
    </p>
   </div>
   <div class='ocr_carea' id='block_1_51' title="bbox 2113 2291 3680 2365">
    <p class='ocr_par' dir='ltr' id='par_1_51' title="bbox 2113 2291 3680 2365">
     <span class='ocr_line' id='line_1_51' title="bbox 2113 2291 3680 2365; baseline -0.002 -17"><span class='ocrx_word' id='word_1_338' title='bbox 2113 2305 2304 2365; x_wconf 88' lang='lat' dir='ltr'><strong>agatur</strong></span> <span class='ocrx_word' id='word_1_339' title='bbox 2341 2311 2509 2348; x_wconf 81' lang='lat' dir='ltr'><strong>annus</strong></span> <span class='ocrx_word' id='word_1_340' title='bbox 2552 2293 2617 2346; x_wconf 90' lang='lat' dir='ltr'><strong>ab</strong></span> <span class='ocrx_word' id='word_1_341' title='bbox 2659 2293 2803 2346; x_wconf 88' lang='lat' dir='ltr'><strong>obitu</strong></span> <span class='ocrx_word' id='word_1_342' title='bbox 2835 2291 3168 2347; x_wconf 70' lang='lat' dir='ltr'><strong>Maximilla.</strong></span> <span class='ocrx_word' id='word_1_343' title='bbox 3197 2291 3273 2344; x_wconf 81' lang='lat' dir='ltr'><strong>Ex</strong></span> <span class='ocrx_word' id='word_1_344' title='bbox 3315 2291 3511 2361; x_wconf 90' lang='lat' dir='ltr'><strong>quibus</strong></span> <span class='ocrx_word' id='word_1_345' title='bbox 3541 2305 3680 2345; x_wconf 85' lang='lat' dir='ltr'><strong>sane</strong></span> 
     </span>
    </p>
   </div>
   <div class='ocr_carea' id='block_1_52' title="bbox 2109 2381 3678 2454">
    <p class='ocr_par' dir='ltr' id='par_1_52' title="bbox 2109 2381 3678 2454">
     <span class='ocr_line' id='line_1_52' title="bbox 2109 2381 3678 2454; baseline -0.002 -16"><span class='ocrx_word' id='word_1_346' title='bbox 2109 2385 2324 2452; x_wconf 79' lang='lat' dir='ltr'><strong>verbis,</strong></span> <span class='ocrx_word' id='word_1_347' title='bbox 2381 2385 2667 2444; x_wconf 87' lang='lat' dir='ltr'><strong>subductis</strong></span> <span class='ocrx_word' id='word_1_348' title='bbox 2737 2385 3072 2452; x_wconf 81' lang='lat' dir='ltr'><strong>rationibus,</strong></span> <span class='ocrx_word' id='word_1_349' title='bbox 3128 2383 3328 2454; x_wconf 81' lang='lat' dir='ltr'><strong>colligit</strong></span> <span class='ocrx_word' id='word_1_350' title='bbox 3379 2381 3678 2436; x_wconf 84' lang='lat' dir='ltr'><strong>Tillemon-</strong></span> 
     </span>
    </p>
   </div>
   <div class='ocr_carea' id='block_1_53' title="bbox 2110 2473 3676 2550">
    <p class='ocr_par' dir='ltr' id='par_1_53' title="bbox 2110 2473 3676 2550">
     <span class='ocr_line' id='line_1_53' title="bbox 2110 2473 3676 2550; baseline -0.003 -18"><span class='ocrx_word' id='word_1_351' title='bbox 2110 2477 2220 2532; x_wconf 91' lang='lat' dir='ltr'><strong>tius</strong></span> <span class='ocrx_word' id='word_1_352' title='bbox 2247 2477 2356 2548; x_wconf 73' lang='grc'>(21)</span> <span class='ocrx_word' id='word_1_353' title='bbox 2385 2478 2489 2532; x_wconf 89' lang='lat' dir='ltr'><strong>ista</strong></span> <span class='ocrx_word' id='word_1_354' title='bbox 2515 2477 2800 2547; x_wconf 89' lang='lat' dir='ltr'><strong>scripsisse</strong></span> <span class='ocrx_word' id='word_1_355' title='bbox 2825 2475 3098 2550; x_wconf 81' lang='lat' dir='ltr'><strong>Asterium</strong></span> <span class='ocrx_word' id='word_1_356' title='bbox 3139 2475 3281 2530; x_wconf 88' lang='lat' dir='ltr'><strong>circa</strong></span> <span class='ocrx_word' id='word_1_357' title='bbox 3327 2473 3539 2528; x_wconf 92' lang='lat' dir='ltr'><strong>Domini</strong></span> <span class='ocrx_word' id='word_1_358' title='bbox 3570 2489 3676 2527; x_wconf 61' lang='lat' dir='ltr'><strong>an-</strong></span> 
     </span>
    </p>
   </div>
   <div class='ocr_carea' id='block_1_54' title="bbox 2110 2564 3682 2638">
    <p class='ocr_par' dir='ltr' id='par_1_54' title="bbox 2110 2564 3682 2638">
     <span class='ocr_line' id='line_1_54' title="bbox 2110 2564 3682 2638; baseline -0.004 -15"><span class='ocrx_word' id='word_1_359' title='bbox 2110 2583 2242 2623; x_wconf 87' lang='lat' dir='ltr'><strong>num</strong></span> <span class='ocrx_word' id='word_1_360' title='bbox 2272 2569 2399 2634; x_wconf 59' lang='lat' dir='ltr'><strong>ibi,</strong></span> <span class='ocrx_word' id='word_1_361' title='bbox 2445 2568 2655 2638; x_wconf 91' lang='lat' dir='ltr'><strong>imperii</strong></span> <span class='ocrx_word' id='word_1_362' title='bbox 2701 2582 2829 2622; x_wconf 80' lang='lat' dir='ltr'><strong>vero</strong></span> <span class='ocrx_word' id='word_1_363' title='bbox 2874 2567 3161 2622; x_wconf 82' lang='lat' dir='ltr'><strong>Alexandri</strong></span> <span class='ocrx_word' id='word_1_364' title='bbox 3194 2582 3270 2620; x_wconf 69' lang='grc' dir='ltr'>ιιι.</span> <span class='ocrx_word' id='word_1_365' title='bbox 3308 2564 3372 2620; x_wconf 88' lang='grc' dir='ltr'>Ει</span> <span class='ocrx_word' id='word_1_366' title='bbox 3396 2565 3519 2635; x_wconf 87' lang='lat' dir='ltr'><strong>jure</strong></span> <span class='ocrx_word' id='word_1_367' title='bbox 3551 2564 3682 2634; x_wconf 85' lang='lat' dir='ltr'><strong>qui-</strong></span> 
     </span>
    </p>
   </div>
   <div class='ocr_carea' id='block_1_55' title="bbox 2109 2656 3679 2726">
    <p class='ocr_par' dir='ltr' id='par_1_55' title="bbox 2109 2656 3679 2726">
     <span class='ocr_line' id='line_1_55' title="bbox 2109 2656 3679 2726; baseline -0.005 -9"><span class='ocrx_word' id='word_1_368' title='bbox 2109 2663 2276 2718; x_wconf 90' lang='lat' dir='ltr'><strong>dem:</strong></span> <span class='ocrx_word' id='word_1_369' title='bbox 2311 2677 2434 2716; x_wconf 88' lang='lat' dir='ltr'><strong>nam</strong></span> <span class='ocrx_word' id='word_1_370' title='bbox 2484 2661 2816 2724; x_wconf 80' lang='lat' dir='ltr'><strong>Alexander,</strong></span> <span class='ocrx_word' id='word_1_371' title='bbox 2867 2657 3174 2715; x_wconf 85' lang='lat' dir='ltr'><strong>Herodiano</strong></span> <span class='ocrx_word' id='word_1_372' title='bbox 3221 2666 3354 2712; x_wconf 86' lang='lat' dir='ltr'><strong>teste</strong></span> <span class='ocrx_word' id='word_1_373' title='bbox 3398 2656 3545 2726; x_wconf 73' lang='lat'><strong>(22),</strong></span> <span class='ocrx_word' id='word_1_374' title='bbox 3592 2657 3679 2719; x_wconf 76' lang='grc' dir='ltr'><strong>εἰς</strong></span> 
     </span>
    </p>
   </div>
   <div class='ocr_carea' id='block_1_56' title="bbox 2109 2748 3680 2826">
    <p class='ocr_par' dir='ltr' id='par_1_56' title="bbox 2109 2748 3680 2826">
     <span class='ocr_line' id='line_1_56' title="bbox 2109 2748 3680 2826; baseline -0.004 -19"><span class='ocrx_word' id='word_1_375' title='bbox 2109 2753 2693 2826; x_wconf 80' lang='grc' dir='ltr'><strong>τεσσαρεσκαιδέκατον</strong></span> <span class='ocrx_word' id='word_1_376' title='bbox 2717 2751 2913 2816; x_wconf 74' lang='grc' dir='ltr'>ἐλάσας</span> <span class='ocrx_word' id='word_1_377' title='bbox 2936 2753 3032 2824; x_wconf 82' lang='grc' dir='ltr'><strong>τῆς</strong></span> <span class='ocrx_word' id='word_1_378' title='bbox 3063 2750 3334 2821; x_wconf 76' lang='grc' dir='ltr'>βασιλείας</span> <span class='ocrx_word' id='word_1_379' title='bbox 3355 2748 3489 2815; x_wconf 79' lang='grc' dir='ltr'>ἔτος,</span> <span class='ocrx_word' id='word_1_380' title='bbox 3519 2748 3680 2801; x_wconf 80' lang='grc' dir='ltr'>ἀναι-</span> 
     </span>
    </p>
   </div>
   <div class='ocr_carea' id='block_1_57' title="bbox 2113 2841 3677 2920">
    <p class='ocr_par' dir='ltr' id='par_1_57' title="bbox 2113 2841 3677 2920">
     <span class='ocr_line' id='line_1_57' title="bbox 2113 2841 3677 2920; baseline -0.006 -18"><span class='ocrx_word' id='word_1_381' title='bbox 2113 2848 2252 2920; x_wconf 74' lang='grc' dir='ltr'><strong>μωτὶ</strong></span> <span class='ocrx_word' id='word_1_382' title='bbox 2294 2843 2490 2920; x_wconf 78' lang='grc' dir='ltr'>ἦρξεν,</span> <span class='ocrx_word' id='word_1_383' title='bbox 2536 2848 2688 2901; x_wconf 88' lang='lat' dir='ltr'><strong>annis</strong></span> <span class='ocrx_word' id='word_1_384' title='bbox 2744 2844 3138 2918; x_wconf 86' lang='lat' dir='ltr'><strong>quatuordecim</strong></span> <span class='ocrx_word' id='word_1_385' title='bbox 3182 2844 3315 2896; x_wconf 88' lang='lat' dir='ltr'><strong>citra</strong></span> <span class='ocrx_word' id='word_1_386' title='bbox 3366 2841 3677 2910; x_wconf 84' lang='lat' dir='ltr'><strong>sanguinem</strong></span> 
     </span>
    </p>
   </div>
   <div class='ocr_carea' id='block_1_58' title="bbox 2112 2929 3673 3008">
    <p class='ocr_par' dir='ltr' id='par_1_58' title="bbox 2112 2929 3673 3008">
     <span class='ocr_line' id='line_1_58' title="bbox 2112 2929 3673 3008; baseline -0.006 -16"><span class='ocrx_word' id='word_1_387' title='bbox 2112 2940 2269 3008; x_wconf 82' lang='lat' dir='ltr'><strong>gessit</strong></span> <span class='ocrx_word' id='word_1_388' title='bbox 2307 2937 2585 3007; x_wconf 85' lang='lat' dir='ltr'><strong>imperium</strong></span> <span class='ocrx_word' id='word_1_389' title='bbox 2613 2951 2634 2990; x_wconf 92' lang='lat'><strong><em>:</em></strong></span> <span class='ocrx_word' id='word_1_390' title='bbox 2664 2945 2722 2990; x_wconf 92' lang='lat' dir='ltr'><strong>ut</strong></span> <span class='ocrx_word' id='word_1_391' title='bbox 2750 2934 2974 3005; x_wconf 90' lang='lat' dir='ltr'><strong>proinde</strong></span> <span class='ocrx_word' id='word_1_392' title='bbox 3001 2933 3183 3002; x_wconf 87' lang='lat' dir='ltr'><strong>quiete</strong></span> <span class='ocrx_word' id='word_1_393' title='bbox 3230 2945 3387 3002; x_wconf 83' lang='lat' dir='ltr'><strong>agere</strong></span> <span class='ocrx_word' id='word_1_394' title='bbox 3418 2929 3673 2999; x_wconf 81' lang='lat' dir='ltr'><strong>permissi</strong></span> 
     </span>
    </p>
   </div>
   <div class='ocr_carea' id='block_1_59' title="bbox 2112 3020 3673 3096">
    <p class='ocr_par' dir='ltr' id='par_1_59' title="bbox 2112 3020 3673 3096">
     <span class='ocr_line' id='line_1_59' title="bbox 2112 3020 3673 3096; baseline -0.007 -12"><span class='ocrx_word' id='word_1_395' title='bbox 2112 3029 2313 3084; x_wconf 91' lang='lat' dir='ltr'><strong>fuerint</strong></span> <span class='ocrx_word' id='word_1_396' title='bbox 2347 3027 2644 3083; x_wconf 76' lang='lat' dir='ltr'><strong>Christiani</strong></span> <span class='ocrx_word' id='word_1_397' title='bbox 2685 3042 2751 3083; x_wconf 93' lang='lat' dir='ltr'><strong>eo</strong></span> <span class='ocrx_word' id='word_1_398' title='bbox 2780 3027 3106 3096; x_wconf 88' lang='lat' dir='ltr'><strong>imperante;</strong></span> <span class='ocrx_word' id='word_1_399' title='bbox 3147 3024 3390 3092; x_wconf 89' lang='lat' dir='ltr'><strong>adeoque</strong></span> <span class='ocrx_word' id='word_1_400' title='bbox 3419 3036 3524 3088; x_wconf 75' lang='lat' dir='ltr'><strong>pax</strong></span> <span class='ocrx_word' id='word_1_401' title='bbox 3554 3020 3673 3087; x_wconf 84' lang='lat' dir='ltr'><strong>illa,</strong></span> 
     </span>
    </p>
   </div>
   <div class='ocr_carea' id='block_1_60' title="bbox 445 3115 3674 3201">
    <p class='ocr_par' dir='ltr' id='par_1_60' title="bbox 445 3115 3674 3201">
     <span class='ocr_line' id='line_1_60' title="bbox 445 3115 3674 3201; baseline -0.005 -18"><span class='ocrx_word' id='word_1_402' title='bbox 445 3123 666 3178; x_wconf 63' lang='lat' dir='ltr'><strong>aderam</strong></span> <span class='ocrx_word' id='word_1_403' title='bbox 701 3119 1030 3189; x_wconf 73' lang='grc' dir='ltr'>ειθιιιριυηι,</span> <span class='ocrx_word' id='word_1_404' title='bbox 1058 3128 1111 3172; x_wconf 76' lang='lat' dir='ltr'><strong>el</strong></span> <span class='ocrx_word' id='word_1_405' title='bbox 1152 3117 1371 3188; x_wconf 76' lang='lat' dir='ltr'><strong>quidem</strong></span> <span class='ocrx_word' id='word_1_406' title='bbox 1418 3125 1502 3171; x_wconf 75' lang='lat' dir='ltr'><strong>lel‘</strong></span> <span class='ocrx_word' id='word_1_407' title='bbox 1546 3117 1899 3180; x_wconf 69' lang='lat' dir='ltr'><strong>inevicalum.</strong></span> <span class='ocrx_word' id='word_1_408' title='bbox 1942 3131 2007 3170; x_wconf 68' lang='lat' dir='ltr'><strong>ex</strong></span> <span class='ocrx_word' id='word_1_409' title='bbox 2037 3144 2078 3201; x_wconf 72' lang='grc' dir='ltr'>ο</span> <span class='ocrx_word' id='word_1_410' title='bbox 2112 3137 2220 3192; x_wconf 88' lang='lat' dir='ltr'><strong>qua</strong></span> <span class='ocrx_word' id='word_1_411' title='bbox 2245 3121 2346 3176; x_wconf 89' lang='lat' dir='ltr'><strong>sub</strong></span> <span class='ocrx_word' id='word_1_412' title='bbox 2377 3120 2651 3174; x_wconf 78' lang='lat' dir='ltr'><strong>Antonino</strong></span> <span class='ocrx_word' id='word_1_413' title='bbox 2675 3118 2984 3184; x_wconf 87' lang='lat' dir='ltr'><strong>Caracalla,</strong></span> <span class='ocrx_word' id='word_1_414' title='bbox 3017 3117 3119 3173; x_wconf 91' lang='lat' dir='ltr'><strong>sub</strong></span> <span class='ocrx_word' id='word_1_415' title='bbox 3146 3115 3403 3180; x_wconf 81' lang='lat' dir='ltr'><strong>Macrino,</strong></span> <span class='ocrx_word' id='word_1_416' title='bbox 3434 3130 3531 3168; x_wconf 86' lang='lat' dir='ltr'><strong>nec</strong></span> <span class='ocrx_word' id='word_1_417' title='bbox 3557 3129 3674 3168; x_wconf 83' lang='lat' dir='ltr'><strong>non</strong></span> 
     </span>
    </p>
   </div>
   <div class='ocr_carea' id='block_1_61' title="bbox 445 3205 2011 3285">
    <p class='ocr_par' dir='ltr' id='par_1_61' title="bbox 445 3205 2011 3285">
     <span class='ocr_line' id='line_1_61' title="bbox 445 3205 2011 3285; baseline -0.006 -15"><span class='ocrx_word' id='word_1_418' title='bbox 445 3213 670 3285; x_wconf 90' lang='lat' dir='ltr'><strong>epistola</strong></span> <span class='ocrx_word' id='word_1_419' title='bbox 703 3213 888 3267; x_wconf 82' lang='lat' dir='ltr'><strong>lrenai</strong></span> <span class='ocrx_word' id='word_1_420' title='bbox 929 3211 997 3266; x_wconf 90' lang='lat' dir='ltr'><strong>ad</strong></span> <span class='ocrx_word' id='word_1_421' title='bbox 1031 3209 1303 3265; x_wconf 77' lang='lat' dir='ltr'><strong>Victorem</strong></span> <span class='ocrx_word' id='word_1_422' title='bbox 1331 3208 1442 3280; x_wconf 86' lang='grc'>(16)</span> <span class='ocrx_word' id='word_1_423' title='bbox 1477 3224 1490 3259; x_wconf 90' lang='lat'><strong>:</strong></span> <span class='ocrx_word' id='word_1_424' title='bbox 1523 3227 1542 3260; x_wconf 77' lang='grc' dir='ltr'><strong>ι</strong></span> <span class='ocrx_word' id='word_1_425' title='bbox 1581 3205 1683 3262; x_wconf 87' lang='lat' dir='ltr'><strong>Sed</strong></span> <span class='ocrx_word' id='word_1_426' title='bbox 1712 3217 1765 3264; x_wconf 88' lang='lat' dir='ltr'><strong>et</strong></span> <span class='ocrx_word' id='word_1_427' title='bbox 1790 3207 2011 3278; x_wconf 86' lang='lat' dir='ltr'><strong>presby-</strong></span> 
     </span>
    </p>
   </div>
   <div class='ocr_carea' id='block_1_62' title="bbox 445 3300 2007 3375">
    <p class='ocr_par' dir='ltr' id='par_1_62' title="bbox 445 3300 2007 3375">
     <span class='ocr_line' id='line_1_62' title="bbox 445 3300 2007 3375; baseline -0.004 -14"><span class='ocrx_word' id='word_1_428' title='bbox 445 3307 546 3362; x_wconf 83' lang='lat' dir='ltr'><strong>teri</strong></span> <span class='ocrx_word' id='word_1_429' title='bbox 577 3307 671 3372; x_wconf 88' lang='lat' dir='ltr'><strong>illi,</strong></span> <span class='ocrx_word' id='word_1_430' title='bbox 702 3306 896 3375; x_wconf 89' lang='lat' dir='ltr'><strong>inquit,</strong></span> <span class='ocrx_word' id='word_1_431' title='bbox 926 3305 1019 3374; x_wconf 91' lang='lat' dir='ltr'><strong>qui</strong></span> <span class='ocrx_word' id='word_1_432' title='bbox 1052 3313 1176 3358; x_wconf 90' lang='lat' dir='ltr'><strong>ante</strong></span> <span class='ocrx_word' id='word_1_433' title='bbox 1221 3301 1464 3357; x_wconf 88' lang='lat' dir='ltr'><strong>Soterem</strong></span> <span class='ocrx_word' id='word_1_434' title='bbox 1495 3300 1752 3356; x_wconf 88' lang='lat' dir='ltr'><strong>Ecclesia</strong></span> <span class='ocrx_word' id='word_1_435' title='bbox 1776 3300 2007 3371; x_wconf 73' lang='lat' dir='ltr'><strong>praefue-</strong></span> 
     </span>
    </p>
   </div>
   <div class='ocr_carea' id='block_1_63' title="bbox 444 3389 2008 3466">
    <p class='ocr_par' dir='ltr' id='par_1_63' title="bbox 444 3389 2008 3466">
     <span class='ocr_line' id='line_1_63' title="bbox 444 3389 2008 3466; baseline -0.005 -12"><span class='ocrx_word' id='word_1_436' title='bbox 444 3406 608 3462; x_wconf 86' lang='lat' dir='ltr'><strong>runt,</strong></span> <span class='ocrx_word' id='word_1_437' title='bbox 653 3411 816 3466; x_wconf 89' lang='lat' dir='ltr'><strong>quam</strong></span> <span class='ocrx_word' id='word_1_438' title='bbox 860 3409 1006 3448; x_wconf 90' lang='lat' dir='ltr'><strong>nunc</strong></span> <span class='ocrx_word' id='word_1_439' title='bbox 1055 3394 1345 3463; x_wconf 78' lang='lat' dir='ltr'><strong>gubernas.</strong></span> <span class='ocrx_word' id='word_1_440' title='bbox 1381 3409 1400 3444; x_wconf 73' lang='grc' dir='ltr'><strong><em>ι</em></strong></span> <span class='ocrx_word' id='word_1_441' title='bbox 1430 3391 1497 3448; x_wconf 80' lang='lat' dir='ltr'><strong>Et</strong></span> <span class='ocrx_word' id='word_1_442' title='bbox 1533 3406 1659 3445; x_wconf 79' lang='lat' dir='ltr'><strong>mox</strong></span> <span class='ocrx_word' id='word_1_443' title='bbox 1700 3407 1713 3443; x_wconf 92' lang='lat'>:</span> <span class='ocrx_word' id='word_1_444' title='bbox 1758 3410 1776 3442; x_wconf 75' lang='grc' dir='ltr'><strong>ι</strong></span> <span class='ocrx_word' id='word_1_445' title='bbox 1811 3389 2008 3446; x_wconf 82' lang='lat' dir='ltr'><strong>Verum</strong></span> 
     </span>
    </p>
   </div>
   <div class='ocr_carea' id='block_1_64' title="bbox 442 3482 2012 3560">
    <p class='ocr_par' dir='ltr' id='par_1_64' title="bbox 442 3482 2012 3560">
     <span class='ocr_line' id='line_1_64' title="bbox 442 3482 2012 3560; baseline -0.004 -18"><span class='ocrx_word' id='word_1_446' title='bbox 442 3489 539 3560; x_wconf 86' lang='lat' dir='ltr'><strong>qui</strong></span> <span class='ocrx_word' id='word_1_447' title='bbox 575 3497 625 3542; x_wconf 89' lang='lat' dir='ltr'><strong>te</strong></span> <span class='ocrx_word' id='word_1_448' title='bbox 665 3495 1060 3557; x_wconf 81' lang='lat' dir='ltr'><strong>praeesserunt</strong></span> <span class='ocrx_word' id='word_1_449' title='bbox 1099 3484 1421 3557; x_wconf 89' lang='lat' dir='ltr'><strong>presbyteri.</strong></span> <span class='ocrx_word' id='word_1_450' title='bbox 1464 3500 1482 3536; x_wconf 72' lang='grc' dir='ltr'><strong>ι</strong></span> <span class='ocrx_word' id='word_1_451' title='bbox 1515 3482 1818 3553; x_wconf 88' lang='lat' dir='ltr'><strong>Paucisque</strong></span> <span class='ocrx_word' id='word_1_452' title='bbox 1845 3482 2012 3536; x_wconf 90' lang='lat' dir='ltr'><strong>inter—</strong></span> 
     </span>
    </p>
   </div>
   <div class='ocr_carea' id='block_1_65' title="bbox 440 3573 2008 3656">
    <p class='ocr_par' dir='ltr' id='par_1_65' title="bbox 440 3573 2008 3656">
     <span class='ocr_line' id='line_1_65' title="bbox 440 3573 2008 3656; baseline -0.007 -19"><span class='ocrx_word' id='word_1_453' title='bbox 440 3582 620 3652; x_wconf 81' lang='lat' dir='ltr'><strong>jectis,</strong></span> <span class='ocrx_word' id='word_1_454' title='bbox 649 3581 716 3636; x_wconf 93' lang='lat' dir='ltr'><strong>de</strong></span> <span class='ocrx_word' id='word_1_455' title='bbox 744 3579 970 3634; x_wconf 88' lang='lat' dir='ltr'><strong>Aniceto</strong></span> <span class='ocrx_word' id='word_1_456' title='bbox 1016 3579 1179 3632; x_wconf 80' lang='lat' dir='ltr'><strong>verba</strong></span> <span class='ocrx_word' id='word_1_457' title='bbox 1229 3575 1435 3656; x_wconf 77' lang='lat' dir='ltr'><strong>faciens</strong></span> <span class='ocrx_word' id='word_1_458' title='bbox 1476 3592 1490 3628; x_wconf 91' lang='lat'>:</span> <span class='ocrx_word' id='word_1_459' title='bbox 1537 3594 1555 3626; x_wconf 84' lang='grc'><strong><em>‹</em></strong></span> <span class='ocrx_word' id='word_1_460' title='bbox 1587 3574 1722 3629; x_wconf 85' lang='lat' dir='ltr'><strong>Cum</strong></span> <span class='ocrx_word' id='word_1_461' title='bbox 1767 3573 1877 3635; x_wconf 90' lang='lat' dir='ltr'><strong>hic,</strong></span> <span class='ocrx_word' id='word_1_462' title='bbox 1913 3574 2008 3640; x_wconf 90' lang='lat' dir='ltr'><strong>ait,</strong></span> 
     </span>
    </p>
   </div>
   <div class='ocr_carea' id='block_1_66' title="bbox 444 3670 2010 3748">
    <p class='ocr_par' dir='ltr' id='par_1_66' title="bbox 444 3670 2010 3748">
     <span class='ocr_line' id='line_1_66' title="bbox 444 3670 2010 3748; baseline -0.005 -18"><span class='ocrx_word' id='word_1_463' title='bbox 444 3677 882 3748; x_wconf 90' lang='lat' dir='ltr'><strong>presbyterorum</strong></span> <span class='ocrx_word' id='word_1_464' title='bbox 913 3673 1007 3744; x_wconf 92' lang='lat' dir='ltr'><strong>qui</strong></span> <span class='ocrx_word' id='word_1_465' title='bbox 1045 3681 1170 3729; x_wconf 88' lang='lat' dir='ltr'><strong>ante</strong></span> <span class='ocrx_word' id='word_1_466' title='bbox 1204 3687 1264 3729; x_wconf 88' lang='lat' dir='ltr'><strong>se</strong></span> <span class='ocrx_word' id='word_1_467' title='bbox 1297 3670 1531 3743; x_wconf 85' lang='lat' dir='ltr'><strong>fuerant,</strong></span> <span class='ocrx_word' id='word_1_468' title='bbox 1563 3670 2010 3725; x_wconf 85' lang='lat' dir='ltr'><strong>consuetudinem</strong></span> 
     </span>
    </p>
   </div>
   <div class='ocr_carea' id='block_1_67' title="bbox 443 3747 2012 3834">
    <p class='ocr_par' dir='ltr' id='par_1_67' title="bbox 443 3747 2012 3834">
     <span class='ocr_line' id='line_1_67' title="bbox 443 3747 2012 3834; baseline -0.008 -9"><span class='ocrx_word' id='word_1_469' title='bbox 443 3747 784 3825; x_wconf 68' lang='lat' dir='ltr'><strong>retinendam</strong></span> <span class='ocrx_word' id='word_1_470' title='bbox 812 3781 935 3822; x_wconf 88' lang='lat' dir='ltr'><strong>esse</strong></span> <span class='ocrx_word' id='word_1_471' title='bbox 958 3765 1190 3831; x_wconf 88' lang='lat' dir='ltr'><strong>diceret,</strong></span> <span class='ocrx_word' id='word_1_472' title='bbox 1226 3781 1246 3816; x_wconf 77' lang='grc' dir='ltr'><strong>ι</strong></span> <span class='ocrx_word' id='word_1_473' title='bbox 1271 3775 1375 3820; x_wconf 90' lang='lat' dir='ltr'><strong>etc.</strong></span> <span class='ocrx_word' id='word_1_474' title='bbox 1402 3747 1512 3817; x_wconf 74' lang='grc' dir='ltr'>Καὶ</span> <span class='ocrx_word' id='word_1_475' title='bbox 1537 3764 1587 3816; x_wconf 78' lang='grc' dir='ltr'>οἱ</span> <span class='ocrx_word' id='word_1_476' title='bbox 1623 3761 1730 3834; x_wconf 82' lang='grc' dir='ltr'>πρὸ</span> <span class='ocrx_word' id='word_1_477' title='bbox 1761 3762 2012 3833; x_wconf 72' lang='grc' dir='ltr'>Σωτῆρος</span> 
     </span>
    </p>
   </div>
   <div class='ocr_carea' id='block_1_68' title="bbox 445 3850 2014 3934">
    <p class='ocr_par' dir='ltr' id='par_1_68' title="bbox 445 3850 2014 3934">
     <span class='ocr_line' id='line_1_68' title="bbox 445 3850 2014 3934; baseline -0.004 -19"><span class='ocrx_word' id='word_1_478' title='bbox 445 3859 836 3934; x_wconf 72' lang='grc' dir='ltr'>πρεσϐύτεροι,</span> <span class='ocrx_word' id='word_1_479' title='bbox 887 3858 938 3911; x_wconf 85' lang='grc' dir='ltr'>οἱ</span> <span class='ocrx_word' id='word_1_480' title='bbox 998 3857 1330 3929; x_wconf 81' lang='grc' dir='ltr'>προστάντες</span> <span class='ocrx_word' id='word_1_481' title='bbox 1391 3855 1492 3926; x_wconf 83' lang='grc' dir='ltr'><strong>τῆς</strong></span> <span class='ocrx_word' id='word_1_482' title='bbox 1565 3855 1888 3927; x_wconf 83' lang='grc' dir='ltr'>Ἐκκλησίας</span> <span class='ocrx_word' id='word_1_483' title='bbox 1945 3850 2014 3926; x_wconf 79' lang='grc' dir='ltr'><strong>ἦς</strong></span> 
     </span>
    </p>
   </div>
   <div class='ocr_carea' id='block_1_69' title="bbox 445 3945 2007 4023">
    <p class='ocr_par' dir='ltr' id='par_1_69' title="bbox 445 3945 2007 4023">
     <span class='ocr_line' id='line_1_69' title="bbox 445 3945 2007 4023; baseline -0.006 -17"><span class='ocrx_word' id='word_1_484' title='bbox 445 3954 631 4023; x_wconf 81' lang='grc' dir='ltr'><strong>ἁφηγῇ</strong></span> <span class='ocrx_word' id='word_1_485' title='bbox 671 3992 686 4005; x_wconf 91' lang='grc'><strong>.</strong></span> <span class='ocrx_word' id='word_1_486' title='bbox 730 3989 744 4004; x_wconf 94' lang='grc'><strong>.</strong></span> <span class='ocrx_word' id='word_1_487' title='bbox 791 3989 803 4002; x_wconf 94' lang='grc'><strong>.</strong></span> <span class='ocrx_word' id='word_1_488' title='bbox 851 3989 865 4002; x_wconf 94' lang='grc'><strong>.</strong></span> <span class='ocrx_word' id='word_1_489' title='bbox 905 3947 1020 4004; x_wconf 82' lang='grc' dir='ltr'>ἀλλ’</span> <span class='ocrx_word' id='word_1_490' title='bbox 1051 3949 1104 4002; x_wconf 83' lang='grc' dir='ltr'>οἱ</span> <span class='ocrx_word' id='word_1_491' title='bbox 1153 3946 1259 4020; x_wconf 75' lang='grc' dir='ltr'><strong>πρὸ</strong></span> <span class='ocrx_word' id='word_1_492' title='bbox 1292 3945 1386 4000; x_wconf 76' lang='grc' dir='ltr'>σοῦ</span> <span class='ocrx_word' id='word_1_493' title='bbox 1422 3945 1778 4016; x_wconf 78' lang='grc' dir='ltr'>πρεσϐύτεροι</span> <span class='ocrx_word' id='word_1_494' title='bbox 1820 3985 1835 3999; x_wconf 92' lang='grc'><strong>.</strong></span> <span class='ocrx_word' id='word_1_495' title='bbox 1876 3985 1893 4002; x_wconf 93' lang='grc'><strong>.</strong></span> <span class='ocrx_word' id='word_1_496' title='bbox 1937 3985 1949 3998; x_wconf 93' lang='grc'><strong>.</strong></span> <span class='ocrx_word' id='word_1_497' title='bbox 1994 3983 2007 3996; x_wconf 94' lang='grc'><strong>.</strong></span> 
     </span>
    </p>
   </div>
   <div class='ocr_carea' id='block_1_70' title="bbox 445 4035 2013 4114">
    <p class='ocr_par' dir='ltr' id='par_1_70' title="bbox 445 4035 2013 4114">
     <span class='ocr_line' id='line_1_70' title="bbox 445 4035 2013 4114; baseline -0.006 -17"><span class='ocrx_word' id='word_1_498' title='bbox 445 4043 670 4112; x_wconf 73' lang='grc' dir='ltr'>λέγοντα</span> <span class='ocrx_word' id='word_1_499' title='bbox 694 4041 807 4114; x_wconf 87' lang='grc' dir='ltr'>(τὸν</span> <span class='ocrx_word' id='word_1_500' title='bbox 850 4037 1149 4110; x_wconf 78' lang='grc' dir='ltr'>Ἀνίκητον)</span> <span class='ocrx_word' id='word_1_501' title='bbox 1192 4039 1290 4108; x_wconf 86' lang='grc' dir='ltr'>τὴν</span> <span class='ocrx_word' id='word_1_502' title='bbox 1323 4036 1605 4108; x_wconf 80' lang='grc' dir='ltr'>συνήθειαν</span> <span class='ocrx_word' id='word_1_503' title='bbox 1632 4037 1737 4090; x_wconf 86' lang='grc' dir='ltr'><strong>τῶν</strong></span> <span class='ocrx_word' id='word_1_504' title='bbox 1772 4035 1877 4106; x_wconf 76' lang='grc' dir='ltr'><strong>πρὸ</strong></span> <span class='ocrx_word' id='word_1_505' title='bbox 1913 4035 2013 4088; x_wconf 82' lang='grc' dir='ltr'><strong>αὺ-</strong></span> 
     </span>
    </p>
   </div>
   <div class='ocr_carea' id='block_1_71' title="bbox 445 4126 2013 4206">
    <p class='ocr_par' dir='ltr' id='par_1_71' title="bbox 445 4126 2013 4206">
     <span class='ocr_line' id='line_1_71' title="bbox 445 4126 2013 4206; baseline -0.005 -18"><span class='ocrx_word' id='word_1_506' title='bbox 445 4134 540 4188; x_wconf 77' lang='grc' dir='ltr'>τοῦ</span> <span class='ocrx_word' id='word_1_507' title='bbox 574 4131 958 4206; x_wconf 78' lang='grc' dir='ltr'>πρεσϐυτέρων</span> <span class='ocrx_word' id='word_1_508' title='bbox 988 4129 1226 4199; x_wconf 71' lang='grc' dir='ltr'>ὀφείλειν</span> <span class='ocrx_word' id='word_1_509' title='bbox 1269 4128 1538 4199; x_wconf 84' lang='grc' dir='ltr'>κατέχειν.</span> <span class='ocrx_word' id='word_1_510' title='bbox 1572 4127 1732 4182; x_wconf 82' lang='lat' dir='ltr'><strong>Plura</strong></span> <span class='ocrx_word' id='word_1_511' title='bbox 1762 4126 2013 4196; x_wconf 84' lang='lat' dir='ltr'><strong>suppedi-</strong></span> 
     </span>
    </p>
   </div>
   <div class='ocr_carea' id='block_1_72' title="bbox 446 4216 2005 4293">
    <p class='ocr_par' dir='ltr' id='par_1_72' title="bbox 446 4216 2005 4293">
     <span class='ocr_line' id='line_1_72' title="bbox 446 4216 2005 4293; baseline -0.006 -14"><span class='ocrx_word' id='word_1_512' title='bbox 446 4227 583 4281; x_wconf 90' lang='lat' dir='ltr'><strong>tabit</strong></span> <span class='ocrx_word' id='word_1_513' title='bbox 617 4225 870 4280; x_wconf 81' lang='lat' dir='ltr'><strong>Svicerus</strong></span> <span class='ocrx_word' id='word_1_514' title='bbox 899 4222 1034 4293; x_wconf 86' lang='grc'>(17),</span> <span class='ocrx_word' id='word_1_515' title='bbox 1070 4235 1230 4290; x_wconf 87' lang='lat' dir='ltr'><strong>quem</strong></span> <span class='ocrx_word' id='word_1_516' title='bbox 1257 4217 1500 4288; x_wconf 85' lang='lat' dir='ltr'><strong>profecto</strong></span> <span class='ocrx_word' id='word_1_517' title='bbox 1535 4218 1722 4273; x_wconf 92' lang='lat' dir='ltr'><strong>mirari</strong></span> <span class='ocrx_word' id='word_1_518' title='bbox 1761 4216 1907 4272; x_wconf 90' lang='lat' dir='ltr'><strong>subit</strong></span> <span class='ocrx_word' id='word_1_519' title='bbox 1938 4216 2005 4270; x_wconf 88' lang='lat' dir='ltr'><strong>il-</strong></span> 
     </span>
    </p>
   </div>
   <div class='ocr_carea' id='block_1_73' title="bbox 445 4310 1416 4382">
    <p class='ocr_par' dir='ltr' id='par_1_73' title="bbox 445 4310 1416 4382">
     <span class='ocr_line' id='line_1_73' title="bbox 445 4310 1416 4382; baseline -0.01 -10"><span class='ocrx_word' id='word_1_520' title='bbox 445 4317 675 4372; x_wconf 88' lang='lat' dir='ltr'><strong>lustrem</strong></span> <span class='ocrx_word' id='word_1_521' title='bbox 701 4317 846 4371; x_wconf 85' lang='lat' dir='ltr'><strong>hunc</strong></span> <span class='ocrx_word' id='word_1_522' title='bbox 867 4315 1045 4369; x_wconf 92' lang='lat' dir='ltr'><strong>locum</strong></span> <span class='ocrx_word' id='word_1_523' title='bbox 1072 4310 1416 4382; x_wconf 83' lang='lat' dir='ltr'><strong>prateriisse.</strong></span> 
     </span>
    </p>
   </div>
   <div class='ocr_carea' id='block_1_74' title="bbox 518 4393 2010 4467">
    <p class='ocr_par' dir='ltr' id='par_1_74' title="bbox 518 4393 2010 4467">
     <span class='ocr_line' id='line_1_74' title="bbox 518 4393 2010 4467; baseline -0.009 -5"><span class='ocrx_word' id='word_1_524' title='bbox 518 4406 788 4461; x_wconf 86' lang='lat' dir='ltr'><strong>Caterum</strong></span> <span class='ocrx_word' id='word_1_525' title='bbox 823 4404 964 4459; x_wconf 87' lang='lat' dir='ltr'><strong>haud</strong></span> <span class='ocrx_word' id='word_1_526' title='bbox 1001 4399 1426 4458; x_wconf 79' lang='lat' dir='ltr'><strong>existimaverim</strong></span> <span class='ocrx_word' id='word_1_527' title='bbox 1464 4396 1714 4467; x_wconf 92' lang='lat' dir='ltr'><strong>equidem</strong></span> <span class='ocrx_word' id='word_1_528' title='bbox 1747 4411 1867 4451; x_wconf 88' lang='lat' dir='ltr'><strong>cum</strong></span> <span class='ocrx_word' id='word_1_529' title='bbox 1905 4393 2010 4450; x_wconf 84' lang='lat' dir='ltr'><strong>Le-</strong></span> 
     </span>
    </p>
   </div>
   <div class='ocr_carea' id='block_1_75' title="bbox 2113 3205 3674 3284">
    <p class='ocr_par' dir='ltr' id='par_1_75' title="bbox 2113 3205 3674 3284">
     <span class='ocr_line' id='line_1_75' title="bbox 2113 3205 3674 3284; baseline -0.006 -16"><span class='ocrx_word' id='word_1_530' title='bbox 2113 3215 2216 3268; x_wconf 88' lang='lat' dir='ltr'><strong>sub</strong></span> <span class='ocrx_word' id='word_1_531' title='bbox 2264 3212 2553 3284; x_wconf 81' lang='lat' dir='ltr'><strong>Elagabalo</strong></span> <span class='ocrx_word' id='word_1_532' title='bbox 2601 3211 2877 3265; x_wconf 79' lang='lat' dir='ltr'><strong>fruebatur</strong></span> <span class='ocrx_word' id='word_1_533' title='bbox 2920 3209 3190 3272; x_wconf 82' lang='lat' dir='ltr'><strong>Ecclesia,</strong></span> <span class='ocrx_word' id='word_1_534' title='bbox 3236 3206 3337 3262; x_wconf 89' lang='lat' dir='ltr'><strong>sub</strong></span> <span class='ocrx_word' id='word_1_535' title='bbox 3377 3205 3674 3260; x_wconf 77' lang='lat' dir='ltr'><strong>Alexandri</strong></span> 
     </span>
    </p>
   </div>
   <div class='ocr_carea' id='block_1_76' title="bbox 2112 3297 3677 3374">
    <p class='ocr_par' dir='ltr' id='par_1_76' title="bbox 2112 3297 3677 3374">
     <span class='ocr_line' id='line_1_76' title="bbox 2112 3297 3677 3374; baseline -0.004 -16"><span class='ocrx_word' id='word_1_536' title='bbox 2112 3319 2326 3374; x_wconf 90' lang='lat' dir='ltr'><strong>quoque</strong></span> <span class='ocrx_word' id='word_1_537' title='bbox 2355 3301 2582 3373; x_wconf 88' lang='lat' dir='ltr'><strong>imperio</strong></span> <span class='ocrx_word' id='word_1_538' title='bbox 2610 3301 2816 3355; x_wconf 84' lang='lat' dir='ltr'><strong>stabilis</strong></span> <span class='ocrx_word' id='word_1_539' title='bbox 2843 3311 2892 3356; x_wconf 89' lang='lat' dir='ltr'><strong>et</strong></span> <span class='ocrx_word' id='word_1_540' title='bbox 2922 3301 3078 3370; x_wconf 81' lang='lat' dir='ltr'><strong>ﬁrma</strong></span> <span class='ocrx_word' id='word_1_541' title='bbox 3117 3297 3428 3370; x_wconf 79' lang='lat' dir='ltr'><strong>permansit,</strong></span> <span class='ocrx_word' id='word_1_542' title='bbox 3457 3304 3515 3350; x_wconf 85' lang='lat' dir='ltr'><strong>ut</strong></span> <span class='ocrx_word' id='word_1_543' title='bbox 3536 3297 3677 3352; x_wconf 86' lang='lat' dir='ltr'><strong>scri-</strong></span> 
     </span>
    </p>
   </div>
   <div class='ocr_carea' id='block_1_77' title="bbox 2112 3398 2640 3453">
    <p class='ocr_par' dir='ltr' id='par_1_77' title="bbox 2112 3398 2640 3453">
     <span class='ocr_line' id='line_1_77' title="bbox 2112 3398 2640 3453; baseline -0.009 0"><span class='ocrx_word' id='word_1_544' title='bbox 2112 3398 2192 3453; x_wconf 86' lang='lat' dir='ltr'><strong>bit</strong></span> <span class='ocrx_word' id='word_1_545' title='bbox 2215 3404 2398 3452; x_wconf 88' lang='lat' dir='ltr'><strong>noster</strong></span> <span class='ocrx_word' id='word_1_546' title='bbox 2429 3403 2640 3450; x_wconf 89' lang='lat' dir='ltr'><strong>auctor.</strong></span> 
     </span>
    </p>
   </div>
   <div class='ocr_carea' id='block_1_78' title="bbox 2184 3481 3677 3555">
    <p class='ocr_par' dir='ltr' id='par_1_78' title="bbox 2184 3481 3677 3555">
     <span class='ocr_line' id='line_1_78' title="bbox 2184 3481 3677 3555; baseline -0.002 -15"><span class='ocrx_word' id='word_1_547' title='bbox 2184 3487 2262 3541; x_wconf 81' lang='lat' dir='ltr'><strong>Ex</strong></span> <span class='ocrx_word' id='word_1_548' title='bbox 2299 3487 2366 3541; x_wconf 89' lang='lat' dir='ltr'><strong>iis</strong></span> <span class='ocrx_word' id='word_1_549' title='bbox 2405 3500 2572 3555; x_wconf 88' lang='lat' dir='ltr'><strong>porro</strong></span> <span class='ocrx_word' id='word_1_550' title='bbox 2601 3499 2723 3555; x_wconf 90' lang='lat' dir='ltr'><strong>qua</strong></span> <span class='ocrx_word' id='word_1_551' title='bbox 2757 3484 2867 3538; x_wconf 90' lang='lat' dir='ltr'><strong>huc</strong></span> <span class='ocrx_word' id='word_1_552' title='bbox 2904 3498 3076 3552; x_wconf 90' lang='lat' dir='ltr'><strong>usque</strong></span> <span class='ocrx_word' id='word_1_553' title='bbox 3105 3482 3172 3538; x_wconf 90' lang='lat' dir='ltr'><strong>de</strong></span> <span class='ocrx_word' id='word_1_554' title='bbox 3203 3482 3416 3538; x_wconf 83' lang='lat' dir='ltr'><strong>Asterie</strong></span> <span class='ocrx_word' id='word_1_555' title='bbox 3452 3481 3677 3537; x_wconf 88' lang='lat' dir='ltr'><strong>Urbano</strong></span> 
     </span>
    </p>
   </div>
   <div class='ocr_carea' id='block_1_79' title="bbox 2111 3574 3675 3646">
    <p class='ocr_par' dir='ltr' id='par_1_79' title="bbox 2111 3574 3675 3646">
     <span class='ocr_line' id='line_1_79' title="bbox 2111 3574 3675 3646; baseline -0.004 -11"><span class='ocrx_word' id='word_1_556' title='bbox 2111 3579 2522 3644; x_wconf 90' lang='lat' dir='ltr'><strong>edisseruimus,</strong></span> <span class='ocrx_word' id='word_1_557' title='bbox 2570 3577 2623 3630; x_wconf 89' lang='lat' dir='ltr'><strong>in</strong></span> <span class='ocrx_word' id='word_1_558' title='bbox 2654 3576 2845 3646; x_wconf 80' lang='lat' dir='ltr'><strong>primis</strong></span> <span class='ocrx_word' id='word_1_559' title='bbox 2891 3590 3020 3630; x_wconf 87' lang='lat' dir='ltr'><strong>vero</strong></span> <span class='ocrx_word' id='word_1_560' title='bbox 3053 3575 3120 3630; x_wconf 90' lang='lat' dir='ltr'><strong>de</strong></span> <span class='ocrx_word' id='word_1_561' title='bbox 3168 3575 3314 3631; x_wconf 85' lang='lat' dir='ltr'><strong>illius</strong></span> <span class='ocrx_word' id='word_1_562' title='bbox 3343 3574 3454 3629; x_wconf 86' lang='lat' dir='ltr'><strong>acri</strong></span> <span class='ocrx_word' id='word_1_563' title='bbox 3486 3574 3675 3629; x_wconf 91' lang='lat' dir='ltr'><strong>studio</strong></span> 
     </span>
    </p>
   </div>
   <div class='ocr_carea' id='block_1_80' title="bbox 2113 3666 3677 3739">
    <p class='ocr_par' dir='ltr' id='par_1_80' title="bbox 2113 3666 3677 3739">
     <span class='ocr_line' id='line_1_80' title="bbox 2113 3666 3677 3739; baseline -0.002 -14"><span class='ocrx_word' id='word_1_564' title='bbox 2113 3667 2500 3726; x_wconf 36' lang='lat' dir='ltr'><strong>in&#39;Christiana</strong></span> <span class='ocrx_word' id='word_1_565' title='bbox 2542 3668 2804 3739; x_wconf 85' lang='lat' dir='ltr'><strong>religione</strong></span> <span class='ocrx_word' id='word_1_566' title='bbox 2853 3668 2921 3722; x_wconf 92' lang='lat' dir='ltr'><strong>ab</strong></span> <span class='ocrx_word' id='word_1_567' title='bbox 2969 3667 3341 3722; x_wconf 81' lang='lat' dir='ltr'><strong>hareticorum</strong></span> <span class='ocrx_word' id='word_1_568' title='bbox 3387 3666 3677 3722; x_wconf 88' lang='lat' dir='ltr'><strong>fraudibus</strong></span> 
     </span>
    </p>
   </div>
   <div class='ocr_carea' id='block_1_81' title="bbox 2112 3758 3677 3832">
    <p class='ocr_par' dir='ltr' id='par_1_81' title="bbox 2112 3758 3677 3832">
     <span class='ocr_line' id='line_1_81' title="bbox 2112 3758 3677 3832; baseline -0.004 -12"><span class='ocrx_word' id='word_1_569' title='bbox 2112 3763 2475 3830; x_wconf 81' lang='lat' dir='ltr'><strong>vindicanda;</strong></span> <span class='ocrx_word' id='word_1_570' title='bbox 2503 3762 2626 3832; x_wconf 91' lang='lat' dir='ltr'><strong>quis</strong></span> <span class='ocrx_word' id='word_1_571' title='bbox 2665 3761 2883 3816; x_wconf 89' lang='lat' dir='ltr'><strong>demum</strong></span> <span class='ocrx_word' id='word_1_572' title='bbox 2912 3774 3070 3829; x_wconf 77' lang='lat' dir='ltr'><strong>aquo</strong></span> <span class='ocrx_word' id='word_1_573' title='bbox 3101 3759 3284 3814; x_wconf 85' lang='lat' dir='ltr'><strong>animo</strong></span> <span class='ocrx_word' id='word_1_574' title='bbox 3312 3758 3451 3814; x_wconf 88' lang='lat' dir='ltr'><strong>ferat</strong></span> <span class='ocrx_word' id='word_1_575' title='bbox 3476 3773 3540 3815; x_wconf 82' lang='lat' dir='ltr'><strong>eo</strong></span> <span class='ocrx_word' id='word_1_576' title='bbox 3575 3773 3677 3813; x_wconf 84' lang='lat' dir='ltr'><strong>us-</strong></span> 
     </span>
    </p>
   </div>
   <div class='ocr_carea' id='block_1_82' title="bbox 2113 3852 3673 3929">
    <p class='ocr_par' dir='ltr' id='par_1_82' title="bbox 2113 3852 3673 3929">
     <span class='ocr_line' id='line_1_82' title="bbox 2113 3852 3673 3929; baseline -0.005 -16"><span class='ocrx_word' id='word_1_577' title='bbox 2113 3873 2218 3929; x_wconf 91' lang='lat' dir='ltr'><strong>que</strong></span> <span class='ocrx_word' id='word_1_578' title='bbox 2259 3855 2591 3926; x_wconf 85' lang='lat' dir='ltr'><strong>processisse</strong></span> <span class='ocrx_word' id='word_1_579' title='bbox 2630 3854 2808 3908; x_wconf 84' lang='lat' dir='ltr'><strong>virum</strong></span> <span class='ocrx_word' id='word_1_580' title='bbox 2858 3852 3131 3916; x_wconf 88' lang='lat' dir='ltr'><strong>criticum,</strong></span> <span class='ocrx_word' id='word_1_581' title='bbox 3172 3860 3230 3906; x_wconf 91' lang='lat' dir='ltr'><strong>ut</strong></span> <span class='ocrx_word' id='word_1_582' title='bbox 3273 3852 3514 3907; x_wconf 90' lang='lat' dir='ltr'><strong>scribere</strong></span> <span class='ocrx_word' id='word_1_583' title='bbox 3557 3865 3673 3906; x_wconf 86' lang='lat' dir='ltr'><strong>non</strong></span> 
     </span>
    </p>
   </div>
   <div class='ocr_carea' id='block_1_83' title="bbox 2112 3943 3678 4019">
    <p class='ocr_par' dir='ltr' id='par_1_83' title="bbox 2112 3943 3678 4019">
     <span class='ocr_line' id='line_1_83' title="bbox 2112 3943 3678 4019; baseline -0.005 -13"><span class='ocrx_word' id='word_1_584' title='bbox 2112 3949 2374 4006; x_wconf 87' lang='lat' dir='ltr'><strong>dubitarit</strong></span> <span class='ocrx_word' id='word_1_585' title='bbox 2407 3948 2544 4019; x_wconf 74' lang='lat'><strong>(25),</strong></span> <span class='ocrx_word' id='word_1_586' title='bbox 2573 3962 2688 4017; x_wconf 79' lang='lat' dir='ltr'><strong>qua:</strong></span> <span class='ocrx_word' id='word_1_587' title='bbox 2721 3946 2789 4001; x_wconf 88' lang='lat' dir='ltr'><strong>ab</strong></span> <span class='ocrx_word' id='word_1_588' title='bbox 2828 3943 3136 4016; x_wconf 87' lang='lat' dir='ltr'><strong>Apollonio,</strong></span> <span class='ocrx_word' id='word_1_589' title='bbox 3165 3944 3397 4011; x_wconf 80' lang='lat' dir='ltr'><strong>Asterio,</strong></span> <span class='ocrx_word' id='word_1_590' title='bbox 3434 3943 3678 3998; x_wconf 80' lang='lat' dir='ltr'><strong>Miltiade</strong></span> 
     </span>
    </p>
   </div>
   <div class='ocr_carea' id='block_1_84' title="bbox 2114 4035 3676 4111">
    <p class='ocr_par' dir='ltr' id='par_1_84' title="bbox 2114 4035 3676 4111">
     <span class='ocr_line' id='line_1_84' title="bbox 2114 4035 3676 4111; baseline -0.005 -14"><span class='ocrx_word' id='word_1_591' title='bbox 2114 4043 2343 4111; x_wconf 85' lang='lat' dir='ltr'><strong>aliisque</strong></span> <span class='ocrx_word' id='word_1_592' title='bbox 2378 4040 2522 4095; x_wconf 81' lang='lat' dir='ltr'><strong>illius</strong></span> <span class='ocrx_word' id='word_1_593' title='bbox 2555 4039 2654 4094; x_wconf 82' lang='lat' dir='ltr'><strong>avi</strong></span> <span class='ocrx_word' id='word_1_594' title='bbox 2699 4037 3148 4093; x_wconf 86' lang='lat' dir='ltr'><strong>Montanistarum</strong></span> <span class='ocrx_word' id='word_1_595' title='bbox 3188 4035 3676 4106; x_wconf 76' lang='lat' dir='ltr'><strong>oppugnatoribus,</strong></span> 
     </span>
    </p>
   </div>
   <div class='ocr_carea' id='block_1_85' title="bbox 2115 4129 3679 4200">
    <p class='ocr_par' dir='ltr' id='par_1_85' title="bbox 2115 4129 3679 4200">
     <span class='ocr_line' id='line_1_85' title="bbox 2115 4129 3679 4200; baseline -0.006 -12"><span class='ocrx_word' id='word_1_596' title='bbox 2115 4134 2291 4189; x_wconf 87' lang='lat' dir='ltr'><strong>retulit</strong></span> <span class='ocrx_word' id='word_1_597' title='bbox 2316 4133 2610 4195; x_wconf 85' lang='lat' dir='ltr'><strong>Eusebius,</strong></span> <span class='ocrx_word' id='word_1_598' title='bbox 2642 4130 2772 4184; x_wconf 86' lang='lat' dir='ltr'><strong>adeo</strong></span> <span class='ocrx_word' id='word_1_599' title='bbox 2814 4147 2924 4184; x_wconf 82' lang='lat' dir='ltr'><strong>esse</strong></span> <span class='ocrx_word' id='word_1_600' title='bbox 2959 4129 3113 4200; x_wconf 88' lang='lat' dir='ltr'><strong>plena</strong></span> <span class='ocrx_word' id='word_1_601' title='bbox 3159 4129 3551 4183; x_wconf 70' lang='lat' dir='ltr'><strong>declamatoria</strong></span> <span class='ocrx_word' id='word_1_602' title='bbox 3580 4145 3679 4180; x_wconf 75' lang='lat' dir='ltr'><strong>ua-</strong></span> 
     </span>
    </p>
   </div>
   <div class='ocr_carea' id='block_1_86' title="bbox 2115 4220 3679 4292">
    <p class='ocr_par' dir='ltr' id='par_1_86' title="bbox 2115 4220 3679 4292">
     <span class='ocr_line' id='line_1_86' title="bbox 2115 4220 3679 4292; baseline -0.004 -12"><span class='ocrx_word' id='word_1_603' title='bbox 2115 4225 2320 4282; x_wconf 83' lang='lat' dir='ltr'><strong>nitatis.</strong></span> <span class='ocrx_word' id='word_1_604' title='bbox 2350 4234 2406 4276; x_wconf 88' lang='lat' dir='ltr'><strong>ut</strong></span> <span class='ocrx_word' id='word_1_605' title='bbox 2437 4240 2496 4277; x_wconf 87' lang='lat' dir='ltr'><strong>eo</strong></span> <span class='ocrx_word' id='word_1_606' title='bbox 2528 4223 2730 4292; x_wconf 80' lang='lat' dir='ltr'><strong>faciant</strong></span> <span class='ocrx_word' id='word_1_607' title='bbox 2777 4222 2900 4292; x_wconf 75' lang='lat' dir='ltr'><strong>ﬁdei</strong></span> <span class='ocrx_word' id='word_1_608' title='bbox 2951 4223 3124 4275; x_wconf 87' lang='lat' dir='ltr'><strong>minus</strong></span> <span class='ocrx_word' id='word_1_609' title='bbox 3143 4263 3159 4287; x_wconf 94' lang='lat'><strong>,</strong></span> <span class='ocrx_word' id='word_1_610' title='bbox 3189 4231 3289 4292; x_wconf 77' lang='lat' dir='ltr'><strong>quo</strong></span> <span class='ocrx_word' id='word_1_611' title='bbox 3331 4222 3499 4292; x_wconf 87' lang='lat' dir='ltr'><strong>magis</strong></span> <span class='ocrx_word' id='word_1_612' title='bbox 3527 4220 3679 4290; x_wconf 71' lang='lat' dir='ltr'><strong>afﬁr-</strong></span> 
     </span>
    </p>
   </div>
   <div class='ocr_carea' id='block_1_87' title="bbox 2116 4313 3681 4384">
    <p class='ocr_par' dir='ltr' id='par_1_87' title="bbox 2116 4313 3681 4384">
     <span class='ocr_line' id='line_1_87' title="bbox 2116 4313 3681 4384; baseline -0.004 -13"><span class='ocrx_word' id='word_1_613' title='bbox 2116 4317 2302 4372; x_wconf 84' lang='lat' dir='ltr'><strong>mant?</strong></span> <span class='ocrx_word' id='word_1_614' title='bbox 2333 4319 2481 4370; x_wconf 85' lang='lat' dir='ltr'><strong>Itane</strong></span> <span class='ocrx_word' id='word_1_615' title='bbox 2513 4315 2679 4370; x_wconf 78' lang='lat' dir='ltr'><strong>vero?</strong></span> <span class='ocrx_word' id='word_1_616' title='bbox 2703 4313 2778 4369; x_wconf 85' lang='lat' dir='ltr'><strong>Ita</strong></span> <span class='ocrx_word' id='word_1_617' title='bbox 2805 4314 3024 4384; x_wconf 89' lang='lat' dir='ltr'><strong>quidem</strong></span> <span class='ocrx_word' id='word_1_618' title='bbox 3053 4315 3136 4368; x_wconf 88' lang='lat' dir='ltr'><strong>vir</strong></span> <span class='ocrx_word' id='word_1_619' title='bbox 3181 4314 3269 4368; x_wconf 90' lang='lat' dir='ltr'><strong>ille</strong></span> <span class='ocrx_word' id='word_1_620' title='bbox 3303 4323 3522 4378; x_wconf 89' lang='lat' dir='ltr'><strong>censet;</strong></span> <span class='ocrx_word' id='word_1_621' title='bbox 3563 4327 3681 4381; x_wconf 89' lang='lat' dir='ltr'><strong>quo</strong></span> 
     </span>
    </p>
   </div>
   <div class='ocr_carea' id='block_1_88' title="bbox 2119 4405 3682 4475">
    <p class='ocr_par' dir='ltr' id='par_1_88' title="bbox 2119 4405 3682 4475">
     <span class='ocr_line' id='line_1_88' title="bbox 2119 4405 3682 4475; baseline -0.004 -11"><span class='ocrx_word' id='word_1_622' title='bbox 2119 4409 2377 4464; x_wconf 91' lang='lat' dir='ltr'><strong>nimirum</strong></span> <span class='ocrx_word' id='word_1_623' title='bbox 2410 4406 2726 4461; x_wconf 82' lang='lat' dir='ltr'><strong>Montanum</strong></span> <span class='ocrx_word' id='word_1_624' title='bbox 2757 4406 2870 4460; x_wconf 81' lang='lat' dir='ltr'><strong>sive</strong></span> <span class='ocrx_word' id='word_1_625' title='bbox 2899 4415 3092 4475; x_wconf 83' lang='lat' dir='ltr'><strong>purget</strong></span> <span class='ocrx_word' id='word_1_626' title='bbox 3117 4406 3230 4460; x_wconf 86' lang='lat' dir='ltr'><strong>sive</strong></span> <span class='ocrx_word' id='word_1_627' title='bbox 3257 4405 3455 4470; x_wconf 90' lang='lat' dir='ltr'><strong>laudet,</strong></span> <span class='ocrx_word' id='word_1_628' title='bbox 3485 4420 3682 4461; x_wconf 78' lang='lat' dir='ltr'><strong>suurn-</strong></span> 
     </span>
    </p>
   </div>
   <div class='ocr_carea' id='block_1_89' title="bbox 445 4482 2009 4571">
    <p class='ocr_par' dir='ltr' id='par_1_89' title="bbox 445 4486 2009 4570">
     <span class='ocr_line' id='line_1_89' title="bbox 445 4486 2009 4570; baseline -0.008 -16"><span class='ocrx_word' id='word_1_629' title='bbox 445 4498 666 4570; x_wconf 89' lang='lat' dir='ltr'><strong>quienio</strong></span> <span class='ocrx_word' id='word_1_630' title='bbox 695 4495 807 4567; x_wconf 88' lang='grc'>(18)</span> <span class='ocrx_word' id='word_1_631' title='bbox 835 4494 899 4550; x_wconf 83' lang='lat' dir='ltr'><strong>V.</strong></span> <span class='ocrx_word' id='word_1_632' title='bbox 933 4494 996 4551; x_wconf 72' lang='grc' dir='ltr'><strong>(ἰ.</strong></span> <span class='ocrx_word' id='word_1_633' title='bbox 1037 4510 1204 4550; x_wconf 91' lang='lat' dir='ltr'><strong>unum</strong></span> <span class='ocrx_word' id='word_1_634' title='bbox 1238 4490 1599 4560; x_wconf 90' lang='lat' dir='ltr'><strong>eumdemque</strong></span> <span class='ocrx_word' id='word_1_635' title='bbox 1650 4487 1818 4543; x_wconf 91' lang='lat' dir='ltr'><strong>fuisse</strong></span> <span class='ocrx_word' id='word_1_636' title='bbox 1859 4486 2009 4542; x_wconf 81' lang='lat' dir='ltr'><strong>Zoti—</strong></span> 
     </span>
    </p>
   </div>
   <div class='ocr_carea' id='block_1_90' title="bbox 2115 4482 3672 4571">
    <p class='ocr_par' dir='ltr' id='par_1_90' title="bbox 2115 4496 3672 4571">
     <span class='ocr_line' id='line_1_90' title="bbox 2115 4496 3672 4571; baseline -0.003 -17"><span class='ocrx_word' id='word_1_637' title='bbox 2115 4516 2218 4571; x_wconf 91' lang='lat' dir='ltr'><strong>que</strong></span> <span class='ocrx_word' id='word_1_638' title='bbox 2259 4499 2486 4571; x_wconf 88' lang='lat' dir='ltr'><strong>proinde</strong></span> <span class='ocrx_word' id='word_1_639' title='bbox 2523 4497 2913 4556; x_wconf 89' lang='lat' dir='ltr'><strong>Tertullianum</strong></span> <span class='ocrx_word' id='word_1_640' title='bbox 2960 4498 3028 4551; x_wconf 90' lang='lat' dir='ltr'><strong>ab</strong></span> <span class='ocrx_word' id='word_1_641' title='bbox 3070 4497 3321 4553; x_wconf 82' lang='lat' dir='ltr'><strong>Ecclesia</strong></span> <span class='ocrx_word' id='word_1_642' title='bbox 3350 4496 3554 4571; x_wconf 86' lang='lat' dir='ltr'><strong>unitate</strong></span> <span class='ocrx_word' id='word_1_643' title='bbox 3580 4511 3672 4551; x_wconf 81' lang='lat' dir='ltr'><strong>se-</strong></span> 
     </span>
    </p>
   </div>
   <div class='ocr_carea' id='block_1_91' title="bbox 445 4581 3138 4660">
    <p class='ocr_par' dir='ltr' id='par_1_91' title="bbox 445 4581 3138 4660">
     <span class='ocr_line' id='line_1_91' title="bbox 445 4581 3138 4660; baseline -0.006 -14"><span class='ocrx_word' id='word_1_644' title='bbox 445 4605 570 4646; x_wconf 89' lang='lat' dir='ltr'><strong>cum</strong></span> <span class='ocrx_word' id='word_1_645' title='bbox 621 4588 884 4645; x_wconf 87' lang='lat' dir='ltr'><strong>Otrenum</strong></span> <span class='ocrx_word' id='word_1_646' title='bbox 929 4601 984 4643; x_wconf 89' lang='lat' dir='ltr'><strong>et</strong></span> <span class='ocrx_word' id='word_1_647' title='bbox 1029 4588 1466 4651; x_wconf 89' lang='lat' dir='ltr'><strong>Comanensem,</strong></span> <span class='ocrx_word' id='word_1_648' title='bbox 1511 4598 1744 4654; x_wconf 87' lang='lat' dir='ltr'><strong>quorum</strong></span> <span class='ocrx_word' id='word_1_649' title='bbox 1797 4581 2009 4636; x_wconf 80' lang='lat' dir='ltr'><strong>divisim</strong></span> <span class='ocrx_word' id='word_1_650' title='bbox 2105 4592 2360 4660; x_wconf 72' lang='lat' dir='ltr'><strong>juncmm</strong></span> <span class='ocrx_word' id='word_1_651' title='bbox 2388 4606 2452 4645; x_wconf 70' lang='lat' dir='ltr'><strong>ac</strong></span> <span class='ocrx_word' id='word_1_652' title='bbox 2473 4588 2815 4645; x_wconf 64' lang='grc' dir='ltr'><strong>Μοηιειιίειίε</strong></span> <span class='ocrx_word' id='word_1_653' title='bbox 2840 4586 3138 4660; x_wconf 53' lang='lat' dir='ltr'><strong>addictum,</strong></span> 
     </span>
    </p>
   </div>
   <div class='ocr_carea' id='block_1_92' title="bbox 445 4672 2012 4740">
    <p class='ocr_par' dir='ltr' id='par_1_92' title="bbox 445 4672 2012 4740">
     <span class='ocr_line' id='line_1_92' title="bbox 445 4672 2012 4740; baseline -0.009 -1"><span class='ocrx_word' id='word_1_654' title='bbox 445 4682 698 4739; x_wconf 87' lang='lat' dir='ltr'><strong>meminit</strong></span> <span class='ocrx_word' id='word_1_655' title='bbox 737 4689 928 4736; x_wconf 89' lang='lat' dir='ltr'><strong>auctor</strong></span> <span class='ocrx_word' id='word_1_656' title='bbox 963 4694 980 4738; x_wconf 68' lang='grc' dir='ltr'>ξ</span> <span class='ocrx_word' id='word_1_657' title='bbox 1013 4695 1138 4735; x_wconf 92' lang='lat' dir='ltr'><strong>cum</strong></span> <span class='ocrx_word' id='word_1_658' title='bbox 1186 4679 1550 4734; x_wconf 89' lang='lat' dir='ltr'><strong>inconsonum</strong></span> <span class='ocrx_word' id='word_1_659' title='bbox 1601 4675 1866 4740; x_wconf 88' lang='lat' dir='ltr'><strong>videatur,</strong></span> <span class='ocrx_word' id='word_1_660' title='bbox 1919 4672 2012 4726; x_wconf 89' lang='lat' dir='ltr'><strong>uni</strong></span> 
     </span>
    </p>
   </div>
   <div class='ocr_carea' id='block_1_93' title="bbox 525 4830 1374 4907">
    <p class='ocr_par' dir='ltr' id='par_1_93' title="bbox 525 4830 1374 4907">
     <span class='ocr_line' id='line_1_93' title="bbox 525 4830 1374 4907; baseline -0.007 -17"><span class='ocrx_word' id='word_1_661' title='bbox 525 4834 638 4907; x_wconf 74' lang='lat' dir='ltr'><strong>(l2)</strong></span> <span class='ocrx_word' id='word_1_662' title='bbox 659 4833 903 4907; x_wconf 61' lang='lat' dir='ltr'><strong>:I&#39;illem.,</strong></span> <span class='ocrx_word' id='word_1_663' title='bbox 932 4833 972 4907; x_wconf 54' lang='grc' dir='ltr'><strong>ξε</strong></span> <span class='ocrx_word' id='word_1_664' title='bbox 1001 4847 1074 4907; x_wconf 69' lang='lat' dir='ltr'><strong>c._,</strong></span> <span class='ocrx_word' id='word_1_665' title='bbox 1098 4847 1221 4907; x_wconf 72' lang='lat' dir='ltr'><strong>pag.</strong></span> <span class='ocrx_word' id='word_1_666' title='bbox 1251 4830 1374 4885; x_wconf 87' lang='grc'>671.</span> 
     </span>
    </p>
   </div>
   <div class='ocr_carea' id='block_1_94' title="bbox 517 4896 1918 4976">
    <p class='ocr_par' dir='ltr' id='par_1_94' title="bbox 517 4896 1918 4976">
     <span class='ocr_line' id='line_1_94' title="bbox 517 4896 1918 4976; baseline -0.007 -16"><span class='ocrx_word' id='word_1_667' title='bbox 517 4896 632 4976; x_wconf 70' lang='grc'>(15)</span> <span class='ocrx_word' id='word_1_668' title='bbox 658 4896 1115 4976; x_wconf 42' lang='grc' dir='ltr'><strong>Ρειιιδεη-’,τξηάὶεζ</strong></span> <span class='ocrx_word' id='word_1_669' title='bbox 1147 4896 1353 4976; x_wconf 56' lang='lat' dir='ltr'><strong>l&#39;gnan,</strong></span> <span class='ocrx_word' id='word_1_670' title='bbox 1385 4908 1756 4976; x_wconf 35' lang='lat' dir='ltr'><strong>pa_rt._tt,.pag.</strong></span> <span class='ocrx_word' id='word_1_671' title='bbox 1794 4896 1918 4952; x_wconf 74' lang='grc'>164.</span> 
     </span>
    </p>
   </div>
   <div class='ocr_carea' id='block_1_95' title="bbox 519 4969 1646 5045">
    <p class='ocr_par' dir='ltr' id='par_1_95' title="bbox 519 4969 1646 5045">
     <span class='ocr_line' id='line_1_95' title="bbox 519 4969 1646 5045; baseline -0.007 -14"><span class='ocrx_word' id='word_1_672' title='bbox 519 4969 634 5045; x_wconf 76' lang='grc'>(11)</span> <span class='ocrx_word' id='word_1_673' title='bbox 667 4969 1356 5045; x_wconf 63' lang='lat' dir='ltr'><strong>Aster.Urb.,_Fragm._l,</strong></span> <span class='ocrx_word' id='word_1_674' title='bbox 1381 4971 1486 5045; x_wconf 83' lang='lat' dir='ltr'><strong>col.</strong></span> <span class='ocrx_word' id='word_1_675' title='bbox 1503 4969 1646 5045; x_wconf 55' lang='grc'>115.</span> 
     </span>
    </p>
   </div>
   <div class='ocr_carea' id='block_1_96' title="bbox 545 5039 1619 5117">
    <p class='ocr_par' dir='ltr' id='par_1_96' title="bbox 545 5039 1619 5117">
     <span class='ocr_line' id='line_1_96' title="bbox 545 5039 1619 5117; baseline -0.007 -16"><span class='ocrx_word' id='word_1_676' title='bbox 545 5039 632 5117; x_wconf 78' lang='grc'>15)</span> <span class='ocrx_word' id='word_1_677' title='bbox 660 5046 740 5117; x_wconf 67' lang='lat' dir='ltr'><strong>id.</strong></span> <span class='ocrx_word' id='word_1_678' title='bbox 767 5044 928 5109; x_wconf 87' lang='lat' dir='ltr'><strong>ihid.,</strong></span> <span class='ocrx_word' id='word_1_679' title='bbox 950 5053 1003 5117; x_wconf 78' lang='lat' dir='ltr'><strong>et</strong></span> <span class='ocrx_word' id='word_1_680' title='bbox 1027 5039 1245 5117; x_wconf 57' lang='lat' dir='ltr'><strong>Eragin.</strong></span> <span class='ocrx_word' id='word_1_681' title='bbox 1265 5041 1331 5117; x_wconf 70' lang='lat'><strong>_4_,_</strong></span> <span class='ocrx_word' id='word_1_682' title='bbox 1359 5040 1466 5095; x_wconf 90' lang='lat' dir='ltr'><strong>col.</strong></span> <span class='ocrx_word' id='word_1_683' title='bbox 1497 5039 1619 5117; x_wconf 40' lang='grc' dir='ltr'><strong>151·τ</strong></span> 
     </span>
    </p>
   </div>
   <div class='ocr_carea' id='block_1_97' title="bbox 514 5050 2005 5259">
    <p class='ocr_par' dir='ltr' id='par_1_97' title="bbox 514 5050 2005 5259">
     <span class='ocr_line' id='line_1_97' title="bbox 545 5050 1619 5117; baseline -0.008 -16"><span class='ocrx_word' id='word_1_684' title='bbox 545 5050 632 5117; x_wconf 78' lang='grc'>15)</span> <span class='ocrx_word' id='word_1_685' title='bbox 660 5050 740 5100; x_wconf 90' lang='lat' dir='ltr'><strong>1d.</strong></span> <span class='ocrx_word' id='word_1_686' title='bbox 767 5050 928 5109; x_wconf 88' lang='lat' dir='ltr'><strong>ihid.,</strong></span> <span class='ocrx_word' id='word_1_687' title='bbox 950 5053 1003 5100; x_wconf 91' lang='lat' dir='ltr'><strong>et</strong></span> <span class='ocrx_word' id='word_1_688' title='bbox 1027 5050 1245 5112; x_wconf 71' lang='lat' dir='ltr'><strong>Fragm.</strong></span> <span class='ocrx_word' id='word_1_689' title='bbox 1270 5050 1325 5103; x_wconf 81' lang='grc'><strong>4,</strong></span> <span class='ocrx_word' id='word_1_690' title='bbox 1359 5050 1466 5095; x_wconf 87' lang='lat' dir='ltr'><strong>cot.</strong></span> <span class='ocrx_word' id='word_1_691' title='bbox 1497 5050 1619 5094; x_wconf 77' lang='grc'>151.</span> 
     </span>
     <span class='ocr_line' id='line_1_98' title="bbox 543 5109 2005 5188; baseline -0.008 -14"><span class='ocrx_word' id='word_1_692' title='bbox 543 5117 635 5188; x_wconf 89' lang='grc'>16)</span> <span class='ocrx_word' id='word_1_693' title='bbox 664 5115 830 5182; x_wconf 82' lang='lat' dir='ltr'><strong>lren..</strong></span> <span class='ocrx_word' id='word_1_694' title='bbox 863 5115 1004 5186; x_wconf 90' lang='lat' dir='ltr'><strong>apud</strong></span> <span class='ocrx_word' id='word_1_695' title='bbox 1031 5111 1231 5167; x_wconf 87' lang='lat' dir='ltr'><strong>Euseb.</strong></span> <span class='ocrx_word' id='word_1_696' title='bbox 1257 5109 1401 5165; x_wconf 82' lang='lat' dir='ltr'><strong>Hist.</strong></span> <span class='ocrx_word' id='word_1_697' title='bbox 1420 5109 1570 5174; x_wconf 88' lang='lat' dir='ltr'><strong>ech.,</strong></span> <span class='ocrx_word' id='word_1_698' title='bbox 1591 5109 1682 5163; x_wconf 91' lang='lat' dir='ltr'><strong>lib.</strong></span> <span class='ocrx_word' id='word_1_699' title='bbox 1701 5125 1752 5176; x_wconf 76' lang='grc' dir='ltr'>ν,</span> <span class='ocrx_word' id='word_1_700' title='bbox 1771 5124 1889 5182; x_wconf 89' lang='lat' dir='ltr'><strong>cap.</strong></span> <span class='ocrx_word' id='word_1_701' title='bbox 1915 5109 2005 5164; x_wconf 68' lang='grc'><strong>21.</strong></span> 
     </span>
     <span class='ocr_line' id='line_1_99' title="bbox 514 5050 2005 5259; baseline -0.006 -18"><span class='ocrx_word' id='word_1_702' title='bbox 514 5050 888 5259; x_wconf 54' lang='grc' dir='ltr'><strong>Ξ17)5νὶοει’.,</strong></span> <span class='ocrx_word' id='word_1_703' title='bbox 925 5183 1077 5240; x_wconf 81' lang='lat' dir='ltr'><strong>Thes.</strong></span> <span class='ocrx_word' id='word_1_704' title='bbox 1105 5180 1257 5250; x_wconf 87' lang='lat' dir='ltr'><strong>eccl.,</strong></span> <span class='ocrx_word' id='word_1_705' title='bbox 1280 5179 1744 5252; x_wconf 80' lang='grc' dir='ltr'>ν.ῐΙρεσ6ύτερος,</span> <span class='ocrx_word' id='word_1_706' title='bbox 1775 5189 1906 5236; x_wconf 84' lang='grc' dir='ltr'>ιοω.</span> <span class='ocrx_word' id='word_1_707' title='bbox 1939 5176 2005 5244; x_wconf 89' lang='lat' dir='ltr'><strong>ll,</strong></span> 
     </span>
    </p>
   </div>
   <div class='ocr_carea' id='block_1_98' title="bbox 445 5176 2007 5328">
    <p class='ocr_par' dir='ltr' id='par_1_98' title="bbox 445 5176 2007 5328">
     <span class='ocr_line' id='line_1_100' title="bbox 445 5176 2007 5328; baseline -0.006 -86"><span class='ocrx_word' id='word_1_708' title='bbox 445 5176 1077 5328; x_wconf 44' lang='lat' dir='ltr'><strong>l“(1‘78)agvicerq&#39;1‘hes.</strong></span> <span class='ocrx_word' id='word_1_709' title='bbox 1105 5180 1257 5250; x_wconf 87' lang='lat' dir='ltr'><strong>eccl.,</strong></span> <span class='ocrx_word' id='word_1_710' title='bbox 1280 5197 1334 5236; x_wconf 80' lang='grc' dir='ltr'>ν.</span> <span class='ocrx_word' id='word_1_711' title='bbox 1352 5179 1744 5252; x_wconf 76' lang='grc' dir='ltr'>Πρεσϐύτερος,</span> <span class='ocrx_word' id='word_1_712' title='bbox 1775 5176 1906 5236; x_wconf 73' lang='lat' dir='ltr'><strong>tom.</strong></span> <span class='ocrx_word' id='word_1_713' title='bbox 1939 5176 2007 5244; x_wconf 90' lang='lat' dir='ltr'><strong>ll,</strong></span> 
     </span>
     <span class='ocr_line' id='line_1_101' title="bbox 515 5274 718 5328; baseline 0.005 -16"><span class='ocrx_word' id='word_1_714' title='bbox 515 5274 568 5328; x_wconf 67' lang='grc' dir='ltr'>ε.</span> <span class='ocrx_word' id='word_1_715' title='bbox 703 5297 718 5313; x_wconf 94' lang='grc'><strong>.</strong></span> 
     </span>
    </p>
   </div>
   <div class='ocr_carea' id='block_1_99' title="bbox 515 5274 718 5328">
    <p class='ocr_par' dir='ltr' id='par_1_99' title="bbox 515 5274 718 5328">
     <span class='ocr_line' id='line_1_102' title="bbox 515 5274 718 5328; baseline 0.005 -16"><span class='ocrx_word' id='word_1_716' title='bbox 515 5274 568 5328; x_wconf 79' lang='lat' dir='ltr'><strong>g.</strong></span> <span class='ocrx_word' id='word_1_717' title='bbox 591 5274 718 5315; x_wconf 61' lang='grc' dir='ltr'><strong>διν.</strong></span> 
     </span>
    </p>
   </div>
   <div class='ocr_carea' id='block_1_100' title="bbox 2109 4825 3688 4955">
    <p class='ocr_par' dir='ltr' id='par_1_100' title="bbox 2109 4825 3688 4955">
     <span class='ocr_line' id='line_1_103' title="bbox 2109 4825 3688 4955; baseline -0.003 -71"><span class='ocrx_word' id='word_1_718' title='bbox 2109 4829 2293 4955; x_wconf 62' lang='grc'><strong>8⁴(118)</strong></span> <span class='ocrx_word' id='word_1_719' title='bbox 2324 4829 2606 4900; x_wconf 88' lang='lat' dir='ltr'><strong>Lequien.,</strong></span> <span class='ocrx_word' id='word_1_720' title='bbox 2638 4829 2823 4884; x_wconf 80' lang='lat' dir='ltr'><strong>Oriens</strong></span> <span class='ocrx_word' id='word_1_721' title='bbox 2847 4828 3074 4892; x_wconf 50' lang='lat' dir='ltr'><strong>Christ”</strong></span> <span class='ocrx_word' id='word_1_722' title='bbox 3103 4834 3233 4882; x_wconf 88' lang='lat' dir='ltr'><strong>tom.</strong></span> <span class='ocrx_word' id='word_1_723' title='bbox 3260 4825 3324 4892; x_wconf 89' lang='lat' dir='ltr'><strong>ll,</strong></span> <span class='ocrx_word' id='word_1_724' title='bbox 3359 4843 3515 4900; x_wconf 88' lang='lat' dir='ltr'><strong>pagg.</strong></span> <span class='ocrx_word' id='word_1_725' title='bbox 3543 4825 3688 4896; x_wconf 70' lang='lat' dir='ltr'><strong>M7,</strong></span> 
     </span>
    </p>
   </div>
   <div class='ocr_carea' id='block_1_101' title="bbox 2187 4965 3322 5039">
    <p class='ocr_par' dir='ltr' id='par_1_101' title="bbox 2187 4965 3322 5039">
     <span class='ocr_line' id='line_1_104' title="bbox 2187 4965 3322 5039; baseline 0 -15"><span class='ocrx_word' id='word_1_726' title='bbox 2187 4969 2300 5039; x_wconf 84' lang='lat' dir='ltr'><strong>(l9)</strong></span> <span class='ocrx_word' id='word_1_727' title='bbox 2327 4970 2528 5039; x_wconf 75' lang='lat' dir='ltr'><strong>Aster.,</strong></span> <span class='ocrx_word' id='word_1_728' title='bbox 2554 4967 2772 5038; x_wconf 84' lang='lat' dir='ltr'><strong>Fragm.</strong></span> <span class='ocrx_word' id='word_1_729' title='bbox 2798 4969 2852 5031; x_wconf 86' lang='lat'><strong>5,</strong></span> <span class='ocrx_word' id='word_1_730' title='bbox 2886 4965 3036 5034; x_wconf 80' lang='lat' dir='ltr'><strong>infr.,</strong></span> <span class='ocrx_word' id='word_1_731' title='bbox 3064 4968 3171 5024; x_wconf 91' lang='lat' dir='ltr'><strong>col.</strong></span> <span class='ocrx_word' id='word_1_732' title='bbox 3199 4967 3322 5024; x_wconf 76' lang='grc'>151.</span> 
     </span>
    </p>
   </div>
   <div class='ocr_carea' id='block_1_102' title="bbox 2191 5037 3273 5110">
    <p class='ocr_par' dir='ltr' id='par_1_102' title="bbox 2191 5037 3273 5110">
     <span class='ocr_line' id='line_1_105' title="bbox 2191 5037 3273 5110; baseline 0 -16"><span class='ocrx_word' id='word_1_733' title='bbox 2191 5037 2303 5110; x_wconf 68' lang='grc'>(20)</span> <span class='ocrx_word' id='word_1_734' title='bbox 2326 5041 2442 5110; x_wconf 60' lang='lat' dir='ltr'><strong>1d.,</strong></span> <span class='ocrx_word' id='word_1_735' title='bbox 2462 5037 2681 5110; x_wconf 72' lang='lat' dir='ltr'><strong>Fragm.</strong></span> <span class='ocrx_word' id='word_1_736' title='bbox 2705 5039 2793 5104; x_wconf 82' lang='lat' dir='ltr'><strong>l0,</strong></span> <span class='ocrx_word' id='word_1_737' title='bbox 2825 5039 2986 5110; x_wconf 57' lang='lat' dir='ltr'><strong>infra,</strong></span> <span class='ocrx_word' id='word_1_738' title='bbox 3005 5039 3113 5093; x_wconf 89' lang='lat' dir='ltr'><strong>col.</strong></span> <span class='ocrx_word' id='word_1_739' title='bbox 3150 5038 3273 5110; x_wconf 82' lang='grc'><strong>155.</strong></span> 
     </span>
    </p>
   </div>
   <div class='ocr_carea' id='block_1_103' title="bbox 2187 5107 3344 5181">
    <p class='ocr_par' dir='ltr' id='par_1_103' title="bbox 2187 5107 3344 5181">
     <span class='ocr_line' id='line_1_106' title="bbox 2187 5107 3344 5181; baseline -0.001 -18"><span class='ocrx_word' id='word_1_740' title='bbox 2187 5107 2296 5181; x_wconf 72' lang='grc'>(21)</span> <span class='ocrx_word' id='word_1_741' title='bbox 2324 5107 2779 5181; x_wconf 58' lang='grc' dir='ltr'><strong>ξιξίιιειηηΜέηιη</strong></span> <span class='ocrx_word' id='word_1_742' title='bbox 2813 5119 2943 5181; x_wconf 70' lang='lat' dir='ltr'><strong>tom.</strong></span> <span class='ocrx_word' id='word_1_743' title='bbox 2971 5107 3037 5174; x_wconf 91' lang='lat' dir='ltr'><strong>ll,</strong></span> <span class='ocrx_word' id='word_1_744' title='bbox 3073 5125 3197 5181; x_wconf 71' lang='lat' dir='ltr'><strong>pag.</strong></span> <span class='ocrx_word' id='word_1_745' title='bbox 3221 5109 3344 5181; x_wconf 68' lang='grc'><strong>441.</strong></span> 
     </span>
    </p>
   </div>
   <div class='ocr_carea' id='block_1_104' title="bbox 2187 5177 3366 5252">
    <p class='ocr_par' dir='ltr' id='par_1_104' title="bbox 2187 5177 3366 5252">
     <span class='ocr_line' id='line_1_107' title="bbox 2187 5177 3366 5252; baseline 0.005 -20"><span class='ocrx_word' id='word_1_746' title='bbox 2187 5177 2297 5252; x_wconf 70' lang='lat'><strong>(&#39;22)</strong></span> <span class='ocrx_word' id='word_1_747' title='bbox 2327 5179 2639 5252; x_wconf 43' lang='lat' dir='ltr'><strong>Herodianq</strong></span> <span class='ocrx_word' id='word_1_748' title='bbox 2664 5177 2983 5252; x_wconf 67' lang='lat' dir='ltr'><strong>Histor._lih.</strong></span> <span class='ocrx_word' id='word_1_749' title='bbox 3023 5177 3093 5243; x_wconf 73' lang='lat' dir='ltr'><strong>vr.</strong></span> <span class='ocrx_word' id='word_1_750' title='bbox 3115 5177 3221 5252; x_wconf 84' lang='lat' dir='ltr'><strong>sub</strong></span> <span class='ocrx_word' id='word_1_751' title='bbox 3245 5179 3366 5238; x_wconf 68' lang='lat' dir='ltr'><strong>mil.</strong></span> 
     </span>
    </p>
   </div>
   <div class='ocr_carea' id='block_1_105' title="bbox 2191 5247 3148 5322">
    <p class='ocr_par' dir='ltr' id='par_1_105' title="bbox 2191 5247 3148 5322">
     <span class='ocr_line' id='line_1_108' title="bbox 2191 5247 3148 5322; baseline 0.002 -20"><span class='ocrx_word' id='word_1_752' title='bbox 2191 5247 2303 5322; x_wconf 73' lang='grc'>(23)</span> <span class='ocrx_word' id='word_1_753' title='bbox 2341 5249 2558 5321; x_wconf 72' lang='lat' dir='ltr'><strong>lt.igalt.,</strong></span> <span class='ocrx_word' id='word_1_754' title='bbox 2591 5248 2798 5321; x_wconf 84' lang='lat' dir='ltr'><strong>prafat.</strong></span> <span class='ocrx_word' id='word_1_755' title='bbox 2829 5249 2896 5304; x_wconf 91' lang='lat' dir='ltr'><strong>ad</strong></span> <span class='ocrx_word' id='word_1_756' title='bbox 2922 5247 3148 5304; x_wconf 87' lang='lat' dir='ltr'><strong>Tertull.</strong></span> 
     </span>
    </p>
   </div>
  </div>
