3918 6194
400 291 496 351 ΗἹ

1769 296 2044 353 ASTEBll
2085 294 2345 354 UBBANI

3539 293 3640 347 I48

395 413 474 470 eri
522 413 708 472 dolore
761 418 996 488 perculsi
1054 417 1275 473 fuerint.
1315 417 1451 474 Cum
1509 435 1637 474 vero
1688 419 1808 488 ejus
1860 420 1964 474 loci

2076 435 2196 482 τους
2221 417 2671 489 (51)).υπηθῆναι.
2717 416 3030 482 Ἀξιούντων
3062 411 3156 469 οὖν
3181 414 3289 468 τῶν
3310 412 3453 468 κατά
3481 413 3648 467 τόπον

393 505 698 580 presbyteri
727 511 1091 580 postularent,
1130 519 1190 565 ut
1234 526 1424 566 eorum
1456 528 1580 582 qua:
1608 521 1798 566 contra
1838 513 1974 568 veri-

391 600 520 656 tatis
541 601 884 659 adversarios
913 603 1057 660 dicta
1086 603 1322 670 fuerant,
1351 606 1811 661 commentarium
1835 606 1971 677 ipsis

391 695 660 766 scriptum
689 697 1054 766 relinquerem
1087 716 1102 752 :
1163 708 1376 754 astante
1421 699 1584 754 etiam
1618 700 1970 771 compresby-

391 795 512 842 tero
536 797 726 844 nostro
777 787 969 845 Zotico
1032 787 1276 854 Otreno,
1347 791 1400 846 id
1467 791 1687 862 quidem
1747 791 1972 846 minime

391 879 662 948 prastiti;
698 879 792 934 sed
819 880 984 934 simul
1036 890 1201 950 atque
1234 880 1342 936 huc
1397 880 1702 945 rediissem,
1729 879 1970 950 scriptu-

392 985 513 1025 rum
543 986 630 1026 me
663 971 871 1038 omnia,
912 979 969 1028 et
1017 975 1084 1027 ad
1131 972 1284 1043 ipsos
1313 972 1718 1045 quamprimum
1761 972 1965 1028 missu-

393 1077 538 1130 rum,
561 1061 674 1119 Deo
705 1054 940 1128 iaventc,
975 1063 1225 1134 promisi.

2078 509 2485 582 πρεσϐυτέρων,
2518 511 2668 575 ὅπως
2694 509 2802 564 τῶν
2851 508 3146 580 λεχθέντων
3183 505 3323 561 κατά
3352 505 3458 559 τῶν
3492 507 3649 560 ἀντι-

2075 602 2465 674 διατιθεμένων
2525 602 2604 675 τῷ
2653 602 2752 674 τῆς
2781 601 3034 674 ἀληθείας
3073 599 3217 670 λόγῳ
3270 599 3566 670 ὑπόμνημά
3593 617 3652 656 τι

2075 695 2494 765 καταλίπωμενσ
2550 694 2814 766 παρόντος
2870 693 2965 746 καὶ
3014 691 3108 745 τοῦ
3163 690 3651 764 συμπρεσϐυτέρου

2071 788 2230 859 ἡμῶν
2273 786 2512 841 Ζωτικοῦ
2559 785 2654 840 τοῦ
2696 787 2955 858 Ὀτρηνοῦ
3001 785 3138 855 (52),
3192 783 3353 837 τοῦτο
3397 785 3492 855 μὲν
3543 784 3652 839 οὐκ

2072 878 2422 951 ἐπράξαμεν·
2483 876 2932 948 ἐπηγγειλάμεθα
2986 877 3043 930 δὲ
3076 875 3261 930 ἐνθάδε
3303 875 3648 946 γράψαντες,

2071 968 2167 1022 τοῦ
2227 968 2431 1042 Κυρίου
2480 968 2744 1034 διδόντος,
2809 966 2898 1023 διά
2963 967 3196 1038 σπουδῆς
3257 967 3496 1038 πέμπειν
3541 970 3649 1024 αὐ-

2070 1064 2185 1127 τοῖς

1773 1181 1838 1239 ll.
1866 1180 1949 1236 Ex
1976 1180 2111 1235 libro
2153 1197 2190 1236 r.

462 1296 629 1367 Igitur
652 1296 925 1352 obstinata
957 1298 1175 1353 illorum
1206 1297 1371 1354 coitio
1391 1299 1656 1355 adversus
1675 1297 1973 1354 Eeclesiam

2154 1295 2217 1349 Ἦ
2243 1297 2422 1350 τοίνυν
2472 1295 2725 1362 ἔνστασις
2753 1296 2933 1352 αὐτῶν
2985 1297 3081 1352 καὶ
3127 1299 3162 1369 ἡ
3205 1297 3513 1370 πρόσφατος
3549 1294 3656 1350 τοῦ

390 1399 447 1443 et
475 1405 613 1444 nova
641 1390 934 1460 perniciosi
971 1393 1284 1449 schismatis
1319 1393 1568 1458 haeresis,
1613 1393 1756 1447 hanc
1785 1392 1970 1446 habuit

2076 1389 2481 1460 ἁποσχίσματος
2526 1390 2738 1460 αἵρεσις
2794 1389 2930 1461 πρὸς
2977 1390 3077 1462 τὴν
3142 1389 3487 1462 Ἐκκλησίαν,
3545 1388 3658 1460 τὴν

391 1481 684 1553 originem.
716 1481 884 1540 Vicus
907 1485 1131 1556 quidam
1167 1500 1289 1541 esse
1310 1485 1514 1540 dicitur
1563 1484 1617 1538 in
1648 1482 1820 1556 Mysia
1847 1499 1977 1539 eon-

392 1576 624 1632 lermina
656 1576 928 1650 Phrygiae,
975 1578 1201 1634 nomine
1232 1577 1450 1634 Ardaba
1477 1597 1492 1632 :
1525 1578 1579 1632 in
1603 1592 1735 1648 quo,
1795 1577 1971 1640 aiunt,

390 1667 712 1724 Montanum
759 1671 1055 1740 quemdam
1089 1684 1155 1726 ex
1205 1671 1273 1727 iis
1301 1671 1396 1742 qui
1445 1670 1686 1726 ﬁdelium
1741 1685 1978 1726 numero.

2069 1484 2251 1538 αἰτίαν
2303 1483 2428 1554 έσχε
2475 1483 2750 1553 τοιαύτην.
2801 1483 2978 1556 Κὼμη
3006 1501 3091 1547 τις
3146 1478 3283 1537 εἶναι
3322 1483 3536 1554 λέγεται
3585 1487 3656 1539 ἐν

2068 1579 2134 1648 τῇ
2163 1575 2304 1631 κατά
2347 1577 2449 1649 τὴν
2494 1576 2736 1648 Φρυγίαν
2778 1577 2966 1649 Μυσίᾳ
3011 1577 3154 1648 (55),
3178 1576 3482 1649 καλουμένη
3523 1577 3656 1651 ’Διρ-

2069 1668 2238 1724 δαϐαὖ
2294 1669 2565 1738 τοῦνομα·
2634 1667 2764 1722 ἔνθα
2815 1670 2950 1740 φασὶ
3013 1667 3139 1722 τινὰ
3188 1668 3299 1722 τῶν
3352 1669 3656 1723 νεοπίστων

393 1777 584 1817 recens
623 1762 850 1833 ascripti
881 1762 1122 1828 fuerant,
1148 1763 1442 1818 immodica
1475 1762 1642 1835 primi
1673 1762 1782 1819 loci
1817 1761 1970 1832 cupi.

2076 1759 2329 1834 πρὼτως,
2383 1761 2661 1816 Μοντανδν
2711 1761 2948 1832 τοῦνομα
3005 1760 3149 1815 κατά
3198 1762 3237 1814 Γ
3241 1761 3402 1833 ράτον
3465 1761 3654 1824 Ἀσίας

389 1853 559 1909 ditate
586 1865 830 1926 captum,
862 1855 1098 1926 primum
1125 1856 1227 1911 sub
1257 1854 1424 1912 Grato
1449 1854 1594 1912 Asiae
1638 1855 1969 1927 proconsule

389 1937 598 2002 aditum
655 1947 710 2002 in
763 1963 822 2004 se
876 1947 1194 2004 adversario
1244 1947 1461 2020 spiritui
1516 1948 1864 2019 praebuisse:
1913 1955 1971 2002 et

389 2036 640 2095 daemone
665 2039 956 2110 repletum,
991 2039 1176 2096 subito
1201 2040 1440 2110 quodam
1476 2037 1662 2095 furore
1682 2055 1747 2096 ac
1769 2038 1970 2095 mentis

390 2143 620 2184 excessu
662 2131 880 2186 concuti
922 2131 1191 2201 coepisse,
1226 2140 1280 2186 et
1337 2147 1476 2187 nova
1502 2131 1752 2202 quaedam
1805 2141 1969 2203 atque

391 2223 640 2278 inaudita
692 2223 987 2294 proloqui;
1047 2222 1410 2279 hariolantem
1467 2239 1534 2280 ac
1583 2225 1966 2296 prtedicentem

388 2313 598 2380 futura,
637 2325 831 2386 praeter
861 2331 1070 2372 morem
1104 2327 1269 2387 atque
1299 2316 1612 2372 institutum
1642 2315 1898 2372 Ecclesia:
1935 2331 1966 2370 a

392 2409 699 2479 majoribus
729 2408 1011 2473 traditum,
1051 2418 1106 2464 et
1153 2409 1415 2466 continua
1459 2409 1716 2480 deinceps
1747 2423 1968 2464 succes-

391 2503 547 2558 sione
579 2512 960 2574 propagatum.
988 2501 1161 2558 Porro
1189 2518 1255 2558 ex
1291 2503 1378 2559 his
1415 2501 1509 2573 qui
1545 2511 1675 2557 tunc
1705 2501 1970 2571 temporis

391 2593 731 2651 adulterinos
759 2595 1002 2652 hominis
1036 2611 1322 2652 sermones
1368 2595 1674 2658 audierant,
1719 2593 1812 2649 alii
1841 2593 1968 2664 qui-

386 2689 514 2744 dem
547 2697 608 2743 ut
633 2688 982 2759 abreptitium
1007 2699 1062 2744 et
1095 2688 1498 2745 daemoniacum
1558 2703 1624 2743 ac
1653 2686 1848 2758 spiritu
1875 2702 1967 2742 er-

389 2781 534 2836 roris
573 2790 779 2848 actum,
815 2782 1118 2853 turbasque
1168 2783 1222 2836 in
1276 2781 1478 2852 populo
1516 2780 1844 2836 excitantem
1883 2780 1966 2834 in-

390 2873 728 2944 dignabundi
761 2873 1148 2945 olijurgabant,
1174 2882 1229 2928 et
1261 2873 1411 2943 loqui
1455 2873 1684 2928 ulterius
1706 2873 1968 2944 prohibe—-

392 2967 559 3023 bant:
592 2968 792 3038 quippe
821 2967 916 3037 qui
957 2967 1022 3022 in
1068 2976 1253 3021 mente
1312 2966 1579 3022 haberent
1609 2967 1902 3022 discrimen:
1935 2982 1968 3022 a

392 3059 626 3114 Domino
681 3067 1068 3132 prmtiotatum,
1123 3059 1412 3129 minasque
1465 3058 1667 3128 quibus
1711 3059 1968 3130 iubemur

2071 1853 2402 1920 ἀνθύπατον,
2454 1854 2513 1907 ὲν
2557 1854 2823 1927 ἐπιθυμία
2869 1855 3046 1926 ψυχῆς
3106 1853 3330 1925 ἀμέτρῳ
3376 1851 3653 1924 φιλοπρω-

2069 1944 2221 2008 τείας
2277 1945 2436 2000 δόντα
2475 1945 2706 2017 πάροδον
2761 1949 2842 2011 εἰς
2889 1947 3079 2000 ἑαυτὸν
3125 1945 3205 2018 τῷ
3259 1945 3649 2018 ἀντικειμένῳ,

2069 2036 2659 2111 πνευματοφορηθῆναί
2735 2055 2796 2091 τε
2849 2039 2946 2092 καὶ
2991 2037 3273 2108 αἰφνιδίως
3329 2039 3388 2092 ὲν
3439 2037 3658 2108 κατοχῇ

2069 2146 2176 2184 τινι
2205 2130 2301 2184 καὶ
2337 2129 2709 2202 παρεκστάσει
2744 2131 3032 2204 γενόμενον
3053 2130 3354 2202 ένθουσιᾷν·
3382 2127 3659 2202 ἄρξασθαί

2069 2238 2128 2274 τε
2152 2220 2330 2275 λαλεῖν
2375 2223 2470 2276 καὶ
2492 2222 2832 2295 ξενοφωνεῖν,
2887 2223 3041 2296 παρὰ
3081 2223 3145 2276 τὸ
3176 2221 3317 2276 κατά
3351 2222 3656 2294 παράδοσιν

2070 2313 2327 2366 καὶκατὰ
2369 2313 2618 2386 διαδοχὴν
2659 2315 2864 2370 ἀνωθεν
2907 2315 3004 2386 τῆς
3048 2313 3375 2386 Ἐκκλησίας
3402 2313 3524 2378 ἔθος
3549 2313 3648 2386 δῆ-

2069 2403 2162 2457 θεν
2190 2404 2621 2476 προφητεύοντα.
2670 2405 2792 2460 Τῶν
2822 2405 2880 2460 δὲ
2927 2406 3047 2460 κατ’
3069 2405 3247 2459 ἐκεῖνο
3272 2405 3467 2478 καιροῦ
3496 2405 3554 2459 ἐν
3574 2406 3646 2478 τῇ

2067 2496 2177 2550 τῶν
2218 2497 2388 2551 νόθων
2448 2499 2861 2570 ὲκφωνημάτων
2913 2497 3178 2571 ἀκροάσει
3211 2498 3540 2569 γενομένων,
3594 2499 3650 2551 ot

2072 2588 2170 2658 μὲν
2197 2587 2272 2652 ὡς
2311 2587 2404 2642 ἐπὶ
2435 2587 2812 2662 ὲνεργουμένῳ
2845 2587 2940 2642 καὶ
2970 2587 3296 2659 δαιμονῶντι
3317 2587 3414 2641 καὶ
3440 2587 3498 2640 ὲν
3519 2585 3656 2640 πλά-

2067 2694 2165 2747 νης
2187 2676 2456 2748 πνεύματι
2495 2677 2816 2750 ὑπάρχοντι,
2855 2677 2954 2732 καὶ
2976 2677 3102 2741 τοὺς
3120 2677 3309 2748 ὄχλους
3327 2676 3652 2748 ταράττοντι

2069 2766 2358 2838 ἀχθόμενοι
2389 2767 2684 2839 ἐπετίμων,
2715 2768 2812 2821 καὶ
2860 2765 3040 2820 λαλεῖν
3069 2765 3324 2821 ἐκώλυον·
3366 2765 3654 2838 μεμνημέ-

2069 2876 2149 2913 νοι
2173 2860 2272 2930 τῆς
2315 2857 2410 2912 τοῦ
2455 2859 2659 2930 Κυρίου
2689 2858 2974 2929 διαστολῆς
3005 2876 3076 2911 τε.
3114 2858 3208 2912 καὶ
3230 2857 3479 2928 ἀπειλῆς,
3508 2859 3652 2928 πρὸς

2068 2953 2129 3007 τὸ
2157 2951 2521 3022 φυλάττεσθαι
2569 2950 2669 3022 τὴν
2707 2949 2817 3004 τῶν
2848 2950 3307 3024 ψευδοπροφητῶν
3342 2952 3649 3023 ἐγρηγορό-

2070 3062 2178 3110 τως
2206 3045 2530 3117 παρουσίαν.
2569 3044 2632 3098 Οἱ
2664 3042 2719 3097 δὲ
2744 3042 2821 3107 ὡς
2849 3042 2986 3115 ἁγίῳ
3008 3042 3287 3114 Πνεὺματι
3312 3043 3405 3097 καὶ
3439 3060 3656 3116 προφη-

391 3152 686 3208 adventum
720 3151 984 3207 falsorum
1008 3152 1398 3222 prophetarum
1451 3153 1738 3224 vigilanter
1764 3169 1828 3208 ac
1853 3155 1968 3208 sol-

2076 3138 2206 3209 τικῴ
2249 3137 2547 3209 χαρίσματι
2593 3135 2942 3208 ἐπαιρόμενοι
2965 3176 2981 3202 ,
3010 3137 3104 3190 καὶ
3149 3137 3247 3207 οὐχ
3273 3137 3477 3207 ἣκιστα
3508 3155 3653 3209 χαυ-

393 3247 542 3302 licite
573 3246 889 3301 observare.
921 3246 1030 3300 Alii
1083 3259 1214 3300 vero
1238 3245 1394 3300 .velut
1421 3255 1615 3304 sancto
1671 3243 1877 3315 Spiritu
1916 3254 1972 3300 et

393 3338 695 3408 prophetiae
721 3339 893 3408 gratia
921 3337 1048 3392 elati
1077 3336 1361 3408 inﬁatique
1392 3336 1589 3392 mirum
1623 3339 1676 3391 in
1721 3337 1967 3403 modum,

393 3442 445 3487 et
494 3431 866 3488 distinctionis
923 3447 955 3486 a
987 3430 1220 3486 Domino
1275 3439 1707 3500 prazmonstratm
1753 3431 1970 3501 penitus

394 3524 568 3586 obliti,
625 3525 775 3579 illum
827 3523 1190 3579 infatuantem
1244 3532 1301 3578 et
1342 3523 1682 3578 adulatorcm
1711 3524 1971 3594 vulgique

395 3612 740 3668 seductorem
772 3611 1023 3682 spiritum
1057 3611 1202 3666 ultro
1235 3611 1305 3668 ad
1337 3611 1672 3684 loquendum
1714 3629 1972 3684 provoca-

393 3705 547 3770 bant,
584 3705 874 3776 captivejus
912 3704 1186 3760 illecebris
1237 3715 1293 3760 et
1341 3705 1396 3759 in
1462 3704 1708 3760 fraudem
1743 3706 1969 3760 inducti.

394 3798 510 3854 Hac
543 3799 710 3870 igitur
730 3809 846 3856 arte
889 3815 984 3855 seu
1025 3799 1211 3870 potius
1242 3799 1433 3855 fraude
1483 3815 1546 3855 ac
1578 3800 1816 3856 versutia
1855 3801 1972 3855 dia-

394 3891 554 3948 bolus
582 3892 845 3948 adversus
871 3908 967 3948 eos
993 3892 1088 3963 qui
1121 3892 1270 3948 dicto
1297 3891 1509 3946 Domini
1539 3892 1822 3947 audientes
1862 3910 1968 3946 non

394 3993 572 4048 erant,
605 3985 834 4040 exitium
875 3985 1245 4050 machinatus,
1296 4001 1420 4041 cum
1454 3985 1654 4040 abillis
1693 3984 1979 4038 immerito

479 4164 585 4235 ί51)
642 4167 750 4220 Καὶ
806 4166 948 4232 τοὺς
997 4165 1359 4231 ἀντιθέτους.
1418 4163 1597 4218 Malim
1657 4164 1970 4232 ἀντιθέους,

396 4243 460 4291 ιιι
490 4236 688 4306 legitur
714 4237 782 4291 ad
817 4236 1116 4304 marginem
1150 4236 1406 4306 editionis
1443 4235 1796 4306 Geneveusis.
1830 4236 1969 4290 Cum

394 4305 563 4361 enim’
593 4307 705 4373 jam
783 4307 985 4361 dixerit
1028 4308 1156 4370 τοὺς
1227 4305 1538 4370 ἐξεναντίας
1578 4305 1970 4377 ἀποκρουσθῆο

395 4395 520 4439 ναι,
583 4377 929 4447 incplissima
984 4388 1130 4433 esset
1191 4377 1477 4447 repetitio.
1542 4376 1588 4430 si
1627 4376 1769 4447 ,τοὺς
1821 4376 1972 4430 ἀντι-

394 4447 583 4510 θέτους
640 4446 835 4502 iterum
873 4451 1201 4502 nominaret.
1256 4446 1453 4516 Verum
1490 4446 1791 4512 ἀντιθέους,
1825 4449 1970 4516 quod

397 4517 558 4588 longe
587 4522 808 4587 gravius
845 4528 948 4582 est,
975 4519 1210 4588 appellat
1259 4515 1642 4588 Montanistas,
1673 4518 1724 4572 id
1755 4515 1855 4572 est,
1876 4518 1970 4574 Dei

395 4587 764 4658 adversarios.
823 4603 890 4642 eo
923 4587 1068 4658 quod
1103 4605 1304 4644 novum
1341 4587 1684 4644 Paracletum
1746 4589 1972 4644 induce-

394 4667 539 4714 rent.
574 4657 750 4729 Atque
775 4659 848 4713 ita
884 4657 954 4713 in,
977 4660 1164 4715 codice
1205 4659 1344 4714 Fuk.
1385 4672 1438 4714 et
1485 4658 1655 4714 Savil.
1705 4661 1968 4729 scriptum

399 4729 647 4784 habetur.
683 4727 740 4782 Si
771 4730 896 4800 quis
937 4745 1068 4800 vero
1091 4730 1401 4794 ἀντιθέτους
1428 4735 1659 4786 retinere
1695 4727 1968 4787 maluerit.

396 4815 508 4856 non
566 4799 909 4870 repugnabo.
936 4799 1076 4854 Infra
1128 4800 1287 4870 enim,
1321 4801 1972 4860 όίοιιιιιιιιθοάντιδιατήέ-

473 4887 573 4935 νοι,
615 4881 676 4926 ιιι
704 4869 760 4925 et
796 4872 940 4939 apud
984 4871 1217 4941 Gregor.
1243 4869 1550 4941 Nyssenum
1595 4871 1690 4926 lib.
1727 4888 1742 4926 ι
1780 4879 1970 4928 contra

421 4941 751 5002 Eunomium.
775 4952 831 4996 et
847 4941 1076 4997 Paulum
1101 4939 1170 4995 in
1201 4939 1244 4994 ll
1278 4939 1345 4996 ad
1372 4941 1611 4995 Timoth.

471 5012 732 5094 (ὅὶλΔΤοῦ
771 5013 1066 5094 Ὀτρη-ιςρῦἷ
1127 5011 1284 5094 Male_
1308 5013 1449 5082 apud
1479 5011 1858 5094 Nicephorum
1885 5013 1970 5094 le-

436 5081 544 5138 itur
567 5081 896 5156 ’Ὁσπρηνοιί
932 5081 1358 5156 Distinguendus
1397 5091 1579 5156 autem
1639 5081 1856 5156 videtur
1884 5083 1973 5136 hic

445 5157 628 5211 oticus-
650 5153 884 5210 Otrenus
909 5170 939 5208 ιι
970 5153 1157 5208 Zotico
1203 5153 1532 5208 Comanensi
1567 5153 1844 5221 episcopo,
1870 5169 1969 5206 cu-

395 5227 489 5296 jus
518 5226 659 5280 inl‘ra
685 5226 935 5281 meminit
983 5225 1075 5280 hic
1112 5233 1322 5279 auctor.
1364 5222 1500 5277 Nam
1532 5233 1586 5278 et
1613 5223 1971 5278 Comanensis

400 5297 490 5350 ille
511 5297 790 5365 antiquior
833 5297 955 5350 fuit.

471 5367 582 5435 (55)
630 5361 725 5421 Ἐν
755 5367 828 5436 τῇ
856 5366 1006 5421 κατὰ
1033 5363 1150 5433 τὴν
1197 5365 1458 5432 Φρυγίαν
1486 5363 1714 5436 Μυσίᾳ.
1739 5361 1970 5436 Ruﬁnus

309 5436 322 5450 ’“
399 5433 608 5510 vertit:
672 5433 826 5492 Vicus
858 5439 1077 5510 quidam
1129 5452 1240 5510 esse
1277 5436 1476 5510 dicitur
1512 5434 1652 5510 apud
1679 5433 1970 5510 Phrygiam

401 5507 592 5578 Mysia:
632 5504 897 5564 civitatem
935 5526 954 5563 :
995 5507 1353 5576 ineptissime.
1383 5505 1493 5562 Nec
1533 5506 1726 5578 melius
1751 5504 1969 5578 Museu-

398 5575 486 5661 ius
501 5575 1099 5661 etQhrignphorspnusi
1119 5580 1562 5661 interpretantur,
1583 5577 1728 5661 apud.
1741 5575 1795 5628 Μ
1793 5577 1968 5661 asiam

399 5647 673 5719 Phrygia'.
699 5646 838 5716 Quid
878 5651 1047 5710 enim.
1071 5646 1290 5720 amabo}
1321 5648 1422 5704 sibi
1456 5648 1570 5720 vult
1600 5646 1768 5720 Mysia
1791 5647 1966 5720 Phry-

399 5716 778 5790 giaefbuplex
838 5721 968 5774 olim
1030 5720 1131 5773 fuit
1176 5719 1368 5790 Mysia,
1431 5719 1574 5774 sicut
1607 5716 1667 5774 ei
1709 5716 1983 5790 Phrygia,

399 5787 535 5847 teste
555 5787 823 5846 Strabone
858 5790 910 5844 in
937 5790 1076 5845 libro
1101 5804 1196 5844 ιιιι.
1226 5787 1346 5844 Alia
1368 5790 1564 5862 majof,
1587 5804 1748 5862 quam
1781 5787 1966 5860 Olym-

2001 4487 2050 4545 Β

2071 3230 2339 3300 νούμενοι,
2371 3229 2464 3282 καὶ
2491 3229 2590 3300 τῆς
2617 3228 2899 3298 διαστολῆς
2931 3227 3025 3282 τοῦ
3066 3228 3272 3302 Κυρίου
3303 3229 3658 3284 ἐπιλανθανό-

2073 3337 2247 3391 μενοι,
2280 3320 2342 3372 τδ
2377 3319 2676 3392 βλαψίφρον
2706 3321 2801 3375 καὶ
2833 3320 3247 3393 ὑποκοριστικδν
3289 3321 3382 3375 καὶ
3412 3321 3652 3376 λαοπλά-

2071 3427 2160 3464 νον
2184 3411 2398 3482 πνεῦμα
2454 3409 2894 3482 ’προύκαλοῦντο⁸
2928 3411 3243 3483 θελγόμενοι
3297 3413 3391 3465 καὶ
3435 3411 3658 3466 πλανώ-

2073 3521 2224 3575 μενοι
2267 3504 2359 3556 ὑπ’
2381 3503 2570 3570 αὑτοῦ,
2611 3505 2691 3569 εἰς
2725 3505 2787 3558 τὸ
2844 3503 3040 3576 μηκέτι
3067 3504 3369 3559 κωλύεσθαι
3399 3507 3647 3576 σιωπᾷν·

2070 3596 2237 3669 τέχνῃ
2282 3595 2338 3650 δέ
2377 3613 2506 3659 τινι,
2569 3595 2767 3666 μᾶλλον
2808 3594 2866 3649 δὲ
2891 3594 3113 3666 τοιαύτῃ
3169 3594 3376 3666 μεθόδῳ
3423 3611 3658 3650 κακοτε-

2073 3688 2224 3760 χνίας
2257 3688 2286 3741 ὀ
2314 3685 2558 3750 διάϐολος
2599 3686 2699 3758 τὴν
2732 3686 2872 3741 κατά
2889 3686 3000 3739 τῶν
3031 3685 3326 3757 παρηκόων
3355 3685 3464 3755 (54)
3493 3684 3653 3738 ἀπώ-

2071 3781 2220 3836 λειαν
2257 3780 2730 3852 μηχανησάμενος,
2754 3780 2848 3833 καὶ
2876 3780 3005 3851 παρ’
3037 3777 3194 3844 ἀξίαν
3239 3779 3331 3830 ὑπ’
3364 3778 3541 3833 αὐτῶν
3567 3796 3651 3832 τι·

2075 3871 2346 3944 μώμενος,
2402 3869 2730 3943 ὑπεξήγειρέ
2759 3889 2820 3925 τε
2854 3872 2948 3925 καὶ
2987 3869 3428 3942 προσεξέκαυσεν
3468 3872 3652 3927 αὐτῶν

2072 3965 2171 4037 τὴν
2197 3965 2713 4037 ἀποκεκοιμημένην
2747 3965 2860 4036 (55)
2914 3964 3026 4018 ἀπὸ
3057 3965 3158 4035 τῆς
3208 3966 3349 4019 κατά
3389 3965 3654 4038 ἀλήθειαν

2071 4183 2265 4238 penem
2290 4177 2449 4222 vocat
2473 4164 2708 4238 _Strabo;
2745 4165 2848 4219 alia
2877 4164 3092 4238 ⁸ιιιίιιοιο,
3129 4180 3291 4236 quam
3323 4163 3660 4238 Hellespon-

2073 4234 2204 4293 tiam
2269 4246 2430 4293 vocat
2472 4236 2819 4306 Ptolemaaus.
2877 4234 3337 4306 Utraque—porro
3390 4235 3644 4306 Phrygia:

2071 4308 2413 4363 contermina
2468 4306 2589 4362 fuit.
2649 4305 2804 4360 Unde
2859 4316 3047 4361 natum
3107 4305 3452 4376 proverbium
3505 4305 3665 4375 apud

2074 4379 2516 4448 (ἱι-ίεςοε,Χωρὶς
2539 4377 2610 4431 τὰ
2634 4377 2856 4432 Μυσῶν.
2892 4377 3019 4431 Fuit
3063 4385 3117 4432 et
3169 4377 3338 4448 altera
3381 4377 3551 4448 Mysia
3591 4377 3649 4430 in

2077 4449 2318 4518 Europa,
2343 4444 2593 4504 Thraciae
2620 4448 2954 4511 cuntributa,
3011 4463 3176 4517 quam
3201 4444 3378 4501 Latini
3424 4444 3648 4518 quidem

2074 4517 2324 4574 Moesiam
2365 4528 2600 4584 vocant,
2639 4518 2810 4574 Graeci
2861 4534 2992 4573 vero
3049 4533 3264 4588 semper
3302 4517 3533 4571 Μυσίαν.
3566 4517 3650 4570 Ad

2075 4591 2417 4661 hujusergo
2457 4591 2902 4661 distinctionem,
2956 4592 2990 4661 ἡ
3023 4588 3184 4661 ,κατὰ
3235 4589 3476 4661 Φρυγίαν
3530 4589 3653 4641 Μυ-

2074 4661 2166 4714 σία
2217 4660 2305 4716 Ιιίο
2356 4659 2560 4730 dicitur
2607 4660 2779 4730 Mysia
2837 4659 3086 4730 Phrygiae
3137 4659 3500 4730 contermina,
3549 4674 3648 4713 seu

2369 4729 2543 4786 Porro
2588 4728 2744 4787 vicus
2789 4731 2894 4786 iste
2939 4728 3008 4785 in
3053 4731 3242 4786 codice
3270 4728 3408 4784 Maz.
3448 4729 3653 4783 dicitur

2214 4819 2246 4853 α
2361 4843 2374 4853 .
2503 4815 2515 4826 .

2087 4802 2374 4855 Ἀοδαϐἄᾶ
2503 4815 2515 4826 ⁸

2159 4869 2258 4941 ξ54)
2283 4871 2442 4926 Κατὰ
2466 4872 2581 4927 τῶν
2611 4873 2947 4941 παρηκόων.
2970 4870 3200 4926 Ruﬁnus
3223 4869 3651 4941 indisciplinatos

2073 4939 2256 5006 vertit,
2319 4943 2598 5000 Musculus
2649 4939 3030 5011 immorigeros,
3082 4957 3190 4997 non
3226 4941 3387 4996 male.
3447 4939 3650 4993 Intelli-

2073 5024 2273 5085 guntur
2297 5015 2442 5068 enim
2499 5015 2532 5068 ii
2577 5014 2670 5084 qui
2727 5021 3064 5085 praereptum
3089 5011 3325 5085 Domini,
3360 5027 3470 5081 quo
3510 5027 3651 5079 pra:-

2073 5084 2264 5140 inoniti
2299 5086 2518 5139 fuerant
2546 5094 2605 5138 ut
2634 5102 2666 5137 ιι
2708 5084 2860 5138 falsis
2917 5084 3196 5152 prophetis
3227 5091 3508 5152 caverent,
3543 5097 3643 5134 ne-

2073 5157 2379 5226 gligebaut;
2426 5155 2523 5225 τῆς
2566 5153 2848 5224 διαστολῆς
2890 5151 2990 5226 τοῦ
3022 5151 3244 5226 Κυρίου
3299 5151 3652 5206 ἐπιλανθανό-

2077 5224 2260 5294 μενοι,
2292 5236 2349 5279 ut
2383 5224 2545 5294 supra
2573 5226 2811 5294 loquitur
2846 5225 2934 5279 hic
2980 5224 3354 5279 innominatus
3383 5226 3642 5293 scriptor.

2071 5295 2312 5352 Pessime
2331 5296 2878 5366 (lliristophnrsonus.

2145 5368 2254 5437 (55)
2296 5367 2413 5434 Τὴν
2445 5363 3016 5435 ἀπὸχεκοιμημένην.
3039 5363 3352 5434 Metaphora
3377 5372 3458 5417 est
3481 5378 3650 5437 amu-

2072 5435 2322 5499 lieribus.
2343 5453 2464 5507 qua;
2494 5439 2686 5492 relicto
2713 5437 2892 5490 mariti
2917 5447 3036 5490 toro
3067 5439 3249 5489 l'urtim
3276 5437 3342 5490 ad
3372 5435 3648 5507 nierqu

2071 5505 2376 5565 transeunt.
2407 5506 2542 5562 Nam
2573 5507 2900 5577 κοιμᾶσθαι,
2939 5524 3034 5562 seu
3066 5508 3322 5571 dormire,
3357 5507 3423 5560 de
3458 5505 3646 5572 hujus-

2073 5581 2218 5634 modi
2246 5579 2526 5633 adulteriis
2555 5579 2661 5632 dici
2691 5579 2848 5642 solet,
2889 5588 2949 5632 ut
2977 5581 3028 5631 in
3075 5577 3228 5631 libris
3262 5577 3435 5632 sacris
3457 5591 3646 5630 oceur~

2071 5651 2144 5704 rit
2173 5666 2277 5704 non
2302 5650 2490 5704 semel.
2537 5648 2692 5715 Quod
2741 5665 2864 5704 eum
2911 5664 3016 5702 non
3049 5647 3370 5717 intelligeret
3396 5646 3648 5701 Christo-

2071 5722 2400 5792 phut'sonus,
2455 5721 2649 5776 erroris
2684 5736 2864 5774 δοιηιιο
2896 5719 3217 5789 consopitum
3249 5719 3434 5774 vertit.-
