3918 6194
207 340 274 398 χω
362 361 368 368 ~
1472 328 1751 387 ΝΟἸἸΤΠᾹ
1784 330 2080 386 ALTERA.

3209 326 3309 381 158

213 512 3295 547 ww

1171 675 1678 770 NOTITIA
1745 675 2203 765 ALTERA

873 880 953 943 (Β.
980 878 1249 935 Consum,
1276 869 1511 941 Epistula:
1531 876 1668 927 Rom.
1690 878 1841 937 pont.,
1870 879 1989 924 tom.
2020 872 2041 921 Ι
2072 875 2126 920 et
2158 864 2397 933 unie.,'p.
2420 868 2551 933 115.)

231 1163 261 1218 l.
297 1161 341 1216 ln
376 1154 997 1230 BucberianoCatalogo,
1034 1167 1093 1213 ut
1138 1166 1194 1214 et
1238 1158 1292 1213 in
1323 1156 1637 1213 Fossatensi
1666 1158 1717 1220 Α
1743 1151 2034 1223 episcopus
2080 1142 2395 1206 damnavit,
2444 1140 2607 1210 hujus
2659 1139 2942 1194 sententiae
2991 1135 3318 1230 subscripsit

178 1258 358 1312 etaltero
382 1254 558 1323 regina:
604 1252 931 1315 Succorum,
980 1252 1047 1306 de
1089 1250 1359 1307 Pontiano
1402 1250 1517 1305 haec
1546 1249 1643 1303 ha-

177 1352 340 1403 beatur:
366 1345 635 1400 Pontianus
659 1346 813 1399 annis
846 1345 1093 1415 quinque,
1124 1343 1386 1398 mensibus
1413 1340 1639 1408 duobus,

174 1440 295 1492 diebus
314 1448 493 1507 septem.
537 1435 665 1490 Fuit
708 1436 1025 1505 temporibus
1062 1434 1353 1489 Alexandri
1385 1451 1416 1486 a
1452 1449 1634 1487 consu-

172 1531 245 1584 lui
264 1529 517 1599 Pompeiani
539 1538 587 1582 et
616 1526 938 1599 Peligniani.
958 1526 1037 1581 Eo
1066 1537 1291 1597 tempore
1314 1524 1642 1596 Nepotianus

170 1626 251 1694 (leg.
274 1622 544 1690 Pontianus)
571 1630 619 1676 et
649 1620 969 1692 Hippolytus
994 1620 1261 1691 presbyter
1290 1618 1495 1675 exsules
1518 1627 1639 1672 sunt

166 1716 353 1785 deporlali
380 1716 426 1768 in
465 1713 690 1768 insulam
737 1714 973 1767 nocivam
1005 1711 1316 1768 Sardiniam
1361 1710 1548 1766 Severo
1592 1719 1642 1766 et

166 1807 428 1874 Quintiniano
452 1805 772 1861 consulibus.
810 1804 876 1859 In
907 1805 1092 1860 eadem
1133 1804 1310 1859 insula
1351 1805 1640 1859 discinctus

164 1912 270 1956 at"
294 1899 521 1955 Kalendas
564 1899 833 1964 Octobris,
864 1907 915 1953 et
949 1898 1063 1953 loco
1106 1898 1219 1969 ejus
1253 1898 1528 1953 ordinatus
1566 1905 1643 1951 est

161 1999 320 2049 Anteros
344 2011 386 2049 st
414 1992 674 2048 Kalendas
700 1992 1025 2059 Decembris,
1054 1992 1353 2047 consulibus
1387 1990 1512 2057 83.,
1540 1991 1644 2047 hoc

160 2097 217 2141 est
236 2101 364 2156 supra
391 2084 615 2155 scriptis.

210 2220 252 2274 2.
273 2218 381 2286 Quid
406 2220 495 2275 illic
520 2219 820 2275 discinctus
843 2219 945 2276 sibi
970 2219 1118 2285 velit,
1161 2218 1263 2275 etsi
1292 2219 1434 2274 inter
1455 2219 1642 2274 erudi-

158 2322 220 2367 tos
256 2328 339 2367 non
378 2313 634 2377 convenit,
682 2313 761 2368 illi
811 2321 992 2368 tamen
1043 2312 1147 2368 hoc
1187 2313 1352 2368 verbo
1391 2312 1641 2368 Pontiani

160 2415 321 2460 mortem
355 2407 606 2463 enuntiari
654 2422 765 2462 nou
812 2406 1079 2462 dubitant.
1114 2405 1183 2460 Et
1212 2421 1340 2461 vero
1366 2406 1411 2461 si
1445 2405 1644 2460 discin-

1744 1245 1939 1299 Roma.
1984 1236 2296 1308 Hieronymi
2341 1251 2404 1291 ea
2435 1235 2502 1289 de
2547 1250 2605 1288 re
2642 1233 2807 1287 verba
2854 1231 3087 1286 Ruﬁnus
3112 1229 3312 1285 Invect.

1742 1338 1837 1393 lib.
1874 1352 1911 1390 ιι
1962 1334 2043 1390 sic
2083 1329 2250 1385 refert
2280 1329 2298 1361 ί
2324 1343 2341 1381 :
2371 1326 2667 1381 Damnatur
2698 1343 2731 1379 a
2768 1325 3030 1380 Demetrio
3074 1325 3317 1395 episcopo

1744 1425 2122 1500 (Origenes)...
2164 1420 2231 1476 In
2275 1420 2671 1475 damnationem
2723 1419 2839 1488 ejus
2888 1417 3143 1472 consentit
3193 1416 3318 1470 urbs

1744 1522 1933 1577 Roma.
1965 1518 2094 1589 Ipsa
2121 1528 2305 1572 contra
2334 1516 2473 1569 hunc
2504 1515 2642 1584 cogit
2684 1520 2945 1575 senatum,
2976 1526 3077 1564 non
3106 1520 3321 1580 praptcr

1743 1613 2047 1682 dogmatum
2075 1610 2380 1673 novitatem,
2411 1609 2515 1660 non
2544 1612 2755 1674 propter
2786 1600 3046 1665 hazresim,
3080 1608 3137 1653 ut
3177 1615 3317 1653 nunc

1743 1704 1991 1758 adversus
2027 1717 2144 1755 eum
2178 1699 2352 1754 rabidi
2392 1715 2545 1753 canes
2592 1697 2883 1761 simulant;
2918 1695 3009 1750 sed
3046 1695 3172 1767 quia
3202 1693 3320 1764 glo-

1744 1797 1881 1849 riam
1911 1792 2222 1863 eloquentia:
2263 1790 2378 1861 ejus
2420 1800 2469 1845 et
2505 1789 2737 1844 scientia:
2765 1788 2901 1857 ferre
2927 1802 3030 1841 non
3053 1793 3318 1856 poterant.

1743 1881 1871 1940 Haec
1902 1898 2064 1953 porro
2091 1880 2308 1936 invidia:
2338 1880 2486 1934 labes
2516 1876 2908 1940 Alexandrino,
2933 1890 3041 1929 non
3075 1874 3321 1929 Romano

1744 1976 1972 2032 antistiti
2017 1975 2086 2029 ab
2127 1972 2454 2044 Hieronymo
2504 1970 2763 2025 inuritur.
2804 1966 2915 2024 Nec
2946 1966 3219 2023 immerito
3252 1966 3320 2021 ad

1745 2065 2050 2122 Romanum
2083 2065 2390 2135 pontiﬁcem
2432 2062 2660 2132 ejusque
2701 2061 2906 2116 clerum
2942 2059 3026 2113 vir
3058 2058 3322 2129 religione

1742 2169 1798 2216 et
1823 2159 2130 2215 eruditione
2159 2158 2342 2211 clarus
2372 2155 2423 2211 id
2448 2154 2857 2219 accommodat,
2884 2150 3031 2222 quod
3058 2149 3324 2220 Augusti-

1744 2266 1848 2306 nus
1874 2250 1896 2280 ⁸
1931 2250 1999 2305 de
2040 2248 2230 2313 altera,
2276 2245 2371 2302 sed
2422 2243 2587 2299 simili
2617 2257 2783 2298 causa
2828 2240 3008 2295 dixit:
3046 2237 3329 2294 Creditum

1742 2354 1820 2399 est
1868 2344 2060 2399 litteris
2100 2339 2350 2405 concilii;
2400 2353 2562 2408 neque
2593 2336 2732 2391 enim
2778 2334 2937 2388 aliter
2975 2332 3318 2403 oportebat...

1746 2436 1908 2493 Salva
1936 2435 2074 2490 enim
2104 2432 2422 2487 conscientia
2453 2429 2645 2484 litteris
2691 2428 2905 2481 concilii
2934 2424 3265 2480 crediderunt
3300 2440 3320 2478 :

159 2515 234 2566 ,σε
259 2498 390 2553 idest
415 2499 546 2569 apud
580 2499 997 2570 grammaticos,
1028 2498 1173 2569 quod
1200 2499 1363 2569 ofﬁcio
1388 2509 1435 2552 et
1465 2498 1643 2568 digni-

1746 2545 1908 2600 neque
1936 2528 2075 2591 enim
2102 2525 2169 2579 ab
2202 2523 2501 2578 hominibus
2529 2522 2593 2576 de
2632 2520 2756 2573 aliis
2786 2517 3085 2571 hominibus
3112 2516 3318 2586 aliquid

159 2600 227 2641 lett
258 2590 459 2657 privare,
506 2606 615 2645 non
676 2590 859 2661 inepte
895 2591 1093 2646 dicitur
1138 2591 1426 2645 discinctus
1476 2604 1637 2660 papa,

158 2696 263 2747 quem
290 2696 411 2737 mors
436 2680 714 2751 pontiﬁcio
738 2680 999 2751 dignitate
1029 2680 1279 2751 privavit.
1316 2679 1429 2735 Hoc
1456 2687 1637 2734 autem

158 2772 292 2835 posito,
334 2772 558 2842 sequitur
608 2781 674 2826 ut
718 2770 1020 2826 Pontianus
1060 2786 1207 2826 anno
1253 2771 1378 2837 230,
1410 2769 1540 2826 Julii
1569 2768 1642 2823 22

157 2863 225 2923 die,
250 2861 352 2917 lcria
385 2868 566 2935 quinta
604 2864 932 2931 ordinatus,
970 2881 1115 2919 anno
1137 2865 1264 2931 2.35,
1308 2862 1641 2935 Septembris

157 2952 394 3010 28dieuna
439 2972 558 3011 eum
604 2957 722 3011 vita
770 2966 1078 3026 susceptam
1116 2956 1363 3011 amiserit
1402 2955 1641 3026 dignita-

157 3053 238 3098 tem.
260 3044 345 3102 Nec
371 3049 544 3105 obstat
571 3050 724 3121 quod
750 3066 893 3105 anno
924 3050 1029 3105 2'50
1054 3065 1162 3104 non
1188 3048 1552 3120 Pompeianus
1586 3054 1642 3103 et

157 3134 446 3207 ielignianus,
476 3142 569 3197 sed
613 3141 869 3212 Agricola
904 3152 958 3197 et
987 3141 1361 3197 Clementinus
1389 3141 1645 3197 consula-

158 3237 227 3281 Iun
253 3233 501 3299 gesserint.
539 3232 640 3289 Sic
687 3234 831 3288 enim
877 3233 1161 3298 hactenus,
1190 3233 1265 3287 uti
1304 3232 1417 3303 jam
1450 3233 1503 3287 in
1539 3231 1644 3288 Te-

158 3319 334 3389 lesphoro
376 3326 695 3395 observavi,
745 3327 1079 3397 compositus
1130 3334 1214 3382 est
1267 3325 1644 3382 Bucherianus

158 3414 370 3487 catalogus,
417 3427 469 3473 et
518 3422 587 3475 ad
646 3421 767 3490 ejus
817 3420 1173 3475 imitationem
1218 3421 1421 3482 caeteri,
1464 3420 1642 3491 utqui

161 3504 255 3559 illum
280 3512 603 3582 conscripsit,
638 3513 895 3568 consules
917 3513 1117 3584 quibus
1143 3514 1373 3583 quisque
1401 3513 1643 3583 pontifex

160 3598 264 3652 vitam
291 3603 487 3672 linietit,
519 3606 695 3660 semel
734 3616 951 3661 notasse
987 3614 1296 3672 contentus,
1323 3606 1542 3661 eosdem
1588 3607 1641 3660 in

160 3703 446 3751 summorum
475 3697 641 3751 initio
669 3697 1005 3768 designando
1036 3706 1279 3767 repetere
1316 3696 1539 3752 caverit.
1566 3697 1645 3751 Ac

160 3781 237 3835 licet
257 3786 509 3859 plerosque
556 3790 752 3843 iisdem
784 3789 1133 3854 consulibus,
1162 3789 1363 3859 quibus
1392 3788 1646 3845 decessoo

1741 2619 2045 2677 incredibile
2088 2618 2395 2679 dicebatur,
2450 2625 2542 2668 aut
2598 2613 2673 2668 eis
2732 2621 2918 2665 contra
2975 2607 3323 2679 Evangelium

1741 2714 2114 2771 credebatur...
2150 2709 2294 2763 Sane
2322 2704 2614 2761 concordia
2647 2701 3016 2756 Ecelesiarum
3060 2698 3318 2769 postulat,

1742 2802 2199 2878 quemadmodum
2223 2798 2517 2855 concilium
2544 2794 2844 2859 Nicaznum,
2866 2806 2989 2847 can.
3010 2790 3063 2857 5,
3088 2790 3329 2847 subinde

1743 2899 1945 2964 sanxit,
1973 2905 2035 2951 ut
2063 2912 2092 2950 a
2116 2893 2334 2965 proprio
2358 2890 2617 2962 episcopo
2638 2888 2761 2959 quis
2787 2884 3320 2947 escommunieatus,

1742 2992 1813 3049 ab
1851 2990 1973 3046 aliis
2001 3004 2107 3043 non
2154 2985 2472 3056 recipiatur,
2513 2982 2620 3037 nisi
2668 2981 2887 3036 aliunde
2917 2985 3193 3048 comperta
3223 2975 3323 3030 ha-

1742 3084 1936 3139 beatur
1981 3080 2101 3149 ejus
2147 3076 2479 3140 innocentia,
2515 3073 2694 3144 quoad
2736 3072 2907 3143 ipsius
2936 3084 3102 3125 causa
3133 3066 3203 3122 de
3234 3066 3322 3121 in-

1744 3184 1895 3246 legro
1930 3172 2180 3228 discussa
2210 3168 2544 3223 absolvatur.
2577 3164 2711 3219 Hinc
2741 3174 3001 3234 praetcrea
3027 3166 3322 3217 excusatur

1744 3264 2117 3321 Romanorum
2157 3276 2281 3316 cum
2337 3258 2611 3314 Demetrio
2651 3258 2704 3310 in
2734 3254 2985 3326 Origenis
3013 3250 3322 3308 damnatio-

1746 3374 1867 3414 nem
1893 3355 2207 3418 consensio,
2236 3352 2401 3424 quod,
2442 3360 2576 3407 teste
2610 3350 2806 3404 Ruﬁno
2838 3347 2994 3418 Apol.
3027 3363 3122 3416 pro
3142 3346 3326 3415 0riy.,

1746 3449 1974 3504 Romam
2005 3445 2166 3501 delati
2198 3443 2411 3498 fuerant
2441 3442 2565 3497 libri
2603 3439 2821 3511 Origeni
2861 3438 3152 3510 suppositi,
3185 3438 3327 3502 imo,

1746 3551 1804 3594 ut
1834 3539 2197 3608 Hieronymus
2238 3534 2397 3604 epist.
2424 3533 2494 3587 65
2527 3532 2594 3587 ad
2628 3531 2969 3598 Pammaeh.,
3007 3546 3056 3585 e.
3095 3529 3161 3595 5,
3194 3544 3324 3583 nar-

1745 3641 1849 3695 rat,
1877 3631 2097 3701 quidam
2147 3630 2319 3699 ipsius
2364 3626 2569 3696 proprii
2620 3640 2730 3678 non
2774 3624 2908 3678 satis
2952 3622 3231 3692 castigati,
3265 3621 3328 3675 in

1746 3725 1948 3794 quibus
1974 3722 2236 3778 nonnulla
2269 3729 2425 3775 erant
2448 3716 2913 3789 reprehendenda,
2946 3731 3177 3786 quaeque
3199 3713 3325 3769 Ori-

1747 3831 1959 3885 genem,
1990 3825 2048 3869 ut
2087 3815 2315 3884 ipsemet
2349 3820 2538 3882 postea
2577 3810 2629 3864 in
2664 3809 2893 3879 epistola
2919 3808 2986 3862 ad
3018 3806 3323 3863 Fabianum

161 3874 457 3975 33.0mm“
488 3897 557 3975 "5
590 3888 1179 3975 STPCFCSS'SSCFOM‘“,
1217 3880 1413 3975 horum
1460 3888 1640 3935 tamen
1672 3916 1713 3975 α
1753 3907 1933 3963 fassus
1958 3916 2063 3973 est,
2101 3906 2383 3975 scripsisse
2409 3902 2725 3973 pwnitebat.
2751 3901 2884 3957 Cum
2924 3909 3105 3955 autem
3135 3898 3325 3953 Deme-

160 3959 303 4021 iaitium
340 3986 438 4025 non
488 3973 560 4027 ab
606 3972 828 4038 iisdem,
858 3974 951 4028 sed
985 3988 1014 4025 a
1054 3973 1405 4043 sequentibus
1444 3988 1646 4028 consu-

161 4052 250 4111 libus
271 4063 571 4134 consignare
604 4067 902 4121 consuevit.
931 4065 1199 4120 Praedieto
1226 4073 1405 4119 autem
1436 4064 1645 4119 calculo

161 4160 282 4204 mm
324 4157 638 4213 conciliatur
692 4158 993 4222 Eusebius,
1043 4159 1135 4229 qui
1195 4158 1523 4212 Pontianum
1588 4158 1642 4212 in

162 4240 340 4303 Chonico
374 4253 592 4322 quidem
642 4255 793 4306 annis
824 4255 1075 4325 quinque,
1105 4255 1158 4308 in
1206 4253 1449 4308 Ilisloria
1490 4255 1644 4308 annis

162 4349 217 4385 ια
244 4342 583 4412 episcopatum
634 4345 876 4401 tenuisse
927 4348 1137 4402 scribit.
1189 4345 1324 4401 Nam
1378 4356 1432 4401 et
1488 4348 1646 4401 annis

162 4428 327 4499 (ἰείιηιιε
368 4437 648 4508 completis
672 4477 686 4501 ,
721 4445 779 4493 et
820 4454 914 4493 sex
963 4439 1305 4510 ineompletis
1346 4438 1643 4494 Ecclesium

162 4518 489 4583 ministravit.
507 4528 569 4583 In
590 4539 907 4585 transcursu
923 4530 1013 4586 hic
1037 4531 1302 4585 moneoin
1332 4530 1647 4587 Victoriano

162 4624 302 4671 unone
330 4622 457 4689 apud
506 4620 837 4678 Eucherium
863 4665 878 4689 ,
904 4641 958 4695 p.
990 4625 1091 4687 54,
1139 4624 1469 4695 Pompeiano
1517 4640 1647 4679 eon-

164 4704 228 4757 suli
262 4725 345 4766 non
389 4713 804 4787 Pelignianum,
853 4719 943 4773 sed
990 4718 1326 4774 Felicianum
1384 4718 1646 4789 collegam

164 4796 330 4871 adiungi.
352 4804 546 4863 Verum
592 4810 694 4866 iste
730 4827 905 4866 canon
949 4828 1057 4869 non
1091 4813 1252 4867 modo
1280 4828 1344 4867 ex
1372 4811 1645 4867 Romano-

164 4899 240 4943 mn
262 4900 547 4959 mntiﬁeum
581 4904 849 4975 catalogo,
891 4906 984 4960 sed
1029 4915 1084 4960 et
1117 4922 1183 4960 ex
1211 4906 1438 4975 antiquo
1472 4905 1645 4960 fasto-

164 4992 238 5036 l'lm
265 4994 603 5051 consularium
631 4996 932 5067 fragmento
964 5000 1105 5068 apud
1133 5000 1383 5054 eumdem
1436 4998 1649 5054 Boche-

165 5072 253 5128 ηοω
270 5095 372 5152 pag.
396 5086 497 5140 247
518 5099 600 5143 est
628 5090 907 5158 corrigend
918 5107 999 5145 us.

187 5162 235 5219 υτ
258 5171 467 5245 Origenis
494 5182 856 5246 damnatione,
886 5195 935 5236 et
965 5184 1028 5237 de
1055 5183 1311 5238 Pontiani
1345 5185 1606 5254 epistolis.

212 5262 243 5313 l.
289 5264 553 5342 Postquam
601 5273 887 5345 Origcnem
948 5276 1253 5333 Demetrius
1301 5278 1642 5333 Alexandriae

215 5418 363 5493 'Apud
388 5428 626 5503 Hierom,
649 5450 776 5491 nov.
811 5435 941 5494 edit.
973 5447 1103 5494 tom.
1128 5437 1219 5507 ιγ,
1248 5453 1370 5511 pag.
1396 5440 1519 5495 450.

1746 4000 1836 4053 trii
1869 4014 2017 4053 mors
2045 4012 2189 4051 anno
2209 3995 2312 4051 251
2343 3995 2581 4055 labente,
2618 3991 2703 4046 vel
2745 4000 2804 4044 ut
2829 3991 3005 4046 serius
3034 4005 3179 4044 anno
3215 3989 3324 4043 9.52

1745 4090 2117 4161 consignetur,
2150 4088 2267 4143 ham
2289 4084 2539 4157 Origcnis
2570 4082 2852 4138 damnatio
2885 4080 3158 4136 Pontiano
3186 4096 3325 4150 pon-

1745 4183 1907 4248 tiﬁce,
1935 4191 1989 4236 et
2016 4181 2203 4251 primis
2235 4180 2453 4250 quidem
2494 4178 2639 4233 illius
2679 4176 2836 4232 annis
2860 4218 2874 4242 ,
2919 4174 3211 4244 contigisse
3236 4174 3325 4229 di-

1745 4271 1915 4326 cenda
1945 4278 2047 4324 est.
2074 4268 2187 4324 Hac
2215 4269 2283 4323 de
2315 4285 2375 4323 re
2406 4268 2706 4323 Pontianus
2742 4282 2848 4320 non
2876 4266 3049 4332 solus,
3076 4265 3168 4320 sed
3197 4281 3324 4319 eum

1746 4371 1978 4427 senatu,
2033 4362 2138 4417 hoc
2178 4369 2263 4416 est
2310 4376 2434 4416 cum
2474 4361 2643 4423 clero,
2690 4359 3085 4428 pronuntiavit.
3137 4356 3324 4428 Neque

1746 4456 1888 4511 male
1912 4464 2085 4511 cretus
2120 4455 2209 4509 ille
2230 4454 2384 4521 cleri,
2408 4469 2570 4523 quem
2598 4451 2979 4523 presbyterium
3010 4468 3205 4507 vocare
3232 4469 3326 4506 ve-

1747 4554 1890 4601 teres
1919 4545 2117 4607 solent,
2162 4553 2374 4598 senatus
2402 4544 2471 4596 ab
2509 4540 2841 4611 Hieronymo
2881 4540 3184 4610 appellatus
3215 4549 3323 4595 est.

1746 4637 1941 4693 Latine
1983 4636 2184 4706 quippe
2238 4642 2453 4689 senatus
2509 4632 2711 4688 Grazcaa
2761 4631 2883 4686 voci
2932 4630 3326 4703 πρεσϐυτέριον

1746 4739 1870 4799 apte
1900 4728 2212 4797 respondet.
2236 4726 2505 4780 Caeterum
2543 4733 2721 4781 cretus
2753 4724 2844 4780 ille
2880 4724 3258 4793 presbyterium
3291 4739 3322 4777 a

1747 4820 1983 4891 digniori
2016 4827 2170 4889 parte
2209 4828 2574 4887 nuncupatur,
2606 4818 2857 4887 quamvis
2890 4816 3053 4870 etiam
3102 4814 3325 4883 presby-

1749 4911 1884 4967 teris
1926 4909 2217 4965 inl'eriores
2262 4907 2448 4965 clerici
2488 4909 2780 4964 convenire
2824 4908 2878 4963 in
2929 4922 3054 4963 eum
3096 4920 3323 4960 consue-

1747 5003 1943 5059 verint.

1818 5097 2070 5153 Pontiani
2099 5097 2221 5152 dua:
2246 5096 2473 5165 fexstant
2502 5096 2746 5167 epistolae
2786 5095 2992 5151 Isidoro
3025 5092 3320 5148 architecto

1749 5188 2109 5254 concinnatae,
2141 5188 2386 5258 adeoque
2434 5189 2491 5242 in
2536 5204 2725 5243 earum
2777 5188 3040 5251 classem,
3072 5199 3208 5255 quas
3231 5182 3320 5238 ille

1750 5281 1952 5351 pariter
1981 5281 2257 5348 conﬂavit,
2282 5280 2658 5336 amandandm.

1669 5438 1689 5468 ²
1716 5435 1836 5494 Lib.
1870 5436 1944 5492 De
1968 5437 2103 5493 unit.
2136 5437 2307 5505 Eccl.,
2336 5453 2386 5495 c.
2410 5436 2503 5505 25,
2525 5452 2583 5492 n.
2611 5433 2697 5491 18.
