3918 6194
249 289 317 343 151

1597 273 1975 332 ΕΡΙδΤΟΙηΕ.

3248 274 3354 328 162

248 410 397 463 minam
414 398 607 455 insidias
631 396 902 468 adjuvare,
919 411 1216 468 eorumque
1235 411 1431 453 causas
1456 406 1693 468 portare,
1723 401 1768 455 A
1797 394 2190 452 instantissime
2241 392 2515 461 laborate,
2547 392 2928 463 eleemosynis,
2970 407 3107 461 quas
3140 407 3354 461 semper

250 502 382 555 scitote
403 507 476 545 ros
495 492 543 544 in
570 502 634 543 eo
669 490 819 543 valde
851 488 963 544 Deo
991 489 1222 559 placere,
1251 490 1342 559 qui
1378 490 1477 546 sibi
1505 505 1599 546 eos
1628 490 1695 544 ad

245 582 493 642 serviendum
515 580 722 639 ascivit.
744 587 797 632 ct
822 577 1117 635 familiares
1149 579 1415 632 intautum
1447 579 1548 633 sibi
1574 594 1695 633 esse

240 676 366 737 voluit,
386 681 433 725 ut
455 671 603 723 etiam
638 671 865 722 aliorum
896 670 1099 723 hostias
1127 685 1224 738 per
1248 684 1344 724 eos
1371 679 1689 738 acceptaret,

232 781 344 835 atque
368 778 526 818 eorum
551 772 762 831 peccata
788 761 1031 826 donaret,
1059 761 1270 829 sibique
1300 760 1687 815 reconciliaret.

231 862 301 929 Ipsi
334 872 514 926 quoque
541 856 756 924 proprio
801 869 897 909 ore
935 870 1133 924 corpus
1178 853 1390 907 Domini
1419 852 1495 924 (6)
1523 852 1692 909 conli-

225 951 366 1012 ciunt‘,
392 959 433 1002 et
452 947 656 1016 populis
688 947 923 1000 tradunt.
942 946 1016 1000 De
1040 947 1147 999 illis
1172 947 1316 1000 cnim
1341 946 1543 1000 dictum
1567 954 1649 999 est
1672 962 1687 1000 :

225 1043 295 1106 Qui
317 1056 381 1092 nos
398 1038 733 1098 contristabit,
758 1053 838 1090 me
859 1038 1189 1091 contristabit
1207 1054 1225 1097 :
1246 1049 1293 1091 et
1315 1038 1402 1104 qui
1435 1036 1573 1090 vobis
1603 1038 1689 1104 fa-

221 1138 288 1187 det
305 1132 535 1201 injuriant,
554 1132 762 1199 recipiet
779 1129 831 1182 id
846 1131 981 1200 quod
1001 1130 1174 1200 inique
1193 1130 1403 1201 gessit‘.
1438 1128 1503 1182 Et
1522 1129 1647 1183 alibi
1673 1148 1685 1182 :

219 1226 290 1290 Qui
312 1241 377 1277 ras
396 1225 549 1288 audit,
577 1240 658 1276 me
682 1224 863 1284 audit;
890 1232 937 1275 et
963 1223 1051 1291 qui
1076 1238 1161 1275 vos
1196 1223 1415 1291 spernit,
1445 1238 1524 1276 me
1549 1240 1681 1291 sper-

216 1317 377 1382 ait;qu
387 1322 546 1365 autem
570 1329 649 1364 me
670 1313 888 1381 spernit,
916 1313 1108 1381 spernit
1130 1329 1245 1366 eum
1270 1313 1359 1378 qui
1383 1328 1461 1366 me
1483 1314 1625 1366 misit
1645 1315 1685 1366 ⁸.

215 1408 258 1461 lli
278 1407 391 1459 enim
418 1420 515 1457 non
543 1414 671 1459 sunt
702 1404 1013 1472 iufestandi,
1044 1405 1136 1459 sed
1174 1405 1495 1459 honorandi.
1523 1405 1577 1458 ln
1606 1407 1689 1459 his

211 1510 374 1567 quoque
404 1494 653 1550 Dominus
687 1496 1008 1558 honoratur,
1055 1496 1211 1565 cujus
1258 1496 1522 1566 legatione
1568 1495 1685 1549 fun-

209 1620 371 1679 guntur.
392 1607 449 1661 iii
480 1623 625 1679 ergo,
660 1608 704 1662 si
736 1608 873 1663 forte
895 1608 1207 1675 ceciderint,
1235 1626 1264 1662 a
1296 1609 1541 1664 fidelibus
1562 1616 1713 1663 sunt

208 1701 450 1758 sublevandi
480 1711 530 1755 et
562 1702 836 1771 portandi.
866 1702 1162 1756 Accusandi
1211 1713 1389 1756 autem
1424 1717 1529 1754 non
1562 1710 1687 1754 sunt

207 1792 255 1845 ab
272 1791 539 1856 infamibus,
574 1801 669 1845 aut
710 1793 1009 1859 sceleratis,
1040 1794 1124 1846 vel
1157 1793 1410 1857 inimicis,
1439 1802 1532 1846 aut
1557 1793 1687 1845 alte-

206 1885 286 1937 rius
310 1892 438 1935 παπ
462 1881 538 1935 vel
566 1881 847 1951 religionis
875 1884 1202 1938 hominibus.
1243 1884 1297 1940 Si
1327 1886 1685 1953 peccaverint,

202 1991 225 2028 δ
271 1974 453 2044 reliquis
507 1984 809 2045 arguantur
884 1976 1302 2041 sacerdotibus;
1377 1976 1469 2031 sed
1531 1985 1585 2031 et
1636 1970 1685 2031 ‘a

204 2068 379 2122 summis
406 2068 753 2138 pontificibus
786 2068 1248 2137 constringautur,
1294 2077 1347 2122 et.
1390 2083 1499 2122 non
1529 2084 1557 2121 a
1585 2084 1687 2123 sa:-

206 2160 541 2221 cularibus,aut
575 2160 740 2214 mala:
772 2159 897 2213 vitae
946 2159 1259 2212 hominibus
1290 2168 1583 2229 arguantur
1606 2160 1688 2213 vel

203 2261 440 2305 arceantur.
463 2251 616 2317 Quod
654 2265 788 2321 ergo
814 2252 881 2305 de
905 2250 1087 2305 fratris
1134 2251 1297 2305 vestri
1332 2252 1562 2306 transitu
1591 2266 1687 2307 vos

202 2342 440 2395 contristari
468 2341 785 2396 audivimus
816 2341 857 2408 ",
894 2356 1001 2395 non
1033 2342 1246 2397 modico
1287 2343 1551 2412 compulsi
1591 2359 1690 2397 su-

200 2446 289 2484 mus
308 2447 529 2487 tumore.
561 2430 726 2486 Unde
758 2432 1179 2501 omnipotentem
1208 2432 1371 2487 Deum
1411 2449 1686 2504 rogamus,

199 2531 241 2574 ut
261 2538 348 2576 suae
365 2537 451 2577 vos
480 2524 671 2594 gratia:
698 2525 1027 2593 aspiratione
1056 2525 1386 2591 consoletur,
1415 2540 1617 2595 vosque
1639 2537 1690 2582 et

198 2626 220 2661 ι
244 2612 446 2680 malignis
464 2612 774 2681 spiritibus,
797 2622 851 2667 et
878 2628 906 2666 a
931 2613 1199 2681 perversis
1222 2614 1555 2682 hominibus,
1579 2632 1691 2671 cm-

200 2703 283 2756 iesti
330 2703 649 2772 protectione
682 2704 993 2771 lcustodiat.
1036 2703 1170 2758 Nam
1219 2714 1271 2760 et
1316 2707 1361 2761 si
1388 2722 1542 2777 ,quos
1573 2719 1693 2777 post

199 2794 304 2848 illius
348 2795 537 2849 obitum
578 2800 854 2851 tumultus
890 2798 1248 2865 quorumdam
1284 2798 1688 2853 adversantium

198 2884 434 2947 sustinetis,
473 2880 642 2939 nolite
675 2884 895 2947 mirari,
933 2884 978 2938 si
1011 2899 1135 2948 vos,
1184 2883 1276 2953 qui
1307 2883 1412 2938 frui
1452 2884 1608 2939 bonis
1638 2884 1690 2938 in

197 2986 299 3028 terra
338 2986 516 3043 vestra,
548 2978 604 3032 id
635 2986 742 3041 est,
792 2977 846 3030 in
893 2987 1033 3032 terra
1064 2976 1360 3029 viventium
1400 2976 1641 3045 quaeritis
1664 3017 1680 3043 ,

1791 483 2041 546 amastis,
2066 482 2179 552 jam
2212 498 2357 536 nunc
2401 482 2602 552 largius
2636 490 2796 551 atque
2823 481 3045 535 uberius
3072 482 3194 536 date
3224 498 3348 551 Ope-

1789 590 1929 638 ram,
1955 583 2011 627 ut
2031 584 2182 628 tanto
2210 583 2331 643 post
2358 586 2567 629 crescat
2593 575 2748 629 vobis
2782 575 2834 628 in
2858 574 3211 628 retributione
3236 574 3355 628 fru-

1790 676 1910 719 ctus
1939 665 2199 730 muneris,
2230 675 2437 735 quanto
2494 666 2582 721 hic
2626 667 2925 721 excreverit
2980 665 3219 719 studium
3270 665 3350 719 la-

1788 758 1957 813 boris.

1858 850 2142 913 Praeterea,
2179 849 2479 905 salutantes
2504 857 2725 918 paterna
2744 846 3028 903 dulcedine
3055 846 3351 902 bonitatem

1787 950 2021 995 vestram
2053 942 2095 1006 ⁸,
2125 943 2357 1010 petimus
2391 950 2451 994 ut
2494 941 2547 992 in
2592 939 2768 1002 bouis,
2814 954 2934 1006 quae
2983 938 3244 1007 coepistis,
3287 952 3358 991 ne

1786 1034 2067 1088 deficiatis.
2116 1033 2297 1103 Neque
2329 1036 2472 1088 ullus
2506 1047 2602 1087 vos
2647 1032 2716 1085 ab
2760 1031 2840 1085 eis
2879 1040 3122 1085 avertere
3155 1030 3352 1099 possit,

1787 1127 1881 1180 sed
1913 1126 1966 1178 in
2007 1127 2217 1180 cunctis
2247 1125 2498 1179 affectum
2536 1136 2727 1177 vestrae
2750 1122 3065 1183 “charitatis,
3093 1119 3274 1174 clerici
3300 1128 3359 1173 et.

1789 1217 1928 1271 servi
1968 1215 2082 1279 Dei,
2118 1232 2181 1271 ac
2203 1215 2385 1270 cuncti
2417 1212 2735 1276 Christiani,
2761 1212 2852 1281 qui
2884 1212 2936 1265 in
2974 1211 3081 1265 illis
3110 1209 3357 1278 partibus

1788 1319 2214 1371 commorantur,
2260 1322 2444 1361 aniore
2490 1304 2692 1359 Christi
2737 1312 2789 1356 et
2826 1302 2882 1356 S.
2936 1300 3078 1355 Petri
3129 1300 3355 1369 pleniter

1790 1399 2111 1465 inveniant,
2171 1407 2222 1451 et
2259 1396 2459 1450 favoris
2511 1394 2674 1447 vestri
2722 1392 2968 1460 solatiisI,
3029 1404 3353 1459 quocunque

1768 1488 1950 1543 modo
2000 1504 2224 1543 necesse
2275 1486 2469 1549 fuerit,
2517 1486 2826 1554 potiantur;
2875 1491 3141 1552 quatenus
3176 1490 3353 1536 vestra

1787 1579 1964 1633 cuncti
2012 1594 2113 1647 ope
2152 1576 2357 1631 defensi
2405 1585 2565 1643 atque
2591 1574 2782 1641 adjuti,
2826 1582 2879 1627 et
2913 1587 3011 1626 uos
3050 1571 3202 1625 vobis
3226 1586 3354 1639 grav

1789 1668 1984 1722 tiarum
2016 1667 2288 1737 possimus
2313 1666 2574 1719 exsistere
2602 1664 2870 1717 debitores
2899 1663 2919 1693 ’
2940 1702 2954 1726 ,
3004 1672 3057 1717 et
3106 1662 3353 1716 Christus

1719 1744 1758 1799 Β
1786 1756 1943 1814 Jesus
1966 1757 2224 1815 Dominus
2259 1766 2440 1810 noster
2469 1764 2721 1809 aeternam
2765 1752 2985 1821 gloriam
3020 1760 3351 1820 compensat,

1787 1860 1842 1908 et
1886 1851 2077 1905 beatus
2126 1847 2401 1918 apostolus
2430 1845 2622 1899 Petrus
2656 1844 3023 1912 apostolorum
3070 1842 3351 1912 princeps,

1788 1945 1841 1998 in
1880 1957 2114 2012 quorum
2151 1954 2245 1994 vos
2277 1940 2458 1993 causis
2488 1936 2819 2007 impenditis,
2853 1935 3025 2003 ipsius
3062 1934 3245 2004 gloriae
3265 1934 3352 2003 ja-

1789 2051 1949 2089 nuam
1981 2034 2203 2103 aperiat.
2235 2032 2366 2087 Data
2401 2048 2432 2084 x
2465 2029 2688 2084 Kalend.
2718 2027 2847 2082 Feb.
2879 2027 3079 2082 Severo
3105 2035 3159 2082 et
3186 2024 3354 2092 Quiu-

1790 2128 1936 2185 tiauo
1962 2127 2093 2183 viris
2115 2124 2435 2182 clarissimis
2461 2122 2776 2178 consulibus
2804 2120 2868 2172 ‘°.

2355 2255 2690 2310 EPISTOLA
2729 2257 2792 2310 ll.

2264 2364 2329 2403 AD
2369 2363 2536 2402 OMNES
2574 2362 2869 2402 EPISCOPOS.

1990 2439 2065 2494 De
2091 2440 2323 2510 fraterna
2344 2438 2620 2491 dilectione
2645 2447 2695 2491 et
2721 2438 2948 2492 vitandis
2986 2438 3159 2493 malis.

1862 2535 2165 2589 PONTIANUS
2208 2542 2408 2586 sanctae
2437 2540 2489 2584 et
2516 2531 2837 2585 universalis
2866 2529 3116 2584 Ecclesia:
3142 2531 3356 2599 episco-

1788 2643 1911 2699 pus,
1941 2625 2193 2679 omnibus
2219 2630 2364 2678 recte
2392 2621 2679 2676 Dominum
2708 2622 3009 2676 colentibus
3035 2630 3087 2675 et
3113 2621 3355 2675 divinum

1791 2718 1993 2772 cultum
2027 2714 2358 2775 amantibus,
2387 2712 2639 2764 salutem.

1863 2808 2044 2880 Gloria
2073 2809 2122 2859 in
2152 2804 2368 2859 excelsis
2403 2804 2528 2864 Deo,
2566 2811 2613 2855 et
2643 2801 2697 2854 in
2745 2809 2883 2853 terra
2916 2816 3021 2870 pax
3062 2801 3360 2855 hominibus

1792 2902 1938 2956 bona:
1967 2898 2249 2954 voluntatis
2287 2895 2349 2949 “.
2380 2894 2502 2949 Haec
2544 2894 2727 2955 verba.
2758 2892 3087 2957 charissimi,
3125 2908 3229 2945 non
3261 2892 3361 2944 ho-

1792 2993 2000 3047 minum
2032 2996 2178 3052 sunt,
2212 2986 2301 3041 sed
2329 2985 2676 3055 angelorum;
2710 2990 2763 3037 et
2789 2996 2897 3035 non
2928 2982 3164 3035 humano
3196 2995 3360 3034 sensu

198 3068 297 3125 ulla
332 3070 593 3125 hominum
628 3071 684 3124 in
719 3079 861 3124 terra
889 3070 1061 3125 aliena
1092 3068 1338 3140 portatis.
1375 3067 1691 3137 Peregrina-

1805 3083 2112 3150 ascogitata,
2166 3079 2258 3134 sed
2302 3079 2370 3132 ab
2415 3075 2619 3147 angelis
2664 3074 2717 3128 in
2765 3083 2886 3127 ortu
2920 3072 3213 3126 Salvatoris
3259 3086 3363 3124 au—

198 3162 251 3215 tio
268 3163 437 3231 quippe
460 3173 541 3216 est
564 3164 678 3216 vita
710 3177 981 3232 praesens;
1015 3172 1067 3217 et
1102 3162 1193 3231 qui
1224 3160 1461 3231 suspirat
1497 3161 1565 3214 ad
1595 3176 1693 3230 pa-

199 3255 333 3320 triam,
372 3256 417 3309 ei
488 3263 823 3310 tormentum
879 3262 961 3309 est
1008 3254 1463 3324 peregrinationis
1507 3254 1694 3317 locus,

200 3348 355 3403 etiamsi
381 3349 604 3403 blandus
632 3362 755 3403 esse
782 3347 1047 3402 videatur.
1079 3345 1247 3401 Vobis
1268 3356 1446 3400 autem
1477 3346 1570 3415 qui
1604 3360 1698 3413 pa-

201 3440 312 3494 triam
362 3443 600 3511 qtueritis
622 3482 636 3504 ,
666 3440 807 3493 inter
838 3438 1067 3508 suspiria
1094 3452 1214 3507 qua:
1262 3437 1497 3499 habetis,
1535 3436 1693 3491 etiam

201 3544 374 3600 gemitus
415 3535 576 3589 audio
645 3534 899 3587 humana:
953 3530 1325 3599 Oppressionis
1383 3544 1695 3598 exsurgere.

203 3622 315 3690 Quod
351 3629 481 3681 mira
521 3624 914 3694 omnipotentis
968 3622 1065 3676 Dei
1108 3621 1465 3691 dispositione
1496 3622 1697 3691 agitur,

201 3726 243 3769 ut
268 3720 369 3772 dum
421 3721 624 3775 veritas
677 3734 773 3787 per
816 3730 1054 3770 amorem
1087 3724 1262 3779 vocat,
1291 3714 1529 3769 mundus
1565 3729 1701 3784 prae-

204 3824 290 3863 scus
315 3828 338 3865 a
366 3812 542 3882 seipso
590 3813 833 3866 animum
866 3820 1105 3866 vestrum
1140 3823 1234 3878 per
1287 3806 1694 3871 tribulationes,

202 3914 299 3968 quas
341 3905 567 3974 ingerit,
662 3903 915 3972 rejieiat;
992 3909 1251 3970 tantoque
1346 3898 1558 3953 facilius
1633 3900 1700 3953 ab

201 4005 337 4048 amore
367 3996 524 4065 hujus
556 3994 742 4050 saeculi
780 4009 932 4049 mens
959 4001 1137 4055 exeat,
1174 3998 1381 4060 quanto
1422 4000 1475 4043 et
1510 3988 1702 4057 impel—

203 4081 311 4147 litur,
356 4088 478 4141 dum
526 4097 775 4143 vocatur.
810 4086 993 4153 Itaque
1038 4083 1180 4153 quod
1221 4080 1489 4151 coepistis,
1522 4078 1706 4147 hospi-

1798 3176 2063 3229 nuntiata.
2102 3172 2309 3239 Quibus
2349 3168 2709 3222 indubitanter
2748 3167 2815 3220 ab
2846 3166 3098 3219 omnibus
3139 3164 3364 3234 intelligi

1796 3272 2002 3334 potest,
2034 3262 2177 3331 quod
2217 3276 2323 3313 nou
2364 3260 2519 3312 malae
2543 3256 2836 3311 voluntatis
2877 3255 3224 3317 hominibus,
3270 3258 3363 3310 sed

1797 3356 1971 3415 bonae,
2021 3367 2125 3422 pax
2163 3350 2233 3405 sit
2272 3365 2302 3402 a
2348 3348 2575 3402 Domino
2608 3348 2753 3401 data.
2792 3345 2943 3400 Unde
2980 3344 3240 3399 Dominus
3272 3359 3369 3414 per

1795 3445 2115 3515 Prophetam
2162 3440 2403 3511 loquitur
2459 3440 2683 3493 dicens:
2738 3437 2907 3503 Quam
2977 3437 3139 3491 bonus
3192 3436 3367 3516 Israel

1795 3537 1934 3591 Deus
1961 3535 2041 3587 his
2068 3534 2155 3604 qui
2185 3542 2320 3586 recto
2354 3539 2473 3583 sunt
2515 3528 2673 3583 corde
2691 3530 2711 3582 .'
2742 3528 2848 3581 Mei
2873 3538 3043 3583 autem
3077 3545 3202 3597 pene
3238 3522 3369 3581 mot'

1795 3637 1915 3683 sunt
1948 3625 2120 3697 pedes,
2153 3640 2277 3692 pene
2306 3622 2458 3690 effusi
2501 3630 2620 3674 sunt
2655 3636 2860 3690 gressus
2890 3620 3013 3686 mei,
3050 3622 3173 3688 quia
3202 3635 3369 3673 (emu-

1794 3718 1933 3772 latus
1958 3732 2069 3767 sum
2102 3722 2283 3767 contra
2316 3712 2545 3781 iniquos,
2584 3727 2763 3779 pacem
2790 3710 3070 3777 impiorum
3095 3709 3272 3762 videns
3301 3709 3369 3759 ".

1795 3809 1870 3862 De
1897 3807 2051 3861 bouis
2084 3819 2212 3859 vero
2240 3804 2354 3872 ipsa
2388 3818 2483 3872 per
2509 3818 2566 3857 se
2594 3801 2803 3856 Veritas
2841 3802 2944 3854 ait:
2979 3801 3130 3853 Beati
3174 3803 3373 3853 mundo

1802 3898 1976 3960 corde,
2002 3896 2247 3966 quoniam
2288 3893 2388 3962 ipsi
2428 3891 2594 3944 Deum
2640 3889 2967 3943 uidebunt".
3014 3887 3197 3941 Mundi
3224 3888 3369 3941 enim

1804 4004 1913 4044 non
1958 3994 2083 4041 sunt
2116 3983 2302 4047 corde,
2334 3984 2426 4052 qui
2455 3981 2593 4035 mala
2620 3980 2878 4048 cogitant,
2908 3989 3001 4033 aut
3042 3979 3230 4032 nociva
3268 3978 3370 4032 ad-

1805 4096 1997 4137 versus
2022 4076 2215 4131 fratres
2245 4089 2408 4141 suos;
2438 4074 2566 4143 quia
2592 4072 2728 4125 nihil
2757 4071 2883 4125 mali
2911 4071 3040 4135 vult,
3072 4069 3164 4138 qui
3197 4067 3375 4122 fidelis

203 4181 379 4236 talitatis
426 4197 619 4236 curam
649 4178 936 4249 impendite
956 4216 971 4241 ,
1001 4175 1056 4230 in
1086 4175 1333 4230 oratione
1374 4181 1430 4227 et
1452 4171 1708 4242 lacrymis
1739 4187 1781 4241 ι)
1805 4182 1888 4230 est
1914 4174 1978 4229 ιι.
2024 4171 2226 4227 Fidelis
2263 4183 2393 4239 ergo
2424 4167 2588 4221 homo
2613 4164 2787 4233 magis
2826 4161 3000 4231 diligit
3027 4159 3213 4214 audire
3249 4174 3375 4229 quae

206 4350 223 4425 ξ
244 4349 361 4409 Hier.
392 4370 474 4425 ep.
510 4355 537 4408 1
574 4364 635 4425 et
655 4350 743 4425 85.
816 4350 839 4381 ⁸
878 4348 1040 4425 Zacb.
1072 4362 1141 4425 t_t_,_
1167 4345 1220 4400 8.
1296 4343 1317 4376 ⁸
1356 4340 1488 4425 Luc:
1508 4359 1571 4425 _x.
1598 4340 1685 4396 16.

206 4423 335 4486 deque
359 4418 543 4480 versis.
622 4424 643 4454 ⁸
671 4423 813 4475 Idem
840 4436 927 4485 ep.
970 4418 1033 4471 21
1088 4418 1182 4470 lib.
1214 4430 1308 4477 vti.

210 4484 415 4549 “Psalm.
466 4510 648 4559 Lxxu,
674 4495 699 4547 l
724 4534 738 4557 ,
761 4492 816 4559 2,
852 4484 906 4546 '5.
984 4488 1025 4518 "
1050 4486 1241 4542 Matth.
1270 4501 1331 4550 v,
1365 4484 1419 4540 8.

265 4661 317 4733 β)
350 4661 566 4732 Propria
607 4675 707 4733 ore_
739 4672 922 4733 corpus
984 4652 1220 4733 Domini.
1244 4649 1551 4733 fon/icium.
1599 4646 1702 4713 Qui

210 4720 313 4787 hanc
330 4734 393 4786 ob
421 4720 640 4787 causam
683 4720 1001 4783 Pontianum
1031 4724 1177 4776 velut
1206 4720 1577 4789 blasphemum
1614 4733 1704 4771 ac-

212 4815 377 4866 cusant,
408 4804 565 4857 iidem
597 4809 844 4855 sanctum
873 4794 1277 4868 Hieronymum,
1315 4789 1701 4868 Augustinum,

212 4858 623 4942 librysostomum,
658 4871 902 4942 aliosque
939 4858 1119 4942 plures
1147 4861 1396 4942 Ecclesiae
1436 4858 1714 4942 catholica:

213 4928 356 4996 Patres
377 4928 694 4997 orthodmtos
722 4940 788 4992 de
813 4928 1037 4992 crimine
1062 4931 1349 5009 notan_t_._in
1373 4945 1486 5009 quo
1506 4928 1711 5009 nullum

215 5026 310 5063 sane
334 5014 523 5066 crimen
553 5014 922 5080 demonstrare
945 5012 1191 5080 possunt.
1221 5000 1440 5080 llieron.
1476 5000 1527 5080 in
1545 5000 1709 5080 epist.

216 5081 264 5134 ad
295 5081 650 5137 Heliodorum:
687 5079 860 5143 Absit,
897 5069 1102 5144 inquit,
1139 5082 1196 5125 ut
1231 5072 1293 5144 de
1322 5069 1403 5124 his
1431 5069 1714 5144 quidquam

216 5152 443 5221 sinistrum
475 5154 678 5221 loquar,
715 5148 804 5219 qui
837 5139 1120 5221 aposloltco
1158 5143 1325 5212 gradu
1362 5139 1711 5221 succedentes,

217 5220 371 5291 C_liristi
409 5215 585 5291 corpus
614 5215 764 5273 sacro
809 5215 912 5291 ore
938 5215 1237 5291 conﬁciunt,
1275 5227 1366 5291 per
1394 5216 1718 5291 quoslet'nos

220 5288 462 5344 Christiani
493 5276 703 5353 'sumus,
742 5290 830 5359 qui
856 5276 1045 5361 Aclaees'
1064 5284 1208 5361 regni
1231 5276 1479 5361 cteloruin
1525 5276 1721 5361 hAaben-

223 5370 293 5423 ιιι,
316 5362 673 5431 quodammodo
692 5347 1031 5432 rante‘judicii
1056 5347 1192 5407 diem
1214 5352 1478 5432 judicant.
1509 5347 1574 5432 ,Α
1587 5362 1722 5432 ηερ-ς

223 5417 360 5486 stinds
397 5436 544 5501 epist.
580 5431 787 5496 122,οά
825 5417 1229 5501 Victorianum;
1266 5422 1357 5501 ubi
1397 5420 1465 5474 de
1507 5417 1724 5497 feminis

220 5504 403 5569 captivis
428 5490 555 5558 inter
584 5490 871 5557 barbaros:
913 5497 1040 5559 Ora,
1074 5494 1284 5569 inquit,_
1306 5490 1464 5546 Deum
1492 5503 1596 5569 pra
1624 5490 1719 5569 eis.

223 5553 402 5641 attingo:
429 5553 668 5628 Silari};
685 5553 834 5641 ipsas
860 5553 1043 5641 doceat
1071 5553 1201 5619 talia
1229 5553 1419 5641 dicere,
1453 5553 1635 5641 qualia

227 5625 407 5697 all-arias
439 5625 570 5699 inter
606 5625 793 5698 ccetéra
826 5642 882 5694 in
909 5638 1139 5709 oratione
1167 5646 1213 5687 et
1245 5625 1563 5709 confessione

229 5714 279 5763 ad
303 5712 481 5777 Deum;
518 5717 590 5768 sic
619 5716 755 5768 enim
799 5719 939 5780 sunt
968 5706 1074 5761 illa:
1117 5706 1169 5757 in
1216 5714 1355 5780 terra
1402 5706 1724 5780 captiuitatis

235 5796 331 5847 ηπ.
357 5768 589 5854 quomodo
621 5793 769 5839 erant
806 5780 886 5835 illi
926 5779 979 5834 in
1005 5790 1164 5843 terra,
1193 5772 1279 5827 ubi
1312 5787 1400 5827 nec
1430 5768 1728 5837 sacriﬁcare

1408 4414 1428 4445 ’
1468 4413 1619 4491 laete.
1657 4426 1744 4491 er-
1782 4409 1848 4491 73
1881 4406 2123 4491 classicis
2159 4406 2330 4491 libri-

1498 4484 1540 4514 “
1567 4478 1710 4537 δίιιῖ
1732 4490 1871 4537 sent.
1906 4480 2044 4545 205,
2077 4486 2130 4532 et
2159 4478 2253 4530 ibi.

1819 4338 1928 4414 ῖςς
1960 4338 2118 4414 θεῖος.
2151 4350 2237 4414 er:
2268 4333 2355 4414 7.0.
2390 4332 2605 4414 ιίιλεέκν
2636 4327 2825 4414 versis
2854 4338 3129 4414 manus
3170 4338 3376 4414 est“:

2477 4401 2524 4433 ⁸ο
2550 4393 2795 4454 ain—9.55.
2855 4393 2873 4397 ’
2944 4398 2986 4427 “
3014 4393 3145 4450 Luc.
3182 4410 3242 4460 tt,
3283 4394 3375 4453 M.

1806 4657 1951 4697 more
1983 4655 2076 4693 suo
2116 4642 2357 4708 poterant
2406 4630 2663 4708 Domino,
2705 4629 2853 4708 sicnut.
2879 4624 3125 4708 nec-istae
3162 4630 3379 4708 pessunt

1807 4691 2066 4781 inlicite
2096 4691 2410 4761 oblationem
2447 4702 2522 4781 ad
2548 4700 2729 4781 altare
2755 4697 2874 4781 Dei.
2922 4694 3000 4781 uel
3036 4693 3263 4781 inuenire

1810 4763 2149 4840 sacerdotem,
2164 4788 2420 4845 perrquem
2443 4771 2665 4838 oﬂ‘erant
2685 4768 2811 4821 Deo.
2831 4765 3064 4845 Sanctus
3090 4763 3375 4845 Chrysost.

1819 4830 1985 4908 ιίἶ
2002 4830 2073 4902 De
2090 4830 2401 4906 sdcerdbtio,
2416 4830 3117 4911 contuparaussacerdotium
3133 4830 3283 4911 novae
3300 4830 3382 4911 [cf

1820 4901 2062 4994 cum,
2091 4901 2398 4994 sacerdotio
2418 4901 2628 4994 veteris.
2645 4908 2807 4994 legis,

1817 4970 2586 5056 iuilmorumisacerdotesnon
2616 4970 3149 5056 lepilam'purgasseh
3188 4970 3282 5024 sed
3315 4970 3385 5056 de

1818 5046 2045 5138 purgata
2076 5062 2337 5115 duntaxat
2356 5053 2629 5138 iudicasse
2649 5046 2679 5102 εί
2708 5046 3382 5138 Νοξιτὶξῖμὶἓᾳὲἱξῇἕιῗε

2081 5110 2441 5194 itanempe-ris
2473 5112 2689 5197 [apt-ant,
2732 5120 2819 5169 sed
2848 5110 3247 5192 animiesordes
3282 5124 3383 5167 non

1821 5190 1939 5260 dico
1973 5190 2223 5272 purgatas
2254 5190 2507 5272 probare,
2538 5190 2630 5272 sed
2660 5202 2890 5272 purgare
2912 5190 3386 5272 prensumque-es:

1823 5253 1940 5330 Eia}
2123 5253 2276 5335 Quod
2332 5253 2500 5335 igitur
2537 5253 2842 5335 Pontianus
2873 5255 2972 5335 hic__
3006 5253 3236 5335 scribit,
3279 5262 3384 5335 per

1828 5320 2380 5406 ESEéraHies‘édu-pus”
2398 5331 2611 5406 Domini
2640 5326 2866 5406 confici,
2904 5320 3384 5406 aliorumultos‘tias

1829 5395 2221 5480 Insanum,
2256 5395 2476 5476 peccata
2508 5400 2786 5480 hominum
2815 5395 3383 5480 dimittinetiam‘

1829 5458 2391 5541 Baiiéénh'i'iiikt‘oife's
2452 5468 2690 5541 praedicti
2734 5464 3066 5541 scripserunt
3091 5500 3123 5541 ,_
3156 5458 3384 5541 ideoque

1831 5529 2493 5624 quodvlil-a’gd—ebhrgenses
2540 5541 2592 5592 in
2640 5529 2903 5624 Pontiano
2950 5529 3385 5624 reprehendunt,

2005 5597 2460 5684 252°5t'u'iiiiuam
2490 5624 2637 5675 mera
2654 5604 2963 5684 calumnia.
3001 5597 3251 5657 Bellartn.
3288 5597 3383 5650 lib.

2012 5672 2235 5748 liuidum
2262 5672 2474 5758 pdnti[.,
2499 5672 2619 5751 cap.
2650 5678 2701 5735 8.
2726 5676 2852 5741 Stati.
2876 5672 2992 5730 Bia.
