3918 6194
504 247 611 302 465

1637 253 1958 310 PONTIANI
1996 254 2198 311 PAPE
2269 253 2649 312 EPISTOLIE.

3649 252 3682 306 ί
3693 249 3795 305 61

496 377 740 440 oportet,
768 383 932 440 quam
963 369 1143 426 dicere
1182 385 1304 441 quae
1342 387 1450 429 non
1498 382 1732 445 oportet.
1777 373 1843 429 Et
1875 375 1922 431 si
1950 374 2075 445 quis
2102 376 2150 434 Λ
2173 389 2266 443 per
2289 390 2550 428 sermones
2574 383 2691 427 tuos
2721 371 3091 426 adntirabitur.
3119 368 3408 426 Novissime
3428 378 3606 426 autem
3635 387 3796 440 per-

509 461 684 516 ﬁdelis
705 470 810 527 est,
855 461 1035 517 videat
1084 478 1154 518 ne
1195 465 1338 534 mala
1384 466 1658 537 loquatur,
1697 476 1791 522 aut
1818 466 2073 537 cuiquam
2175 475 2336 520 vertet
2375 483 2432 520 os
2477 481 2660 532 suum,
2693 476 2742 520 et
2783 467 2842 519 in
2875 465 3040 520 verbis
3079 463 3182 518 tuis
3218 463 3369 517 dabit
3410 462 3783 517 scandalum.

501 555 735 613 insidias
783 568 970 628 ponat.
1010 558 1066 614 ln
1111 560 1215 616 hoc
1261 574 1390 630 ergo
1436 559 1822 614 discernuntur
1850 559 1947 615 ﬁlii
1981 558 2076 615 Dei

505 657 562 702 et
583 647 678 702 ﬁlii
709 649 932 704 diaboli.
962 649 1083 704 Filii
1122 665 1356 720 namque
1391 648 1484 704 Dei
1516 665 1731 719 semper
1762 650 2001 722 cogitant
2024 660 2078 706 et

507 754 666 809 agere
694 741 1034 796 contendunt
1076 757 1198 813 qua:
1235 741 1330 796 Dei
1365 751 1515 807 sunt,
1557 751 1614 796 et
1643 740 1840 798 fratres
1879 742 2078 798 indesi-

506 841 695 886 nenter
723 832 1002 900 adjuvant,
1029 842 1085 888 et
1111 834 1244 889 nulli
1283 848 1481 889 nocere
1503 835 1712 890 volunt.
1747 834 1867 889 Filii
1896 845 2073 891 autem

500 921 710 976 diaboli
735 931 955 978 econtra
1001 924 1139 979 mala
1179 933 1233 979 et
1265 925 1456 979 nociva
1490 940 1703 997 semper
1729 927 2075 994 meditantur,

502 1013 632 1082 quia
667 1028 830 1083 opera
869 1029 1058 1069 eorum
1095 1015 1236 1070 mala
1275 1025 1424 1071 sunt.
1471 1015 1550 1071 De
1593 1017 1795 1088 quibus
1838 1018 2078 1088 loquitur

503 1102 770 1160 Dominus
797 1123 892 1176 per
915 1107 1207 1164 Jeremiam
1237 1110 1578 1180 prophetam,
1615 1111 1834 1167 dicens:
1864 1111 2080 1183 Loquar

496 1195 710 1265 judicia
752 1215 863 1252 mea
889 1215 1006 1252 cum
1035 1201 1132 1263 eis,
1176 1217 1332 1270 super
1373 1203 1514 1256 omni
1553 1202 1760 1256 malitia
1803 1219 1981 1257 eorum
2011 1203 2077 1258 ¹⁸.

506 1286 794 1357 Propterea
839 1289 1045 1358 judicio
1089 1291 1399 1344 contendam
1445 1291 1617 1346 adhuc
1662 1293 1956 1358 vobiscum,
2002 1293 2077 1349 ait

505 1375 782 1444 Dominus,
814 1388 999 1433 etcum
1027 1380 1155 1450 filiis
1187 1382 1370 1435 vestris
1403 1382 1702 1452 disceptabo
1729 1383 1792 1437 ¹⁸.
1817 1381 1950 1438 Ecce
1986 1400 2078 1455 ego

509 1471 645 1540 fingo
683 1481 866 1525 contra
906 1489 994 1526 vos
1025 1473 1245 1538 malum,
1273 1485 1322 1530 et
1351 1477 1520 1546 cogito
1550 1487 1735 1530 contra
1760 1493 1846 1531 vos
1881 1479 2081 1548 cogita-

498 1562 701 1615 tionem
741 1563 806 1616 ⁸⁷.
840 1560 987 1629 llaec,
1034 1561 1253 1628 fratres,
1284 1565 1439 1620 valde
1471 1577 1599 1622 sunt
1639 1568 1898 1634 timenda,
1929 1568 2081 1624 etab

2179 555 2350 610 Multa
2380 555 2545 618 odivi,
2572 565 2620 608 et
2647 572 2749 609 non
2773 555 3035 625 coazquavi
3055 554 3128 618 ei,
3154 563 3204 608 et
3233 552 3484 606 Dominus
3508 552 3660 606 odiet
3699 552 3794 605 il-

2176 647 2307 702 lum.
2337 646 2440 712 Qui
2464 648 2522 700 in
2552 647 2719 700 altum
2746 646 2974 716 lapidem
3003 645 3188 707 mittit,
3230 659 3387 713 super
3431 641 3546 712 ejus
3588 651 3788 710 caput

2177 740 2347 804 cadet,
2381 747 2430 793 et
2471 738 2630 809 plaga
2678 737 2862 793 dolosa
2895 736 3066 792 dolosi
3111 737 3309 790 dividet
3357 734 3593 790 vulnera.
3649 735 3789 801 Qui

2177 830 2312 900 fodit
2341 830 2562 900 foveam,
2595 829 2789 882 incidet
2813 829 2870 882 in
2896 827 3078 891 illam;
3105 836 3156 881 et
3187 827 3278 897 qui
3305 827 3492 882 statuit
3515 824 3788 893 lapidem

2176 923 2439 993 proximo,
2479 922 2705 991 offendet
2743 923 2798 976 in
2835 937 2925 986 eo;
2960 930 3008 976 et
3037 921 3128 991 qui
3155 922 3400 990 laqueum
3430 919 3526 973 alii
3563 919 3732 988 ponit
3757 958 3784 984 ,

2175 1015 2361 1083 peribit
2385 1015 2440 1070 in
2467 1015 2582 1071 illo.
2607 1013 2847 1070 Facienti
2870 1013 3240 1083 nequissimum
3265 1011 3566 1073 consilium,
3590 1025 3785 1080 super

2176 1111 2346 1178 ipsum
2387 1108 2718 1172 devolcetur;
2767 1115 2816 1162 et
2853 1123 2956 1160 non
3008 1114 3279 1176 cognoscet
3327 1104 3465 1158 unde
3508 1105 3784 1158 adveniet

2179 1201 2280 1256 illi.
2323 1199 2513 1255 lllusio
2541 1213 2588 1254 et
2621 1200 2988 1270 improperium
3017 1197 3380 1266 superborum,
3421 1205 3474 1250 et
3513 1197 3781 1251 vindicta

2177 1294 2312 1347 sicut
2354 1292 2433 1346 leo
2459 1291 2804 1346 insidiabitur
2842 1289 2945 1344 illi.
2986 1288 3196 1359 Laqueo
3221 1287 3462 1358 peribunt
3490 1288 3580 1358 qui
3606 1287 3780 1342 oble-

2177 1395 2391 1440 ctantur
2420 1401 2546 1439 casu
2581 1384 2878 1453 iustorum;
2919 1381 3070 1436 dolor
3108 1391 3283 1435 autem
3315 1389 3579 1434 consumet
3625 1379 3774 1436 illos

2177 1488 2454 1548 antequam
2488 1477 2806 1531 moriantur.
2855 1473 2950 1529 Ira
2973 1483 3022 1528 et
3061 1474 3231 1544 furor,
3265 1481 3482 1540 utraque
3512 1486 3778 1526 exsecra-

2179 1569 2307 1624 bilis
2335 1578 2490 1633 sunt;
2531 1577 2582 1622 et
2618 1568 2698 1622 vir
2733 1575 2976 1637 peccator
3002 1565 3268 1620 continens
3301 1564 3402 1618 erit
3437 1562 3657 1617 illorum
3683 1564 3771 1618 ".

497 1654 761 1710 omnibus
799 1658 1069 1726 cavenda;
1109 1659 1369 1729 quoniam
1415 1673 1579 1729 super
1617 1673 1778 1730 quem
1813 1658 2080 1730 judicium
2115 1722 2151 1730 _
2183 1661 2287 1728 Qui
2319 1661 2577 1717 vindicari
2606 1659 2738 1727 vult,
2787 1675 2820 1713 a
2855 1656 2964 1713 Deo
2992 1657 3214 1712 inveniet
3241 1655 3527 1710 vindictam
3557 1663 3608 1709 et
3640 1672 3778 1724 ρεαδ

503 1744 602 1800 Dei
628 1747 904 1815 ceciderit,
955 1765 1064 1805 non
1117 1751 1263 1806 exiet
1303 1722 1738 1822 impun-ilus.'Et
1765 1722 1886 1806 ideo
1913 1765 2083 1806 unus-
2115 1722 2154 1780 Β
2186 1722 2308 1811 cata
2345 1754 2489 1810 illius
2529 1722 2740 1808 servans
2786 1750 3033 1806 servabit.
3081 1749 3331 1820 Relinque
3373 1749 3611 1817 proximo
3642 1722 3770 1802 tuo

500 1841 737 1910 quisque
754 1844 1040 1914 prrevideat
1063 1860 1131 1900 ne
1146 1845 1251 1901 hoc
1268 1845 1606 1900 machinetur
1630 1853 1724 1900 aut
1749 1853 1874 1915 agat
1897 1843 1950 1899 in
1973 1843 2086 1899 fra-

501 1942 664 2000 trem,
688 1936 831 2004 quod
863 1936 977 2007 ipse
1001 1937 1109 2006 pati
1135 1937 1393 1993 noluerit.
1423 1937 1490 1992 Et
1510 1953 1611 1993 nec
1636 1937 1691 1992 in
1721 1935 2084 2007 suspicionem

499 2027 689 2081 veniat
719 2028 882 2082 homo
905 2028 1098 2093 ﬁdelis,
1133 2038 1193 2084 ut
1221 2031 1366 2086 dicat
1401 2039 1495 2084 aut
1536 2029 1700 2084 faciat
1735 2044 1796 2084 ea
1829 2045 1952 2099 qua:
1976 2029 2085 2099 pati

504 2132 611 2171 non
640 2118 771 2172 vult.
805 2117 960 2175 Unde
984 2130 1304 2191 suspectos,
1343 2132 1438 2178 aut
1477 2121 1734 2178 inimicos
1762 2121 1825 2188 ³⁸,
1862 2129 1957 2176 aut
2005 2119 2086 2176 fa-

502 2207 607 2262 cile
634 2207 929 2278 litigantes,
959 2220 1014 2265 et
1041 2226 1138 2267 eos
1171 2213 1266 2282 qui
1307 2228 1415 2267 non
1452 2223 1579 2268 sunt
1606 2212 1764 2266 bona:
1789 2225 2084 2267 conversa-

502 2297 688 2366 tionis,
733 2311 826 2356 aut
855 2317 1090 2372 quorum
1140 2303 1252 2359 vita
1279 2312 1364 2360 est
1399 2303 1748 2369 accusabilis,
1778 2311 1832 2358 et
1859 2303 1952 2373 qui
1998 2317 2085 2359 re-

499 2398 644 2445 ctam
676 2407 783 2448 non
823 2403 1008 2450 tenent
1049 2404 1104 2450 et
1137 2397 1334 2452 docent
1374 2394 1556 2460 ﬁdem,
1589 2402 1937 2450 accusatores
1963 2408 2084 2449 esse

500 2494 556 2542 et
583 2495 771 2553 testes,
803 2497 857 2544 et
895 2497 1270 2546 antecessores
1308 2489 1483 2546 nostri
1527 2487 1822 2559 apostolica
1867 2485 2081 2556 repule-

499 2583 630 2630 runt
655 2577 998 2642 auctoritate,
1029 2586 1086 2634 et
1109 2593 1208 2635 nos
1237 2579 1646 2644 submovemus,
1681 2585 1844 2645 atque
1883 2573 2082 2630 futuris

501 2670 836 2740 temporibus
878 2671 1244 2735 excludimus,
1300 2685 1368 2726 ne
1414 2671 1644 2726 libenter
1689 2668 1798 2724 labi
1849 2667 2079 2739 possint,

500 2775 640 2830 quos
670 2776 772 2818 nos
804 2772 986 2819 tenere
1023 2771 1079 2819 et
1109 2761 1320 2818 salvare
1346 2761 1638 2817 debemus:
1686 2775 1754 2814 ne
1781 2757 1960 2830 (quod
1988 2758 2084 2812 ab-

498 2852 610 2924 sit)
670 2854 986 2924 prtedictum
1029 2853 1123 2909 Dei
1167 2852 1474 2924 judicium,
1522 2867 1633 2908 non
1681 2860 1888 2906 tantum
1920 2865 2084 2921 super

501 2957 762 3016 utrosque
783 2948 985 3014 veniat,
1013 2949 1109 3004 sed
1133 2958 1186 3002 et
1215 2962 1318 3004 nos
1348 2961 1536 3004 eorum
1571 2946 1704 3000 vitio
1729 2945 1895 3017 (quod
1939 2945 2081 3001 Deus

500 3040 743 3106 avertat)
808 3055 1115 3109 pereamus.
1160 3037 1432 3110 Scriptum
1468 3046 1552 3093 est
1587 3038 1766 3094 enim:
1814 3035 2080 3092 Rectorem

498 3139 550 3184 te
582 3131 904 3199 posuerunt?
929 3147 1112 3184 curam
1136 3131 1351 3188 iUorum
1374 3129 1526 3194 habe,
1557 3139 1614 3184 ut
1644 3129 1841 3183 laeteris
1873 3137 2083 3197 propter

501 3219 648 3288 illos,
679 3230 728 3275 et
754 3231 1120 3276 ornamentum
1146 3222 1334 3292 gratia:
1371 3221 1599 3290 accipias
1628 3235 1896 3277 coronam.
1924 3229 1972 3272 et
1998 3219 2081 3273 di-

499 3311 801 3379 gnationem
867 3310 1204 3382 consequaris
1276 3309 1658 3380 corrogationis
1707 3309 1772 3362 i’.
1845 3305 2081 3362 Verbum

498 3401 647 3456 enim
673 3416 907 3473 nequam
935 3402 1188 3458 immutat
1222 3416 1338 3466 cor,
1379 3418 1445 3458 ex
1483 3417 1592 3471 quo
1629 3410 1866 3471 quatuor
1903 3408 2082 3470 partes

496 3491 776 3558 oriuntur,
813 3492 1016 3550 bonum
1066 3501 1120 3548 et
1165 3491 1392 3558 malum,
1431 3490 1540 3547 vita
1575 3497 1629 3546 et
1669 3505 1839 3556 mors,
1892 3497 1949 3545 et
1983 3488 2082 3543 do-

499 3581 757 3637 minatrix
798 3592 882 3639 est
933 3598 1122 3638 eorum
1184 3583 1405 3639 assidue
1457 3581 1660 3654 lingua.
1723 3581 1828 3637 Pro
1880 3581 2081 3638 talibus

495 3675 742 3745 praedicti
763 3674 969 3730 vitandi
1000 3673 1295 3733 admodum
1330 3682 1477 3737 sunt,
1513 3685 1567 3729 et
1593 3675 1911 3746 priusquam
1942 3689 2081 3744 prte-

497 3766 656 3822 dictze
681 3766 1006 3821 enueleatim
1037 3767 1420 3822 examinentur
1447 3767 1757 3838 opiniones,
1798 3777 1853 3824 et
1883 3767 1952 3823 ab
1976 3767 2080 3824 illis

496 3857 662 3914 alieni
711 3857 1080 3923 inveniantur,
1118 3873 1240 3912 non.
1269 3866 1400 3914 sunt
1433 3859 1785 3930 suscipiendi,
1823 3860 2078 3931 quoniam

496 3948 820 4018 sacriﬁcium
863 3947 1100 4002 salutare
1143 3957 1242 4016 est,
1265 3949 1528 4004 attendere
1571 3952 1860 4014 mandatis,
1889 3959 1940 4004 et
1969 3949 2081 4004 dis-

493 4040 678 4099 cedere
712 4040 775 4094 ab
799 4040 940 4094 omni
966 4039 1266 4110 iniquitate.
1300 4039 1697 4109 Bencplacitum
1746 4049 1823 4094 est
1853 4040 2078 4095 Domino

495 4135 736 4188 recedere
763 4133 826 4188 ab
851 4134 1165 4204 iniquitate;
1199 4142 1250 4187 et
1283 4131 1548 4195 laudatio,
1581 4131 1814 4186 recedere
1842 4132 1906 4186 ab
1937 4133 2080 4204 inju-

497 4226 650 4280 stitia
667 4227 735 4281 ’°.
765 4227 1032 4293 Quoniam
1057 4225 1321 4297 scriptum
1356 4234 1440 4280 est
1479 4243 1492 4280 :
1523 4224 1695 4296 Dilige
1734 4225 2031 4295 proximum
2059 4266 2076 4292 ,

494 4331 546 4372 et
573 4318 880 4389 conjungere
910 4319 1016 4389 fide
1040 4336 1157 4373 cum
1186 4319 1299 4374 illo.
1322 4317 1474 4384 Quod
1499 4319 1546 4372 si
1571 4317 1916 4372 denudat-eris
1957 4320 2076 4373 abs-

2187 1850 2390 1904 nocenti
2421 1858 2490 1914 te,
2519 1857 2568 1903 et
2604 1857 2726 1901 tunc
2753 1845 3053 1916 deprecanti
3082 1843 3176 1897 tibi
3213 1853 3429 1913 peccata
3463 1841 3766 1896 solventur.

2188 1942 2361 1997 Homo
2395 1941 2594 1995 homini
2632 1949 2857 1994 reservat
2884 1939 3052 2001 iram,
3086 1945 3136 1991 et
3176 1953 3211 1991 α
3238 1934 3346 1991 Deo
3373 1935 3563 2006 quierit
3587 1935 3773 1991 mede—

2185 2032 2294 2088 lam
2312 2033 2338 2087 ?
2366 2030 2432 2086 In
2457 2030 2714 2086 hominem
2750 2027 2976 2083 similem
3011 2027 3116 2082 sibi
3140 2043 3246 2081 non
3275 2025 3427 2082 habet
3452 2026 3768 2080 misericor-

2185 2124 2367 2191 diam,
2410 2123 2552 2178 etde
2589 2122 2816 2193 peccatis
2855 2120 2967 2174 suis
3013 2118 3322 2188 deprecatur
3368 2116 3707 2172 Altissimum
3735 2119 3770 2173 .’

2186 2213 2306 2286 Ipse
2329 2231 2448 2269 cum
2484 2229 2608 2268 caro
2641 2213 2742 2280 sit,
2779 2219 3004 2266 reservat
3037 2210 3172 2265 iram
3194 2249 3211 2276 ,
3242 2217 3293 2264 et
3326 2208 3766 2279 propitiutionens

2182 2309 2310 2378 petit
2337 2324 2370 2362 a
2396 2306 2544 2361 Deo?
2567 2305 2697 2372 Quis
2721 2305 2892 2358 orabit
2913 2319 3008 2374 pro
3035 2303 3242 2358 delictis
3275 2301 3462 2357 illius?
3491 2300 3765 2357 Memento

2185 2399 2604 2462 novissimorum,
2634 2407 2683 2452 et
2714 2397 2890 2451 desine
2925 2395 3225 2460 inimicari;
3263 2392 3502 2448 tabitudo
3535 2393 3677 2448 enim
3700 2404 3758 2448 et

2183 2507 2321 2546 mors
2346 2491 2615 2544 imminent
2643 2488 2908 2543 mandatis
2936 2489 3004 2543 ".
3047 2485 3338 2542 Memorare
3368 2485 3606 2540 timorem
3629 2484 3756 2551 Dei,

2182 2595 2357 2640 etnon
2385 2582 2636 2638 irascaris
2657 2582 2916 2652 proximo.
2943 2579 3234 2635 Memorare
3267 2577 3566 2634 testamenti
3591 2577 3764 2631 Altis-

2179 2676 2338 2743 simi,
2370 2685 2420 2730 et
2457 2673 2662 2745 despice
2699 2671 3054 2744 ignorantiam
3081 2670 3330 2742 proximi.
3372 2668 3591 2722 Abstine
3626 2676 3678 2722 te
3716 2684 3757 2720 α

2181 2766 2294 2833 lite,
2325 2775 2375 2822 et
2407 2767 2606 2820 minues
2633 2773 2876 2836 peccata.
2905 2763 3074 2819 Ilomo
3097 2763 3236 2818 enim
3261 2760 3546 2816 iracundus
3575 2759 3758 2815 inceu-

2181 2858 2262 2912 dit
2287 2857 2452 2921 litem,
2475 2865 2524 2912 et
2549 2857 2628 2912 vir
2648 2867 2892 2928 peccator
2917 2854 3148 2910 turbabit
3175 2853 3396 2919 amicos,
3420 2864 3472 2909 et
3502 2853 3560 2908 in
3581 2853 3756 2907 medio

2181 2966 2362 3020 pacem
2408 2950 2712 3005 habentium
2752 2949 2994 3003 immittet
3043 2947 3399 3003 inimicitiam.
3454 2943 3754 3002 Secundum

2181 3042 2320 3096 enim
2360 3041 2503 3112 ligna
2530 3040 2710 3106 silvaz,
2749 3041 2825 3094 sic
2867 3038 3002 3110 ignis
3032 3037 3361 3101 exardescet;
3388 3044 3438 3090 et
3470 3032 3755 3090 secundum

2184 3135 2425 3188 virtutem
2452 3133 2696 3196 hominis,
2731 3132 2809 3186 sic
2835 3130 3112 3184 iracundia
3147 3129 3292 3184 illius
3318 3129 3451 3194 erit;
3483 3138 3534 3183 et
3565 3143 3754 3182 secun-

2182 3223 2310 3277 dum
2330 3223 2679 3277 substantiam
2715 3237 2868 3274 suam
2898 3219 3155 3276 exaltabit
3197 3220 3334 3273 iram
3359 3233 3532 3273 suam.
3566 3216 3754 3273 Certa-

2183 3331 2299 3369 men
2323 3314 2629 3384 festinatum
2671 3313 2907 3367 incendet
2942 3312 3132 3383 ignem,
3176 3319 3227 3366 et
3271 3310 3338 3365 lis
3373 3310 3627 3381 festinans
3666 3309 3752 3380 ef-

2182 3407 2362 3476 fundet
2410 3405 2748 3477 sanguinem,
2778 3415 2828 3461 et
2854 3403 3039 3476 lingua
3083 3403 3372 3474 testiﬁcans
3423 3403 3470 3436 ³⁸
3526 3403 3750 3461 adducet

2182 3509 2423 3554 mortem.
2462 3497 2521 3554 Si
2550 3497 2834 3568 sufﬂaveris
2877 3496 2934 3550 in
2969 3495 3283 3561 scintillam,
3319 3495 3472 3566 quasi
3497 3495 3631 3566 ignis
3658 3511 3752 3549 ar-

2181 3587 2352 3653 debit;
2399 3598 2449 3643 et
2482 3588 2530 3642 si
2566 3587 2835 3656 exspueris
2869 3601 3028 3656 super
3063 3584 3237 3652 illam,
3280 3585 3668 3657 exstinguetur,
3695 3593 3752 3639 et

2181 3691 2402 3752 utraque
2433 3696 2498 3734 ea:
2535 3695 2624 3735 ore
2662 3667 3110 3749 proﬁciscunturs
3137 3674 3369 3731 Susurro
3408 3687 3457 3732 et
3505 3676 3750 3746 bilinguis

2181 3772 2492 3828 ntaledictus
2519 3813 2534 3838 ,
2567 3771 2759 3826 multos
2801 3771 2941 3824 enim
2987 3767 3215 3822 turbavit
3259 3784 3440 3839 pacem
3485 3767 3744 3823 habentes.

2182 3864 2388 3936 Lingua
2414 3863 2568 3919 tertia
2603 3861 2793 3917 multos
2834 3860 3129 3926 commovit,
3175 3868 3224 3914 et
3262 3859 3508 3930 dispersit
3537 3859 3654 3914 illos
3682 3860 3748 3913 de

2179 3970 2325 4029 gente
2355 3957 2410 4012 in
2429 3965 2648 4027 gentem.
2687 3953 2936 4010 Civitates
2964 3953 3187 4007 divitum
3211 3951 3440 4006 munitas
3469 3950 3515 3984 ”
3542 3950 3747 4003 destru-

2178 4052 2280 4116 xit,
2310 4059 2359 4105 et
2389 4051 2568 4104 domos
2605 4057 2907 4117 magnatum
2941 4045 3144 4114 effodit.
3193 4043 3420 4099 Virtutes
3440 4040 3744 4113 populorum

2181 4142 2497 4208 concidit,et
2517 4150 2687 4210 gentes
2715 4139 2877 4208 fortes
2902 4135 3163 4192 dissolvit.
3207 4134 3417 4203 Lingua
3443 4134 3598 4188 tertia
3629 4148 3746 4186 mu-

2179 4233 2330 4286 lieres
2353 4231 2553 4285 viratas
2575 4230 2622 4261 ’⁸
2651 4229 2827 4299 ejecit,
2851 4238 2900 4282 et
2923 4228 3145 4298 privavit
3174 4225 3296 4280 illas
3323 4224 3585 4278 laboribus
3609 4223 3734 4277 suis.

2181 4317 2286 4384 Qui
2311 4317 2518 4386 respicit
2541 4315 2712 4378 illam,
2745 4331 2845 4369 non
2874 4315 3082 4369 habebit
3105 4314 3353 4385 requiem,
3376 4329 3468 4369 nec
3490 4312 3739 4370 habitabit

498 4425 657 4462 consa
715 4409 884 4474 illius,
935 4427 1037 4465 non
1073 4411 1396 4482 persequeris
1429 4419 1544 4481 post
1570 4426 1708 4464 eum.
1757 4408 1906 4464 Sicut
1941 4412 2079 4465 enim
2111 4421 2154 4474 ι)
2181 4426 2300 4464 cum
2341 4410 2516 4480 requie
2560 4409 2626 4464 ".
2673 4407 2903 4480 Flagelli
2933 4407 3090 4479 plaga
3127 4407 3342 4461 livorem
3385 4405 3548 4476 facit,
3587 4405 3740 4481 plaga

496 4497 649 4553 homo
675 4501 766 4571 qui
793 4500 962 4570 perdit
989 4504 1218 4556 amicum
1248 4519 1422 4569 suum,
1457 4503 1533 4556 sic
1565 4503 1653 4572 qui
1699 4503 1870 4572 perdit
1898 4503 2078 4557 amici-

497 4591 627 4645 tiam
651 4592 879 4660 proximi
903 4594 1007 4646 sui.
1041 4593 1109 4648 Et
1129 4596 1266 4650 sicut
1299 4597 1388 4668 qui
1415 4597 1632 4650 dimittit
1656 4612 1802 4652 avem
1825 4595 1888 4650 de
1915 4612 2076 4650 manu

494 4697 614 4744 sua,
649 4682 723 4735 sic
746 4683 837 4751 qui
859 4683 1185 4755 dereliquisti
1215 4689 1512 4756 proximum
1543 4698 1714 4754 tuum,
1751 4697 1799 4743 et
1825 4704 1928 4742 non
1957 4702 2075 4741 eum

495 4775 688 4844 cupies.
736 4772 858 4828 Non
911 4774 1064 4828 illum
1116 4779 1389 4846 sequaris,
1435 4779 1682 4847 quoniam
1716 4777 1867 4850 longe
1907 4777 2071 4834 abest.

495 4863 700 4936 Effugit
729 4865 867 4921 enim
893 4867 1046 4936 quasi
1076 4883 1264 4938 caprea
1299 4869 1362 4923 de
1401 4869 1607 4940 laqueo,
1645 4870 1771 4940 quia
1802 4871 2076 4926 vulnerata

490 4969 570 5015 est
608 4962 790 5014 anima
825 4961 960 5030 ejus.
999 4960 1151 5017 Ultra
1193 4979 1312 5017 eum
1353 4980 1454 5018 non
1483 4967 1677 5034 poteris
1709 4965 1990 5038 colligare,
2029 4974 2080 5021 et

493 5052 764 5106 maledicti
797 5060 877 5107 est
939 5053 1299 5109 concordatio.
1353 5053 1633 5111 Denudare
1691 5065 1866 5112 autem
1917 5057 2076 5111 amici

493 5146 745 5213 mysteria
770 5185 786 5211 ,
827 5145 1122 5215 desperatio
1173 5156 1254 5200 est
1298 5147 1491 5204 anima:
1529 5147 1779 5217 infelicis.
1827 5149 2073 5202 Annuens

491 5236 642 5290 oculo
666 5237 896 5302 fabricat
936 5239 1140 5309 iniqua,
1168 5249 1217 5293 et
1251 5255 1400 5293 nemo
1429 5255 1548 5293 eum
1585 5238 1815 5305 abjiciet.
1847 5239 1916 5293 In
1941 5256 2066 5293 con-

491 5337 668 5395 spectu
693 5330 962 5385 oculorum
1006 5340 1216 5386 tuorum
1251 5330 1580 5386 conculcabit
1604 5349 1661 5386 os
1701 5348 1877 5399 suum,
1905 5341 1954 5387 et
1981 5348 2071 5386 su-

565 5507 609 5538 "
629 5506 830 5565 Jerem.
884 5526 933 5576 ι,
963 5512 1050 5568 l6.
1171 5513 1434 5569 "Jerem.
1474 5530 1550 5578 ll,
1590 5515 1644 5570 9.

495 5573 786 5653 §u_s_pec_tos
814 5573 997 5653 autem
1036 5583 1170 5651 ini.;
1211 5595 1265 5640 et
1294 5585 1350 5649 2,
1399 5599 1454 5653 q.
1503 5573 1582 5639 τε

1747 5515 1790 5548 ¹⁷
1818 5514 2020 5573 Jerem.
2072 5535 2226 5586 xvm,
2260 5523 2347 5580 ll.

1625 5583 1984 5657 Quaerendum
2009 5601 2122 5657 est;
2149 5583 2285 5648 etin
2315 5595 2517 5648 decrct.
2576 5583 2728 5646 lvonI
2758 5590 2851 5645 lib.
2883 5607 2954 5646 tv.
3033 5591 3076 5623 “
3103 5589 3269 5646 Eccli.
3305 5604 3476 5655 xxxii,
3519 5588 3570 5654 l,
3602 5583 3654 5653 Ξ,
3675 5589 3727 5644 5.

2179 4511 2353 4557 autem
2391 4501 2586 4573 lingua:
2627 4501 2941 4555 comminuet
2983 4516 3124 4555 ossa.
3168 4499 3326 4554 Multi
3362 4499 3654 4552 ceciderunt
3685 4499 3738 4552 in

2177 4610 2266 4648 ore
2292 4593 2492 4665 gladii;
2531 4594 2621 4649 sed
2649 4610 2750 4649 non
2787 4594 2884 4661 sic,
2919 4591 3175 4664 quomodo
3200 4592 3289 4662 qui
3320 4591 3624 4648 interierunt
3651 4605 3738 4658 per

2179 4686 2413 4757 linguam
2454 4703 2626 4742 suam.
2682 4685 2874 4742 Beatus
2910 4685 2998 4756 qui
3042 4693 3206 4738 tectus
3257 4692 3334 4738 est
3380 4700 3411 4736 a
3448 4682 3622 4754 lingua
3647 4699 3736 4737 ne-

2179 4796 2356 4850 quam,
2393 4781 2482 4851 qui
2508 4782 2564 4834 in
2599 4779 2931 4835 iracundiam
2966 4776 3111 4831 illius
3142 4793 3242 4830 non
3271 4776 3537 4840 transivit,
3575 4785 3620 4829 et
3651 4776 3736 4844 qui

2179 4890 2282 4928 non
2310 4874 2534 4927 attraxit
2555 4873 2744 4944 jugum
2782 4872 2916 4941 ejus,
2949 4883 3000 4927 et
3029 4871 3248 4926 vinculis
3289 4870 3402 4940 ejus
3437 4886 3540 4922 non
3573 4879 3642 4923 est
3680 4870 3740 4922 li-

2181 4975 2354 5037 gatus.
2390 4963 2588 5035 Iugum
2618 4965 2755 5019 enim
2783 4964 2930 5018 illius
2957 4963 3147 5033 jugum
3172 4962 3395 5031 ferreum
3425 4972 3522 5027 est,
3563 4971 3608 5015 et
3633 4962 3740 5015 vin-

2179 5056 2357 5110 culum
2384 5056 2530 5112 illius
2583 5055 2845 5112 vinculum
2879 5071 3072 5111 cereum
3098 5064 3196 5110 est.
3228 5053 3373 5108 Mors
3404 5053 3571 5120 illius,
3606 5069 3736 5107 mors

2179 5147 2530 5218 nequissima;
2571 5155 2620 5201 et
2653 5145 2799 5201 utilis
2830 5145 3004 5216 potius
3029 5145 3264 5214 infernus
3286 5159 3445 5214 quam
3464 5141 3579 5197 illa.
3617 5141 3739 5196 Per-

2176 5241 2468 5295 severantia
2500 5239 2646 5295 illius
2693 5255 2796 5293 non
2836 5240 3177 5308 permanebit,
3217 5237 3306 5293 sed
3351 5236 3595 5291 obtinebit
3632 5235 3738 5289 vias

2174 5332 2523 5402 injustorum,
2555 5342 2603 5386 et
2636 5333 2682 5373 ’τ
2710 5332 2929 5402 flamma
2974 5346 3073 5385 sua
3112 5347 3217 5385 non
3249 5328 3512 5384 comburet
3543 5325 3733 5401 justas.

2451 5521 2494 5554 ⁸⁸
2517 5521 2653 5576 Sisti
2682 5519 2923 5590 ejusdem
2950 5519 3219 5590 sent.108
3245 5529 3299 5574 et
3326 5518 3447 5574 l69.
3481 5518 3551 5590 3,
3585 5533 3635 5588 q.
3663 5517 3729 5590 El:

493 5647 544 5737 1"."
565 5644 1018 5737 Ξῖέξέῑτείιεξχεεο
1047 5653 1101 5734 5ε
1156 5644 1220 5687 ὐ
1256 5644 1844 5737 Εοὲιίὶμκνιιῖίξςδρ.
1922 5644 2516 5737 υίηιιίαῆἀᾶὶίὲἐῇιέζ
2577 5644 2952 5719 ὶίίεειίηειίέζ
3019 5644 3351 5718 "niui-atas.
3399 5644 3728 5719 "veridicos

491 5715 538 5750 ³⁸
563 5717 779 5775 habebit
812 5715 1046 5776 amicum
1086 5723 1141 5778 in
1169 5731 1286 5794 quo
1320 5715 1641 5796 requiescat.
1715 5728 1758 5759 "
1788 5725 1861 5784 in.
