3918 6194
501 236 600 291 id]

1899 252 2148 312 ANTERI
2183 243 2385 314 ΡΑΡΑΞ

505 423 3686 478 Ἦ

1575 590 2078 685 ΝΟΤΙΤΙΑ
2159 596 2626 692 ALTERA

1522 773 1605 836 (D.
1641 773 1902 838 Consi-nr,
1924 775 2149 841 Epistolas
2171 781 2306 832 Rom.
2333 788 2486 845 pont.,
2510 784 2547 846 f,
2573 785 2710 849 118.)

555 997 809 1065 Anterus,
845 999 920 1054 uti
961 999 1073 1070 jam
1105 1014 1134 1054 e
1173 998 1430 1069 calalogis
1473 999 1807 1066 Fossatensi,
1842 1001 2053 1060 Buche—
2080 1011 2124 1066 A
2151 1005 2292 1062 sicut
2320 1013 2376 1060 et
2419 1005 2612 1060 mortis
2645 1005 2834 1060 Anteri
2882 1005 2997 1062 dies
3030 1006 3392 1061 numerandos
3432 1023 3538 1063 non
3588 1024 3717 1064 esse

487 1092 638 1146 riano
671 1093 747 1161 (in
780 1109 888 1162 quo
916 1094 1138 1148 Anteros
1169 1094 1509 1164 appellatur),
1538 1103 1590 1150 et
1622 1095 1820 1162 reginae
1851 1095 2050 1152 Succo-

485 1200 604 1240 rum
655 1185 984 1248 audivimus,
1017 1203 1070 1244 ιι
1103 1184 1374 1240 Kalendas
1425 1185 1742 1251 Decembris,
1769 1185 1955 1242 Severo
2003 1198 2052 1244 et

485 1276 832 1342 Quintiniano
867 1280 1200 1344 consulibus,
1244 1279 1348 1334 hoc
1393 1286 1478 1334 est
1508 1295 1652 1333 anno
1679 1280 1812 1346 255,
1849 1283 2051 1338 mensis

482 1369 800 1425 Novembris
825 1371 888 1424 21
923 1371 1032 1436 die,
1059 1371 1334 1424 ordinatus
1358 1379 1455 1433 est,
1483 1380 1643 1441 atque
1676 1381 1731 1426 ut
1764 1372 1818 1426 in
1857 1373 2049 1428 iisdem

483 1459 742 1530 catalogis
769 1461 983 1529 legitur,
1012 1476 1182 1513 mense
1210 1477 1312 1512 uno
1339 1477 1400 1513 ac
1428 1460 1608 1513 diebus
1635 1460 1808 1514 decem
1838 1461 1890 1514 in
1913 1477 2049 1532 pon-

482 1553 686 1606 tificatu
723 1552 950 1618 exactis,
994 1553 1208 1606 dormiit
1233 1568 1290 1606 Ill
1322 1550 1504 1608 Nonas
1531 1551 1782 1606 Januarii
1811 1551 2047 1607 Maximo

481 1643 615 1714 (leg.
658 1643 985 1712 Maximino)
1025 1654 1074 1698 et
1117 1645 1371 1713 Africano
1419 1643 1758 1711 consulibus,
1811 1643 1914 1700 huc
1964 1654 2047 1700 est

479 1750 622 1790 anno
647 1735 773 1802 256,
803 1734 1046 1790 Januarii
1079 1736 1238 1790 tertio
1270 1737 1378 1800 die,
1424 1751 1533 1806 quo
1560 1735 1744 1788 etiam
1780 1737 2044 1791 memoria

478 1826 627 1882 illius
685 1828 739 1882 iu
791 1826 1190 1899 Martyrologiis
1239 1828 1516 1883 recolitur.
1573 1825 1644 1881 Ut
1696 1837 1876 1882 autem
1940 1826 2044 1882 iste

477 1920 640 1976 unius
686 1922 892 1976 mensis
940 1935 1004 1977 ac
1051 1920 1238 1976 decem
1285 1921 1533 1988 dierum,
1564 1920 1654 1991 qui
1699 1920 1901 1975 Antero
1934 1920 2036 1973 tri-

475 2011 736 2075 buuutur,
766 2011 1007 2068 calculus
1056 2013 1212 2082 plane
1239 2013 1489 2082 quadret,
1522 2029 1575 2067 ιι
1605 2011 1876 2066 Kalendas
1907 2009 2036 2065 Dec'.

481 2114 582 2169 pro
628 2117 680 2154 χι
729 2098 1001 2156 Kalendas
1057 2101 1179 2156 Dec.
1228 2102 1534 2172 legendum,
1581 2112 1657 2170 et
1686 2101 2043 2158 ordinationis

2159 1097 2536 1153 Tillemontius
2568 1097 2835 1152 observat.
2864 1096 2919 1152 In
2941 1109 3152 1154 vetusto
3179 1098 3490 1154 Corbeiensi
3523 1102 3716 1157 codice

2156 1189 2360 1244 mensis
2398 1204 2540 1243 unus
2575 1203 2638 1242 ac
2663 1187 2777 1242 dies
2808 1189 3053 1244 undecim
3100 1189 3300 1244 Antero
3339 1191 3712 1246 ascribuntur.

2155 1276 2418 1334 Eusebius
2456 1278 2673 1348 quidem
2719 1295 2885 1333 unum
2934 1281 3194 1335 duntaxat
3228 1297 3464 1336 mensem
3499 1299 3711 1337 memo-

2155 1383 2278 1426 rat:
2311 1370 2403 1424 sed
2438 1370 2571 1424 nihil
2619 1369 2742 1425 inde
2790 1370 3049 1426 adversus
3099 1371 3220 1425 illos
3261 1373 3376 1426 dies
3400 1374 3708 1428 conficitur.

2152 1460 2616 1527 Quemadmodum
2653 1463 2797 1516 enim
2828 1462 3117 1518 historicus
3147 1463 3234 1517 ille
3264 1463 3317 1517 in
3343 1463 3462 1520 aliis
3492 1467 3712 1534 pontifi-

2156 1554 2311 1609 cibus
2361 1562 2489 1624 quot
2534 1555 2762 1624 quisque
2800 1569 2972 1610 annos
3021 1556 3370 1623 apostolicam
3405 1558 3586 1611 Sedcm
3617 1567 3708 1612 te-

2147 1646 2346 1713 nuerit,
2377 1663 2484 1702 non
2510 1646 2780 1716 adiunctis
2805 1647 3082 1703 mensibus
3106 1656 3198 1702 aut
3225 1648 3437 1715 diebus,
3466 1649 3708 1705 indicare

2147 1737 2283 1792 satis
2327 1737 2518 1804 habet,
2547 1737 2621 1791 ita
2669 1746 2721 1792 et
2756 1737 2843 1792 hic
2894 1736 2986 1792 ubi
3023 1738 3140 1794 dies
3177 1739 3414 1807 omittit,
3469 1741 3599 1796 nihil
3627 1743 3705 1797 ab

2146 1828 2251 1883 hoc
2283 1843 2433 1884 more
2458 1842 2558 1882 suo
2585 1827 2819 1882 alienum
2849 1827 2996 1881 facit.

2166 1987 2176 1996 .
2213 1918 2401 1974 Anteri
2435 1917 2812 1974 circumfertur
2838 1920 2995 1975 unica
3019 1920 3265 1993 epistola,
3288 1936 3410 1993 quae
3432 1920 3702 1978 Isidorum

2143 2003 2427 2084 parentem
2459 2010 2668 2066 habuit.

1585 2410 2121 2525 ANTERI
2206 2407 2606 2520 ΡΑΡλίΕ

1741 2633 2330 2728 EPISTOLA
2396 2616 2476 2688 (⁸)

1303 2813 1378 2869 De
1418 2815 1705 2868 mutatione
1747 2813 2102 2882 episcoporum
2143 2801 2384 2877 [sedium
2431 2799 2860 2875 episcopalium].

534 2953 882 3012 Charissimis
915 2953 1174 3008 fratribus
1199 2967 1294 3023 per
1347 2951 1610 3007 Bmticam
1666 2959 1829 3020 atque
1857 2949 1874 2979 ¹
1927 2945 2035 3000 Τυ-
2065 2947 2107 3002 Β
2135 2941 2266 2999 dicit
2288 2954 2408 2996 esse
2441 2936 2734 3010 superﬂua,
2767 2952 2915 3007 spem
2940 2952 3044 2992 non
3070 2936 3275 2993 habens
3300 2937 3365 2994 de
3394 2936 3610 3008 futuris,
3638 2950 3695 2996 et

466 3049 697 3103 letanam
729 3045 1037 3116 provincias
1074 3043 1342 3113 episcopis
1367 3041 1714 3109 constitutis,
1769 3039 2022 3093 Annuus

462 3140 750 3210 episcopus
785 3138 838 3191 in
877 3135 1106 3190 Domino
1145 3135 1396 3189 salutem.

534 3228 813 3298 Optarent,
849 3225 1043 3280 fratres
1079 3223 1422 3288 charissimi,
1459 3236 1670 3292 semper
1719 3217 2023 3282 dilectionis

461 3330 517 3376 et
549 3321 696 3390 pacis
726 3329 918 3373 vestrae
958 3315 1283 3372 sinceritatis
1326 3312 1521 3386 gaudia
1551 3312 1740 3367 audire
1767 3313 1810 3374 ‘,
1853 3310 1925 3364 ita
1966 3316 2026 3363 ut

461 3413 703 3468 vicissim
751 3407 1183 3464 discurrentibus
1227 3405 1422 3460 litteris
1487 3402 1764 3473 sospitatis
1817 3399 2021 3455 indicia

457 3503 800 3574 iuvarentur,
836 3498 880 3552 si
911 3497 1120 3567 quietos
1149 3511 1250 3551 nos
1278 3497 1346 3550 ab
1374 3495 1683 3549 incursione
1704 3506 1796 3546 sua
1829 3503 2023 3544 vacare

427 3597 431 3602 “
460 3594 635 3650 ltostis
667 3593 922 3660 antiquus
949 3590 1181 3645 sineret:
1213 3589 1305 3658 qui
1333 3589 1396 3642 ab
1423 3588 1575 3642 initio
1603 3591 1827 3640 mendas
1855 3584 1897 3648 ³,
1924 3581 2024 3637 iui-

458 3685 637 3740 micus
664 3682 926 3745 veritatis,
957 3680 1186 3735 aemulus
1219 3679 1475 3742 hominis,
1511 3693 1672 3748 quem
1718 3685 1779 3730 ut
1805 3675 2020 3743 decipe-

456 3782 561 3838 ret,
591 3787 650 3829 se
686 3780 811 3828 ante
839 3771 1066 3840 decepit,
1095 3769 1368 3839 pudicitia:
1393 3766 1756 3831 adversarius,
1786 3764 2016 3819 luxuria:

456 3866 748 3936 magister;
774 3861 1184 3937 crudelitatibus
1210 3861 1470 3931 pascitur,
1503 3859 1825 3914 abstinentia
1855 3857 2016 3928 puni-

454 3967 579 4022 tur;
607 3955 720 4012 odit
739 3953 968 4026 jejunia,
994 3953 1260 4008 ministris
1285 3952 1400 4008 suis
1417 3953 1855 4023 praedicantibus,
1883 3950 2013 4006 dum

529 4115 547 4146 ⁸
581 4129 688 4168 non
714 4113 926 4183 prohat;
958 4111 1082 4183 ᾼιιι.
1105 4111 1246 4183 Aug.
1280 4111 1334 4167 in
1363 4126 1484 4183 cap.
1508 4111 1577 4165 62
1609 4110 1733 4166 coll.
1762 4111 1985 4166 Adriani
2014 4125 2187 4182 papae.

453 4201 546 4251 xv,
579 4183 668 4238 52.
715 4179 760 4215 “⁸
793 4183 930 4238 idem
957 4179 1205 4236 Siricius.

2124 3031 2368 3104 Apostoli
2397 3030 2664 3087 sententia
2693 3043 3064 3098 repercussus,
3089 3029 3355 3085 dicentis:
3387 3029 3679 3085 Handuce-

2123 3143 2236 3181 mus
2283 3133 2331 3178 et
2379 3103 2642 3185 bibamus,
2678 3136 2796 3174 cras
2838 3120 2978 3172 enim
3017 3121 3300 3174 moriemur
3339 3120 3382 3175 ⁸.
3417 3121 3462 3175 0
3495 3120 3689 3176 infelix

2125 3215 2372 3279 audacia,
2403 3227 2436 3267 o
2457 3213 2751 3281 desperatae
2779 3211 2975 3265 mentis
2997 3210 3216 3265 astutia!
3248 3210 3364 3281 ipse
3389 3212 3532 3266 enim
3558 3212 3691 3266 hor-

2124 3315 2269 3361 tatur
2299 3303 2446 3366 odia,
2490 3312 2542 3358 et
2573 3300 2722 3372 fugat
2754 3299 3124 3356 concordiam.
3165 3300 3231 3354 Et
3271 3302 3396 3372 quia
3430 3301 3586 3358 facile
3615 3305 3692 3357 ad

2124 3398 2441 3453 deteriorem
2481 3402 2686 3464 partem
2729 3407 2882 3447 mens
2929 3393 3167 3447 humana
3209 3395 3581 3451 transducitur
3624 3398 3689 3462 ",

2124 3491 2313 3546 volens
2334 3501 2507 3557 magis
2537 3501 2633 3556 per
2664 3486 2959 3555 spatiosam
3010 3485 3152 3540 viam
3186 3485 3486 3553 ambulare,
3515 3505 3686 3559 quam

2122 3590 2288 3640 arcta;
2320 3580 2421 3635 viae
2452 3579 2554 3634 iter
2585 3594 2707 3634 cum
2736 3577 2921 3632 labore
2956 3576 3207 3631 transire.
3233 3575 3349 3642 Qua
3376 3578 3441 3633 de
3465 3595 3540 3646 re,
3565 3579 3686 3635 fra-

2120 3684 2229 3732 tres
2259 3673 2616 3738 dilectissimi,
2649 3670 2933 3727 sectamini
2965 3670 3212 3737 meliora,
3263 3680 3319 3726 et
3355 3687 3565 3742 semper
3595 3689 3688 3728 re-

2118 3767 2346 3838 linquite
2375 3765 2660 3821 deteriora.
2695 3762 2843 3818 Bona
2869 3761 3048 3832 agite,
3081 3761 3220 3816 mala
3253 3762 3440 3829 vitate,
3477 3770 3534 3818 ut
3557 3779 3688 3820 vere

2117 3858 2368 3928 discipuli
2398 3855 2612 3911 Domini
2634 3869 2757 3910 esse
2785 3852 3158 3908 inveniamini.

2187 3950 2264 4008 De
2291 3950 2589 4005 mutatione
2632 3961 2765 4018 ergo
2793 3945 3166 4016 episcoporum
3204 3942 3302 4015 (5),
3332 3944 3510 4000 unde”
3547 3961 3684 4000 san-

3432 4107 3455 4140 ⁸
3486 4107 3508 4161 ι
3535 4109 3669 4165 Cor.

2284 4111 2306 4142 ⁸
2333 4107 2563 4165 Siricius
2585 4122 2672 4178 ep.
2699 4105 2755 4160 2.
2854 4106 2876 4139 ³
2904 4103 3061 4162 Joan.
3096 4121 3217 4174 vnt,
3245 4104 3335 4161 44.

454 4298 644 4380 Exstat
674 4299 836 4354 etiam
875 4298 1093 4380 elegans
1124 4295 1455 4380 epigramma
1484 4291 1713 4380 ausonii
1735 4291 1815 4380 ad
1858 4301 2015 4346 nota-
2039 4296 2083 4355 C
2117 4290 2286 4373 fectos
2318 4290 2572 4380 martyrio
2600 4290 2828 4346 afﬁcitur
2860 4290 2946 4346 die
2971 4291 3004 4345 3
3031 4288 3295 4380 Januarii,
3328 4307 3476 4348 coss.
3503 4292 3684 4349 Maxi~

455 4371 596 4423 rium
631 4385 790 4424 suum
819 4363 1076 4424 velociter
1097 4363 1476 4437 excipientem,
1501 4363 1586 4419 bis
1608 4363 1856 4418 versibus
1881 4377 2016 4420 con-

453 4447 663 4492 lentum
685 4457 698 4493 ε

731 4568 904 4634 Quam
930 4569 1171 4639 prcpelis
1193 4569 1393 4623 dextrre
1421 4567 1547 4638 fuga

733 4640 814 4695 Tu
859 4637 937 4693 me
958 4637 1248 4709 loquentem
1271 4637 1560 4708 prtevenis.’

733 4710 884 4774 Quis,
911 4707 1106 4779 quaso,
1139 4711 1254 4779 quis
1272 4707 1362 4762 ’me
1392 4707 1667 4776 prodidit!

731 4781 862 4845 Quis
890 4781 995 4833 ista
1025 4781 1139 4850 jam
1171 4780 1305 4850 dixit
1336 4779 1452 4844 tibi,
1641 4801 1649 4810 κ

727 4851 861 4916 Qua
897 4849 1191 4919 cogitabam
1221 4849 1390 4903 dicere
1409 4850 1435 4902 .9

732 4921 864 4986 Qua
889 4920 1032 4989 furta
1064 4919 1215 4989 corde
1240 4920 1295 4972 in
1331 4919 1518 4972 intimo

733 4988 953 5046 Exercet
995 4989 1102 5043 ales
1129 4988 1340 5042 dextera
1356 4990 1383 5042 f

730 5059 863 5124 Quis
891 5059 1018 5113 ordo
1043 5073 1218 5112 rerum
1243 5067 1349 5110 tam
1371 5073 1552 5124 novus,

744 5130 928 5185 Veniat
959 5130 1014 5183 in
1044 5144 1198 5182 aures
1224 5138 1279 5179 ut
1310 5137 1429 5180 tuas

726 5201 882 5268 Quod
904 5200 1084 5270 lingua
1119 5197 1347 5251 nondum
1377 5194 1694 5252 absolverit!

449 5337 581 5406 Quae
617 5337 942 5410 igiturA’cta
987 5343 1308 5410 martyrum,
1348 5334 1503 5410 jussu
1547 5331 1862 5410 Clementis,
1905 5351 2003 5406 per

448 5403 693 5465 notarios
741 5409 969 5463 fideliter
1016 5403 1323 5474 conscripta
1353 5403 1615 5467 fuerant,
1661 5419 1723 5459 ea
1767 5403 2000 5462 Anterus

448 5479 690 5549 pontifex
715 5479 998 5549 diligenter
1023 5475 1368 5545 conquisivit,
1400 5483 1453 5529 et
1467 5490 1547 5549 _ne
1587 5475 1666 5549 vel
1693 5476 1997 5549 interirent,

447 5544 534 5601 vel
573 5549 641 5602 ab
668 5544 900 5602 ethnicis
936 5544 1432 5616 corrumperentur,
1465 5544 1518 5598 in
1543 5545 1769 5616 ecclesia
1801 5562 1996 5602 recon-

447 5617 605 5672 didit.
632 5618 992 5684 Quamobrem
1017 5618 1085 5672 ad
1113 5615 1313 5670 iulium
1337 5615 1688 5687 Maximinum
1716 5616 1996 5687 imperato-

447 5701 585 5758 rem,
617 5688 709 5758 qui
743 5688 1116 5758 sacerdotibus
1148 5695 1429 5758 cruentum
1477 5684 1674 5758 bellum
1709 5684 1994 5752 indixerat,

448 5754 679 5827 delatus,
703 5773 797 5830 per
819 5755 1142 5812 Vitalianum
1169 5766 1262 5813 aut
1284 5754 1543 5814 Sabinum
1569 5756 1843 5815 Maximini
1867 5775 1998 5829 prte—

2117 4363 2267 4417 mino
2305 4360 2674 4431 etiAfricano,
2715 4375 2950 4431 quorum
2990 4360 3306 4431 consulatus
3347 4378 3478 4431 cum
3527 4380 3680 4419 anno

2112 4431 2317 4486 Christi
2355 4430 2461 4484 258
2504 4439 2559 4485 et
2603 4429 2748 4486 anno
2792 4432 2828 4485 2
2882 4430 3100 4501 imperii
3140 4429 3418 4486 Maximini
3468 4435 3683 4489 coinci-

2113 4503 2211 4554 dit.
2251 4500 2376 4554 Sev.
2411 4499 2526 4554 BIN.

2113 4503 2211 4557 dit.
2251 4503 2376 4555 Sev.
2411 4503 2526 4554 BIN.

2185 4569 2260 4639 (4)
2290 4569 2553 4640 Suspecta
2583 4569 2788 4638 pariter
2835 4568 2971 4626 viris
3013 4569 3188 4626 doctis
3241 4569 3324 4624 vel
3381 4585 3449 4626 ex
3505 4585 3674 4628 unius

2117 4639 2432 4710 Hieronymi
2459 4640 2773 4710 segmentis.

2188 4712 2265 4782 (ὅ)
2307 4708 2383 4765 De
2406 4708 2691 4782 mutatione
2726 4711 3105 4782 episcoporum.
3159 4708 3408 4766 Pontifex
3429 4710 3498 4764 de
3525 4710 3676 4764 sedi-

2109 4779 2214 4836 bus
2249 4779 2657 4903 episcopalibus
2703 4779 3088 4836 transferendis
3138 4790 3191 4834 et
3241 4783 3676 4837 transmutandis

2109 4852 2410 4903 consultus.
2462 4865 2544 4903 iac
2565 4852 2790 4903 epistola
2817 4851 2994 4903 docet.
3023 4862 3076 4903 et
3099 4851 3342 4903 exemnlo
3363 4849 3506 4903 Petri
3537 4865 3675 4903 aun-

2109 4849 2410 4912 consultus,
2444 4849 2544 4904 hac
2565 4852 2790 4919 epistola
2817 4851 2994 4914 docet,
3023 4862 3076 4905 et
3099 4851 3342 4920 exemplo
3363 4849 3506 4905 Petri
3537 4865 3675 4919 apo-

2108 4923 2232 4976 stoli
2259 4922 2596 4990 aliorumque
2626 4920 2859 4989 plurium
2904 4921 3095 4990 probat
3140 4921 3545 4976 translationem
3580 4936 3672 4974 se-

2109 4991 2195 5046 dis
2227 4991 2544 5060 episcopalis
2587 4990 2787 5044 licitam
2833 5006 2975 5055 esse,
3024 4991 3070 5046 si
3096 4991 3329 5046 utilitate
3348 4999 3402 5044 et
3427 4990 3671 5060 necessi-

2112 5065 2220 5115 tate
2247 5059 2469 5116 alterius
2494 5059 2747 5115 Ecclesiae
2773 5061 3017 5130 exigente
3047 5060 3141 5114 fiat
3171 5076 3294 5115 cum
3319 5059 3668 5130 superiorum

2104 5131 2484 5200 episcoporum
2518 5130 2828 5200 cognitione
2853 5129 2907 5185 et
2925 5145 3226 5196 consensu;
3251 5130 3296 5183 si
3334 5145 3461 5184 vero
3483 5129 3565 5183 vel
3594 5144 3671 5200 ex

2105 5199 2354 5268 avaritia,
2404 5201 2486 5254 vel
2513 5199 2807 5255 ambitione
2831 5209 2926 5254 aut
2953 5201 3420 5269 praesumptione,
3453 5214 3515 5254 ac
3547 5199 3666 5253 sola

2103 5271 2323 5341 propria
2351 5271 2626 5325 voluntate
2654 5268 3152 5340 episcOpussedem
3190 5278 3382 5335 mutet,
3413 5268 3668 5323 illicitum

2102 5350 2216 5406 est,
2251 5350 2304 5396 et
2338 5341 2806 5410 apostolicaﬂlege,
2835 5355 2958 5410 qua:
2985 5348 3164 5395 exstat
3201 5354 3395 5410 canon.
3425 5343 3666 5409 apostot.

2105 5411 2192 5476 M,
2229 5407 2590 5466 interdictum.
2623 5407 2775 5464 Unde
2805 5407 2926 5463 cum
2964 5424 3203 5478 tempore
3246 5407 3669 5464 Nicatni'tzuuci-

2101 5480 2159 5533 lii
2197 5497 2259 5535 ex
2290 5481 2659 5546 Antioclienis,
2693 5481 2781 5534 alii
2812 5479 3106 5534 Eusebium
3133 5480 3368 5534 Caesarie
3394 5495 3546 5542 isem,
3566 5479 3659 5532 alii

2102 5549 2448 5605 Eustachium
2482 5549 2803 5605 Beroensem
2853 5551 3145 5606 antistitem
3199 5566 3306 5603 non
3354 5550 3470 5603 sine
3502 5549 3666 5603 turba

2099 5623 2266 5676 totius
2297 5621 2478 5691 populi
2499 5629 2828 5690 expeterent,
2884 5629 3230 5675 sacrosancta
3260 5621 3500 5691 synodus
3527 5634 3624 5672 san
3646 5646 3664 5658 -

2097 5690 2337 5747 ctissime
2367 5691 2440 5758 id,
2469 5691 2612 5760 quod
2641 5691 2709 5745 ab
2737 5692 2998 5760 apostolis
3028 5691 3378 5746 constitutum
3399 5690 3512 5760 jaut
3529 5697 3664 5743 ante

2098 5760 2294 5831 fuerat,
2346 5759 2704 5828 confirmavit,
2741 5759 2809 5817 ne
2843 5761 3103 5834 episcopi,
3153 5759 3454 5831 presbyteri
3492 5766 3661 5828 atque
