3918 6194
204 270 294 324 169

1666 256 2035 317 ΕΡΙΒΤΟιᾸζ

3324 247 3425 300 170

198 401 335 443 ctam
349 386 520 441 sulem
556 386 909 457 apostolicam
955 382 1239 439 consulere
1267 381 1537 446 voluistis,
1563 381 1756 437 scitote
1785 385 1841 439 Α
1862 372 2295 444 legis.judicium,
2320 377 2367 420 ιιι
2386 362 2800 457 misericordiam
2814 369 2860 413 et
2880 356 3192 457 [idemﬂaz‘c
3205 361 3434 425 Oportuit

201 496 314 535 eam
337 494 603 534 communi
634 478 864 531 utilitate
885 485 1047 546 atque
1074 474 1394 529 necessitate
1423 472 1537 528 tieri
1568 473 1752 535 licere,

198 573 285 628 sed
314 586 412 623 non
441 572 603 624 libitu
638 570 962 639 cujusquam
994 581 1088 622 aut
1117 567 1509 622 dominatione.
1533 565 1753 628 Petrus,

188 674 399 719 sanctus
424 665 693 731 magister
721 672 907 717 noster
930 671 983 716 et
1007 660 1255 730 princeps
1277 658 1670 728 apostolorum,
1694 658 1761 709 de

183 752 467 806 Antiochia
500 752 753 805 utilitatis
784 765 952 805 causa
982 748 1278 803 translatus
1308 755 1392 800 est
1422 746 1670 804 Romam,
1704 753 1763 797 ut

183 847 373 899 ibidem
438 846 627 914 potius
681 846 943 913 prolicere
990 850 1195 911 posset.
1243 838 1513 893 Eusebius
1542 838 1561 868 "
1624 854 1761 907 quo-

179 952 279 1006 que
309 937 387 1001 t6)
419 936 495 989 de
535 936 779 1004 quadam
820 948 984 1003 parva
1019 930 1237 985 civitate
1261 968 1277 993 ,
1333 928 1632 997 apostolica
1660 943 1761 981 au-

178 1028 452 1091 ctoritate,
479 1037 725 1080 mutatus
746 1034 828 1079 est.
860 1024 881 1055 ⁸
913 1023 1315 1078 Alexandriam.
1368 1019 1626 1074 Similiter
1656 1018 1762 1073 Fe-

180 1117 249 1170 lix
272 1118 291 1148 ’
333 1117 405 1171 de
463 1117 712 1181 civitate,
765 1130 871 1184 qua
928 1113 1212 1167 ordinatus
1246 1120 1362 1167 erat
1392 1111 1655 1165 electione
1688 1110 1766 1165 ci—

178 1210 345 1269 vium,
401 1216 635 1277 propter
678 1207 979 1260 doctrinam
1030 1214 1084 1259 et
1128 1204 1326 1258 bonam
1386 1202 1551 1255 vitam
1600 1216 1765 1271 quam

181 1299 445 1359 habebat,
483 1296 767 1350 communi
794 1297 1175 1364 episcoporum
1211 1303 1264 1347 et
1304 1292 1639 1361 reliquorum
1676 1306 1768 1345 επις

180 1388 473 1440 rerdotum
526 1401 593 1439 ac
649 1386 972 1454 populorum
1013 1382 1266 1446 consilio,
1330 1384 1629 1437 translatus
1685 1389 1771 1435 est

182 1476 488 1546 Ephesum.
513 1476 634 1529 Non
650 1478 795 1531 enim
818 1476 1011 1530 transit
1029 1476 1095 1529 de
1120 1476 1337 1529 civitate
1358 1473 1423 1527 ad
1447 1474 1723 1529 civitatem
1751 1513 1767 1540 ,

182 1572 270 1637 qui
298 1587 409 1621 non
436 1585 545 1623 suo
576 1570 730 1624 lihitu
760 1579 853 1622 aut
876 1568 1084 1623 ambitu
1111 1568 1213 1621 hoc
1230 1566 1377 1635 facit,
1408 1567 1502 1622 sed
1538 1567 1772 1623 utilitate

183 1664 421 1731 quadam
442 1672 542 1716 aut
566 1662 888 1717 necessitate
911 1660 1214 1725 aliorum",
1237 1660 1450 1715 hortatu
1467 1668 1522 1715 et
1542 1661 1772 1715 consilio

1860 469 2052 536 facere,
2074 472 2121 516 et
2150 462 2247 516 illa
2272 476 2373 513 non
2398 454 2833 510 ontittcre.Duces
2858 453 3001 505 arci.
3026 450 3319 503 excolantcs
3342 466 3437 502 cu.-

1865 560 2040 621 licem,
2065 554 2319 608 ramelum
2343 563 2517 604 autem
2545 543 3059 619 glutientes”.Quod
3081 544 3206 596 licet.
3240 556 3346 595 non
3374 541 3441 595 li-

1861 659 1944 703 cet
1964 650 2004 679 ¹⁷
2029 644 2274 715 ;etquod
2306 659 2410 697 non
2432 642 2574 705 licet,
2598 638 2787 693 licet“.
2811 632 3278 701 Quemadmodum
3307 630 3438 685 Jan-

1864 757 1958 796 nes
1982 749 2036 794 et
2059 737 2332 791 Mambres
2351 734 2669 788 restiterunt
2690 728 2928 792 veritati,
2952 727 3032 780 sic
3058 734 3110 779 et
3133 724 3231 789 Illi,
3264 731 3444 780 tuente

1862 831 2096 900 reprobi,
2111 836 2354 883 amantes
2375 825 2702 893 voluptatem
2725 821 2896 891 magis
2913 833 3073 889 quam
3095 816 3441 883 Deum,quod

1866 925 1987 978 licet
2012 966 2025 988 ,
2058 923 2255 975 docent
2284 935 2393 973 non
2423 917 2584 971 licere
2604 957 2618 981 ,
2650 915 2703 969 id
2749 923 2867 979 est,
2900 914 3183 982 episcopos
3213 910 3447 979 migrare

1866 1018 1933 1071 de
1956 1016 2172 1070 civitate
2196 1011 2262 1067 ad
2286 1010 2584 1073 civitatem,
2611 1014 2910 1077 praetaxato
2939 1003 3133 1068 modo;
3164 1001 3309 1072 quod
3338 1016 3445 1055 non

1867 1109 2014 1174 licet,
2044 1108 2244 1167 docent
2266 1105 2451 1167 licere,
2483 1102 2534 1155 id
2557 1109 2659 1166 est,
2687 1096 3114 1153 misericordiam
3146 1109 3252 1148 non
3289 1108 3449 1163 agere

1868 1200 2017 1256 circa
2053 1199 2317 1269 patientes
2350 1193 2731 1249 necessitatem
2764 1232 2778 1255 ,
2824 1191 2928 1244 hoc
2955 1197 3067 1252 est,
3102 1189 3181 1241 eis
3210 1186 3303 1255 qui
3336 1185 3449 1254 cpi-

1870 1307 2096 1362 scopum
2125 1305 2231 1345 non
2258 1290 2479 1353 habent,
2507 1298 2561 1342 et
2579 1300 2736 1342 sacro
2768 1282 3059 1351 episcopali
3086 1281 3327 1349 indigent
3350 1279 3451 1331 mi-

1871 1383 2118 1447 nisterio,
2161 1381 2476 1451 episcopum
2510 1378 2577 1433 de
2602 1379 2707 1432 alia
2738 1376 2956 1430 civitate
2988 1388 3154 1427 causa
3202 1371 3451 1424 utilitatis

1870 1475 1957 1530 vel
1984 1472 2328 1529 necessitatis
2355 1470 2517 1525 tribui
2555 1487 2567 1522 :
2604 1479 2658 1524 et
2706 1466 2978 1537 episcopis
3020 1463 3451 1533 persecutionem

1873 1576 1968 1622 aut
1992 1565 2373 1620 necessitatem
2405 1562 2756 1633 patientibus,
2801 1559 2961 1612 aliam
2994 1556 3307 1611 cathedram
3336 1554 3452 1608 dari

1873 1666 2089 1728 negant.
2123 1654 2515 1710 (Tontradicunt
2541 1652 2701 1707 etiam
2735 1666 2903 1705 sacra:
2929 1649 3219 1718 Scriptura:
3243 1648 3306 1713 ‘9,
3336 1660 3453 1715 quas

189 1758 466 1823 potiorum
502 1754 847 1809 transfertur.
880 1751 991 1808 Nec
1028 1752 1356 1809 transfertur
1384 1752 1449 1807 de
1468 1753 1665 1808 minori
1688 1754 1770 1808 ci-
1804 1772 1845 1831 Β
1876 1760 2101 1809 testatur
2126 1748 2283 1802 malle
2300 1747 2464 1801 Deum
2491 1746 2900 1801 misericordiam
2925 1759 3080 1812 quam
3104 1741 3367 1811 judicium
3384 1740 3454 1791 “.

190 1849 352 1901 vitate
385 1848 457 1900 ad
489 1848 755 1916 majorem
784 1846 879 1916 qui
908 1846 1007 1901 hoc
1035 1860 1143 1899 non
1164 1846 1371 1900 ambitu
1402 1852 1503 1899 nec
1553 1845 1772 1914 propria

193 1942 473 1995 voluntate
504 1940 655 2003 facit,
684 1940 777 1995 sed
804 1950 901 1992 aut
925 1939 977 1991 vi
1006 1954 1035 1991 a
1057 1940 1274 2008 propria
1304 1938 1431 1993 sede
1455 1938 1777 2007 pulsus,aut

194 2033 525 2086 necessitate
553 2043 801 2095 coactus,
826 2038 921 2083 aut
945 2030 1175 2083 utilitate
1198 2028 1301 2083 loci
1321 2039 1415 2083 aut
1436 2028 1640 2099 populi,
1668 2044 1775 2083 non

195 2126 459 2192 Superbe,
512 2123 611 2178 sed
642 2138 768 2177 cum
823 2121 1161 2186 humilitate,
1195 2120 1264 2174 ah
1314 2120 1439 2175 aliis
1485 2120 1780 2175 translatus

204 2226 262 2269 et
293 2215 689 2269 inthrouizatus
714 2223 827 2280 est;
860 2213 988 2282 quia
1013 2212 1176 2267 homo
1199 2211 1344 2267 videt
1371 2212 1424 2267 in
1457 2211 1615 2275 facie,
1641 2211 1782 2265 Deus

199 2317 384 2361 autem
415 2308 469 2360 in
500 2307 685 2361 corde.
720 2305 787 2359 Et
816 2305 1083 2361 Dominus
1114 2320 1210 2374 per
1236 2303 1563 2373 Prophetam
1596 2304 1779 2374 loqui-

202 2412 289 2452 tur
326 2399 562 2453 dicens:
616 2396 874 2451 Dominus
931 2400 1031 2449 scit
1088 2396 1440 2465 cogitationes
1488 2396 1780 2463 hominum,

199 2491 454 2557 quoniam
484 2505 635 2542 vana:
667 2498 787 2541 sunt
825 2489 889 2541 υ.
925 2484 1043 2540 Νοιι
1077 2499 1206 2553 ergo
1234 2494 1405 2540 mutat
1442 2485 1623 2539 sedem
1645 2525 1659 2545 ,
1690 2485 1784 2555 qui

203 2596 307 2633 non
332 2592 519 2634 mutat
575 2589 829 2637 mentem.
860 2576 974 2633 Nec
1014 2585 1188 2630 mutat
1213 2575 1509 2642 civitatem,
1539 2576 1633 2645 qui
1676 2591 1785 2630 non

203 2689 297 2725 sua
330 2681 561 2741 sponte,
587 2672 679 2726 sed
702 2671 937 2727 consilio
966 2676 1020 2723 et
1048 2667 1312 2723 electione
1339 2667 1571 2721 aliorum
1603 2676 1785 2722 muta-

204 2774 287 2816 tur
321 2765 388 2815 ι’.
438 2761 561 2816 Non
618 2779 748 2833 ergo
796 2764 995 2833 migrat
1040 2760 1108 2816 de
1131 2760 1355 2817 civitate
1386 2758 1457 2814 ad
1488 2759 1785 2824 civitatem,

201 2856 294 2924 qui
332 2871 447 2909 non
472 2854 722 2908 avaritiae
765 2869 954 2919 causa,
985 2869 1085 2909 nec
1116 2862 1310 2924 sponte
1339 2850 1563 2907 dimittit
1592 2865 1785 2916 suam;

200 2949 295 3003 sed
344 2948 571 3016 (ntjam
619 2947 821 3001 dictum
865 2948 969 3015 est)
997 2956 1092 3001 aut
1126 2947 1316 3017 pulsus
1348 2961 1380 3001 a
1403 2944 1531 3000 sede
1570 2960 1667 2999 sua
1696 2951 1792 2998 aut

203 3042 544 3096 necessitate
588 3047 842 3104 coactus,
874 3048 969 3093 aut
998 3039 1265 3094 electione
1311 3048 1366 3093 et
1416 3036 1793 3092 exhortatione

1935 1841 2109 1909 (Quaa,
2140 1856 2355 1911 precor,
2391 1841 2565 1910 major
2596 1840 2855 1904 charitas,
2885 1847 2979 1890 aut
3012 1836 3158 1905 quod
3182 1833 3456 1888 ellicacius

1877 1936 2096 2005 pietatis
2148 1934 2511 2005 patrocinium
2552 1941 2730 2003 potest
2781 1946 2809 1984 a
2843 1944 3121 2001 quoquam
3159 1928 3320 1982 a‘icui
3354 1927 3457 1979 im-

1879 2027 2060 2097 pendi,
2102 2043 2265 2099 quam
2318 2027 2365 2081 si
2398 2026 2722 2097 ignorantiae
2771 2024 3026 2080 tenebras
3079 2032 3132 2077 et
3176 2021 3458 2091 imperitia:

1880 2119 2164 2189 caliginem
2196 2119 2264 2172 ab
2294 2135 2360 2173 eo
2388 2118 2634 2188 repellat,
2683 2132 2748 2172 ac
2777 2115 2996 2170 demum
3038 2129 3177 2168 verte
3206 2113 3327 2167 lidei
3357 2114 3459 2167 do-

1883 2214 2073 2267 ctrinae
2102 2211 2324 2283 pabulo,
2372 2227 2479 2265 non
2523 2212 2591 2264 ad
2622 2218 2916 2279 quaestum,
2971 2222 3078 2261 non
3109 2206 3177 2261 ad
3208 2205 3462 2259 ambitio-

1883 2321 2028 2369 nem,
2070 2303 2164 2360 sed
2200 2304 2265 2358 ad
2294 2302 2662 2358 eruditionem
2692 2309 2747 2356 et
2772 2299 3184 2355 aediﬁcationem
3215 2296 3461 2353 reﬁciat?

1884 2396 2169 2467 Tanquam
2201 2396 2346 2449 enim
2377 2396 2570 2450 mutilo
2603 2394 2661 2448 fit
2698 2408 2917 2456 manus,
2963 2391 3153 2445 claudo
3184 2406 3295 2459 pes,
3339 2405 3463 2443 ocu-

1886 2489 1969 2543 lus
1998 2506 2135 2543 cwco
2166 2490 2234 2555 ²¹,
2291 2490 2384 2558 qui
2434 2486 2754 2557 ignorantia:
2793 2485 3029 2540 tenebris
3067 2484 3346 2547 obvoluto,
3376 2500 3464 2536 sa-

1887 2581 2101 2650 pientiae
2135 2589 2189 2634 et
2217 2580 2461 2634 scientia:
2494 2577 2809 2632 thesaurum
2838 2584 3066 2636 reserat,
3095 2582 3150 2628 et
3173 2573 3464 2628 candorem

1889 2671 2027 2725 lucis
2053 2671 2282 2739 viasque
2315 2669 2531 2724 Domini
2559 2669 2868 2740 benigniter
2896 2668 3071 2737 aperit
3097 2666 3189 2735 ²².)

1964 2760 2220 2833 Utrisque
2266 2775 2470 2828 autem,
2512 2762 2567 2817 id
2626 2771 2711 2818 est
2735 2772 2788 2817 et
2824 2760 3022 2814 famem
3055 2758 3203 2813 verbi
3253 2756 3344 2811 Dei
3374 2774 3467 2825 pa-

1891 2855 2175 2920 tientibus,
2221 2864 2275 2911 et
2323 2855 2595 2926 episcopis
2640 2855 3059 2915 necessitatem,
3113 2850 3341 2922 quando
3385 2852 3468 2903 in—

1894 2947 2273 3001 thronizantur
2310 2958 2528 3018 propter
2569 2962 2916 3003 communem
2946 2945 3234 3000 utilitatem
3265 2943 3319 2997 in
3345 2943 3468 2998 aliis

1893 3040 2225 3104 civitatibus,
2250 3057 2354 3095 non
2383 3041 2593 3096 modica
2621 3040 2908 3096 exhibetur
2937 3039 3329 3094 misericordia.
3360 3035 3468 3091 Ne-

202 3133 564 3186 sacerdotum
600 3139 655 3185 et
680 3130 1024 3201 μοριιεονιηη.
1077 3130 1373 3184 translatus
1427 3118 1511 3183 est
1551 3129 1617 3183 ad
1667 3127 1795 3183 alte-
1821 3132 1867 3194 C
1898 3142 2088 3204 gantcs
2104 3146 2282 3189 autem
2314 3135 2447 3200 haec,
2468 3136 2593 3190 licet
2616 3136 2836 3204 speciem
2855 3134 3081 3189 habeant
3107 3136 3340 3205 pietatis,
3364 3136 3469 3188 vir-

207 3241 320 3277 um
356 3226 671 3278 civitatem.
704 3221 837 3276 Nam
868 3222 1011 3277 sicut
1036 3222 1277 3293 episcopi
1308 3221 1511 3276 habent
1552 3228 1795 3291 potesta-

207 3328 312 3371 tem
361 3318 634 3371 ordinare
667 3316 988 3386 regulariter
1038 3315 1322 3384 episcopos
1350 3323 1403 3368 et
1432 3313 1670 3383 reliquos
1710 3327 1800 3368 sa-

212 3412 470 3463 cei-dotes
500 3408 568 3472 ",
614 3410 695 3463 sic
741 3409 955 3477 quoties
987 3408 1192 3462 utilitas
1221 3415 1316 3460 aut
1349 3409 1649 3460 necessitas
1671 3420 1799 3459 coe-

212 3503 349 3569 gerit
379 3502 447 3562 “,
482 3499 802 3569 supradicto
837 3500 1000 3553 modo
1026 3510 1082 3553 et
1109 3508 1318 3554 mutare
1348 3509 1401 3552 et
1433 3497 1801 3551 inthronizare

218 3601 549 3661 potestatem
618 3592 836 3646 habent.
879 3591 1006 3647 Haec
1050 3602 1109 3646 ut
1147 3591 1413 3662 petiistis,
1476 3590 1601 3645 licet
1648 3589 1800 3645 vobis

220 3683 553 3750 incognita“
581 3696 688 3735 non
720 3682 846 3745 sint,
885 3683 1113 3736 tenenda
1137 3681 1481 3743 mandamus,
1530 3695 1597 3734 ne
1639 3680 1798 3750 igno-

224 3777 402 3827 rantia
427 3774 796 3843 quorumdam
818 3813 835 3840 ,
866 3774 1088 3828 meliora
1119 3782 1172 3827 et
1211 3773 1429 3828 utiliora
1463 3774 1721 3837 vitentur,
1747 3780 1802 3826 et

226 3868 507 3920 inutiliora
545 3874 852 3929 sumantur,
885 3865 1027 3920 sicut
1077 3866 1131 3918 in
1178 3875 1367 3919 sancto
1394 3864 1591 3934 legitur
1618 3862 1794 3917 Evan-

224 3960 363 4027 gelio
398 3979 411 4012 :
445 3957 535 4012 Va
566 3956 730 4022 vobis,
750 3957 1052 4026 hypocritaz,
1076 3958 1200 4027 quia
1222 3957 1487 4010 decimatis
1515 3956 1796 4022 mentitam,

224 4064 271 4101 ει
288 4052 617 4115 anethum,et
633 4049 971 4113 cuminum,“
993 4049 1278 4118 reliquistis
1294 4048 1660 4117 quwgrariora
1678 4056 1799 4100 sunt

297 4148 317 4177 ‘
353 4146 405 4197 7.
434 4163 493 4214 q.
522 4144 581 4199 l:
616 4144 935 4198 Mutationes
966 4144 1362 4214 episcoporum.
1391 4145 1454 4198 Et
1496 4144 1549 4196 in
1593 4144 1738 4200 decr.
1786 4144 1933 4201 lvon.
1971 4148 2064 4201 lib.
2102 4164 2183 4201 ιιι.

529 4216 638 4268 ua

228 4213 467 4297 iisdem.’
529 4216 572 4246 ιδ
610 4216 835 4297 apostol.
872 4213 1113 4297 catuli.
1193 4213 1456 4297 f‘Psaltn.
1484 4230 1673 4297 xcxttt,
1700 4217 1778 4269 ll.

316 4284 651 4355 scoporum.
752 4286 794 4316 "
820 4286 1156 4355 exposcerit;
1196 4285 1265 4337 ita
1297 4294 1349 4337 et
1380 4284 1513 4337 Luc.

310 4354 603 4410 Ennodius
632 4356 682 4408 in
715 4355 868 4424 Apol.
894 4371 992 4424 pro
1017 4354 1348 4424 Symmacho
1373 4370 1529 4423 papa.

234 4428 424 4479 eodem
476 4442 585 4480 ms.
620 4427 815 4480 desunt
851 4425 1207 4495 quaeansulis
1232 4425 1439 4495 clausa.

236 4497 353 4551 loco
396 4513 572 4566 supra
614 4498 794 4550 citato.

645 4216 835 4285 postol.
872 4212 1013 4268 canf
1028 4212 1112 4267 14.

1592 4285 1633 4315 ¹³
1664 4289 1875 4354 ignota,
1918 4287 1988 4341 ita
2014 4285 2084 4341 Vin
2114 4288 2246 4342 Luc.

1637 4356 1677 4387 ¹⁹
1706 4356 1843 4410 Osee
1896 4374 1972 4420 γι,
2016 4362 2068 4412 6.

1516 4425 1561 4456 ⁸³
1600 4425 1641 4479 ll
1673 4425 1811 4479 Tum.
1845 4444 1925 4491 ιιι,
1960 4430 2013 4482 5.

897 4495 942 4527 ιη
983 4494 1035 4550 7.
1063 4511 1117 4565 q.
1151 4496 1171 4548 l
1215 4515 1227 4549 :
1257 4494 1580 4551 Mutationes
1611 4496 2015 4567 episcoporum.

1902 3231 2063 3277 tutem
2096 3234 2268 3279 tamen
2314 3225 2428 3295 ejus
2479 3226 2739 3297 abnegant
2768 3226 2837 3281 ⁸³.
2891 3224 3026 3280 Nam
3057 3227 3109 3280 in
3136 3227 3226 3280 tali
3255 3227 3469 3296 negotio

1902 3315 2214 3385 prosapiam
2244 3316 2289 3347 ἰ
2319 3332 2424 3371 non
2449 3333 2686 3387 agnosco
2712 3318 2791 3384 ²⁸;
2824 3317 2868 3372 si
2891 3318 3017 3387 quis
3042 3326 3221 3373 tamen
3251 3320 3471 3388 sapienc

1904 3404 2063 3466 tium,
2091 3421 2231 3476 quos
2260 3406 2643 3475 insipientibus
2674 3407 3013 3477 tempestatis
3048 3407 3212 3477 hujus
3236 3408 3471 3478 procella

1906 3496 2029 3551 aliis
2058 3498 2289 3552 sociavit
2320 3498 2660 3561 auctoribus,
2710 3497 3012 3555 facinorum
3059 3498 3473 3568 participatione

1907 3590 2233 3655 maculatur,
2285 3591 2540 3660 splendor
2581 3591 2862 3660 sapientis,
2905 3592 3007 3645 etsi
3032 3591 3473 3645 communionem

1905 3681 2196 3736 criminum
2226 3682 2478 3749 incurrit,
2517 3686 2691 3739 nescit
2720 3694 2898 3738 tamen
2927 3685 3118 3739 ducem
3151 3700 3208 3739 se
3235 3686 3477 3753 praebere

1906 3774 2278 3842 peccantibus.
2335 3774 2454 3828 Alia
2481 3789 2700 3843 quoque
2725 3784 2809 3829 est
2830 3790 2996 3830 causa
3026 3775 3272 3829 utilitatis
3298 3786 3349 3829 et
3382 3793 3475 3829 ne-

1902 3865 2195 3929 cessitatis,
2221 3876 2274 3919 et
2289 3866 2395 3920 alia
2418 3866 2657 3920 avaritiae
2679 3875 2733 3920 et
2762 3867 3329 3935 praesumptionis,aut
3345 3883 3475 3936 pro-

1906 3958 2037 4027 pria
2065 3958 2377 4013 voluntatis.
2414 3958 2671 4013 Avaritiae
2700 3976 2917 4029 quoque
2949 3975 3115 4014 causa
3132 3961 3197 4024 ",
3230 3960 3312 4013 vel
3340 3976 3477 4029 pra:-

1907 4051 2254 4121 sumptionis,
2304 4060 2399 4105 aut
2442 4052 2675 4121 propria:
2704 4051 3019 4117 voluntatis,
3062 4066 3170 4105 non
3204 4061 3331 4106 sunt
3359 4053 3476 4120 epi-

1898 4164 1933 4200 l.
1971 4148 2064 4201 lib.
2102 4164 2183 4201 ιιι.
2259 4150 2278 4180 ⁷
2311 4148 2528 4218 ignotus
2561 4147 2693 4201 viris
2736 4146 2932 4200 doctis.
3007 4146 3029 4177 ⁸
3057 4146 3132 4200 in.
3208 4148 3229 4178 θ
3263 4145 3476 4215 ignotus

1896 4219 1937 4248 ¹²
1972 4218 2149 4270 κρίσει
2174 4216 2378 4270 πολλῶν
2412 4218 2742 4270 ἐπισκόπων.
2822 4217 2865 4248 ¹³
2898 4216 2948 4270 7.
2973 4216 3074 4270 (1.1
3102 4236 3113 4270 :
3152 4215 3476 4270 Mutationes

1972 4226 2149 4287 κρίσει
2174 4226 2378 4271 πολλῶν
2412 4226 2742 4272 ἐπισκόπων.
2822 4226 2865 4248 ³³
2899 4226 2948 4270 7.
2973 4232 3027 4286 q.
3052 4226 3074 4268 ‘l
3102 4236 3113 4270 :
3152 4226 3479 4272 Mutationes

1972 4304 1988 4341 ι
2032 4290 2084 4341 in
2114 4288 2246 4342 Luc.
2325 4288 2369 4319 ¹⁸
2397 4286 2588 4342 Matth.
2619 4304 2755 4352 xxii,
2778 4288 2869 4352 23,
2894 4287 2983 4341 2i.
3060 4288 3102 4320 ιτ
3140 4285 3181 4340 ll
3208 4286 3349 4341 Tim.
3391 4303 3471 4341 ιιι.

2196 4359 2241 4389 ²⁰
2267 4358 2621 4413 sacrificium.
2722 4360 2766 4388 ’ί
2807 4357 2929 4412 Job.
2960 4373 3113 4421 XXIX,
3147 4358 3232 4411 15.
3337 4359 3381 4388 ²¹
3422 4359 3474 4411 iu

2110 4428 2156 4460 “
2192 4429 2465 4498 propriam
2498 4427 2824 4499 prosapiem.
2929 4429 2974 4460 "
3016 4429 3155 4483 idem
3197 4426 3478 4483 Ennodius

237 4614 456 4669 diaconi
510 4614 577 4667 de
613 4613 836 4685 ecclesia
889 4613 942 4667 in
977 4629 1085 4682 qua
1110 4613 1345 4685 ordinati
1379 4622 1524 4685 sunt,
1547 4614 1606 4685 in
1641 4614 1800 4668 aliam
1839 4622 1879 4676 D
1908 4613 2249 4671 Sardicensis
2276 4616 2650 4680 decreverunt,
2680 4625 2739 4668 ut
2767 4614 2903 4669 tales
2928 4614 3203 4685 deinceps,
3232 4631 3340 4671 non
3366 4627 3481 4670 tan-

238 4685 663 4746 trausferantur,
700 4683 805 4737 nisi
846 4686 1141 4738 necessitas
1189 4684 1269 4737 vel
1298 4684 1519 4737 evidens
1547 4682 1804 4740 Ecclesia:

238 4758 445 4810 utilitas
520 4754 650 4807 illud
696 4754 951 4822 requirat.
1007 4752 1140 4808 Nam
1169 4764 1229 4807 ut
1256 4754 1417 4808 alicui
1448 4753 1562 4807 sedi
1595 4755 1662 4809 ab
1692 4756 1803 4808 Ιιιθ-

241 4830 419 4879 reticis
448 4824 831 4895 pessumdata},
868 4824 1097 4895 insignis
1139 4824 1337 4893 aliquis
1367 4823 1591 4895 alterius
1615 4823 1801 4878 Eccle~

241 4898 327 4950 sua
355 4894 655 4963 episcopus
687 4896 1025 4963 przeticiatur,
1063 4894 1114 4947 id
1150 4910 1256 4948 non
1290 4894 1452 4947 modo
1482 4909 1589 4947 non
1616 4903 1802 4949 sancta

241 4963 483 5037 synodus
508 4964 801 5037 prohibuit,
820 4965 912 5037 sed
938 4981 967 5017 e
990 4974 1176 5037 contra
1202 4966 1380 5037 potius
1403 4964 1460 5037 id
1493 4963 1797 5037 faciendum

240 5032 355 5091 esse
383 5032 639 5103 exerisplo
664 5034 901 5099 edocuit,
950 5049 1074 5088 cum
1119 5032 1353 5088 Eusebio
1401 5032 1799 5088 Nicomediensi

242 5116 291 5159 et
316 5105 637 5175 Theognide
670 5104 895 5175 Nic-eno,
923 5106 1191 5173 episcopis
1222 5103 1441 5175 Arianis
1490 5104 1801 5171 insigniori-

244 5178 337 5230 bos
372 5173 661 5244 depositis,
711 5176 764 5228 in
809 5173 986 5244 sedem
1039 5175 1277 5244 ipsorum
1311 5174 1538 5227 aliarum
1592 5175 1799 5229 sedium

243 5243 515 5299 antisleS
544 5245 890 5299 suﬂ'ecerunt.
944 5243 1005 5297 Et
1034 5243 1158 5313 quia
1188 5244 1403 5298 Eusebii
1430 5244 1804 5297 Nicomedien-

244 5320 315 5371 εἰς
367 5316 612 5369 hominis
654 5314 873 5383 inquieti
918 5324 971 5367 et
1009 5316 1280 5369 ambitiosi
1330 5316 1441 5383 (qui
1492 5322 1612 5383 post
1666 5314 1803 5367 duas

244 5389 395 5440 sedes
422 5394 665 5438 mutatas
691 5384 1214 5454 Constantinopolim
1243 5400 1303 5439 se
1332 5384 1611 5438 transferri
1642 5398 1802 5438 cura-

245 5458 333 5525 vit)
368 5457 646 5523 exemplo,
694 5453 1001 5523 frequenter
1053 5453 1123 5507 ab
1148 5454 1363 5507 Arianis
1397 5454 1579 5525 tiebat,
1624 5454 1803 5523 utqui

245 5524 497 5579 humanae
518 5526 705 5593 gloria'.
729 5525 949 5579 libidine
986 5525 1215 5590 incitati,
1248 5524 1563 5579 muneribus
1596 5525 1663 5579 ad
1688 5540 1806 5578 ma-

241 5597 381 5664 jot‘es
430 5602 590 5650 sedes
641 5595 859 5663 provehi
915 5595 1241 5658 laborarent,
1296 5594 1362 5648 iis
1400 5596 1668 5664 episcopis
1710 5595 1803 5665 qui

247 5667 551 5735 majoribus
578 5665 887 5735 civitatibus
929 5674 1214 5735 praeerant,
1259 5669 1535 5734 negotium
1579 5666 1808 5721 facesse-

246 5733 389 5803 rent;
455 5736 584 5790 ideo
604 5733 791 5789 Patres
833 5733 1167 5790 sacrosancti
1214 5733 1536 5790 mcuinenici
1587 5736 1806 5791 concilii

570 5854 845 5913 ΡΑτιιοι..
888 5852 1003 5914 Gn.
1023 5924 1036 5933 ,
1065 5853 1147 5918 Χ.

1909 4694 2019 4738 tum
2078 4686 2216 4739 inter
2265 4686 2549 4755 episc0pos
2595 4700 2701 4738 non
2748 4696 3208 4749 numerarentur,
3270 4688 3361 4741 sed
3410 4687 3479 4740 ab

1906 4755 2056 4809 omni
2084 4754 2313 4824 penitus
2336 4755 2544 4809 ordinis
2570 4757 2926 4810 ecclesiastici
2959 4756 3125 4825 gradu
3158 4755 3373 4824 dejecti,
3403 4756 3479 4807 in-

1910 4834 1989 4879 ter
2031 4825 2199 4880 laicos
2244 4835 2738 4891 commorerentur,
2790 4825 2901 4880 imo
2950 4841 3018 4879 ne
3070 4826 3203 4879 laica
3250 4825 3477 4893 quidem

1908 4896 2291 4965 communione
2313 4896 2368 4948 in
2394 4896 2498 4949 ﬁne
2526 4898 2649 4951 vitae
2688 4898 3111 4965 impartirentur.
3143 4894 3318 4965 Bai-on
3343 4908 3472 4965 artu.

1908 4965 2114 5020 Christi
2140 4964 2268 5027 324,
2304 4982 2456 5019 num.
2492 4966 2629 5034 155;
2665 4964 2808 5020 anno
2830 4965 2955 5033 525,
2986 4982 3136 5021 num.
3165 4964 3303 5031 £53;
3347 4964 3474 5020 item

1907 5051 2052 5089 anno
2080 5036 2204 5102 547,
2240 5051 2391 5091 num.
2421 5035 2511 5091 46.
2538 5034 2664 5091 Ssv.
2694 5035 2809 5090 BtN.

1979 5105 2054 5176 (6)
2096 5104 2350 5160 Eusebius
2390 5123 2610 5177 quoque.
2666 5105 2763 5161 Hic
2795 5114 2879 5177 est
2907 5104 3031 5177 ille
3056 5102 3322 5157 Eusebius
3347 5103 3476 5157 Aleo

1910 5174 2208 5247 xandrinus
2231 5174 2538 5246 episcdpus,
2586 5177 2677 5247 qui
2726 5175 2943 5245 scripsit
2971 5174 3039 5228 18
3068 5188 3346 5247 sermones
3378 5190 3477 5226 nu-

1909 5262 2004 5315 per
2029 5246 2081 5299 in
2113 5243 2486 5301 vetus—tissime
2516 5243 2652 5302 libro
2684 5243 3023 5301 bibliothecae
3061 5246 3271 5313 Cryptae
3301 5243 3475 5297 ferra-

1911 5328 1997 5380 tae,
2020 5326 2081 5371 ut
2104 5324 2332 5371 testatur
2358 5316 2660 5371 Turrianus
2687 5332 2803 5385 cap.
2836 5315 2924 5379 12,
2950 5315 3174 5385 ιιιποᾲη,
3207 5324 3475 5383 .nventos,

1910 5386 1965 5440 in
1988 5402 2221 5456 quorum
2262 5402 2371 5441 uno
2410 5403 2571 5456 quem
2614 5388 2681 5441 de
2712 5383 3045 5440 Ascensione
3093 5383 3307 5437 Domini
3342 5386 3480 5441 scri-

1910 5458 2201 5527 psit,-usus
2227 5466 2309 5511 est.
2337 5460 2504 5512 verbo
2538 5456 2836 5519 Homousii,
2875 5456 3025 5527 Aquod
3055 5464 3289 5527 sanctus
3308 5456 3477 5510 Atha-

1911 5525 2099 5581 nasius
2134 5528 2185 5579 in
2215 5529 2374 5596 epist.
2403 5528 2468 5581 ad
2507 5527 2788 5580 Africanos
2838 5525 2913 5578 ait
2944 5541 3048 5596 non
3082 5526 3249 5579 fuisse
3281 5526 3333 5578 in
3351 5542 3480 5596 syn-

1911 5598 2017 5651 odo
2083 5594 2299 5652 Nicania
2334 5598 2634 5660 inventum,
2689 5596 2782 5651 sed
2826 5598 2977 5663 prius
3019 5594 3187 5650 fuisse
3215 5594 3479 5650 eti‘amab

1912 5667 2181 5735 episc0pis
2228 5667 2571 5722 Alexandriae
2621 5674 2963 5735 usurpatum,
3017 5668 3084 5720 ad
3132 5666 3479 5721 asserendaut

1912 5746 2099 5792 contra
2132 5737 2417 5793 haereticos
2447 5736 3067 5793 consubstantialitatem
3101 5735 3225 5791 Filii
3258 5736 3375 5791 Dei.

3129 5854 3169 5915 ϐ
