3918 6194
481 254 574 307 i7!

1855 256 2107 315 ANTERI
2145 250 2353 315 PAPE

3609 262 3717 319 {72

475 375 624 443 scopi
652 374 892 428 mutandi
925 375 992 429 de
1021 373 1239 429 civitate
1269 375 1334 431 ad
1368 377 1664 441 civitatem,
1715 379 1810 433 Sed
1836 380 2035 435 utilita—
2063 388 2108 442 Δ
2135 392 2219 434 tus
2250 379 2294 413 ³³
2333 390 2410 435 est
2471 382 2524 435 in
2552 381 2769 435 naribus
2813 383 3028 443 nostris,
3079 391 3131 435 et
3171 398 3340 436 sermo
3377 381 3609 436 scintilla
3643 383 3719 435 ad

475 469 543 519 tis
589 475 642 520 et
673 468 1029 523 necessitatis.
1084 466 1456 533 Quodnemo
1502 480 1677 540 negat,
1728 471 1832 525 nisi
1879 473 1933 525 hi
1970 472 2038 527 de

470 559 672 628 quibus
699 558 903 612 dictum
932 550 1422 613 est-:‘Erraverunt
1456 560 1507 612 in
1536 559 1805 625 ebrietate,
1844 563 2037 615 nescie-

471 659 597 705 runt
638 650 913 710 videntem,
962 640 1336 719 ignoraverunit
1389 650 1744 718 judicium”.
1799 652 1933 706 Nam
1989 654 2037 707 si

470 747 781 800 enarranda
807 732 1032 814 cogerer
1066 731 1273 813 aperire
1300 754 1574 800 transacta
1599 746 1663 809 ’⁸,
1697 748 2035 803 ostenderem

469 836 624 891 vobis
652 837 860 890 nullum
898 836 1116 891 evenire
1142 837 1395 891 solatium
1424 837 1491 891 de
1523 838 1929 907 comparatione
1954 837 2036 893 fa-

468 938 700 983 ctorum.
733 928 995 982 Caeterum
1022 928 1175 992 state,
1197 928 1526 991 charissimi,
1556 944 1711 997 super
1738 931 1872 992 vias,
1893 933 2037 1000 aspi-

465 1022 657 1074 cientes
685 1029 733 1074 et
760 1020 1220 1090 interrogantes’de
1246 1023 1445 1075 semitis
1476 1022 1686 1076 Domini
1705 1025 1934 1094 antiquis
1963 1026 2030 1087 ὀ,

463 1123 513 1167 et
548 1113 710 1167 videte
739 1130 857 1183 qua:
900 1123 977 1167 est
1024 1099 1108 1166 via
1143 1112 1278 1167 bona
1314 1123 1363 1167 et
1394 1124 1556 1179 recta,
1596 1122 1645 1167 et
1675 1116 1945 1169 ambulate
1976 1118 2031 1170 in

462 1218 545 1271 ea,
578 1213 628 1258 et
655 1197 923 1258 invenietis
953 1190 1181 1273 requiem
1223 1204 1502 1258 animabus
1536 1208 1722 1260 vestris
1753 1207 1819 1260 ³⁹.
1882 1206 1946 1261 Et
1971 1217 2032 1261 ut

458 1294 615 1362 juxta
642 1293 932 1365 Sapientia:
965 1308 1148 1348 vocem
1176 1294 1426 1349 dicamus
1456 1312 1469 1349 :
1506 1295 1721 1366 Diligite
1734 1296 2027 1365 justitiam,

459 1389 551 1457 qiti
568 1389 825 1458 judicatis
857 1395 1072 1441 terram.
1122 1384 1319 1441 Sentite
1353 1385 1416 1440 de
1439 1386 1665 1441 Domino
1695 1387 1751 1441 in
1778 1387 2027 1455 bonitate,

459 1490 510 1533 et
540 1481 597 1533 in
628 1479 967 1549 simplicitate
995 1479 1169 1533 cordis
1206 1480 1423 1548 quwrite
1452 1478 1643 1542 illum;
1674 1481 1921 1550 quoniam
1948 1481 2030 1534 in-

460 1571 662 1627 venitur
701 1571 764 1624 ab
796 1572 877 1624 his
905 1572 993 1641 qui
1023 1586 1125 1623 non
1162 1580 1363 1625 tentant
1392 1571 1583 1635 illum;
1614 1584 1826 1641 apparet
1855 1582 2028 1625 autem

456 1666 529 1718 eis
558 1665 648 1734 qui
680 1662 835 1728 [idem
859 1662 1045 1716 habent
1091 1663 1146 1715 in
1184 1662 1358 1716 illum.
1419 1662 1686 1718 Perverstc
1718 1666 1855 1718 enim
1885 1667 2028 1736 rogi-

2141 472 2564 525 commovendum
2586 488 2676 524 cor
2706 482 2976 535 nostrum;
3006 488 3108 541 qua
3132 473 3412 536 exstincta,
3452 473 3584 525 cinis
3611 474 3718 525 erit

2142 579 2326 632 corpus
2355 572 2617 628 nostrum,
2650 573 2698 617 et
2718 564 2938 632 spiritus
2963 561 3278 630 e/fundetur,
3306 573 3557 633 tanquam
3578 565 3720 617 mol-

2138 653 2207 707 lis
2241 670 2353 707 uer.
2412 651 2480 705 Et
2518 653 2766 708 transibit
2790 654 2895 706 vita
2926 662 3107 705 nostra
3139 662 3387 722 tanquam
3435 655 3714 723 vestigium

2140 745 2331 807 nubis,
2356 754 2406 798 et
2440 745 2578 798 sicut
2624 744 2811 797 nebula
2841 744 3175 808 dissolvetur,
3205 762 3324 816 qua:
3360 746 3542 816 fugata
3566 757 3644 801 est
3677 764 3719 802 α

2138 838 2305 891 radiis
2333 837 2483 899 solis,
2529 846 2578 891 et
2609 854 2640 890 a
2668 836 2843 891 calore
2876 837 3023 890 illius
3058 847 3368 908 aggravata.
3426 837 3493 891 Et
3520 855 3714 893 nomen

2137 938 2378 982 nostrum
2431 927 2741 981 oblivionem
2790 928 3006 996 accipiet
3059 943 3150 995 per
3193 938 3414 997 tempus,
3463 940 3512 983 et
3556 947 3713 983 nemo

2134 1020 2443 1074 memoriam
2471 1018 2675 1072 habebit
2713 1035 2921 1087 operum
2965 1028 3282 1074 nostrorum.
3324 1020 3533 1075 Umbra
3563 1022 3711 1076 enim

2136 1114 2397 1167 transitus
2435 1121 2510 1167 est
2543 1121 2741 1179 tempus
2785 1119 3042 1178 nostrum,
3087 1120 3136 1166 et
3165 1127 3268 1166 non
3287 1122 3363 1165 est
3393 1113 3614 1165 reversio
3641 1113 3712 1180 ﬁ-

2134 1206 2216 1259 nis
2240 1206 2431 1270 nostri,
2474 1205 2723 1275 quoniam
2767 1205 3076 1274 consignata
3101 1214 3199 1267 est,
3227 1213 3275 1257 et
3305 1220 3454 1258 nemo
3481 1215 3706 1259 reverte.

2136 1305 2222 1349 tur
2252 1296 2318 1351 “.
2368 1296 2656 1366 Propterea
2711 1296 3003 1364 unicuique
3047 1297 3446 1365 praevidendum
3484 1306 3586 1362 est,
3637 1307 3707 1350 ut

2135 1403 2482 1458 summopere
2522 1403 2582 1443 se
2627 1387 2914 1454 custodiat,
2963 1397 3017 1443 et
3062 1387 3265 1441 utiliter
3302 1404 3360 1441 se
3389 1387 3702 1457 praeviderat.

2135 1490 2194 1535 ut
2222 1496 2343 1535 cum
2375 1480 2491 1535 dies
2520 1490 2761 1536 extrema
2798 1480 3031 1549 tlnisque
3078 1481 3200 1534 vita:
3241 1480 3537 1544 advenerit,
3584 1498 3701 1536 nan

2135 1580 2377 1628 transeat
2401 1572 2466 1627 ad
2494 1582 2805 1643 perpetuam
2844 1580 3095 1637 mortem,
3136 1574 3227 1628 sed
3258 1574 3322 1627 ad
3351 1574 3514 1628 vitam
3541 1585 3698 1629 teter-

2135 1683 2280 1721 nam.
2310 1664 2475 1721 Facta
2505 1667 2649 1720 enim
2681 1666 3021 1721 subditorum
3049 1668 3360 1737 jndicantur
3388 1684 3415 1720 a
3441 1670 3600 1724 nobis
3621 1671 3699 1735 ⁸⁵,

456 1756 682 1810 taliones
734 1763 979 1824 separant
1015 1770 1046 1806 a
1083 1753 1209 1817 Deo,
1256 1754 1481 1823 probata
1503 1764 1676 1810 autem
1712 1757 1877 1810 virtus
1907 1771 2025 1810 cor-
2055 1747 2096 1801 Β
2128 1767 2314 1812 nostra
2363 1773 2491 1812 vero
2530 1756 2742 1827 judicat
2785 1756 2947 1813 Deus.
3004 1756 3082 1812 Ex
3114 1758 3308 1812 merito
3356 1774 3485 1814 vero
3520 1760 3701 1830 plebis

455 1849 581 1917 ripit
604 1848 931 1917 insipientes.
962 1846 1225 1912 Quoniam
1253 1850 1308 1900 in
1331 1847 1641 1902 mulevolam
1665 1849 1897 1902 animam
1920 1865 2022 1903 non

451 1942 692 1996 introibit
742 1940 1024 2009 sapientia,
1074 1954 1165 1991 nec
1196 1938 1453 1992 habitabit
1480 1940 1532 1993 in
1568 1955 1784 2009 corpore
1811 1939 2022 1994 subdito

450 2034 699 2104 peccatis.
760 2030 991 2099 Spiritus
1040 2030 1177 2083 enim
1218 2039 1434 2083 sanctus
1481 2029 1776 2099 disciplina:
1813 2031 2022 2102 effugiet

452 2127 655 2195 ﬁctum,
703 2134 752 2177 et
782 2123 983 2192 auferet
1016 2138 1070 2174 se
1095 2138 1127 2175 a
1157 2121 1562 2191 cogitationibus
1611 2139 1728 2192 qua:
1765 2134 1885 2177 sunt
1910 2126 2022 2180 sine

451 2218 741 2279 intellectu,
791 2224 841 2269 et
880 2214 1200 2284 corripiatur
1244 2230 1276 2266 a
1304 2214 1686 2283 superveniente
1720 2213 2016 2284 iniquitate.

450 2308 715 2379 Benignus
753 2317 828 2361 est
857 2306 995 2360 enim
1024 2306 1245 2376 spiritus
1272 2304 1566 2373 sapientiw,
1623 2313 1672 2359 et
1696 2322 1798 2358 non
1829 2306 2019 2360 libera-

379 2456 382 2461 .
447 2400 523 2454 bit
554 2398 893 2453 maledictum
918 2398 959 2429 ³¹
994 2414 1026 2451 a
1051 2398 1208 2451 labiis
1254 2398 1395 2462 suis;
1440 2399 1689 2466 quoniam
1740 2416 1918 2453 renum
1944 2400 2014 2454 il-

447 2493 550 2546 lius
594 2492 742 2546 testis
790 2500 866 2545 est
910 2490 1072 2556 Deus,
1118 2499 1166 2543 et
1192 2490 1365 2543 cordis
1392 2489 1504 2559 ejus
1544 2501 1807 2544 scrutator
1826 2502 1905 2547 est
1933 2510 2016 2547 ve-

447 2600 561 2648 rus,
594 2592 645 2637 et
674 2583 867 2653 linguw
897 2583 1044 2637 illius
1072 2581 1307 2636 auditor.
1341 2581 1613 2647 Quoniam
1645 2582 1875 2653 Spiritus
1905 2585 2014 2638 Do-

443 2676 571 2728 mini
596 2674 809 2745 replevit
856 2673 1032 2728 orbem
1063 2684 1347 2737 terrarum,
1393 2683 1442 2728 et
1473 2675 1588 2736 hoc,
1624 2674 1760 2744 quod
1784 2676 2013 2728 continet

441 2767 641 2830 omnia,
696 2766 972 2821 scientiam
1001 2766 1155 2819 habet
1184 2765 1343 2820 vocis.
1401 2764 1625 2834 Propter
1652 2766 1766 2831 hoc,
1810 2768 1899 2836 qui
1929 2766 2010 2820 lo-

439 2856 621 2925 quitur
650 2856 849 2925 iniqua,
903 2871 1005 2907 non
1029 2865 1194 2924 potest
1222 2854 1408 2921 latere,
1449 2871 1542 2909 nec
1573 2856 1836 2925 prceteriet
1860 2855 2010 2909 illum

438 2948 723 3016 corripiens
759 2946 1044 3015 judicium.
1110 2944 1175 2999 In
1223 2946 1628 3016 cogitationibus
1677 2948 1815 3000 enim
1862 2948 2011 3016 impii

436 3039 782 3108 interrogatio
808 3038 932 3094 erit.
982 3037 1295 3093 Sermonum
1324 3052 1499 3092 autem
1534 3040 1678 3094 illius
1705 3041 1907 3093 auditio
1940 3039 2008 3093 ad

436 3130 723 3183 Dominum
759 3130 945 3195 veniet,
985 3139 1035 3183 et
1067 3129 1135 3183 ad
1159 3131 1538 3199 correptionem
1564 3131 1906 3199 iniquitatum
1935 3130 2008 3184 il-

434 3219 570 3285 lius;
625 3222 878 3291 quoniam
908 3222 1055 3274 auris
1086 3222 1186 3274 zeli
1230 3221 1379 3274 audit
1421 3223 1620 3286 omnia,
1670 3234 1718 3277 et
1748 3223 2007 3279 tumultus

434 3313 913 3367 murmurationum
930 3328 1032 3366 non
1053 3312 1413 3366 abscondetur.
1427 3311 1700 3368 Custodite
1726 3330 1847 3383 ergo
1870 3330 1955 3367 vos
1972 3331 2005 3368 a

432 3413 872 3469 murmuratione,
921 3419 1041 3473 qua:
1083 3403 1215 3456 nihil
1244 3404 1490 3473 prodest;
1537 3413 1587 3457 et
1615 3421 1648 3456 a
1683 3404 2005 3459 detractione

428 3497 629 3565 parcite
657 3495 883 3566 lingua;
931 3497 1180 3567 quoniam
1224 3512 1393 3550 sermo
1422 3500 1672 3551 obscurus
1702 3498 1757 3550 in
1781 3514 2002 3553 vacuum

430 3604 535 3642 non
562 3588 680 3641 ibit.
735 3588 809 3642 0s
837 3588 974 3658 quod
1006 3588 1275 3651 mentitur,
1304 3589 1495 3642 occidit
1523 3590 1780 3642 animam.
1842 3587 2001 3642 Noli-

430 3690 477 3734 tc
506 3680 677 3734 zelare
706 3689 927 3734 mortem
954 3681 1008 3733 in
1031 3696 1206 3734 errore
1230 3683 1350 3734 vitm
1382 3690 1581 3746 vestris,
1629 3697 1789 3751 neque
1815 3682 1998 3751 acqui-

428 3774 562 3827 ratis
608 3774 955 3842 perditionem
995 3773 1052 3826 in
1094 3772 1335 3842 operibus
1383 3789 1634 3826 manuum
1664 3784 1990 3838 vestrarum;

424 3866 675 3935 quoniam
710 3863 851 3918 Deus
880 3875 1099 3919 mortem
1125 3880 1228 3917 non
1254 3863 1398 3933 fecit,
1447 3880 1538 3918 nec
1560 3864 1775 3918 [artatur
1798 3866 1852 3918 in
1876 3881 1993 3935 per-

423 3957 626 4010 ditione
654 3956 906 4010 vivorum.
962 3953 1172 4010 Creavit
1199 3957 1358 4022 enim,
1388 3966 1444 4009 ut
1474 3965 1663 4021 essent,
1715 3957 1913 4021 omnia,
1941 3966 1992 4012 et

422 4048 688 4104 sanabiles
734 4064 846 4103 esse
891 4047 1055 4101 voluit
1084 4049 1323 4101 nationes
1353 4048 1495 4100 orbis
1521 4056 1805 4102 terrarum.
1866 4046 1990 4102 Non

420 4152 499 4197 est
532 4142 589 4194 in
619 4141 729 4196 illis
757 4141 1191 4196 medicamentum
1221 4139 1544 4205 exterminii,
1579 4154 1670 4191 nec
1700 4139 1987 4208 inferorum

419 4254 635 4308 regnum
665 4238 888 4292 interra
934 4236 1234 4290 viventium.
1292 4232 1515 4287 Iustitia
1558 4243 1805 4301 perpetua
1833 4247 1907 4287 est
1932 4242 1982 4287 et

416 4329 769 4394 immortalis;
816 4328 1084 4397 injustitia
1131 4336 1306 4380 autem
1349 4325 1533 4379 mortis
1575 4334 1652 4378 est
1679 4327 1976 4396 acquisitio.

2126 1852 2517 1919 nonnunquam
2542 1849 2780 1919 episcopi
2805 1850 3250 1919 depravantur“,
3274 1860 3541 1919 quatenus
3566 1868 3700 1923 pro-

2124 1942 2317 1997 clivius
2345 1941 2542 1996 cadant
2565 1940 2657 2011 qui
2685 1952 3009 2011 sequuntur.
3050 1942 3242 2011 Capite
3283 1943 3690 2013 languescente,

2124 2043 2316 2089 caetera
2366 2033 2610 2102 corporis
2671 2034 2918 2089 membra
2974 2034 3313 2091 inticiuntur.
3385 2034 3694 2092 Deteriores

2123 2135 2270 2193 sunt,
2319 2127 2411 2197 qui
2456 2128 2622 2181 vitam
2674 2141 2964 2196 moresque
3008 2126 3275 2181 bonorum
3310 2140 3692 2199 corrumpunt,

2124 2218 2207 2272 his
2251 2218 2345 2287 qui
2399 2217 2735 2273 substantias
2784 2219 3011 2273 aliorum
3058 2219 3364 2290 praediaque
3404 2220 3691 2291 diripiunt.

2119 2305 2319 2359 Caveat
2355 2307 2729 2376 unusquisque
2764 2323 2831 2360 ne
2860 2317 2954 2363 aut
2982 2309 3243 2378 linguam,
3275 2316 3369 2363 aut
3395 2310 3555 2364 aures
3581 2311 3688 2364 ha-

2120 2395 2247 2450 beat
2291 2396 2595 2463 prurientes
2620 2396 2688 2461 "’,
2731 2396 2784 2450 id
2823 2405 2906 2451 est
2952 2412 3021 2452 ne
3063 2408 3156 2452 aut
3193 2398 3306 2467 ipsc
3334 2398 3456 2452 aliis
3502 2399 3691 2453 detra-

2118 2486 2231 2551 hat,
2283 2495 2377 2540 aut
2422 2487 2559 2542 alios
2600 2487 2783 2542 audiat
2811 2488 3177 2544 detrahentes.
3230 2488 3446 2553 Sedens,
3481 2491 3686 2561 inquit,

2116 2577 2363 2633 adversus
2414 2577 2633 2647 fratrem
2667 2587 2811 2632 tuum
2854 2580 3183 2649 loquebaris,
3230 2581 3580 2650 detrahendo,
3628 2593 3686 2635 et

2115 2672 2361 2725 adversus
2409 2672 2582 2740 filium
2625 2672 2814 2725 matris
2867 2682 2971 2726 ture
3006 2673 3231 2740 ponebas
3268 2675 3579 2729 scandalum
3607 2676 3681 2740 ³⁸,

2112 2771 2217 2818 etc.
2262 2752 2501 2819 Parcan't
2516 2763 2720 2833 singuli
2754 2764 3072 2818 detractioni
3097 2765 3313 2834 linguae,
3339 2769 3681 2822 custodiant-

2112 2869 2219 2925 que
2247 2869 2530 2911 sermones
2568 2869 2733 2921 suos;
2772 2865 2825 2908 et
2854 2856 3048 2921 sciant,
3082 2856 3208 2924 quia
3234 2867 3428 2911 cuncta
3456 2872 3580 2926 quae
3604 2857 3680 2913 de

2112 2949 2234 3004 aliis
2262 2949 2579 3020 loquuntur,
2610 2963 2708 3003 sua
2739 2948 3009 3003 sententia
3032 2948 3437 3018 judicabuutur.
3500 2947 3679 3005 Nemo

2037 3063 2077 3135 ὸ
2114 3038 2284 3093 invito
2328 3038 2565 3093 auditori
2612 3038 2841 3093 libenter
2873 3037 3059 3093 refert.
3118 3037 3287 3094 Ollicii
3330 3040 3674 3110 singulorum

2111 3131 2204 3194 sit,
2238 3130 2598 3194 dilectissimi,
2654 3145 2762 3185 non
2790 3130 2964 3186 solum
3000 3130 3189 3186 oculos
3218 3140 3399 3186 castos
3428 3148 3672 3197 servare,

2109 3222 2204 3278 sed
2228 3230 2284 3278 et
2309 3223 2571 3292 linguam.
2613 3221 2723 3277 Nec
2753 3223 2884 3292 quid
2918 3222 2973 3276 in
3004 3222 3326 3293 cujusquam
3353 3223 3515 3278 domo
3541 3239 3675 3296 aga-

2109 3326 2218 3380 tur,
2268 3316 2372 3370 alia
2401 3316 2598 3371 domus
2621 3330 2716 3386 per
2746 3331 2845 3371 vos
2873 3328 3111 3386 unquam
3139 3316 3367 3371 noverit.
3422 3314 3674 3371 Habeant

2105 3420 2297 3473 omnes
2345 3404 2748 3474 simplicitatem
2779 3403 3044 3458 columba:
3069 3403 3134 3469 ”,
3173 3419 3241 3458 ne
3268 3404 3520 3474 cuiquam
3548 3418 3672 3456 ma-

2102 3497 2392 3551 chinentur
2417 3495 2573 3551 dolos
2604 3512 2621 3562 ;
2646 3504 2700 3549 et
2728 3495 2992 3565 serpentis
3020 3495 3299 3557 astutiam,
3334 3512 3403 3551 ne
3430 3495 3666 3550 aliorum

2101 3588 2516 3657 supplanteutur
2565 3587 2796 3642 insidiis.
2849 3584 2964 3641 Non
3008 3596 3091 3642 est
3142 3587 3463 3642 humilitatis
3506 3602 3663 3653 mea,

2100 3695 2274 3750 neque
2320 3694 2609 3745 mensum,
2654 3679 2904 3748 judicare
2949 3680 3015 3734 de
3050 3679 3280 3742 caeteris,
3324 3679 3471 3734 etde
3498 3680 3667 3734 mini-

2096 3772 2226 3828 stris
2246 3770 2608 3827 Ecclesiarum
2641 3771 2921 3826 sinistrum
2951 3769 3227 3839 quidpiam
3252 3769 3453 3825 dicere.
3483 3769 3661 3833 Absit,

2094 3872 2155 3918 ut
2180 3864 2476 3933 quidquam
2522 3862 2803 3918 sinistrum
2852 3862 3027 3917 dehis
3058 3862 3253 3932 loquar
3290 3860 3357 3928 ‘°,
3404 3861 3498 3932 qui
3522 3876 3662 3931 θρο-

2092 3957 2288 4012 stolicn
2309 3957 2499 4027 gradui
2521 3955 2890 4022 succedentes,
2918 3953 3118 4011 Christi
3147 3970 3345 4025 corpus
3377 3970 3534 4010 sacro
3561 3970 3663 4009 ore

2090 4045 2405 4114 coniiciunt,
2454 4063 2549 4117 per
2585 4062 2723 4117 quos
2766 4063 2867 4103 nos
2911 4046 3074 4101 etiam
3107 4046 3400 4102 Christiani
3432 4062 3649 4111 sumus,

2088 4138 2182 4207 qui
2228 4138 2407 4192 claves
2454 4137 2603 4208 regni
2646 4138 2907 4193 caelorum
2955 4138 3237 4198 habentes.
3274 4147 3399 4193 ante
3447 4138 3643 4206 judicii

2085 4229 2227 4285 diem
2247 4230 2515 4298 judicant.
2572 4226 2752 4283 Veteri
2779 4228 2996 4298 quidem
3024 4229 3141 4300 lege
3172 4230 3403 4284 habetur
3430 4229 3495 4294 δι,
3527 4230 3659 4299 qui-

2084 4337 2298 4391 cunque
2326 4319 2698 4376 sacerdotibus
2743 4333 2852 4373 non
2880 4319 3323 4390 obtemperasset,
3374 4328 3469 4374 aut
3494 4327 3656 4374 extra

415 4423 576 4489 [mpii
610 4432 783 4477 autem
830 4423 1068 4476 manibus
1105 4431 1154 4475 et
1189 4421 1354 4474 verbis
1396 4420 1747 4473 accersierunt
1790 4419 1978 4485 illam;
2008 4422 2057 4482 ι)
2085 4425 2261 4471 castra
2317 4414 2527 4484 positus
2595 4412 2936 4483 lapidabatur
2989 4428 3021 4467 a
3070 4414 3287 4483 populo,
3336 4423 3432 4468 aut
3469 4415 3653 4485 gladio

410 4521 459 4564 et
490 4511 811 4565 aestimantes
839 4527 953 4564 eam
983 4512 1225 4576 emicant,
1265 4511 1618 4580 defluxerunt,
1652 4521 1700 4564 et
1734 4514 1976 4581 sponsio-

410 4619 500 4657 nes
527 4612 811 4671 posuerunt
853 4602 920 4655 ad
950 4602 1136 4665 illam,-
1165 4603 1415 4674 quoniam
1456 4612 1619 4656 morte
1650 4603 1796 4674 digni
1830 4615 1973 4669 sunt,

408 4694 499 4765 qui
530 4704 651 4748 sunt
679 4711 744 4749 ea:
770 4705 921 4765 parte
943 4694 1090 4748 illius
1128 4696 1193 4748 ".
1256 4694 1514 4749 Dixerunt
1539 4697 1697 4760 enim,
1753 4696 1892 4761 apud
1919 4714 1975 4751 se

408 4785 695 4856 cogitantes
751 4801 853 4839 non
891 4794 1062 4838 recte:
1089 4782 1351 4855 Exiguum
1393 4796 1491 4849 est,
1538 4798 1587 4841 et
1636 4804 1753 4841 cum
1790 4787 1969 4851 tredio,

409 4888 610 4946 tempus
657 4877 776 4932 vita
819 4884 1032 4942 nostrw,
1079 4886 1128 4930 et
1163 4892 1266 4929 non
1309 4887 1385 4931 est
1426 4878 1755 4948 refrigerium
1785 4881 1839 4932 in
1869 4880 1971 4947 ﬁne

406 4968 655 5034 hominis,
701 4976 752 5023 et
778 4985 881 5023 non
905 4979 983 5022 est
1006 4969 1104 5039 qui
1141 4970 1353 5038 agnitus
1382 4970 1451 5022 sit
1478 4985 1707 5023 reversus
1738 4969 1803 5022 ab
1833 4970 1970 5037 infe-

406 5063 501 5118 ris.
556 5061 820 5128 Quoniam
859 5076 924 5115 επ
953 5060 1116 5114 nihilo
1137 5062 1248 5114 nati
1282 5077 1483 5120 sumus,
1524 5069 1575 5114 et
1603 5070 1716 5130 post
1740 5061 1835 5114 hoc
1864 5060 1970 5114 eri-

403 5169 520 5213 mus
545 5164 794 5225 tanquam
831 5168 936 5207 non
962 5152 1235 5222 fuerimus.
1294 5150 1556 5216 Quoniam
1590 5151 1767 5219 fumus
1807 5151 1968 5220 affla-

387 5384 399 5394 ”
471 5382 515 5416 ’⁷
540 5382 643 5439 lsa.
672 5399 866 5449 xxvm,
904 5382 956 5436 7.
1011 5382 1056 5415 ’⁸
1096 5381 1232 5436 idem
1279 5379 1558 5437 Ennodius
1598 5394 1728 5434 mox
1759 5378 2029 5434 laudatus.
2107 5379 2151 5449 ff
2193 5372 2695 5449 synodicuyartini
2734 5371 2778 5449 l_.

1546 5449 1590 5483 ”
1631 5450 1760 5520 Sap.
1806 5450 1874 5520 ιιι,
1913 5449 2023 5503 1-5.

1546 5522 1821 5576 totianum.
1916 5520 1961 5551 ³⁸
1998 5518 2026 5572 f

2111 5449 2152 5478 ”
2187 5449 2240 5502 9.
2286 5464 2339 5515 ιι.
2368 5449 2420 5499 ὅ.
2465 5449 2627 5499 Facta
2670 5449 3036 5499 subditorum.
3141 5449 3185 5475 ³⁵
3227 5449 3349 5498 Isid.
3381 5455 3627 5507 tu,scnt.

2111 5519 2201 5572 lm.
2233 5533 2413 5583 ,xux,
2473 5513 2562 5569 20.
2634 5512 2686 5583 “7
2719 5515 2858 5567 idem
2882 5512 3030 5569 Ilier.
3059 5529 3144 5582 ep.
3179 5515 3276 5577 l5,
3306 5524 3416 5569 tum
3451 5530 3533 5582 cp.
3571 5514 3627 5577 4,

398 5452 602 5509 dicum.

696 5455 740 5485 ³³
781 5453 982 5524 sa“.
1065 5452 1111 5484 ³³
1149 5469 1213 5507 ac
1252 5450 1433 5524 l_latns.

399 5522 505 5585 58,
534 5522 622 5577 42.

727 5524 771 5555 ³⁷
815 5520 874 5578 SI
929 5522 1075 5579 Hier.
1108 5538 1192 5593 ep.
1252 5522 1293 5593 2
1320 5522 1387 5593 ad
1444 5520 1821 5593 Nepotianum.

400 5582 654 5665 necnon]
711 5596 777 5646 ad
839 5582 1209 5665 Heliodorum.
1252 5590 1403 5647 Unde
1429 5582 1673 5665 arguitur
1704 5587 2418 5665 Mercatoris,tnangonimn_
2444 5582 2872 5664 putidissimam.

1440 5656 1796 5719 u"Hactenus
1834 5660 1980 5716 Hier.
2024 5656 2227 5715 Antero
2269 5656 2453 5711 multis
2496 5656 2651 5708 annis
2676 5656 2960 5724 posterior.

397 5662 732 5787 εθᾟὲὲῖνέι
787 5666 855 5788 5"
890 5662 1281 5803 θῖΐιὲςιξξέἰί
1325 5734 1349 5788 ι

2084 4508 2295 4562 cervice
2376 4506 2655 4575 subjecta,
2702 4513 3068 4574 contemptum
3115 4506 3366 4575 expiabat
3426 4523 3651 4563 cruore.

2081 4598 2237 4653 Nunc
2291 4613 2419 4653 vero
2479 4597 2798 4652 inobediens
2847 4596 3116 4666 spirituali
3178 4597 3653 4655 animadversione

2082 4701 2385 4759 truncatur,
2431 4699 2485 4745 et
2534 4689 2739 4760 ejectus
2789 4689 2858 4743 ab
2882 4686 3154 4754 Ecclesia,
3201 4688 3391 4743 rabido
3441 4689 3649 4744 daemo-

2078 4798 2207 4837 num
2274 4797 2368 4837 ore
2420 4780 2746 4850 discerpitur
2799 4780 2867 4833 “.
2938 4777 3160 4847 Oportet
3214 4780 3359 4833 enim
3426 4789 3485 4834 ut
3545 4781 3645 4852 qui

2081 4873 2247 4929 Deum
2296 4872 2604 4927 luereditate
2650 4870 2928 4941 possident
2975 4870 3056 4936 “,
3110 4870 3316 4939 absque
3369 4872 3479 4927 ullo
3537 4872 3645 4927 im-

2075 4963 2384 5033 pedimento
2413 4961 2593 5017 saeculi
2625 4960 2735 5015 Deo
2762 4960 3020 5025 serviant,
3068 4969 3128 5013 ut
3154 4960 3334 5015 dicere
3375 4961 3587 5031 possint
3621 4983 3638 5019 :

2074 5055 2329 5109 Dominus
2353 5069 2476 5123 pars
2506 5052 2830 5107 hereditatis
2855 5066 2981 5105 mea:
3011 5051 3078 5104 “.
3127 5051 3173 5106 Ο
3210 5069 3366 5123 quam
3393 5052 3555 5107 bonus
3583 5067 3638 5109 et

2070 5150 2245 5204 suavis
2270 5158 2344 5204 est
2370 5146 2602 5218 Spiritus
2636 5155 2778 5213 tuus,
2814 5143 3049 5212 Domine,
3080 5146 3132 5198 in
3165 5142 3480 5200 omnibus"!
3501 5144 3639 5203 Par-

2876 5373 2919 5404 ³⁰
2959 5371 3069 5429 Jer.
3111 5390 3188 5437 Vl,
3235 5374 3322 5429 16.
3388 5375 3431 5407 ³¹
3471 5374 3638 5429 male-

2108 5447 2152 5478 ³⁸
2187 5441 2240 5502 9ἷ
2286 5464 2339 5515 ιι.
2368 5446 2420 5499 5.
2465 5441 3036 5515 Ἑξωῑθᾼδιιὴᾶίιοευηῑ.
3141 5444 3185 5475 ³³
3226 5442 3349 5498 Isid.
3381 5455 3630 5515 Musoni.

2990 5585 3035 5616 ⁸ο
3077 5585 3162 5639 ll.
3190 5601 3254 5654 qq.
3294 5585 3347 5639 5.
3380 5585 3535 5638 Absit
3568 5594 3631 5639 ut

3102 5655 3147 5687 “
3185 5652 3311 5711 ISid.
3357 5671 3394 5709 ll
3430 5655 3530 5709 Oﬂ‘.
3569 5656 3626 5709 l.
