3918 6194
279 257 367 311 I75
1683 255 2064 312 EPISTOLE.

3403 263 3504 315 174

270 395 345 432 cis
384 387 555 430 autem
599 379 880 442 omnibus,
933 379 1190 449 quoniam
1246 389 1334 433 tua
1389 387 1534 444 sunt,
1584 378 1827 445 Domine,
1860 382 1904 438 Α
1935 377 2088 446 quasi
2121 377 2443 444 insipientes,
2497 377 2586 429 sed
2618 385 2674 428 ut
2701 377 2990 445 sapientes;
3037 379 3341 432 redimen'es
3371 391 3502 434 tem-

274 474 358 540 qui
377 470 579 524 animas
613 485 786 527 amas.
845 470 1072 542 Ideoque
1097 473 1212 536 hos,
1248 473 1336 541 qui
1367 481 1608 525 exerrant
1663 473 1827 540 parti-

271 564 369 624 bas,
417 564 686 631 corripis;
703 565 794 636 ,de
822 565 1009 634 quibus
1051 575 1287 634 peccant,
1343 564 1590 618 admones
1618 575 1664 617 et
1690 564 1825 616 allo—

260 657 441 725 peris,
488 665 548 707 ut
578 657 770 708 relicta
800 656 1036 720 malitia,
1089 656 1306 710 credant
1331 658 1384 709 in
1423 665 1490 720 te,
1518 655 1736 708 Domine
1758 655 1823 708 “.

257 743 322 797 Ta
351 753 558 809 autem,
617 744 760 797 Deus
804 756 998 811 noster,
1048 747 1223 800 suavis
1245 754 1294 799 et
1325 763 1472 800 verus
1496 762 1568 808 es,
1600 747 1823 814 patiens,

245 846 292 889 et
313 837 363 886 in
395 836 779 889 misericordia
815 837 1094 905 disponens
1119 838 1315 890 omnia.
1374 835 1602 896 Etenim.
1633 838 1680 889 si
1711 852 1827 904 pec—

245 928 558 991 caverimus,
611 927 690 980 tui
719 943 919 991 sumus,
954 928 1171 980 scientes
1198 927 1611 996 magnitudinem
1657 936 1820 978 tuam.

245 1017 306 1071 Et
333 1021 381 1070 si
402 1035 515 1071 non
540 1019 953 1087 peccaverimus,
999 1020 1194 1073 scimus
1220 1020 1467 1089 quoniam
1498 1017 1637 1086 apud
1667 1030 1713 1071 te
1738 1035 1826 1071 su-

241 1129 350 1165 Ius
374 1114 681 1180 computati
711 1112 774 1163 ".
802 1110 1033 1181 Spirittts
1059 1113 1353 1165 timentium
1387 1111 1665 1164 Dominum
1685 1127 1827 1181 quae-

241 1217 379 1258 retur
401 1206 475 1258 ab
498 1223 583 1269 eo,
605 1215 656 1258 et
679 1208 731 1258 in
761 1216 992 1274 respectu
1017 1204 1161 1258 illius
1195 1203 1560 1258 benedicentur
1586 1201 1651 1255 ⁸⁸.
1683 1202 1828 1267 Qua-

238 1308 476 1366 propter,
535 1298 734 1364 fratres
768 1297 1090 1358 charissimi,
1139 1297 1308 1349 omnis
1357 1311 1526 1348 sermo
1566 1294 1735 1347 malus
1764 1309 1828 1347 ex

239 1406 318 1440 one
350 1399 532 1440 oestro
555 1405 659 1441 non
686 1388 971 1457 procedat;
992 1387 1082 1441 sed
1104 1388 1151 1440 si
1175 1387 1293 1456 quis
1317 1386 1479 1440 bonus
1504 1395 1583 1440 est
1611 1385 1678 1438 ad
1699 1385 1827 1438 atdi-

239 1481 550 1547 ﬁcatiouem
602 1479 1033 1548 opportunitatis,
1085 1489 1140 1531 ut
1173 1480 1258 1532 det
1289 1479 1521 1549 gratiam
1563 1477 1829 1532 audienti-

240 1572 352 1635 bus,
406 1580 463 1623 et
502 1570 670 1622 nolite
700 1570 1014 1622 contristare
1041 1566 1300 1637 Spiritum
1339 1578 1579 1622 sanctum
1605 1567 1724 1630 Dei.
1771 1568 1826 1621 in

239 1679 338 1730 quo
379 1663 593 1732 signati
615 1663 814 1715 estis’in
834 1663 972 1716 diem
1002 1662 1394 1731 redemptionis.
1448 1660 1629 1717 Omnis
1671 1677 1823 1715 ama-

241 1757 442 1820 ritudo,
476 1765 526 1808 et
551 1757 658 1818 ira,
684 1765 732 1808 et
760 1755 1076 1824 indignatio,
1100 1763 1151 1806 et
1171 1754 1393 1820 clamor,
1427 1762 1473 1806 et
1501 1752 1823 1822 blasphemia

243 1845 467 1899 tollatur
493 1863 525 1896 a
561 1843 706 1897 vobis
739 1860 857 1896 cum
909 1843 1050 1896 omni
1077 1841 1283 1895 malitia
1309 1842 1374 1896 ⁸³.
1425 1841 1609 1895 Estote
1648 1853 1824 1896 autem

241 1939 464 1991 invicem
493 1936 729 2003 benigni,
760 1935 1146 2002 misericordes,
1171 1933 1423 1988 donantes
1441 1935 1679 2000 invicem,
1711 1936 1825 1989 sic-

241 2040 299 2083 ut
349 2039 399 2083 et
446 2029 592 2082 Deus
638 2031 694 2082 in
741 2027 952 2082 Christo
997 2028 1210 2082 donavit
1252 2027 1414 2082 vobis.
1460 2015 1643 2080 Estote
1705 2043 1825 2097 ergo

246 2119 540 2171 imitatores
572 2117 698 2182 Dei,
727 2118 864 2171 sicut
890 2118 990 2186 ﬁlii
1019 2117 1348 2181 charissimi;
1395 2127 1444 2170 et
1476 2117 1742 2172 ambulate
1770 2119 1824 2171 in

253 2213 545 2275 dilectione,
598 2213 736 2264 sicut
780 2220 830 2264 et
857 2210 1102 2265 Christus
1133 2211 1320 2264 dilexit
1344 2227 1458 2275 nos,
1499 2221 1548 2264 et
1603 2210 1827 2265 tradidit

250 2303 583 2368 semetipsum
613 2317 710 2370 pro
751 2301 896 2354 nobis
929 2301 1246 2355 oblationem
1276 2311 1325 2355 et
1364 2301 1594 2355 hostiam
1634 2300 1744 2354 Deo
1773 2302 1828 2354 in

246 2393 458 2444 odorem
498 2393 808 2446 suavitatis.
862 2391 1171 2447 Fornicatio
1205 2403 1381 2446 autem
1421 2405 1470 2446 et
1513 2394 1680 2446 omnis
1721 2394 1827 2447 int-

243 2484 512 2537 munditia
548 2493 644 2537 aut
671 2484 897 2538 avaritia
927 2501 1028 2537 non
1053 2487 1350 2539 nominetur
1386 2488 1440 2538 in
1479 2485 1642 2550 vobis,
1693 2485 1827 2538 sicut

238 2586 285 2630 et
311 2577 462 2630 decet
508 2587 746 2642 sanctos,
803 2587 895 2631 aut
941 2579 1233 2647 turpitudo,
1281 2588 1375 2632 aut
1416 2578 1825 2649 stultiloquium,

239 2678 330 2721 aut
357 2668 699 2732 scurrilitas,
746 2685 862 2738 qua:
903 2669 970 2720 ad
999 2685 1104 2721 rem
1136 2685 1239 2722 non
1275 2671 1555 2737 pertinent,
1601 2670 1689 2722 sed
1715 2685 1828 2722 ma-

235 2763 313 2829 gis
341 2763 655 2830 gratiarum
706 2761 867 2813 actio.
917 2757 1032 2812 Hoc
1058 2761 1197 2812 enim
1244 2761 1448 2825 scitote,
1482 2761 1825 2832 intelligentes

236 2853 377 2920 quod
424 2853 601 2904 omnis
648 2853 961 2920 fornicator,
1001 2862 1092 2905 aut
1119 2853 1442 2919 immundus,
1488 2862 1580 2906 aut
1611 2871 1822 2918 avarus,

234 2948 378 3016 quod
419 2956 504 3000 est
549 2947 812 3000 idolorum
852 2949 1092 3008 servitus,
1136 2963 1237 3000 non
1282 2947 1432 3001 habet
1462 2947 1826 3002 [nereditatem

1927 485 2046 537 pus,
2084 467 2330 537 quoniant
2373 469 2483 520 dies
2523 467 2652 520 ntali
2677 478 2821 521 sunt.
2869 467 3155 538 Propterea
3186 471 3347 523 nolite
3387 473 3504 541 ﬁeri

1929 557 2304 626 imprudentes,
2356 557 2447 610 sed
2484 557 2830 626 intelligentes
2875 575 2991 628 qute
3017 560 3085 612 sit
3122 559 3360 614 voluntas
3385 561 3499 616 Dei.

1929 647 2000 700 Et
2032 647 2195 702 nolite
2227 648 2481 701 inebriari
2513 650 2649 714 vino,
2686 651 2738 702 in
2766 666 2864 718 quo
2891 661 2965 704 est
2997 650 3210 704 luxuria
3239 669 3255 714 ;
3284 653 3373 706 sed
3399 654 3502 706 im-

1927 739 2180 806 pleamini
2231 737 2436 808 Spiritu
2478 750 2677 804 sancto,
2731 740 2996 810 loquentes
3045 742 3420 813 vobismetipsis
3448 745 3502 796 in

1927 830 2173 900 psalmis,
2204 831 2410 900 hymnis
2441 840 2490 884 et
2531 830 2753 885 canticis
2785 832 3175 900 spiritualibus,
3231 844 3502 888 cantantes

1927 934 1975 976 et
2025 921 2304 996 psallentes
2356 925 2409 975 in
2455 923 2701 976 cordibus
2744 924 2928 977 vestris
2971 923 3232 987 Domino,
3301 928 3502 996 gratias

1928 1027 2135 1084 aqentes
2167 1032 2366 1085 semper
2390 1032 2484 1085 pro
2513 1015 2750 1070 omnibus
2775 1018 2831 1069 in
2856 1019 3062 1071 nomine
3095 1017 3308 1073 Domini
3333 1022 3502 1073 nostri

1925 1108 2054 1162 Iesu
2085 1107 2286 1163 Christi
2323 1108 2430 1161 Deo
2453 1120 2498 1162 et
2537 1106 2713 1175 Patri,
2748 1108 2967 1178 subjecti
2989 1110 3204 1164 invicem
3233 1112 3285 1164 in
3318 1112 3503 1164 timore

1930 1199 2127 1256 Christi
2159 1202 2225 1256 ⁵ο.
2285 1198 2433 1255 State
2467 1202 2667 1271 itaque,
2717 1202 2933 1270 fratres,
2981 1213 3031 1256 et
3060 1212 3224 1257 tenete
3252 1205 3503 1258 traditio-

1929 1309 2016 1346 nes
2062 1293 2434 1363 apostolorum
2480 1304 2534 1347 et
2579 1293 2891 1362 apostolicae
2941 1296 3108 1362 sedis,
3155 1308 3211 1350 ut
3242 1296 3500 1351 Dominus

1929 1395 2105 1438 noster
2143 1383 2299 1438 Jesus
2355 1382 2621 1450 Christus,
2669 1393 2718 1437 et
2762 1385 2926 1440 Pater
2953 1397 3149 1453 noster,
3195 1391 3286 1458 qui
3315 1389 3503 1443 dilexit

1929 1493 2042 1543 nos,
2067 1486 2116 1530 et
2139 1477 2280 1530 dedit
2310 1475 2720 1530 consolationem
2756 1488 3028 1546 atternttm,
3059 1491 3107 1534 et
3143 1497 3284 1551 spem
3312 1481 3500 1535 bonum

1928 1569 1984 1622 in
2015 1570 2210 1639 gratia,
2262 1569 2564 1622 exhortetur
2609 1567 2770 1622 corda
2811 1579 3004 1637 vestra,
3051 1580 3100 1626 et
3147 1573 3415 1642 conﬁrmet
3445 1575 3501 1627 in

1929 1662 2072 1715 omni
2097 1677 2250 1730 opere
2289 1669 2337 1714 et
2383 1661 2436 1713 itt
2461 1677 2694 1715 sermone
2720 1660 2851 1714 bono
2885 1662 2952 1717 δ’.
3009 1663 3088 1716 De
3128 1674 3333 1730 cratera,
3387 1666 3502 1734 fra-

1853 1721 1897 1780 Β
1929 1761 2052 1814 tres,
2089 1760 2234 1804 orate
2256 1767 2350 1820 pro
2377 1751 2548 1816 nobis,
2582 1759 2639 1804 ut
2670 1768 2838 1804 sermo
2869 1751 3082 1805 Domini
3106 1762 3283 1806 currat
3315 1763 3363 1807 et
3391 1754 3502 1808 cla-

1929 1844 2182 1912 riﬁcetur,
2225 1844 2358 1896 sicut
2393 1852 2444 1896 et
2471 1844 2610 1912 apud
2649 1860 2759 1906 vos,
2797 1852 2846 1896 et
2885 1853 2943 1896 ut
2988 1843 3270 1898 liberemur
3303 1845 3366 1899 ab
3396 1846 3500 1900 im—

1926 1937 2163 2007 portunis
2193 1945 2240 1989 et
2267 1936 2423 1989 malis
2472 1936 2807 2000 hominibus;
2860 1951 2961 1989 non
3002 1939 3142 1990 enim
3165 1939 3395 1992 ontnium
3422 1946 3501 1992 est

1927 2030 2079 2098 ﬁdes.
2134 2027 2336 2082 Fidelis
2387 2037 2561 2081 autent
2605 2028 2745 2082 Deus
2770 2037 2867 2092 est,
2916 2030 3005 2100 qui
3028 2030 3356 2098 conﬁrmabit
3387 2045 3497 2098 vo‘s,

1927 2133 1975 2176 et
1993 2122 2248 2178 custodiet
2279 2138 2310 2174 a
2338 2120 2479 2174 malo
2499 2122 2565 2174 ⁵³.
2595 2120 2924 2192 Quapropter
2939 2123 2986 2154 ⁵³
3013 2123 3187 2194 ponite
3204 2124 3499 2180 indesinen-

1931 2225 2007 2270 ter
2044 2217 2205 2268 corda
2253 2225 2424 2268 vestra
2465 2215 2519 2268 in
2556 2216 2750 2267 virtute
2793 2214 2909 2282 Dei,
2952 2225 3001 2268 et
3046 2216 3274 2270 resistite
3299 2229 3499 2287 semper

1929 2307 2100 2370 malis,
2160 2316 2210 2360 et
2256 2315 2499 2360 enarrate
2535 2307 2664 2371 hac,
2694 2305 2838 2372 iuxta
2882 2322 3069 2361 vocem
3110 2305 3408 2377 Prophetm,
3444 2310 3499 2361 in

1925 2400 2196 2468 progenies.
2219 2398 2439 2462 alteras,
2459 2399 2707 2468 quoniam
2731 2398 2813 2450 hic
2831 2406 2906 2451 est
2925 2396 3063 2450 Deus
3081 2397 3220 2451 Deus
3243 2408 3419 2452 noster
3443 2399 3500 2451 in

1928 2497 2200 2549 cateruam,
2245 2497 2293 2540 et
2335 2488 2444 2545 ipse
2487 2496 2623 2557 reget
2664 2503 2756 2541 nos
2780 2488 2835 2540 in
2862 2487 3057 2541 swcula
3079 2487 3144 2542 ⁵⁵⁵.
3197 2485 3348 2542 Unde
3377 2502 3493 2552 vos,

1927 2579 2019 2650 qui
2072 2581 2124 2634 iu
2170 2580 2389 2648 specula
2433 2595 2464 2634 a
2507 2578 2740 2633 Domino
2766 2579 2898 2634 estis
2921 2580 3220 2646 constituti,
3260 2581 3496 2649 compri‘

1928 2689 2076 2728 mere
2101 2682 2155 2727 et
2187 2673 2446 2742 repellere
2475 2688 2571 2728 eos
2600 2689 2946 2743 summopere
2987 2672 3218 2738 debetis,
3266 2673 3360 2742 qui
3388 2672 3498 2726 fra-

1926 2765 2100 2820 tribus
2152 2764 2379 2819 insidias
2422 2774 2746 2834 prs-parant,
2802 2761 2972 2818 aut'in
3001 2779 3095 2818 eos
3119 2764 3415 2819 seditiones
3443 2774 3497 2817 et

1927 2855 2182 2911 scandala
2206 2857 2465 2912 excitant.
2521 2856 2702 2912 Facile
2741 2865 2822 2912 est
2847 2855 2991 2912 enim
3027 2854 3301 2910 hominem
3329 2855 3493 2909 verbo

1927 2948 2114 3008 fallere
2139 2951 2219 3016 ⁸⁸,
2274 2950 2368 3006 sed
2414 2965 2522 3004 non
2566 2949 2877 3005 Dominum.
2928 2948 3051 3004 Ideo
3078 2949 3178 3004 hos
3207 2947 3495 3017 reprehen-

236 3041 289 3091 ia
328 3055 496 3109 regno
531 3039 731 3093 Christi
771 3049 818 3092 et
855 3038 969 3092 Dei.
1026 3037 1194 3092 Nemo
1220 3056 1306 3094 vos
1335 3040 1550 3093 seducat
1581 3040 1824 3094 inanibus
1852 3061 1894 3118 ο
1927 3043 2073 3110 dere,
2107 3045 2252 3098 etab
2280 3043 2368 3098 his
2388 3057 2486 3097 vos
2512 3052 2752 3098 avertere
2775 3049 3006 3112 oportet,
3068 3049 3356 3110 quatenus,
3393 3056 3490 3094 ex-

234 3133 430 3184 ter-bis.
486 3131 714 3198 Propter
750 3131 855 3184 lucc
877 3130 1016 3184 enim
1053 3131 1188 3184 venit
1227 3131 1312 3184 ira
1334 3130 1429 3184 Dei
1463 3133 1518 3185 in
1545 3133 1685 3201 ﬁlios
1715 3133 1824 3202 dif-

234 3226 500 3291 ﬁdentiae.
560 3223 741 3277 Nolite
770 3240 891 3293 ergo
934 3225 1059 3293 efﬁci
1084 3225 1366 3293 participes
1388 3241 1587 3278 eorum.
1643 3225 1822 3279 Eratis

232 3317 372 3370 enim
423 3316 721 3385 aliquando
762 3315 1004 3376 tenebrat,
1054 3333 1190 3370 nunc
1221 3327 1396 3370 autent
1443 3317 1535 3370 tua:
1559 3318 1610 3369 in
1638 3317 1822 3371 Domi-

231 3424 321 3459 ne.
405 3404 478 3459 Ut
523 3406 627 3474 ﬁlii
697 3405 829 3459 lucis
889 3406 1154 3461 ambulate
1211 3407 1436 3476 (fructus
1495 3408 1632 3462 enim
1689 3409 1821 3462 lucis

233 3508 309 3550 est
339 3498 395 3550 in
430 3495 863 3560 omnibonitate,
895 3506 944 3548 et
971 3495 1208 3565 iustitia,
1231 3506 1279 3550 et
1302 3496 1563 3568 veritate),
1594 3499 1833 3567 probatu

237 3599 309 3642 tes
351 3589 487 3657 quid
521 3589 592 3640 sit
624 3585 1002 3656 beneplacitum
1041 3586 1169 3641 Deo.
1221 3587 1290 3640 Et
1329 3589 1488 3642 nolite
1527 3590 1789 3642 communi
1803 3620 1820 3630 -

235 3697 356 3734 care
384 3679 638 3747 operibus
683 3679 1024 3748 infructuosis
1068 3681 1416 3748 tenebrarum,
1450 3683 1616 3751 magis
1643 3691 1820 3736 autem

237 3771 566 3840 redarguite.
619 3768 750 3834 Qua:
773 3771 911 3823 enim
934 3771 989 3823 in
1019 3772 1222 3825 occulto
1265 3773 1399 3842 ﬁunt
1432 3774 1495 3826 ab
1533 3774 1680 3842 ipsis,
1709 3783 1822 3828 tur-

236 3880 294 3930 pe
315 3873 395 3916 est
420 3872 476 3916 et
510 3863 706 3915 dicere.
759 3861 951 3917 Omnia
976 3873 1150 3918 autem
1181 3881 1299 3935 quae
1335 3875 1651 3937 arguuntur,
1680 3883 1714 3920 a
1739 3867 1822 3920 lu-

236 3957 376 4008 mine
406 3954 848 4023 manifestantur.
891 3954 1053 4010 Omne
1081 3958 1221 4011 enim
1249 3959 1385 4028 quod
1424 3960 1818 4029 manifestatur,

235 4047 412 4100 lumen
455 4059 560 4104 est.
614 4046 839 4116 Propter
869 4052 1005 4118 quod
1048 4049 1179 4102 dicit
1209 4069 1228 4102 :
1263 4049 1428 4120 Surge
1473 4051 1562 4120 qui
1599 4050 1820 4118 dormis,

234 4151 282 4193 et
305 4157 542 4210 assurge
581 4157 616 4193 a
640 4141 883 4207 mortuis,
927 4151 975 4194 et
1003 4141 1328 4195 illuminabit
1359 4152 1406 4197 te
1429 4143 1688 4198 Christus.
1731 4143 1822 4198 Vi-

234 4237 354 4289 dete
384 4238 597 4305 itaque,
649 4236 862 4305 fratres,
906 4237 1164 4306 quomodo
1211 4247 1360 4290 caute
1393 4238 1688 4304 ambuletis,
1721 4255 1822 4293 non

302 4451 358 4486 ιε’
381 4435 712 4522 Strenui.
757 4455 800 4484 ⁸⁷
842 4455 970 4524 Sap.
997 4468 1084 4515 xv,
1122 4456 1172 4512 1.
1200 4454 1252 4508 2.

243 4523 437 4579 Thess.
480 4539 539 4584 ll,
562 4525 648 4586 Η,
683 4525 768 4586 15,
790 4525 876 4579 16.

1350 4454 1395 4486 ⁸⁸
1431 4453 1999 4528 Eccli-_mtvv_it-_
2033 4452 2291 4528 "Epheso
2321 4449 2629 4528 IY.~9.?-?2i--
2718 4449 2762 4478 "
2802 4449 2998 4528 βριιςεὶ·
3035 4449 3302 4528 Valgi}...

989 4527 1033 4556 ⁸²
1072 4514 1116 4578 ll
1138 4524 1328 4579 Thess.
1367 4540 1448 4590 ιιι,
1476 4523 1663 4590 1,2,5.
1741 4524 1787 4556 ⁵³
1823 4514 1824 4517 ¹

1927 4514 2185 4592 ειείυεέῤ.
2214 4522 2267 4576 9.
2342 4521 2391 4552 ⁵⁵
2429 4519 2572 4592 Psal.
2609 4516 3012 4592 xr._vn_,_14,_15.
3086 4515 3133 4545 "
3168 4514 3305 4592 Sixti
3337 4521 3478 4592 seu}.

1931 3135 2122 3190 stincla
2163 3133 2408 3188 funditus
2437 3133 2747 3202 huiusmodi
2791 3131 3018 3202 caligine
3048 3132 3116 3197 ⁵³,
3167 3129 3383 3186 Lucifer
3412 3131 3492 3184 eis

1929 3224 2292 3294 resplendeat,
2336 3233 2390 3278 et
2439 3224 2625 3279 laetitia
2666 3225 2873 3279 oriatur
2912 3225 2965 3278 i-n
2994 3224 3247 3279 cordibus
3278 3239 3488 3278 eorum.

1929 3315 2255 3385 Conﬁdimus
2282 3325 2456 3370 autem
2487 3317 2549 3370 de
2576 3318 2734 3382 vobis,
2768 3317 2983 3382 fratres,
3015 3318 3070 3370 in
3098 3316 3344 3382 Domino,
3363 3334 3492 3387 quo-

1929 3409 2072 3462 niam
2101 3424 2216 3478 quee
2237 3408 2664 3478 prwcepimus,et
2688 3408 2886 3476 facitis,
2913 3417 2962 3461 et
2981 3407 3188 3476 facietis
3209 3408 3275 3462 ⁸⁷.
3309 3406 3492 3474 Quan-

1926 3508 1982 3554 to
2013 3500 2158 3554 enim
2192 3499 2450 3556 beneﬁcia
2472 3509 2650 3555 vestra
2674 3500 2758 3554 his
2786 3499 3019 3570 amplius
3051 3499 3336 3559 exhibetis.
3368 3507 3491 3554 tan-

1928 3595 1982 3642 to
2009 3589 2268 3657 majorem
2320 3589 2745 3644 vicissitudinem
2791 3589 2860 3642 ab
2897 3589 3250 3659 omnipotenti
3277 3588 3385 3643 Deo
3417 3589 3487 3657 ⁸⁸,

1926 3680 2016 3734 cui
2052 3679 2294 3734 serviunt
2322 3680 2366 3711 ”
2388 3720 2403 3746 ,
2433 3680 2776 3749 exspectatis.
2825 3679 3178 3750 Omnipotens
3223 3679 3364 3735 Deus
3389 3696 3488 3736 sua

1925 3787 2022 3828 vos
2072 3773 2408 3842 protectione
2459 3774 2728 3827 custodiat
2752 3773 2817 3839 °°,
2870 3772 3241 3843 honoremque
3273 3780 3325 3827 et
3347 3788 3485 3842 prae-

1925 3871 2142 3931 ceptum
2194 3875 2412 3916 servare
2463 3860 2752 3925 concedat,
2797 3869 2850 3913 et
2870 3860 3038 3929 gloria
3067 3859 3349 3928 honorque
3376 3854 3488 3911 Deo

1924 3953 2074 4008 Patri
2103 3952 2483 4023 omnipotenti,
2501 3951 2727 4022 ejusque
2751 3951 3028 4020 unigenito
3053 3948 3190 4004 Filio
3218 3947 3487 4002 Salvatori

1925 4057 2135 4110 nostro,
2190 4059 2314 4099 cum
2366 4042 2570 4112 Spiritu
2622 4049 2811 4097 sancto
2844 4041 2913 4096 sit
2949 4041 3004 4094 in
3033 4038 3228 4095 saecula
3256 4039 3486 4093 saeculo-

1924 4155 2068 4194 rum.
2115 4138 2310 4192 Amen.
2362 4135 2496 4191 Data
2534 4134 2577 4166 εί
2626 4151 2704 4189 xu
2761 4132 2880 4187 Kal.
2929 4131 3127 4202 Aprilis
3158 4129 3485 4184 Maximiano

1923 4240 1978 4286 et
2008 4229 2268 4286 Africano
2299 4229 2431 4284 viris
2459 4225 2779 4284 clarissimis
2811 4222 3147 4280 consulibus.

2718 4448 2762 4478 "
2801 4445 2998 4514 Ephes.
3035 4459 3087 4507 v,
3128 4441 3299 4514 1-2].
3357 4443 3399 4472 ⁵³
3441 4438 3484 4494 ll

245 4578 370 4665 176.7
427 4594 478 4625 “
517 4578 707 4665 Steph.
748 4578 1002 4651 Dorensls
1043 4596 1097 4649 in
1141 4578 1323 4649 libello
1345 4578 1525 4665 oblati;
1556 4578 1646 4649 ain.
1679 4578 2306 4665 649,_inisynod.'il_om.
2339 4604 2494 4665 cons:
2524 4588 2594 4642 2.
2621 4587 2708 4665 ___"’
2750 4578 2793 4640 ll
2863 4586 3055 4642 Thess.
3090 4601 3170 4647 ιιι,
3202 4584 3256 4638 4.
3335 4583 3377 4613 ⁵⁸
3415 4578 3483 4640 S.

269 4664 430 4737 Greg.
469 4680 558 4734 ep.
591 4664 676 4728 52,
707 4665 800 4720 lib.
833 4681 906 4718 ιχ.
985 4668 1030 4698 ⁸⁸
1069 4666 1302 4721 servitis.

1379 4666 1422 4697 ⁸ο
1459 4664 1619 4734 Greg.
1653 4681 1737 4734 ep.
1771 4663 1972 4726 50.lib.
2003 4680 2077 4720 IV.

2155 4662 2198 4694 “
2238 4677 2306 4717 ex
2336 4676 2439 4716 ms.
2467 4658 2702 4715 Justelli.
