3918 6194
207 326 280 379 177
1148 318 1203 372 S.
1248 318 1539 375 FABIANI)
1553 320 1590 374 S
1626 318 1698 372 ΡΑ

1811 359 1824 371 .
1869 350 1939 361 -
1976 317 2273 374 ΝΟΤΙΤΙΛ.

3232 324 3290 375 l-7
3300 328 3329 378 8

218 442 479 497 unum..."
509 436 855 508 deiﬁeeiesia.
884 446 935 488 et
975 438 1241 504 quosdam
1279 438 1643 502 confessores,
1673 448 1963 508 postquam
1994 438 2170 493 Moses
2201 439 2250 491 in
2283 454 2501 493 carcere
2548 436 2834 491 defunctus
2868 446 2970 499 cst,
3005 435 3229 508 qui‘i‘uil
3260 437 3332 490 ibi

220 528 362 567 netues
391 512 434 561 Η
466 509 554 578 (9).
582 507 644 560 Ει
674 511 749 561 sic
782 508 935 560 multi
967 507 1262 561 Christiani
1303 508 1551 577 fugerunt
1581 505 1713 576 (10}.
1743 505 1840 562 Hic
1866 507 1993 563 fecit
2026 509 2399 562 ordinationes
2428 508 2671 578 quinque
2701 524 2795 578 per
2832 521 3074 578 mensem
3108 505 3331 559 Decem-

217 600 325 643 brem,
346 580 646 649 presbyteros
676 578 860 649 viginti
889 578 1334 649 duos,dia_c_onos
1355 588 1581 649 septem,
1612 582 1901 649 episcopos
1940 595 2032 647 per
2066 580 2278 632 diversa
2317 580 2433 633 loca
2453 577 2733 632 undecim.
2753 577 2855 643 Qui
2890 577 3135 649 sepultus
3168 585 3253 632 est
3278 578 3334 632 in

213 646 437 707 (Maelio
460 646 676 712 Callisti,
705 651 790 701 via
811 648 1003 718 Appia,
1030 665 1127 703 xm
1164 646 1433 704 Kalendas
1460 646 1761 704 Februarii.
1795 646 1861 703 Et
1889 646 2123 704 cessavit
2155 651 2499 719 episcopatus
2528 649 2643 704 dies
2671 664 2766 703 sex
2798 648 2932 718 (ll).

201 851 316 866 ﬂ

1209 1008 1723 1101 NOTITIA
1795 1012 2253 1099 ALTERA

760 1205 846 1276 (Ι).
876 1205 1187 1271 Consum,
1212 1203 1467 1276 Epistolas
1495 1202 1647 1259 Rom.
1674 1208 1895 1277 pontif.,
1927 1217 2059 1263 tom.
2089 1206 2109 1261 1
2142 1218 2196 1262 et
2229 1207 2405 1273 unic.,
2436 1224 2487 1278 p.
2515 1206 2667 1271 118.)

243 1483 410 1537 l.Cum
441 1482 627 1539 fratres
652 1499 845 1539 omnes
879 1485 930 1538 in
962 1484 1195 1541 ecclesia
1234 1496 1419 1542 essent
1448 1503 1674 1557 congre-
1706 1496 1752 1553 Α
1850 1493 1903 1547 3.
1944 1490 2016 1545 De
2059 1491 2217 1545 beato
2264 1489 2491 1544 Fabiani
2531 1490 2679 1545 exitu
2726 1490 3029 1561 Cyprianus
3074 1490 3201 1545 clcri
3244 1488 3347 1543 Ro-

194 1579 282 1642 gati,
310 1586 357 1631 ιιι
390 1592 501 1630 eum
550 1578 641 1644 qui
692 1579 894 1630 Antero
928 1592 1285 1635 successurus
1314 1590 1429 1634 erat
1462 1581 1683 1636 ordina-

192 1680 289 1727 reat.
323 1669 479 1722 subito
518 1669 709 1737 illapsu
754 1668 1048 1733 columbae,
1080 1685 1202 1738 quae
1240 1668 1467 1725 Fabiani
1495 1673 1682 1728 vertici

194 1760 354 1823 insedit,
376 1770 637 1827 permotus
665 1760 900 1828 pepulus
925 1758 1225 1814 Fabianum
1252 1762 1567 1831 episcopatu
1601 1761 1685 1815 di-

195 1865 311 1918 εηυιη
339 1864 441 1903 esse
478 1849 867 1912 conclamavit,
903 1850 1197 1920 statimque
1230 1853 1685 1922 comprehensum

195 1941 437 1995 sacerdotali
471 1942 742 1995 cathedrae
784 1942 1061 2011 imposuit.
1130 1940 1540 1997 Ordinationem
1567 1946 1687 2015 ejus

195 2031 392 2085 Eusebius
432 2032 477 2084 in
525 2030 788 2085 Chronico
840 2044 958 2102 post
990 2033 1265 2088 Maximini
1310 2044 1543 2089 mortem
1596 2051 1687 2090 re-

195 2131 356 2186 censet;
380 2121 457 2174 sed
472 2121 543 2175 ibi
570 2137 683 2175 non
709 2131 791 2176 est
817 2131 1128 2178 accuratus.
1155 2121 1290 2177 Nam
1312 2133 1365 2177 et
1389 2124 1505 2193 ipso
1522 2137 1686 2191 anno,

200 2215 267 2281 qui
294 2213 516 2268 Maximini
552 2230 743 2270 necem
786 2217 1035 2286 excepit,
1067 2217 1253 2271 Anteri
1286 2216 1686 2271 ordinationem

200 2314 235 2359 cl
246 2307 415 2371 obitum,
432 2308 764 2379 Fabianiquc
781 2310 1099 2364 electionem
1118 2309 1557 2380 consignat,licet
1576 2310 1692 2363 haec

199 2398 269 2450 tria
294 2398 548 2453 Maximino
592 2401 888 2469 superstite
945 2401 1310 2471 contigerint,
1368 2410 1531 2471 atque
1584 2401 1691 2455 alio

198 2495 514 2549 annoAnlerus
542 2495 855 2556 ordinatus,
886 2503 941 2548 et
972 2495 1078 2547 alio
1111 2494 1215 2547 vita
1252 2492 1472 2548 [uinctus
1496 2492 1686 2548 fuerit.

244 2585 282 2637 2.
304 2586 347 2637 In
374 2584 707 2641 Bueheriano
736 2586 966 2655 aliisque
994 2586 1234 2654 antiquis
1274 2586 1541 2656 catalogis
1574 2587 1689 2641 haec

200 2676 404 2745 legimus:
434 2677 705 2732 Fabianus
755 2696 918 2732 annos
970 2679 1065 2741 M,
1115 2695 1337 2731 mensem
1379 2678 1432 2743 1,
1460 2678 1571 2731 dies
1603 2678 1689 2733 10.

200 2765 287 2822 Fuit
309 2773 592 2838 temporibus
639 2770 925 2825 Maximini
962 2781 1010 2824 et
1060 2770 1317 2824 Gordiani
1357 2782 1404 2825 et
1436 2770 1691 2841 Philippi,

1785 1584 1931 1637 mani
1960 1582 2155 1637 litteris
2189 1583 2389 1636 certior
2412 1581 2607 1645 factus,
2647 1598 2771 1637 mox
2807 1584 3110 1638 rescribens
3134 1585 3151 1615 ¹
3193 1584 3351 1653 hujus

1785 1671 1958 1726 sancti
1988 1670 2258 1741 pontiﬁcis
2284 1671 2518 1740 elogium
2552 1671 2637 1725 his
2667 1673 2854 1741 paucis
2877 1674 3195 1742 complexus
3225 1686 3307 1730 cst
3336 1694 3347 1728 ε

1786 1761 1917 1817 Cum
1958 1763 2022 1816 de
2060 1778 2275 1816 excessu
2310 1763 2428 1816 boni
2476 1763 2574 1816 viri
2618 1762 2831 1833 collegae
2873 1765 2973 1817 mei
3003 1780 3183 1818 rumor
3213 1768 3353 1834 apud

1788 1872 1880 1910 nos
1916 1857 2145 1910 incertus
2186 1867 2341 1917 esset,
2380 1857 2574 1925 [rntres
2605 1857 2922 1922 charissimi,
2951 1866 2999 1910 et
3050 1858 3224 1925 opinio
3256 1870 3354 1911 an-

1789 1949 1873 2001 bia
1905 1959 2134 2013 nutaret,
2163 1949 2339 2017 accepi
2369 1966 2401 2001 a
2432 1949 2575 2002 vobis
2604 1948 2811 2003 litteras
2842 1949 2909 2002 ad
2940 1966 3019 2003 me
3048 1941 3236 2003 missas
3260 1934 3357 2018 per

1791 2039 2134 2095 Clementia»:
2186 2040 2642 2110 hypodiaconum,
2691 2039 2879 2109 quibus
2935 2041 3238 2109 plenissime
3294 2042 3357 2093 de

1790 2131 2014 2201 glorioso
2065 2133 2176 2197 eius
2224 2134 2368 2186 exitu
2419 2133 2727 2186 instruerer.
2769 2132 2835 2185 Et
2885 2132 3145 2186 exsultari
3192 2136 3357 2194 satis,

1790 2226 1927 2295 quod
1956 2242 2050 2295 pro
2085 2226 2388 2295 integritate
2426 2226 2907 2281 administrationis
2939 2225 3085 2295 ejus,
3118 2242 3360 2279 consum-

1793 2316 1954 2368 matio
1986 2332 2186 2385 quoque
2227 2316 2444 2368 honesta
2473 2318 2801 2382 processerit.
2834 2315 2899 2369 In
2926 2331 3026 2385 quo
3064 2315 3204 2368 vobis
3228 2332 3359 2385 quo-

1792 2424 1887 2479 que
1931 2407 2219 2476 plurimum
2272 2406 2533 2477 gratulor,
2566 2408 2704 2477 quod
2746 2408 2858 2477 ejus
2899 2410 3207 2462 memoriam
3252 2416 3361 2460 tam

1794 2498 1981 2551 celebri
2018 2507 2066 2551 et
2120 2496 2320 2551 illustri
2372 2499 2666 2552 testimonio
2712 2500 3136 2567 prosequamini',
3177 2507 3233 2551 ut
3272 2514 3364 2567 per

1794 2607 1880 2644 vos
1912 2591 2254 2644 innotescere!
2280 2591 2449 2657 nobis,
2476 2595 2616 2661 quod
2643 2599 2690 2644 et
2717 2590 2859 2644 vobis
2892 2600 3024 2644 esset
3060 2592 3201 2643 circa
3228 2604 3363 2659 prte-

1794 2683 1951 2751 positi
1986 2683 2291 2735 memoriam
2314 2682 2623 2753 gloriosum,
2655 2692 2703 2735 et
2738 2682 2883 2735 nobis
2920 2698 3120 2752 quoque
3147 2682 3271 2751 ﬁdei
3302 2698 3364 2735 ac

1797 2772 2006 2826 uirtutis
2053 2772 2304 2841 prreberet
2344 2773 2656 2842 exemplum.
2688 2772 2830 2826 Nam
2863 2783 3117 2843 quantum
3154 2774 3365 2842 pericu~

199 2877 219 2910 α
250 2864 475 2916 consulatu
522 2862 811 2916 Maximini
856 2875 903 2916 et
954 2863 1197 2929 Airicani
1247 2879 1407 2931 usque
1441 2861 1599 2915 Decio
1630 2860 1688 2913 II
1729 2858 1766 2911 Β
1795 2863 1906 2917 (osa
1939 2880 2016 2917 res
2057 2873 2132 2917 est
2178 2864 2246 2917 ad
2286 2866 2603 2935 sequendum
2649 2865 2857 2935 lapsum
2886 2866 3041 2918 ruina
3070 2866 3362 2934 praepositi,

200 2956 286 3020 (leg.
314 2954 440 3008 Decio
466 2954 514 3021 1)
540 2966 589 3009 et
631 2954 797 3008 Grato
824 2955 947 3023 (hoc
971 2964 1053 3009 est
1088 2955 1156 3007 ab
1190 2970 1333 3007 anno
1363 2953 1567 3008 Christi
1589 2953 1705 3009 256-

201 3046 244 3098 ad
274 3046 390 3112 250).
416 3048 611 3102 Passus
656 3057 731 3100 est
763 3063 843 3100 xu.
868 3047 1031 3117 (apud
1066 3045 1204 3102 Boil.
1242 3063 1381 3113 xm;
1422 3047 1474 3100 in
1504 3046 1712 3102 Fossat.

202 3154 271 3192 ms.
291 3142 380 3209 ιιι)
409 3138 675 3194 Kalendas
706 3138 1010 3192 Februarii.
1045 3137 1118 3191 Ex
1149 3139 1253 3193 hoc
1286 3139 1496 3193 calculo
1532 3139 1581 3194 si
1606 3154 1700 3193 au-

204 3230 353 3283 feratur
381 3234 572 3288 mensis
624 3247 790 3297 unus,
824 3240 878 3287 et
903 3230 1234 3301 praeferatur
1277 3230 1437 3286 lectio
1495 3230 1701 3287 codicis

206 3324 341 3390 inquo
374 3322 641 3379 Fabianus
676 3338 774 3377 xm
805 3320 933 3376 Kal.
968 3319 1129 3375 Febr.
1165 3338 1351 3391 passus
1387 3320 1699 3387 adnotatur,

208 3424 390 3481 sequetur
415 3426 470 3470 ut
504 3417 551 3472 is
579 3431 717 3486 papa
748 3430 891 3470 anno
916 3414 1043 3480 256,
1068 3412 1313 3467 Januarii
1345 3411 1557 3467 decimo
1590 3412 1697 3478 die,

209 3507 266 3569 ιιιιί
288 3507 327 3560 in
352 3508 678 3565 Dominicam
729 3509 1022 3574 incidebat,
1054 3506 1359 3571 ordinatus,
1397 3520 1541 3560 anno
1570 3504 1697 3568 251»,

210 3593 381 3653 Januarii
403 3602 467 3654 20
494 3602 583 3656 die
618 3600 868 3671 martyrii
899 3614 1158 3653 coronam
1193 3597 1419 3667 adeptus
1454 3598 1560 3651 sit:
1593 3611 1703 3667 quo

212 3688 361 3752 quidem
395 3692 475 3747 die
513 3692 570 3746 in
614 3692 871 3745 omnibus
902 3689 1142 3759 antiquis
1182 3687 1573 3751 monumentis,
1600 3702 1701 3741 no-

215 3782 485 3855 ninatimqne
544 3786 602 3839 in
654 3784 795 3838 libro
841 3781 1305 3838 Sacramentornm
1350 3778 1408 3834 S.
1458 3779 1701 3851 Gregorii

216 3872 347 3929 latum
364 3878 470 3947 ejus
497 3877 814 3933 ascribitur.

270 4035 429 4106 ‘Apud
447 4037 772 4105 Pamclium,
801 4036 958 4107 epist.
990 4037 1043 4090 4.

217 4168 377 4235 sort-sin
412 4184 627 4222 carcere
658 4167 1053 4232 detinebantur,
1097 4176 1155 4221 et;
1185 4182 1294 4235 quo
1318 4167 1370 4219 in
1394 4166 1570 4219 locum
1605 4163 1706 4218 Fa-

1796 2955 1849 3008 in
1884 2964 2090 3009 tantum
2121 2954 2248 3009 utile
2276 2965 2353 3009 est
2386 2966 2434 3010 et
2461 2956 2718 3022 salutare,
2751 2971 2868 3008 cum
2899 2972 2952 3010 se
2981 2944 3249 3025 episcopus
3275 2967 3367 3024 per

1797 3045 2189 3116 firmamentum
2220 3049 2346 3117 ﬁdei
2393 3048 2648 3118 fratribus
2691 3048 2884 3119 prwbet
2917 3048 3254 3102 imitandum.
3291 3048 3363 3102 lia

1800 3139 1901 3195 fuit
1927 3140 2207 3195 beatorum
2239 3141 2453 3195 illorum
2490 3150 2789 3211 temporum
2822 3142 2973 3205 lides,
3003 3151 3059 3195 ut
3083 3157 3207 3196 cum
3241 3143 3366 3194 boni

1800 3241 1854 3285 et
1910 3230 2058 3286 utilis
2100 3232 2333 3302 pastoris
2373 3232 2586 3302 jactura
2632 3232 2837 3286 luctum
2890 3242 2942 3285 et
2991 3232 3256 3304 lacrymas
3300 3232 3368 3286 ab

1802 3319 1977 3390 ipsius
2012 3335 2169 3390 grege
2198 3320 2524 3389 exprimere,
2554 3328 2608 3373 et
2655 3320 2724 3372 ab
2767 3318 2945 3373 amico
2974 3318 3369 3372 consolatorias

1804 3414 2013 3470 litteras
2060 3414 2276 3484 exigere
2330 3413 2527 3467 debere
2582 3413 2880 3478 videretur,
2927 3420 2981 3466 et
3030 3411 3261 3465 Romani
3316 3418 3371 3464 et

1805 3507 2015 3561 amicus
2046 3521 2235 3561 eorum
2265 3505 2570 3576 Cyprianus
2608 3505 2821 3560 animos
2870 3505 2922 3557 in
2962 3513 3207 3558 mutuam
3248 3518 3370 3572 gra-

1806 3599 2125 3653 tulatiOneni
2159 3598 2527 3658 eﬂunderent:
2557 3598 2688 3654 certi
2728 3598 2983 3651 nimirum
3024 3595 3158 3650 nihil
3187 3594 3371 3649 Eccle-

1804 3692 1898 3745 sia:
1926 3700 2196 3760 ereptum,
2230 3691 2317 3744 cui
2354 3691 2673 3760 praeclarum
2716 3689 3016 3759 praestitum
3055 3687 3125 3743 sit
3151 3686 3274 3741 ﬁdei
3307 3702 3370 3739 ac

1804 3783 2020 3839 virtutis
2049 3783 2377 3853 exemplum.

1807 4173 1970 4218 etiam
2026 4177 2121 4216 sex
2172 4162 2449 4217 mensibus
2486 4168 2721 4227 tantum,
2760 4159 2902 4231 quod
2954 4157 3045 4212 alii
3095 4165 3369 4231 asserunt,

219 4234 419 4317 bianijam
447 4241 585 4292 ultra
636 4253 839 4292 annum
870 4228 1165 4317 .martvriq
1201 4228 1398 4317 allecti,
1437 4245 1556 4317 post
1613 4240 1770 4298 an-C
1805 4234 1897 4288 sed
1940 4232 2088 4317 ultra
2145 4234 2413 4301 integrum
2462 4246 2665 4317 annum
2720 4228 2823 4285 hoc
2886 4238 3128 4317 tempore
3182 4228 3365 4317 sedent

220 4309 707 4378 nuunrintcrregnum
735 4308 1095 4377 pontilicium,
1127 4307 1412 4378 Cornelius
1444 4309 1702 4362 sulicetus

220 4383 306 4448 ttat.
330 4375 438 4431 Nam
469 4375 559 4447 qui
595 4380 709 4432 haec
736 4375 903 4432 Verba
938 4380 1001 4431 ad
1030 4391 1240 4447 tempus
1271 4376 1495 4431 Fabiani
1524 4378 1705 4431 adhuc

222 4450 381 4513 urentis
401 4450 655 4513 referunt,
687 4450 919 4513 graviter
947 4460 1162 4513 errant;
1201 4464 1325 4503 curn
1356 4464 1460 4501 non
1495 4457 1701 4502 tantum

224 4467 381 4501 mentis
401 4467 655 4513 rezcrum,
723 4467 919 4501 ravner
947 4467 1162 4513 errant;
1201 4467 1325 4503 curn
1356 4467 1460 4501 non
1495 4467 1701 4502 tantum

224 4508 327 4585 {alter
357 4520 665 4582 pontiﬁcalis
687 4467 784 4572 ilic
826 4520 877 4571 in
913 4519 1031 4572 Vita
1072 4517 1319 4580 Fabiani,
1372 4528 1426 4571 et
1480 4519 1617 4572 infra
1650 4518 1701 4571 in

227 4576 547 4659 [Habinnam
599 4606 785 4643 verum
827 4589 942 4658 ipse
1002 4604 1220 4659 quoque
1271 4576 1433 4659 Cypr.
1486 4588 1700 4659 epistol.

227 4650 444 4729 “uidet
498 4662 586 4725 76,
641 4650 1534 4729 aperte'scrib'ant'Novaiianuni
1595 4673 1704 4713 non

226 4734 303 4773 caue
326 4744 346 4778 ει
374 4727 563 4784 Novato
618 4727 897 4783 seductum
946 4730 1133 4794 fuisse,
1166 4730 1272 4784 nisi
1318 4738 1437 4798 post
1467 4730 1705 4784 schisma

228 4798 411 4868 auersus
437 4801 741 4853 Cornelium
796 4799 1110 4854 conﬂatum.
1152 4798 1300 4853 Unde
1332 4800 1461 4867 quid
1494 4801 1562 4854 de
1584 4800 1701 4868 θρί-

229 4864 313 4940 fluis
340 4867 533 4925 Fabiani
573 4874 765 4940 prima,
807 4887 913 4939 qua
936 4870 1271 4925 Novalianus
1299 4886 1327 4923 a
1352 4864 1566 4923 'Novato
1588 4864 1705 4939 ejus

228 4936 396 5003 Emporia
448 4936 700 4995 scdu'rtus
746 4936 868 4996 esse
913 4942 1191 5002 scribitur,
1232 4942 1575 4995 sentiendum
1611 4936 1709 5006 Sit,

229 5011 262 5081 ιη
282 5009 487 5081 ησιιῇξβιι
534 5012 764 5081 primam
813 5011 970 5079 epist.
1012 5012 1254 5065 dicemus
1304 5009 1465 5065 infra.
1503 5009 1713 5065 Baron-

230 5080 323 5150 anno
476 5077 623 5135 num.
658 5083 693 5136 9
724 5092 776 5135 ct
800 5077 953 5150 sé‘lq'

356 5147 618 5224 i’ostquam
654 5152 826 5224 Moses
855 5147 1151 5224 iii—carcere
1172 5150 1453 5221 defunctus
1483 5152 1707 5224 est,_qui

235 5209 566 5275 llitibimerises
600 5224 683 5279 ll.
715 5222 852 5276 Cum
886 5222 1015 5277 sede
1045 5223 1223 5277 adhuc
1241 5209 1475 5277 'vaeante
1498 5209 1707 5277 δύ’Μο-

235 5284 579 5362 εςη.κιιιὶιιιιιιιι
606 5303 660 5347 et
678 5290 1065 5354 Nicostratum,
1094 5303 1380 5362 postquam
1410 5293 1463 5362 in
1490 5307 1708 5347 carcere

236 5352 324 5430 Elin
350 5372 523 5434 annum
578 5363 777 5417 detenti
843 5352 1343 5425 fuissent,'sanctus
1401 5361 1707 5434 Cyprianus

237 5379 324 5405 cura
350 5379 523 5415 annum
578 5379 777 5417 netenu
843 5379 1343 5425 mtssenr,sanctus
1401 5379 1478 5419 ω’
1521 5379 1705 5416 manus

236 5425 438 5505 fnstolam
467 5434 906 5505 scripserit,iquac
948 5443 1033 5487 est
1087 5436 1151 5486 16
1195 5379 1705 5505 εᾴἰιίοηὶε’Βειιιε1.,

239 5492 467 5571 (uariatque
520 5492 645 5559 tu'nc
692 5492 1033 5627 adhuclpace
1081 5514 1135 5558 et
1168 5503 1376 5558 unitate
1409 5492 1707 5559 concordes

240 5576 419 5626 lduorum
479 5572 740 5627 Maximus
778 5581 832 5627 et
936 5575 1226 5627 icostratus
1286 5583 1407 5627 nost
1461 5586 1703 5627 creatum

240 5576 419 5626 lduorum
479 5572 740 5628 Maximus
778 5581 832 5627 et

241 5636 489 5711 tumeliam,
518 5646 581 5697 ab
628 5644 840 5709 eodem,
885 5652 947 5698 ut
994 5660 1059 5699 ex
1091 5636 1326 5700 Eusebio
1381 5653 1618 5705 constat,
1648 5644 1702 5697 in

244 5702 452 5782 :cbismaie
476 5702 624 5769 divisi
653 5702 838 5782 sunt),
852 5716 1215 5769 certissimum
1237 5724 1440 5768 estnon
1471 5730 1563 5769 sex
1587 5702 1705 5766 die.-

246 5768 319 5838 ιτιε.
358 5788 404 5832 ut
456 5768 832 5842 infrahauctoi'
864 5768 1213 5842 CPontilicalis
1266 5768 1487 5854 scribit,
1532 5799 1704 5855 neque

936 5575 1226 5629 icostratus
1286 5583 1407 5643 post
1461 5586 1703 5629 creatum
1736 5588 1782 5643 ι)

1805 4303 2137 4374 pontiﬁciam
2184 4298 2428 4357 vacasse.
2479 4302 2679 4356 Baron.
2714 4315 2858 4374 anno
2912 4300 3039 4363 253,
3092 4312 3244 4374 num.
3278 4298 3366 4374 28.

1805 4369 1977 4440 Quem
2006 4384 2197 4429 auctor
2232 4374 2316 4427 hic
2356 4374 2406 4426 in
2442 4387 2658 4427 carcere
2712 4371 3027 4426 defunctum
3080 4383 3201 4424 esse
3232 4369 3372 4422 insi-

1807 4439 1959 4509 nuat,
2008 4460 2076 4499 ex
2131 4445 2289 4515 epist.
2326 4443 2561 4515 _CorneI.
2618 4441 2699 4515 ad
2758 4442 2985 4515 Fabium
3043 4439 3372 4494 Antiochen.

1805 4531 1967 4584 quam
2020 4511 2181 4569 infra'
2215 4530 2281 4569 ex
2325 4513 2563 4584 Eusebio
2617 4513 2723 4567 huc
2764 4511 3098 4584 inl'ercmus,
3159 4519 3375 4565 constat

1807 4583 2042 4656 glorioso
2066 4586 2322 4656 martyrio
2352 4583 2564 4652 publice
2588 4585 2641 4637 in
2685 4583 2929 4656 omnium
2959 4590 3375 4656 conspectueo-

1808 4651 2265 4778 ronamsgiartyrii
2292 4651 2544 4724 adeptum
2577 4670 2717 4709 esse.
2745 4655 2823 4707 Ita
2850 4652 3049 4708 Baron.
3079 4667 3221 4707 anno
3241 4651 3370 4715 255,

1808 4742 1960 4778 num.
2023 4764 2033 4775 .
2059 4764 2073 4778 .

1808 4742 1960 4780 num.
1984 4729 2073 4778 59.

1880 4796 1992 4865 (10)
2024 4794 2091 4849 Et
2140 4796 2215 4848 sic
2258 4798 2413 4851 multi
2464 4796 2753 4851 Christiani
2806 4798 3077 4921 Ctgerunt.
3143 4792 3371 4874 lndictio

1880 4867 2206 4921 rsecutionis
2239 4868 2598 4921 atrocissinue
2629 4868 2763 4921 adeo
2835 4867 3109 4921 Jcclesiam
3156 4878 3371 4917 univer-

1809 4862 2206 4936 persecutionis
2239 4868 2598 4923 atrocissinue
2629 4868 2763 4923 adeo
2806 4862 3109 4922 Ecclesiam
3156 4862 3375 4936 univer-

1808 4932 1945 5013 sam
1987 4938 2286 5013 concussit,
2340 4939 2782 5013 utcomplures,
2818 4939 2940 5013 licet
2980 4932 3284 5013 fortissimi,
3316 4948 3374 4985 Se

1810 5008 2191 5067 subduxerint,
2252 5018 2306 5062 et
2339 5010 2577 5079 quidenr
2611 5010 2750 5063 inter
2803 5010 2939 5079 alios
2989 5008 3373 5079 sanctissimus

1809 5080 2137 5148 Cyprianus,
2157 5079 2339 5133 divino
2357 5072 2521 5148 prope
2546 5077 2746 5149 Spiritu
2767 5078 3067 5149 impulsus,
3087 5072 3374 5149 Dionysius

1810 5146 2231 5223 Alexandrinus,
2261 5166 2323 5205 ac
2352 5146 2552 5205 Paulus
2583 5146 2808 5223 eremita
2835 5146 2861 5203 ξ
2893 5148 2987 5217 qui
3039 5146 3371 5223 deincepsin

1810 5222 2087 5289 spelunca,
2113 5236 2275 5291 quam
2311 5231 2439 5277 tunc
2488 5222 2745 5292 temporis
2792 5214 2986 5274 nactus
3036 5224 3139 5292 est,
3193 5214 3374 5269 solita-

1808 5287 1949 5345 riam
1978 5287 2145 5345 vitani
2176 5308 2361 5360 agens,
2406 5287 2713 5361 exelnplum
2755 5292 2879 5361 vitae
2899 5287 3214 5361 monasticae
3233 5299 3374 5361 prae-

1811 5362 1964 5423 bens,
2003 5355 2299 5430 permansit
2325 5355 2391 5416 ad
2422 5355 2623 5415 annum
2656 5363 2832 5416 anatis
2862 5360 2985 5422 115,
3009 5358 3103 5430 qui
3126 5364 3211 5412 est
3228 5355 3377 5410 Con-

1810 5432 1999 5556 ἒιςιὲιιίἰ
2049 5433 2393 5502 imperatoris
2458 5433 2487 5484 7
2542 5433 2850 5487 inchoatus.
2905 5429 3174 5484 Baronius
3230 5438 3378 5481 anno

1848 5523 1880 5556 Ο
1922 5542 1935 5555 ο

1848 5523 1935 5557 Οἱ).

1873 5571 1992 5696 (sli)
2055 5569 2287 5654 Cessavit
2344 5574 2670 5643 episcopatus
2720 5573 2831 5626 dies
2869 5573 2922 5628 6.
2970 5571 3123 5627 Ultra
3172 5585 3377 5627 annum

1909 5657 1993 5696 cm
2028 5644 2361 5696 nontrtieiam
2410 5659 2655 5696 vacasse.
2685 5653 2900 5696 constat
2941 5660 3006 5696 ex
3040 5645 3108 5696 iis
3134 5658 3255 5696 ante
3289 5658 3377 5693 su-

1813 5644 1996 5714 scdcm
2028 5644 2361 5714 pontiﬁcium
2410 5653 2900 5714 vacassetconstat
2941 5660 3006 5700 ex
3040 5645 3108 5698 iis
3134 5658 3255 5714 quae
3289 5658 3381 5693 su—

1813 5730 1907 5788 pra
1948 5712 2081 5777 dixi,
2108 5714 2287 5788 verbis
2306 5712 2596 5785 Postquam
2648 5713 2861 5781 loses;
2887 5783 2891 5787 ν
2918 5732 3024 5788 qua
3044 5716 3113 5771 de
3141 5712 3199 5772 re
3226 5714 3381 5782 plura

1812 5786 2054 5840 dicemus
2075 5782 2235 5841 infra.
