3918 6194
460 280 566 337 179

1727 281 1789 340 S.
1827 275 2165 337 FABIANUS
2202 274 2401 333 PAPA.

3586 271 3697 328 180

458 397 538 454 De
573 400 809 469 epistolis
852 408 903 455 et
945 402 1409 461 constitutionibus
1451 402 1520 457 ad
1553 399 1854 460 Fabianum
1897 403 2025 457 επεὶ-ρ
2052 409 2098 469 Α
2126 417 2271 466 rum,
2301 400 2355 454 in
2402 397 2597 469 quibus
2641 395 2914 452 Fabianus
2960 401 3015 453 et
3058 400 3262 464 88me
3308 391 3697 453 subdiaconos.

1112 474 1373 528 nentibus.

529 584 582 640 1.
612 582 893 657 Origenes,
940 584 1179 643 Eusebio
1218 596 1357 643 teste
1385 588 1427 655 ⁸,
1458 587 1527 642 ad
1558 586 1857 642 Fabianum
1889 563 2023 657 ap‘o-

455 674 742 745 logeticam
784 678 1002 748 scripsit
1042 679 1329 749 epistolam
1352 721 1367 744 ,
1406 694 1514 749 qua
1552 694 1610 734 se
1658 678 2023 733 orthodoxum

454 767 688 838 probare
710 768 1003 824 nitebatur.
1031 768 1181 825 Hanc
1206 779 1404 826 notans
1431 769 1794 842 Hieronymus
1815 771 1870 825 ³;
1902 768 2024 840 Ipse

459 856 728 928 Origenes,
757 858 956 930 inquit,
983 860 1039 913 in
1076 860 1298 930 epistola
1328 877 1483 931 quam
1511 860 1694 915 scribit
1719 860 1788 914 ad
1822 859 2023 915 Fabia-

455 966 580 1004 num
605 949 858 1007 Romana:
883 952 1025 1006 urbis
1046 954 1362 1023 episcopum,
1388 954 1747 1025 paznitentiam
1771 954 1902 1025 agit,
1927 970 2022 1007 cur

455 1040 588 1095 talia
631 1041 725 1113 (ob
768 1058 891 1113 quae
929 1043 985 1097 in
1039 1042 1159 1113 ejus
1209 1043 1619 1100 damnationem
1681 1043 1855 1101 Roma
1914 1044 2020 1100 sub

452 1131 720 1189 Pontiano
752 1135 1128 1206 consenserat)
1168 1137 1462 1206 scripserit,
1496 1145 1547 1190 et
1591 1152 1779 1191 causas
1811 1137 2019 1190 temeri-

455 1222 582 1276 tatis
608 1223 666 1276 in
690 1224 1027 1278 Ambrosium
1054 1225 1234 1295 refert,
1265 1226 1404 1296 quod
1436 1235 1633 1281 secreto
1668 1227 1809 1281 edita
1838 1229 1891 1281 in
1921 1243 2019 1296 pu-

452 1312 645 1367 blicum
668 1315 969 1385 protulerit.

521 1406 576 1464 9.
608 1408 914 1479 Cyprianus
940 1409 1102 1479 epist.
1131 1409 1212 1465 55‘
1227 1411 1295 1466 ad
1332 1410 1645 1468 Cornelium
1687 1410 1866 1477 docet,
1897 1410 2017 1466 Pri-

448 1507 635 1554 vatum
662 1500 1107 1564 Lambesitanum
1140 1502 1456 1573 episcopum
1501 1503 1555 1558 in
1587 1505 1704 1574 ipsa
1737 1502 2015 1558 Lambesi-

450 1602 577 1648 tana
601 1594 834 1660 colonia,
865 1595 934 1650 ob
968 1597 1137 1651 multa
1168 1604 1221 1651 et
1258 1595 1441 1667 gravia
1471 1596 1687 1662 delicta,
1716 1595 2014 1664 nonaginta

448 1686 826 1755 episcoporum
876 1687 1144 1743 sententia
1191 1686 1534 1752 damnatum,
1563 1685 1790 1741 Fabiani
1818 1695 1869 1740 et
1904 1685 2015 1739 Do-

2124 492 2216 562 qui
2245 492 2468 546 totidem
2498 490 2727 544 notariis
2755 489 2821 543 ad
2851 485 3247 542 conscribenda
3276 484 3574 555 martyrum
3598 499 3702 554 ge-

2123 594 2206 639 sta
2238 582 2603 648 imminerent,
2638 579 2991 636 constituisse
3038 576 3267 647 legitur,
3319 589 3494 645 neque
3523 575 3698 629 etiam

2118 690 2221 746 par
2249 675 2462 731 videtur
2489 674 2842 729 additamenti
2890 672 3052 743 hujus
3079 668 3396 725 auctoritas.
3420 667 3698 723 Praeterea

2120 783 2183 823 ex
2214 781 2302 835 eo,
2326 768 2472 838 quod
2500 765 2814 838 Gregorius,
2840 765 2909 820 ab
2934 763 3160 834 Eulogio
3185 760 3554 816 Alexandrino
3580 759 3699 829 epi-

2119 872 2287 928 scopo
2312 864 2532 929 rogatus
2558 865 2619 911 ut
2639 872 2760 927 qua:
2783 855 3052 912 Eusebius
3073 853 3366 923 collegerat
3387 859 3688 921 martyrum

2119 959 2266 1018 gesta
2307 950 2375 1005 ad
2420 964 2479 1005 se
2522 950 2933 1014 transmitteret,
2967 948 3062 1002 lib.
3094 961 3215 1011 vrn,
3255 943 3415 1012 epist.
3456 942 3559 1006 29,
3591 958 3688 995 re—

2118 1040 2349 1111 spondet
2378 1057 2391 1093 :
2422 1039 2593 1094 Nulla
2622 1042 2678 1095 in
2704 1040 2913 1094 archiva
2925 1039 3079 1109 hujus
3109 1046 3304 1093 nostra:
3330 1036 3575 1091 Ecclesia:
3601 1034 3692 1088 vel

2117 1132 2173 1187 in
2196 1131 2452 1188 Romana:
2474 1134 2619 1187 urbis
2645 1133 2968 1187 bibliothecis
2991 1148 3101 1186 esse
3126 1132 3360 1202 cognovi,
3389 1132 3490 1184 nisi
3510 1146 3690 1200 pauca

2116 1225 2359 1296 quredam
2392 1227 2448 1280 in
2492 1227 2649 1280 unius
2683 1227 2880 1281 codicis
2915 1225 3177 1280 volumine
3212 1223 3464 1288 collecta;
3486 1223 3553 1279 de
3584 1237 3689 1279 ve-

2115 1316 2275 1372 ritate
2302 1326 2599 1388 gestorum,
2627 1333 2749 1388 quae
2795 1326 2856 1372 ut
2894 1315 3080 1371 Romae
3109 1317 3414 1385 conscripta
3452 1316 3692 1369 circuat-

2113 1406 2386 1475 feruntur,
2424 1410 2673 1465 nonnulli
2708 1408 2977 1472 dubitant.
3009 1407 3198 1463 Verbis
3219 1415 3396 1462 tamen
3432 1406 3684 1476 Gregorii

2113 1500 2357 1569 pressius
2405 1501 2767 1556 insistendum
2808 1515 2917 1556 non
2953 1509 3057 1554 est.
3093 1498 3171 1555 Eo
3209 1500 3352 1557 enim
3401 1498 3685 1567 antiquior

2113 1598 2168 1645 et
2204 1606 2389 1647 rerum
2428 1591 2814 1646 bistoricarum
2857 1592 3087 1662 peritior
3115 1591 3363 1647 Gelasius
3385 1592 3543 1660 epist.
3578 1590 3679 1653 35,

2113 1696 2169 1734 η.
2208 1680 2261 1746 6,
2287 1680 2530 1751 agnoscit
2557 1697 2622 1736 ac
2648 1682 2842 1751 recipit
2868 1691 3012 1751 gesta
3033 1690 3334 1734 sanctorum
3356 1692 3678 1749 martyrum,

448 1778 559 1832 nati
599 1777 792 1833 litteris
834 1779 1157 1835 seuerissime
1203 1786 1443 1831 notatum
1493 1776 1678 1847 fuisse.
1731 1775 1887 1842 Quod
1935 1775 2012 1829 ita
2044 1773 2086 1832 Β
2112 1772 2202 1842 qui
2234 1772 2616 1843 multiplicibus
2650 1783 3030 1832 tormentorum
3061 1773 3383 1827 cruciatibus
3426 1783 3473 1825 et
3504 1774 3678 1825 mira-

446 1866 677 1938 intelligi
728 1874 943 1936 potest,
980 1876 1041 1922 ut
1072 1866 1351 1923 Fabianus
1397 1865 1762 1921 Lambesitani
1795 1863 2011 1921 concilii

446 1958 642 2014 litteris
691 1966 805 2013 tum
853 1959 920 2014 de
966 1958 1162 2013 Privati
1194 1958 1406 2014 delictis
1450 1967 1506 2011 et
1544 1957 1756 2022 haeresi,
1793 1966 1907 2013 tum
1944 1956 2011 2011 de

446 2049 714 2105 sententia
759 2052 814 2104 in
861 2066 985 2104 eum
1026 2050 1138 2105 lata
1168 2050 1366 2106 certior
1396 2048 1592 2116 factus,
1632 2049 1699 2104 ad
1731 2048 2007 2104 Privatum

446 2141 626 2209 ipsum
680 2142 979 2211 scripserit,
1015 2156 1248 2212 eumque
1282 2142 1626 2198 severissime
1654 2143 2005 2211 corripuerit;

442 2231 547 2297 vel,
573 2233 718 2302 quod
754 2234 1092 2303 probabilius
1115 2234 1349 2300 videtur,
1381 2234 1446 2289 ad
1488 2236 1754 2306 synodum
1788 2253 1909 2307 quae
1939 2237 2005 2291 ad

444 2337 504 2385 se
550 2324 841 2395 scripserat
888 2326 1229 2392 rescribens,
1273 2326 1649 2397 gravissimam
1686 2326 1815 2381 huic
1838 2328 2007 2382 haere-

444 2416 550 2472 tieo
602 2425 788 2475 notam
831 2416 1111 2472 inusserit.
1156 2416 1342 2487 Neque
1376 2426 1554 2473 tamen
1605 2418 1810 2488 quievit
1842 2419 2006 2474 versi—

395 2574 400 2579 .
441 2507 596 2576 pellis
640 2508 849 2576 homo;
883 2509 975 2564 sed
1027 2517 1150 2579 post
1191 2509 1440 2576 Fabiani,
1477 2517 1538 2564 ut
1569 2511 1821 2582 colligere
1852 2522 1936 2566 est
1958 2511 2000 2578 ’⁵,

443 2608 695 2667 mortem,
725 2616 820 2671 spe
852 2600 1107 2656 inductus
1135 2601 1438 2671 decipiendi
1482 2603 1612 2658 cleri
1646 2603 1787 2674 ejus,
1814 2619 2004 2673 quem-

441 2690 564 2749 dam
591 2707 623 2745 e
664 2691 919 2762 nequitiae
961 2708 1074 2748 suae
1113 2693 1341 2749 cohorte
1390 2694 1730 2750 vexillarium
1773 2694 1999 2750 Romam

441 2782 609 2849 misit,
638 2784 730 2853 qui
756 2784 899 2853 furto
932 2793 981 2838 et
1016 2784 1384 2855 fraudulenter
1412 2786 1617 2841 litteras
1647 2788 1792 2857 pacis
1815 2788 2002 2844 elicere

440 2884 666 2929 curaret.
723 2872 895 2930 Simul
942 2883 996 2929 et
1042 2875 1346 2946 Cyprianus
1380 2876 1554 2932 eidem
1594 2878 1741 2935 clero
1780 2894 1998 2947 cavens,

441 2981 548 3020 rem
586 2964 870 3020 sollicitam
911 2965 1013 3035 ipsi
1053 2967 1356 3032 nuntiavit,
1409 2969 1514 3023 hoc
1559 2979 1644 3026 est
1678 2970 1762 3025 vel
1793 2971 1860 3026 de
1889 2988 1999 3042 qua

440 3053 705 3110 sollicitus
756 3062 875 3110 erat
926 3055 1104 3111 clerus
1154 3055 1455 3120 Romanus,
1500 3057 1584 3113 vel
1633 3059 1836 3129 potius,
1876 3062 1995 3117 mea

437 3145 657 3211 quidem
692 3147 979 3212 sententia,
1010 3148 1076 3202 de
1123 3161 1234 3217 qua
1279 3147 1546 3205 sollicitus
1583 3158 1703 3205 erat
1745 3151 1860 3222 ipse
1892 3152 1996 3225 Cy-

438 3236 680 3305 prianus,
715 3253 782 3292 ne
811 3238 1059 3294 videlicet
1086 3236 1337 3295 Privatus
1379 3238 1642 3297 Romanis
1676 3241 1993 3312 imponeret.

436 3326 637 3383 Verum
682 3329 1097 3399 vigilantissimo
1146 3329 1293 3385 clero
1339 3330 1617 3401 imponere
1664 3349 1773 3388 non
1830 3336 1997 3389 valuit

434 3414 669 3471 emissus
700 3430 732 3471 a
770 3414 988 3473 Privato
1032 3416 1269 3485 perﬁdiae
1311 3432 1539 3476 consors
1583 3421 1830 3478 callidus.
1857 3422 1993 3478 Nam

433 3514 488 3567 et
532 3515 820 3577 antequam
869 3507 1122 3579 Cypriani
1162 3509 1215 3563 in
1265 3508 1464 3566 Urbem
1512 3512 1702 3577 litterae
1749 3517 1994 3585 perm-ni-

434 3604 576 3663 t'ent,
605 3613 695 3653 nec
720 3598 836 3668 quis
873 3608 1006 3652 esset
1047 3598 1228 3668 latuit,
1264 3618 1355 3656 nec
1395 3602 1601 3658 litteras
1629 3621 1760 3675 quas
1793 3607 1991 3663 volebat

430 3690 650 3758 accepit.
1895 3705 1899 3710 “

500 3785 553 3840 '5.
588 3774 762 3846 Vefba
806 3788 907 3844 ista
956 3789 1276 3851 Bucheriani
1309 3793 1554 3865 Catalogi
1593 3794 1660 3850 de
1692 3793 1931 3850 Fabiano
1973 3814 1985 3848 :

432 3875 536 3931 Hic
584 3881 816 3950 regiones
857 3882 1037 3937 divisit
1083 3884 1410 3945 diaconibus,
1449 3895 1496 3939 et
1535 3886 1728 3940 multas
1759 3887 1988 3957 fabricas

427 3986 519 4039 per
544 3973 835 4026 cremeteria
883 3973 1000 4042 ﬁeri
1035 3974 1219 4044 jussit,
1267 3976 1322 4029 in
1370 3975 1684 4033 Fossatensi
1727 3989 1781 4032 et
1819 3979 1987 4033 altero

428 4061 628 4131 reginas
668 4061 967 4120 Succorum
997 4066 1079 4122 sic
1105 4067 1424 4137 interpolata
1462 4069 1691 4139 legimus
1726 4085 1739 4120 :
1780 4069 1881 4123 Hic
1906 4086 1986 4125 re-

425 4152 601 4221 giones
630 4153 810 4209 diuisit
833 4156 1160 4222 diaconibus,
1186 4165 1238 4211 et
1269 4158 1392 4227 fecit
1419 4167 1611 4227 septem
1645 4158 1808 4230 (apud
1845 4159 1980 4215 Boil.

424 4242 539 4313 sex)
568 4243 936 4310 subdiaconos,
960 4248 1050 4317 qui
1069 4256 1264 4317 septem
1294 4250 1514 4302 notariis
1545 4251 1894 4316 imminerent,
1926 4261 1983 4305 ut

424 4345 573 4407 gesta
598 4348 894 4409 martyrum
918 4340 1146 4409 fideliter
1169 4340 1502 4412 colligerent;
1530 4357 1594 4397 ac
1616 4343 1807 4399 deinde
1831 4345 1986 4399 omit-

424 4426 577 4515 titur,
604 4436 654 4480 et
683 4428 878 4482 multas
924 4431 1155 4499 fabricas
1188 4449 1280 4503 per
1322 4435 1616 4488 cosmeteria
1649 4435 1764 4503 ﬁeri
1790 4436 1979 4505 jussit.
2014 4461 2059 4515 υ

424 4513 662 4587 'Pempus
713 4520 896 4589 pacis,
943 4538 1052 4591 qua
1100 4522 1343 4580 Ecclesia
1387 4523 1636 4597 Philippo
1687 4526 1983 4596 imperante

424 4609 727 4677 fruebatur,
757 4611 936 4668 locum
969 4612 1208 4671 Fabiano
1233 4617 1399 4685 dedit,
1450 4626 1510 4673 ut
1547 4619 1600 4672 in
1632 4619 1978 4685 cmmeteriis,

424 4703 477 4759 in
517 4704 716 4774 quibus
754 4716 1055 4761 conventus
1086 4708 1362 4767 celebrare
1399 4725 1462 4766 ac
1494 4725 1648 4765 sacra
1692 4709 1869 4766 facere
1895 4727 1985 4766 so-

423 4796 602 4850 lebant
643 4796 850 4864 ﬁdeles,
886 4797 1118 4854 fabricas
1153 4801 1270 4855 ﬁeri
1310 4801 1394 4855 vel
1434 4801 1619 4871 augeri
1646 4802 1981 4872 praeciperet.

422 4887 566 4943 ldem
596 4904 814 4960 quoque
859 4900 1088 4960 tempus,
1133 4901 1190 4948 ut
1233 4893 1521 4963 quemdam
1551 4895 1797 4965 regendae
1821 4896 1982 4954 Urbis

419 4981 846 5039 commodiorem
905 4984 1151 5038 ordinem
1220 4985 1560 5050 institueret,
1611 4984 1658 5040 ei
1715 4986 1978 5056 permisit.

419 5074 688 5140 Quocirca
724 5093 849 5132 cum
882 5076 1204 5132 Bueberiani
1239 5077 1469 5148 catalogi
1505 5077 1557 5131 in
1596 5077 1812 5132 Lilierio
1836 5078 1982 5133 desi-

421 5168 599 5224 nentis
630 5169 951 5239 antiquitas,
978 5180 1091 5225 tum
1133 5170 1250 5239 ipsa
1281 5170 1533 5238 temporis
1574 5170 1711 5223 ratio
1744 5169 1796 5224 id
1821 5170 1979 5226 nobis

419 5260 578 5322 facile
602 5262 951 5331 persuadent,
977 5263 1124 5332 quod
1146 5262 1199 5316 in
1223 5277 1289 5317 eo
1311 5263 1556 5333 catalogo
1580 5263 1646 5317 de
1669 5262 1980 5333 regionibus

419 5354 757 5424 singulorum
796 5356 1153 5413 diaconorum
1186 5371 1331 5410 cura:
1357 5355 1665 5410 commissis
1691 5370 1756 5410 ac
1794 5355 1981 5411 multis

417 5444 638 5503 fabricis
671 5446 893 5502 Fabiani
916 5449 1073 5518 jussu
1105 5448 1432 5504 constructis
1460 5447 1733 5502 scribitur.

487 5538 539 5595 4.
569 5540 672 5593 Sed
704 5542 829 5609 quia
860 5558 958 5612 par
990 5558 1095 5599 non
1135 5552 1218 5596 est
1255 5541 1548 5610 antiquitas
1595 5556 1783 5595 eorum
1813 5540 1977 5596 libro-

491 5738 513 5773 '
545 5735 743 5791 Euseb.
797 5736 890 5791 lib.
923 5753 992 5802 γι,
1049 5754 1094 5792 c.
1148 5738 1237 5793 26.
1363 5739 1548 5797 Mlier.
1601 5739 1759 5804 epist.
1799 5737 1866 5794 65
1913 5739 1978 5792 ad

2112 1862 2305 1917 bilibus
2351 1864 2738 1932 confessionum
2803 1863 3079 1933 triumphis
3130 1863 3417 1917 irradianl.
3472 1860 3677 1915 Verum

2109 1955 2203 2011 ubi
2252 1955 2397 2011 addit
2446 1956 2587 2012 idem
2633 1972 2771 2027 papa
2819 1975 2833 2011 :
2880 1955 3007 2011 Ideo
3056 1956 3339 2009 secundum
3398 1955 3677 2023 antiquam

2108 2045 2534 2100 consuetudinem
2562 2046 2825 2116 singulari
2856 2045 3062 2100 cautela
3106 2046 3163 2099 in
3206 2053 3392 2098 sancta
3432 2043 3678 2097 Romana

2109 2138 2348 2193 Ecclesia
2390 2155 2490 2193 non
2536 2139 2804 2210 leguntur,
2835 2142 2961 2211 quia
3007 2150 3055 2194 et
3104 2155 3281 2193 eorum
3315 2140 3404 2209 qui
3437 2138 3678 2191 conscri-

2105 2246 2250 2299 psere
2290 2232 2502 2286 nomina
2546 2232 2752 2301 penitus
2802 2232 3132 2302 ignorantur,
3180 2229 3421 2301 praedicti
3452 2229 3674 2285 addita-

2105 2324 2271 2402 menti
2304 2323 2467 2379 fidem
2505 2325 2734 2380 multum
2769 2324 3059 2378 imminuit.
3090 2322 3234 2377 Nihil
3262 2324 3460 2393 quippe
3481 2323 3549 2376 ad
3572 2338 3677 2393 ge-

2105 2425 2314 2471 storum
2345 2416 2559 2471 illorum
2584 2416 2866 2470 αὑθεντίαν
2892 2415 3130 2472 defuisse
3151 2416 3443 2480 videretur,
3475 2416 3519 2470 si
3554 2413 3677 2469 Ro—

2102 2508 2250 2563 mani
2276 2509 2548 2579 pontiﬁcis
2570 2509 2891 2564 auctoritate
2910 2524 2942 2563 a
2967 2519 3171 2578 septem
3196 2508 3444 2572 notariis,
3465 2507 3674 2577 quibus

2102 2602 2376 2671 pratpositi
2424 2602 2657 2658 fuissent
2694 2602 2914 2657 totidem
2959 2602 3276 2657 subdiaconi
3301 2642 3315 2666 ,
3354 2600 3675 2668 conscripta

2100 2702 2302 2787 essent.
2343 2692 2414 2747 Ut
2455 2703 2514 2748 ut
2560 2702 2676 2761 est,
2728 2693 2997 2749 Eusebius
3038 2694 3131 2747 lib.
3170 2710 3222 2748 vr
3267 2692 3438 2757 Ilist.,
3473 2708 3521 2747 c.
3564 2691 3668 2754 43,

2100 2782 2261 2839 ﬁdem
2313 2783 2465 2851 facit,
2515 2786 2619 2840 sub
2669 2784 2894 2839 Fabiani
2942 2800 3259 2840 successore
3303 2784 3552 2839 Cornelio
3601 2784 3666 2837 in

2101 2874 2346 2931 Romana
2383 2875 2622 2932 Ecclesia
2654 2886 2857 2945 septem
2890 2876 3152 2931 diaconos
3176 2876 3506 2945 totidemque
3535 2875 3670 2931 sub-

2098 2968 2360 3023 diaconos
2390 2968 2664 3024 exstitisse
2694 2987 2707 3023 :
2739 2984 2803 3023 ac
2836 2969 3116 3039 probabile
3153 2979 3236 3025 est
3264 2969 3560 3023 Fabianum
3589 2985 3671 3023 eo

2099 3055 2219 3125 ipso
2249 3065 2509 3127 tempore,
2546 3074 2656 3128 quo
2686 3058 2915 3130 singulis
2943 3060 3185 3115 diaconis
3226 3060 3397 3115 oﬁicia
3429 3060 3668 3130 partitus

2096 3154 2201 3211 est,
2239 3161 2337 3201 sua
2378 3146 2544 3201 etiam
2587 3148 2956 3215 subdiaconis,
2987 3150 3191 3219 qumvis
3233 3149 3322 3203 illa
3355 3148 3481 3215 sint,
3518 3148 3670 3203 assi-

2097 3253 2307 3308 gnasse.
2343 3238 2496 3294 Tunc
2517 3255 2649 3295 vero
2681 3238 2855 3294 Roma
2888 3240 2941 3294 in
2971 3241 3379 3310 quatuordeeim
3407 3240 3665 3309 regiones

2095 3331 2471 3400 dividebatur;
2507 3347 2573 3387 ex
2596 3348 2706 3403 quo
2731 3334 2998 3402 sequitur,
3045 3342 3104 3387 ut
3144 3334 3373 3404 singulis
3414 3334 3668 3392 diaconis

2094 3423 2216 3479 dua:
2241 3424 2512 3479 attributae
2547 3422 2785 3488 fuerint,
2815 3440 2923 3494 quo
2954 3424 3169 3481 facilius
3202 3441 3464 3495 pauperes
3488 3440 3665 3495 quos-

2094 3532 2200 3587 que
2226 3517 2565 3587 dignoscere,
2599 3516 2787 3586 eisque
2814 3517 3103 3572 subvenire
3129 3527 3370 3587 possent.

2161 3606 2240 3662 De
2270 3606 2395 3660 aliis
2424 3607 2663 3676 epistolis
2697 3624 2758 3660 ac
2788 3608 3008 3662 decretis
3038 3607 3279 3662 Fabiano
3313 3610 3575 3679 ascriptis.

2163 3699 2214 3753 l.
2241 3697 2481 3755 Isidorus
2509 3698 2779 3755 Mercator
2818 3700 2991 3755 tribus
3024 3701 3268 3769 epistolis
3302 3700 3525 3755 Fabiani
3554 3718 3660 3757 no-

2092 3791 2239 3847 mine
2264 3793 2533 3857 conﬁetis,
2564 3791 2800 3863 ideoque
2824 3793 2988 3846 alium
3012 3792 3066 3846 in
3095 3801 3298 3847 tomum
3322 3795 3659 3863 rejiciendis,

2092 3884 2464 3940 collectionem
2499 3901 2659 3940 suam
2687 3885 2854 3939 auxit.
2895 3883 2974 3938 Ex
3012 3901 3116 3939 una
3157 3885 3367 3939 illarum
3399 3902 3463 3941 ea
3498 3886 3662 3942 ﬁnxit

2091 3975 2296 4046 opinio,
2332 3992 2439 4046 qua
2466 3975 2759 4042 Fabianus,
2786 3986 2843 4030 ut
2870 3975 3111 4030 chrisma
3148 3992 3243 4046 per
3275 3977 3516 4048 singulos
3552 3993 3662 4032 an-

2090 4084 2213 4135 nos,
2240 4079 2421 4125 vetere
2449 4070 2699 4135 incenso,
2727 4069 2783 4123 in
2808 4069 2979 4124 Cmna
3014 4068 3227 4123 Domini
3268 4069 3655 4136 conﬁceretur,

2088 4160 2440 4215 constituisse
2470 4160 2729 4214 creditur.
2754 4158 3020 4225 Quocirca
3045 4160 3145 4215 levi
3172 4176 3302 4215 sane
3323 4175 3387 4215 ac
3410 4161 3657 4217 sublesta

2088 4250 2412 4306 auctoritate
2457 4250 2645 4305 nititur
2683 4250 2997 4321 hujusmodi
3045 4250 3248 4319 opinio.
3277 4251 3428 4304 Illam
3466 4264 3655 4306 autem

2088 4342 2423 4413 cxpendendi
2468 4343 2644 4413 aptior
2680 4343 2896 4398 dabitur
2930 4344 3167 4408 occasio,
3200 4343 3293 4413 ubi
3322 4358 3383 4398 ea
3404 4383 3419 4406 ,
3455 4344 3510 4399 in
3539 4360 3657 4414 qua

2089 4433 2232 4489 istud
2257 4434 2454 4489 asserit
2478 4432 2735 4500 Isidorus,
2762 4434 2986 4503 epistola
3018 4436 3224 4489 edetur.

2156 4522 2210 4576 2.
2246 4521 2510 4578 Praeterea
2542 4524 2716 4579 eidem
2759 4539 2909 4594 papae
2935 4525 2989 4578 in
3019 4525 3349 4580 editionibus
3381 4525 3659 4581 Concilio-

2088 4629 2208 4668 rum
2242 4614 2428 4670 decem
2470 4616 2839 4672 attribuuntur
2877 4618 3092 4672 decreta
3119 4633 3149 4672 e
3193 4617 3453 4672 Gratiano
3480 4627 3534 4672 et
3569 4619 3659 4673 al-

2088 4715 2204 4761 tera
2252 4707 2632 4776 compilatione
2678 4710 2923 4775 collecta,
2956 4710 3051 4764 sed
3094 4725 3269 4779 neque
3317 4709 3509 4779 majori
3545 4708 3659 4765 ﬁde

2088 4795 2271 4865 digna.
2306 4794 2374 4849 Et
2400 4797 2594 4851 horum
2637 4798 2858 4867 quidem
2905 4799 3138 4868 primum
3179 4799 3258 4853 sic
3286 4800 3598 4855 enuntiatur
3633 4817 3650 4854 :

2088 4886 2148 4943 Si
2179 4890 2294 4959 quis
2331 4891 2672 4949 contristatus
2714 4891 2938 4945 noluerit
2969 4892 3300 4946 reconciliari
3330 4894 3485 4963 fratri
3527 4910 3654 4962 suo,

2085 4974 2446 5050 satisfaciente
2487 4998 2546 5037 eo
2580 4986 2669 5053 qui
2716 4986 3073 5050 contristabit,
3113 4988 3381 5040 acerrimis
3421 5002 3660 5040 macere-

2088 5078 2172 5124 tur
2232 5072 2459 5139 inediis,
2504 5076 2793 5143 usquedum
2837 5078 3073 5145 gratanti
3113 5079 3288 5129 animo
3323 5077 3659 5145 satisfactio-

2085 5178 2202 5215 nem
2234 5163 2469 5233 recipiat.
2495 5161 2680 5234 Neque
2711 5165 2763 5220 id
2794 5182 2823 5220 a
2855 5165 3117 5221 Gratiano
3149 5176 3355 5221 tantum
3390 5168 3517 5223 dist.
3554 5167 3655 5237 90,

2084 5269 2135 5309 c.
2169 5253 2258 5320 10,
2290 5256 2382 5309 sed
2413 5264 2467 5311 et
2496 5256 2565 5311 ab
2591 5255 2753 5312 lvone
2786 5274 2899 5327 par.
2931 5259 3015 5324 l3,
3050 5274 3097 5313 c.
3129 5258 3216 5326 60,
3249 5269 3303 5313 et
3334 5260 3659 5317 Bnrcbardo

2083 5346 2175 5401 lib.
2204 5364 2257 5411 x,
2282 5362 2331 5402 c.
2360 5347 2448 5414 59,
2481 5350 2669 5403 eodem
2703 5352 2917 5405 nomine
2946 5352 3214 5405 laudatur.
3239 5350 3437 5406 Verum
3464 5353 3656 5419 priora

2083 5441 2202 5509 ejus
2231 5441 2391 5495 verba
2416 5457 2673 5510 expressa
2700 5453 2912 5495 suntex
2941 5439 3141 5495 Basilii
3160 5442 3380 5513 Regula,
3412 5444 3465 5497 in
3491 5445 3655 5514 cujus

2083 5535 2258 5602 capite
2293 5532 2356 5586 7i
2391 5533 2492 5590 ista
2523 5549 2589 5587 ex
2623 5532 3060 5602 interpretatione
3092 5532 3272 5589 Ruﬁni
3299 5537 3653 5605 praemittitur

2087 5737 2397 5794 Pammach.
2428 5750 2479 5794 et
2502 5737 2727 5804 Decum,
2753 5754 2800 5794 c.
2829 5738 2880 5793 4.
2992 5741 3013 5770 ⁸
3037 5737 3198 5809 Cypr.
3229 5741 3278 5793 in
3306 5739 3408 5794 ﬁne
3439 5754 3523 5809 ep.
3549 5736 3644 5794 ω.
