3918 6194
229 307 309 361 131

226 426 471 497 quasue:
508 426 657 488 Quid
687 428 733 478 si
784 428 1146 495 satisfaciente
1188 446 1248 481 eo
1295 432 1383 494 qui
1427 433 1779 497 contristavit,
1813 442 1856 494 Α

228 519 430 570 noluerit
460 518 803 570 reconciliari
835 520 879 570 is
921 520 1010 588 qui
1046 522 1388 574 contristatns
1429 523 1546 574 est?
1569 521 1644 574 Ex
1679 525 1781 577 alia

221 622 378 661 ante
414 607 656 676 Regula,
686 611 768 662 vel
797 610 863 662 ad
895 610 1250 664 imitationem
1288 611 1504 683 Regula:
1529 615 1782 683 alicujus,

215 698 538 751 architectus
581 700 790 752 decreti
843 688 1005 769 bujus
1050 704 1342 770 proposita:
1381 705 1667 773 quaestioni
1697 722 1784 761 re-

209 787 552 855 sponsionem
591 791 660 843 de
693 806 796 844 suo
836 792 1084 860 subjecit.
1122 792 1178 846 ln
1227 795 1505 848 Pacbomii
1558 796 1779 865 Regula,

210 895 316 948 cap.
347 879 435 938 18,
469 881 748 948 legimus:
785 883 844 936 Si
889 885 1005 952 quis
1058 886 1342 939 iracundus
1387 889 1466 940 vel
1507 889 1778 941 tristitiam

207 972 274 1023 rt!
304 970 568 1021 inuidiam
598 982 736 1024 tenet
765 983 945 1026 contra
969 976 1266 1042 proximum
1293 993 1466 1041 suum,
1494 986 1547 1028 ut
1578 987 1776 1045 tempus

206 1063 457 1126 tenuerit,
500 1065 578 1116 ita
631 1067 733 1117 erit
775 1067 1076 1134 pwnitentia
1104 1067 1247 1136 ejus,
1294 1069 1347 1120 in
1375 1085 1507 1137 pune
1535 1079 1584 1123 et
1615 1087 1772 1139 aqua.

202 1154 289 1208 Cui
318 1153 547 1226 Regula
576 1159 740 1213 amne
767 1169 848 1215 est
891 1160 1188 1226 decretum,
1232 1163 1376 1231 quod
1413 1163 1502 1218 lvo
1536 1181 1654 1234 par.
1689 1167 1773 1231 15,

201 1261 245 1299 c.
281 1245 366 1308 16,
420 1264 654 1303 rursum
704 1252 850 1305 velut
883 1267 948 1305 ex
985 1252 1225 1306 Fabiano
1259 1264 1446 1309 nostro
1492 1257 1624 1311 citat
1663 1276 1676 1310 :
1715 1256 1774 1312 Si

201 1337 304 1402 quis
353 1354 466 1389 non
503 1342 616 1392 cuit
650 1343 984 1396 reconciliari
1010 1345 1167 1412 fratri
1213 1361 1308 1398 suo
1355 1362 1506 1415 quem
1533 1349 1652 1400 odio
1682 1348 1775 1401 Ita-

203 1430 291 1490 ἑτι,
323 1431 521 1482 tandiu
555 1433 611 1483 in
639 1449 771 1499 pane
798 1442 846 1487 et
873 1451 1010 1504 aqua
1043 1437 1322 1503 pmniteat,
1350 1439 1636 1507 usquedum
1691 1456 1774 1492 re-

200 1521 514 1572 concilietur
541 1523 594 1574 ei
601 1563 616 1575 .

258 1612 309 1664 3.
356 1615 639 1676 Alterum,
673 1617 968 1670 secundum
998 1617 1315 1674 Gratianum
1351 1637 1424 1685 νι,
1459 1631 1648 1690 quaest.
1681 1623 1768 1690 11,

195 1718 240 1756 c.
261 1703 416 1769 l8,et
447 1705 672 1758 Isonem
705 1707 994 1775 par.l2,c.
1023 1710 1110 1772 65,
1145 1712 1197 1764 in
1235 1713 1376 1767 hunc
1394 1714 1614 1768 modum
1644 1731 1771 1784 pro-

1665 309 1965 366 NOTITIA.

3349 302 3450 355 l8}

1960 429 2011 482 ὅ.
2056 427 2349 482 Gratianus
2393 441 2554 490 xxxv,
2604 433 2796 493 quiest.
2840 423 2874 476 2
2904 431 2958 477 et
2995 423 3060 486 5,
3097 436 3142 475 c.
3181 421 3252 485 5,
3295 412 3351 473 ιιί
3380 437 3445 474 ex

1885 521 2121 575 Fabiano
2149 520 2408 574 exscribit
2450 517 2578 571 illud
2611 535 2622 569 :
2657 518 2730 569 De
2759 519 3080 586 propinquis,
3112 516 3200 584 qui
3235 512 3303 564 ad
3337 514 3446 580 affl-

1884 618 2212 680 nilatcm-per
2239 613 2407 666 virum
2427 619 2473 664 et
2502 627 2712 663 uxorem
2744 603 2974 672 veniunt,
3006 610 3255 674 defuncta
3283 623 3444 660 uxore

1882 702 1957 756 vel
2001 704 2144 766 viro,
2196 703 2250 754 in
2306 701 2489 771 quinta
2541 701 2869 770 generatione
2920 701 3338 770 conjungantur;
3390 698 3440 749 in

1880 807 2088 864 quarta,
2121 796 2167 847 si
2198 795 2391 847 inventi
2436 795 2652 862 fuerint,
2690 811 2791 846 non
2820 805 3144 862 separentur.
3178 790 3242 844 In
3285 790 3443 842 tertia

1881 896 2051 939 tamen
2079 888 2467 956 propinquitate
2504 904 2604 940 non
2643 887 2762 940 licet
2795 901 3010 939 uxorem
3048 883 3268 937 alterius
3299 882 3440 934 acci-

1879 995 1997 1046 pere
2042 987 2158 1045 post
2203 978 2400 1031 obitum
2447 980 2580 1048 ejus.
2612 977 2913 1048 xEqualiter
2966 977 3043 1029 rir
3089 975 3438 1044 conjungatur

1878 1069 1931 1120 in
1977 1067 2309 1121 nmtrimonio
2353 1070 2425 1122 eis
2463 1085 2578 1138 qua:
2617 1069 2717 1122 sibi
2765 1069 3160 1137 consanguinea:
3208 1077 3353 1132 sunt,
3383 1073 3436 1118 et

1877 1159 2056 1210 uxoris
2086 1174 2196 1211 sua:
2224 1160 2624 1227 consanguineis
2654 1169 2769 1228 post
2817 1169 3033 1213 mortem
3078 1175 3189 1212 sua:
3231 1157 3434 1212 uxoris.

1881 1247 2074 1303 Verum
2105 1251 2386 1306 novissimi
2420 1250 2665 1306 Gratiani
2697 1253 2931 1307 editores
2961 1267 2990 1306 e
3018 1250 3284 1305 Tbeodori
3319 1249 3438 1303 Pae-

1872 1343 2137 1396 nitentiali
2180 1355 2495 1412 excerptum
2552 1344 2768 1400 docent.
2832 1340 2967 1399 Illud
3023 1344 3202 1409 reipsa
3255 1343 3307 1396 in
3370 1359 3431 1396 ca

1873 1433 2257 1490 Poenitentialis
2293 1434 2560 1489 Theodori
2592 1445 2762 1506 parte,
2800 1452 2960 1506 quam
2991 1434 3302 1490 Coislianus
3337 1449 3432 1488 co-

1871 1525 1968 1578 dex
1993 1540 2023 1578 a
2067 1525 2166 1578 700
2198 1527 2354 1579 annis
2388 1537 2642 1581 exaratos
2675 1537 2945 1590 asscrvat,
2981 1528 3281 1596 reperimus
3331 1527 3433 1580 sub

1873 1617 2028 1670 titulo
2057 1617 2130 1669 De
2161 1619 2532 1686 questionibus
2561 1619 2939 1687 conjugiorum.
2969 1616 3153 1686 Neque
3166 1632 3294 1673 vero
3327 1617 3428 1672 sibi

1871 1715 2084 1760 constat
2107 1705 2418 1774 Gratianus,
2450 1710 2648 1777 quippe
2675 1709 2765 1777 qui
2805 1708 2931 1761 ibid.
2953 1722 3000 1760 c.
3037 1709 3131 1772 15,
3172 1723 3276 1761 una
3303 1723 3427 1761 cum

195 1793 358 1846 fertur
382 1812 395 1844 :
418 1795 741 1867 Quicunque
775 1800 944 1852 sciens
983 1818 1036 1853 se
1066 1802 1372 1870 pejeraverit
1413 1806 1756 1876 quadraginta

1869 1796 2029 1852 Ivone
2061 1814 2178 1866 par.
2213 1799 2266 1864 9,
2303 1814 2420 1867 cap.
2464 1799 2566 1862 45,
2593 1809 2646 1852 ct
2680 1799 2992 1852 Burcbardo
3034 1799 3126 1853 lib.
3155 1815 3224 1852 vn
3247 1838 3261 1863 ,
3291 1814 3342 1852 c.
3377 1799 3428 1861 7,

192 1888 295 1938 dies
311 1888 362 1938 in
379 1905 521 1953 pane
532 1898 586 1942 et
607 1901 818 1959 aqua,et
832 1904 1026 1961 septem
1043 1905 1306 1965 sequentes
1325 1914 1488 1952 annos
1498 1901 1764 1964 pteniteat;

189 1992 234 2030 et
265 1997 537 2049 unquam
569 1983 644 2035 sit
669 1986 778 2037 sine
805 1987 1133 2053 poenitentia,
1163 2001 1209 2042 et
1245 2005 1510 2060 nunquam
1536 1992 1591 2046 in
1623 1995 1768 2046 testi-

190 2074 422 2124 monium
469 2075 807 2141 recipiatur;
865 2080 1278 2133 communionem
1330 2092 1502 2136 tamen
1551 2086 1766 2153 posthac

187 2166 436 2232 recipiat.
467 2165 565 2220 Cui
617 2183 726 2221 non
769 2169 1017 2224 absimile
1047 2179 1128 2226 est
1165 2173 1316 2236 illud,
1360 2177 1506 2245 quod
1556 2176 1758 2232 Gratia.

187 2273 299 2311 nus
333 2273 467 2320 mi,
496 2270 698 2327 qumst.
733 2260 787 2326 5,
816 2277 864 2314 c.
897 2262 950 2328 4,
988 2262 1224 2330 Gelasio,
1259 2265 1348 2320 lvo
1385 2277 1564 2322 autem
1594 2285 1644 2338 p.
1675 2261 1790 2331 12,”

182 2364 233 2400 c.
269 2348 356 2412 66,
391 2359 450 2401 ut
492 2359 552 2403 et
601 2350 914 2415 Anselmus,
949 2351 1278 2424 Polycarpus
1327 2370 1391 2410 ac
1419 2356 1763 2414 Bnrcbardus

181 2439 395 2511 Pelagio
430 2442 749 2496 attribuunt
781 2463 793 2496 :
826 2443 887 2499 Si
923 2447 1040 2515 quis
1071 2464 1123 2500 se
1151 2448 1518 2516 perjuraverit,
1549 2460 1596 2502 et
1628 2450 1761 2505 alios

178 2533 338 2584 sciens
361 2535 420 2585 in
444 2536 746 2604 perjurium
773 2537 1006 2602 duxerit,
1049 2541 1399 2608 quadraginta
1425 2543 1534 2595 dies
1560 2544 1763 2610 inpune

174 2638 220 2676 et
237 2637 455 2692 aqua,et
469 2638 670 2690 septem
695 2639 958 2697 sequentes
974 2645 1136 2682 annos
1159 2630 1476 2698 paeniteat,et
1496 2651 1760 2703 nunquam

173 2717 241 2768 sit
269 2719 388 2770 sine
402 2721 743 2786 pretiitentia.
769 2719 834 2774 Et
863 2719 960 2773 alii
975 2720 1021 2773 si
1047 2723 1243 2775 conscii
1263 2724 1493 2792 fuerunt,
1519 2728 1760 2779 similiter

169 2812 488 2874 miteant.
521 2810 698 2865 Porro
725 2814 839 2867 bzec
885 2813 993 2868 duo
1022 2815 1236 2869 decreta
1285 2831 1351 2869 ex
1382 2816 1569 2870 eodem
1614 2815 1760 2870 fonte

170 2901 340 2954 ﬂuere
389 2917 505 2955 non
540 2903 694 2972 ,ις-νίς
742 2906 981 2975 suspicio
1013 2916 1117 2961 est.
1152 2906 1323 2972 Quem
1374 2922 1502 2961 vero
1555 2906 1757 2962 fontem

171 2991 324 3042 illum
357 2993 680 3060 opinemur,
718 2996 820 3050 nisi
847 2995 1114 3051 Theodori
1141 2998 1546 3053 Cantuariensis
1577 2997 1757 3052 Panti-

170 3086 418 3149 teiuiale,
445 3101 516 3138 ex
548 3102 659 3155 quo
690 3098 740 3140 et
773 3090 912 3156 apud
938 3089 1307 3145 Burchardum
1336 3091 1428 3145 lib.
1457 3106 1556 3156 xu,
1591 3107 1639 3146 c.
1669 3093 1754 3156 11,

172 3186 222 3227 et
242 3177 397 3245 apud
425 3178 655 3232 lronem
678 3195 731 3247 p.
760 3180 844 3244 l2,
870 3199 919 3235 ι.
939 3181 1026 3245 68,
1063 3182 1112 3234 id
1138 3184 1413 3252 conceptis
1430 3184 1608 3238 verbis
1635 3184 1738 3238 lau-

170 3266 356 3318 datum
375 3267 622 3336 legimus
642 3283 657 3320 :
687 3267 745 3322 Si
774 3271 889 3338 quis
916 3273 1214 3339 suspicatur
1228 3273 1364 3341 quod
1382 3273 1450 3325 ad
1463 3275 1754 3342 perjurium

173 3356 427 3423 ducatur,
444 3368 496 3410 et
531 3367 705 3412 tamen
733 3377 795 3415 ea:
821 3377 1070 3414 consensu
1082 3363 1621 3432 jurat,quadraginta
1643 3364 1752 3418 dies

175 3451 450 3514 paeniteat,
487 3458 543 3502 et
569 3467 836 3521 nunquam
866 3453 936 3506 sit
963 3455 1072 3506 sine
1100 3454 1244 3522 gravi
1272 3455 1615 3523 paenitentia?
1640 3457 1754 3511 lmo

175 3551 225 3590 et
269 3541 349 3602 id,
383 3542 539 3610 quod
571 3559 738 3612 supra
784 3543 1006 3598 Fabiani
1060 3547 1279 3601 nomine
1329 3545 1577 3611 refertur,
1611 3549 1751 3617 apud

176 3630 521 3702 ﬁeginonem
547 3635 644 3690 lib.
674 3652 734 3700 ιι,
787 3652 838 3690 c.
887 3637 1023 3702 524,
1063 3648 1119 3693 ιιι
1163 3654 1229 3694 ex
1285 3639 1668 3707 Pwnitentiali,
1699 3652 1752 3696 et

176 3727 309 3792 apud
345 3723 470 3780 Jac.
509 3725 744 3782 Potitum
772 3739 903 3784 tom.
932 3729 974 3797 l,
1005 3747 1129 3802 pag.
1170 3732 1258 3798 72,
1300 3740 1358 3786 ut
1387 3748 1454 3786 ex
1493 3732 1750 3786 Theodori

181 3816 550 3870 Pnitentiali
601 3819 682 3873 sic
725 3820 1066 3876 decurtatum
1128 3823 1326 3894 legitur
1376 3840 1389 3874 :
1445 3823 1750 3894 Quicunque

173 3913 339 3966 sciens
380 3913 763 3981 perjuraverit,
793 3926 983 3983 septem
1031 3932 1194 3969 annos
1226 3917 1492 3985 poeniteat,
1525 3927 1573 3970 et
1600 3927 1747 3986 post-

173 4003 265 4055 hac
317 4004 750 4056 communionem
793 4006 1042 4073 accipiat.
1090 4005 1156 4058 Ei
1202 4016 1378 4060 autem
1432 4008 1613 4076 parti,
1641 4023 1747 4076 qua

175 4096 425 4164 perjurus
456 4112 745 4166 nunquam
777 4098 829 4150 in
855 4099 1222 4153 testimonium
1245 4099 1589 4169 recipiendus
1611 4116 1746 4168 prie-

173 4189 405 4255 cipitur,
467 4189 823 4242 consentiunt
880 4188 1280 4245 Matisconense
1331 4207 1347 4244 ι
1409 4191 1743 4256 concilium,

173 4297 286 4334 (an.
329 4281 420 4347 17,
462 4290 523 4336 et
569 4282 866 4350 capitulare
917 4282 1096 4336 Caroli
1134 4282 1310 4352 Magni
1356 4298 1475 4352 cap.
1508 4285 1576 4338 39
1605 4286 1742 4353 apud

177 4372 348 4426 Baluz.
379 4389 516 4442 pag.
547 4373 673 4438 518,
701 4389 809 4442 quo
832 4360 1090 4429 cavetur:
1129 4373 1232 4438 Qui
1262 4375 1418 4428 semel
1445 4374 1742 4444 perjurutus

1870 1899 2195 1958 postremam
2226 1891 2425 1945 decreti
2462 1891 2623 1959 hujus
2662 1900 2867 1959 partem
2900 1890 3044 1944 Julio
3077 1906 3226 1959 papa:
3257 1891 3428 1946 ascri-

1869 1980 1964 2035 bit.
2002 1981 2074 2035 l)e
2109 1981 2210 2035 bac
2238 1991 2418 2035 autem
2447 1981 2914 2035 matrimoniorum
2940 1982 3080 2036 circa
3108 1981 3293 2036 afﬁnes
3314 1981 3429 2051 lege

1868 2089 1994 2127 ann.
2041 2072 2196 2135 l2l6,
2247 2073 2299 2125 in
2334 2072 2563 2127 concilio
2607 2073 2842 2142 generali
2877 2072 3248 2138 Lateranensi,
3279 2074 3426 2142 quod

1869 2164 2076 2220 Decret.
2108 2163 2350 2234 Gregorii
2378 2163 2467 2230 IX,
2498 2165 2590 2218 lib.
2619 2181 2691 2229 iv,
2735 2165 2815 2219 tit.
2852 2166 2916 2220 14
2937 2206 2952 2233 ,
2985 2181 3033 2220 c.
3070 2165 3136 2230 8,
3173 2166 3425 2231 refertur,

1867 2258 2177 2328 derogatum
2210 2257 2329 2312 fuit.

1937 2348 1986 2403 6.
2017 2350 2290 2418 Superiori
2316 2350 2534 2403 decreto
2556 2349 2848 2403 Gratianus
2871 2349 3090 2418 subjicit
3111 2349 3252 2404 istud
3282 2351 3426 2404 velut

1866 2442 1930 2496 ad
1968 2440 2216 2495 eumdem
2263 2441 2559 2495 Fabianum
2602 2443 2876 2510 pertinens
2910 2457 2923 2494 :
2954 2441 3057 2506 Qui
3080 2443 3423 2512 propinquam

1863 2534 2135 2603 sanguinis
2179 2550 2393 2588 uxorem
2435 2533 2628 2587 ducunt
2656 2544 2702 2586 et
2733 2544 3068 2602 separantur,
3105 2551 3204 2586 non
3249 2533 3423 2588 licebit

1861 2626 1956 2690 eis,
1984 2627 2218 2695 quandiu
2252 2628 2456 2697 utrique
2480 2627 2674 2692 vivunt,
2702 2625 2838 2678 alias
2869 2642 3053 2679 uxores
3084 2627 3184 2680 sibi
3211 2628 3263 2679 in
3295 2643 3420 2679 con~

1852 2717 2006 2788 jugio
2059 2720 2258 2772 sociare
2290 2759 2304 2785 ,
2367 2720 2470 2771 nisi
2528 2719 2827 2788 ignorantia
2888 2729 3218 2772 excusentur.
3268 2717 3422 2772 Unde

1860 2810 2128 2878 conjicere
2165 2810 2321 2874 licet,
2351 2826 2414 2864 ex
2463 2825 2528 2864 eo
2577 2811 2694 2879 ipso
2729 2811 2885 2874 libro,
2918 2827 2980 2864 ex
3008 2826 3117 2878 quo
3149 2811 3416 2878 superius,

1859 2906 2188 2972 exscriptum
2226 2903 2414 2964 fuisse,
2454 2904 2698 2972 adeoque
2729 2901 3013 2958 Theodoro
3041 2901 3418 2957 Cantuariensi

1859 3009 1978 3049 esse
2009 2993 2422 3047 restituendum.

1932 3085 1980 3139 7.
2017 3086 2307 3140 Gratianus
2356 3103 2516 3152 xxxv,
2559 3097 2753 3156 quaest.
2789 3087 2841 3151 6,
2871 3102 2917 3141 c.
2960 3086 2980 3138 1
3012 3104 3026 3152 ;
3067 3084 3156 3139 Iro
3192 3099 3308 3154 par.
3361 3085 3416 3147 9,

1857 3192 1908 3232 c.
1943 3177 2032 3240 57,
2072 3186 2124 3232 et
2151 3177 2497 3232 Burcbardus
2541 3179 2637 3233 lib.
2678 3195 2783 3244 VH,
2812 3193 2862 3232 c.
2894 3177 2986 3242 2|,
3017 3185 3073 3230 ut
3098 3191 3161 3230 ex
3189 3173 3416 3228 Fabiani

1856 3267 2102 3334 decretis,
2133 3285 2248 3337 cap.
2293 3270 2346 3335 8,
2395 3269 2442 3322 id
2477 3269 2760 3338 proferunt
2799 3287 2812 3322 :
2859 3267 3284 3336 Consanguineos
3320 3281 3415 3318 eac-

1857 3369 2156 3414 traneorum
2208 3360 2382 3414 nullus
2433 3371 2661 3426 accuset,
2705 3361 2781 3414 vel
2823 3360 3328 3430 consanguinitate":
3360 3359 3415 3410 in

1853 3453 2049 3523 synodo
2095 3463 2382 3522 computet,
2437 3453 2526 3506 sed
2576 3454 2852 3522 propinqui
2886 3453 2954 3506 ad
3001 3467 3223 3523 quorum
3272 3451 3413 3504 noti-

1855 3545 1983 3599 tiam
2023 3546 2266 3615 pertinet,
2301 3545 2354 3598 id
2382 3555 2456 3598 est
2485 3554 2638 3613 pater
2663 3557 2712 3599 et
2750 3555 2936 3611 mater,
2973 3558 3123 3596 soror
3149 3551 3199 3595 et
3226 3540 3413 3609 frater,

1852 3646 2092 3704 patruus,
2124 3635 2436 3701 avunculus,
2472 3637 2977 3702 amita,matertera,
3011 3645 3263 3689 eteorum
3289 3650 3414 3702 pro-

1852 3731 2067 3784 creatio.
2102 3728 2161 3783 Si
2211 3737 2387 3781 autem
2425 3729 2694 3798 progenies
2739 3737 2849 3781 tota
2875 3727 3140 3796 defecerit,
3175 3725 3239 3778 ab
3272 3727 3415 3779 anti-

1849 3822 2118 3892 quioribus
2152 3828 2201 3874 et
2247 3820 2619 3886 veracioribus,
2660 3822 2846 3890 quibus
2891 3823 3072 3873 eadem
3107 3820 3412 3890 propinqui-

1852 3926 1934 3968 tas
1962 3925 2086 3968 nota
2114 3925 2214 3981 est,
2257 3917 2524 3986 episcopus
2560 3914 2808 3967 canonice
2839 3915 3139 3982 perquirat;
3170 3921 3219 3966 et
3252 3911 3301 3964 si
3330 3913 3409 3962 in-

1849 4017 2001 4061 venta
2050 4009 2211 4077 fuerit
2257 4008 2655 4078 propinquitas,
2696 4016 3018 4075 separentur.
3070 4003 3408 4074 Quod'satis
3470 4011 3478 4023 '

1850 4099 2171 4154 inconcinne
2199 4115 2515 4170 expressum
2561 4113 2681 4152 esse
2727 4097 2897 4166 liquet
2923 4098 3002 4169 ad
3052 4093 3404 4148 imitationem

1849 4189 1982 4261 legis
2019 4190 2074 4256 2,
2121 4190 2202 4245 tit.
2245 4190 2295 4257 7,
2341 4191 2430 4244 lib.
2480 4207 2531 4244 ix
2564 4189 2697 4243 God.
2725 4187 2826 4242 Th.
2872 4204 2934 4242 ex
2968 4184 3407 4254 interpretatione

1847 4279 2102 4346 Anniani,
2140 4281 2228 4336 ubi
2257 4291 2478 4336 cavetur
2512 4298 2524 4333 :
2566 4281 2630 4334 In
2659 4279 2918 4333 adulterio
2946 4287 3245 4332 castraneam
3287 4291 3405 4328 mu-

1846 4372 2026 4426 lierem
2064 4373 2241 4427 nullus
2294 4383 2546 4437 accuset,
2595 4373 2682 4427 sed
2739 4372 3015 4442 propinqui
3068 4369 3136 4422 ad
3187 4384 3406 4439 quorum

175 4465 343 4528 furit,
375 4481 481 4517 nec
503 4465 652 4517 testis
679 4466 750 4518 sit
773 4476 887 4534 post
910 4466 1039 4520 lucc.
1077 4465 1212 4521 Vide
1245 4476 1297 4521 et
1322 4467 1596 4536 vulgatum
1640 4466 1746 4521 Ra-
1778 4470 1818 4524 D
1848 4473 2024 4517 notam
2063 4467 2319 4535 pertinet,
2349 4466 2444 4518 hoc
2475 4476 2551 4518 est
2589 4465 2754 4533 frater
2781 4479 3079 4533 germpnus,
3116 4463 3280 4531 frater
3311 4477 3404 4530 pa-

175 4559 288 4610 bani
319 4557 508 4612 Mauri
543 4558 742 4612 librum
777 4575 834 4612 ιιι
865 4558 940 4613 De
966 4559 1328 4628 paenitentiam
1361 4560 1743 4630 satisfactione,

171 4664 214 4700 c.
247 4648 335 4712 59,
375 4659 437 4702 et
471 4646 753 4718 Ilalitgarii
786 4649 981 4703 librum
1014 4667 1086 4718 ιν,
1115 4666 1164 4705 c.
1196 4650 1285 4704 28.

231 4741 282 4794 ι.
317 4739 464 4794 Illud
498 4761 511 4794 :
552 4738 733 4810 Neque
763 4742 994 4811 furiosus
1043 4760 1203 4813 neque
1227 4744 1432 4813 furiosa
1471 4747 1744 4800 matrimo-

165 4837 302 4886 nium
346 4836 670 4888 contrahere
696 4851 911 4904 possunt
937 4852 957 4900 ;
1000 4836 1089 4889 sed
1122 4836 1169 4889 si
1210 4846 1538 4890 contractum
1563 4837 1742 4907 fuerit,

158 4943 260 4980 non
297 4937 650 4996 separentur,
685 4928 829 4996 quod
875 4927 1171 4982 Gratianus
1221 4945 1406 4995 χχιιι,
1451 4937 1642 4998 quaest.
1677 4929 1737 4994 7,

155 5032 204 5074 ε.
236 5017 339 5084 26;
374 5027 435 5072 et
480 5017 570 5071 Irr
610 5033 728 5088 par.
762 5018 815 5083 8,
855 5033 905 5072 c.
944 5018 1082 5085 168,
1116 5029 1175 5073 ιιι
1207 5019 1432 5074 Fabiani
1463 5021 1738 5075 decretum

155 5111 405 5167 laudant.
442 5125 472 5162 a
509 5108 789 5179 Reginone
835 5109 930 5162 lib.
968 5125 1030 5174 ιι,
1062 5126 1111 5165 c.
1142 5111 1265 5178 129,
1298 5112 1498 5168 rectius
1541 5113 1742 5168 citatur

155 5213 210 5254 ut
259 5218 328 5256 ex
385 5200 498 5271 lege
559 5200 822 5255 Romana.
873 5201 970 5257 Est
1011 5202 1154 5256 enim
1201 5200 1326 5256 Julii
1361 5202 1514 5258 Pauli
1549 5203 1644 5259 lib.
1680 5221 1738 5271 ιι,

153 5297 232 5347 tit.
266 5295 360 5356 l9,
399 5294 670 5348 sententia
709 5295 1000 5362 postremis
1027 5295 1208 5350 verbis
1244 5296 1486 5352 mutatis.
1519 5295 1626 5351 Pro
1654 5297 1739 5352 his

147 5381 352 5451 quippe
404 5379 614 5435 Paulus
647 5382 805 5448 dixit,
840 5383 930 5436 sed
970 5393 1299 5437 contractum
1343 5387 1737 5440 matrimonium

158 5474 328 5539 furore
355 5473 742 5542 (postmodum
787 5474 1098 5544 accedente)
1148 5492 1250 5528 non
1303 5475 1539 5542 tollitur;
1591 5479 1734 5548 quod

159 5564 331 5616 minus
387 5563 738 5632 ambiguum.
775 5561 907 5617 Vide
958 5563 1183 5638 Digest._
1214 5565 1308 5620 lib.
1357 5584 1526 5634 xxxii,
1565 5568 1647 5621 tit.
1677 5568 1731 5629 2,

161 5652 250 5724 b3.
285 5657 371 5721 l0,
397 5667 455 5710 ct
489 5654 712 5710 lvunem
740 5672 858 5726 par.
894 5658 980 5726 15,
1003 5677 1052 5715 c.
1089 5659 1157 5714 87
1181 5668 1234 5715 et
1266 5659 1353 5726 88,
1385 5675 1591 5716 necnon
1626 5661 1731 5717 Re-

163 5745 401 5812 ;iaonem
436 5747 536 5802 lib.
574 5763 637 5812 ιι,
673 5748 874 5806 c.130.

1851 4557 2052 4624 truelis,
2085 4567 2304 4626 patruus
2335 4568 2383 4612 et
2415 4558 2776 4611 consobrinus.

1918 4649 1969 4703 8.
2005 4649 2158 4714 Quod
2207 4648 2496 4702 Gratianus
2549 4649 2614 4702 de
2666 4663 2936 4710 consecr.,
2962 4647 3091 4700 dist.
3124 4646 3178 4710 2,
3215 4661 3263 4699 c.
3296 4644 3401 4707 16;

1845 4739 1935 4793 Ivo
1968 4755 2083 4808 par.
2113 4739 2168 4806 2,
2199 4755 2248 4794 c.
2283 4739 2375 4803 27,
2409 4754 2471 4793 ac
2501 4738 2846 4794 Burcbardus
2877 4739 2968 4793 lib.
3001 4755 3051 4802 ν,
3089 4754 3135 4791 c.
3169 4736 3268 4802 17,
3302 4733 3404 4787 Fa-

1844 4830 1991 4885 biani
2037 4831 2258 4884 nomine
2293 4830 2367 4884 ita
2415 4830 2686 4884 efferunt:
2733 4828 2799 4882 Ut
2841 4831 2888 4883 si
2927 4846 3028 4882 non
3060 4825 3428 4897 frequentius,

1843 4919 1920 4974 vel
1976 4929 2052 4973 ter
2087 4920 2211 4974 laici
2263 4922 2493 4974 homines
2550 4922 2927 4974 communicent
2989 4922 3042 4973 in
3092 4934 3260 4982 anno,
3299 4918 3400 4970 nisi

1843 5014 1978 5082 forte
2031 5013 2147 5082 quis
2198 5012 2492 5082 majoribta
2516 5013 2835 5083 [criminibus
2872 5013 3208 5083 impediatur,
3238 5009 3293 5064 id
3324 5017 3427 5062 est.

1841 5107 1898 5158 in
1921 5103 2131 5158 Pascha
2158 5114 2208 5158 et
2240 5105 2545 5159 Pentecoste
2587 5115 2635 5160 et
2676 5105 2866 5159 Natali
2905 5103 3115 5158 Domini
3148 5117 3164 5154 :
3204 5102 3308 5154 hoc
3333 5114 3429 5154 ex.

1841 5209 2048 5250 canone
2085 5195 2154 5250 50
2189 5196 2404 5251 concilii
2439 5195 2772 5252 Turonensis
2801 5212 2895 5262 ιιι,
2949 5209 3089 5248 anno
3133 5192 3235 5246 818
3258 5191 3398 5247 cele-

1839 5287 2000 5352 brati,
2026 5287 2092 5344 ad
2119 5288 2276 5342 verba
2322 5288 2376 5340 id
2421 5297 2518 5352 est,
2550 5289 2881 5357 cxscriplum
2923 5284 3042 5339 l‘uit.
3077 5282 3210 5341 Illud
3236 5297 3422 5351 porro.

1839 5382 2286 5448 additamentum,
2320 5382 2375 5434 id
2411 5391 2488 5436 est
2521 5384 2574 5434 in
2615 5381 2840 5444 Pascha,
2880 5378 3255 5433 Pentecostect
3284 5373 3400 5428 Na-

1839 5473 1936 5526 tali
1963 5473 2196 5542 Domini,
2227 5490 2544 5544 expressum
2581 5483 2665 5530 est
2694 5475 2759 5528 ad
2799 5472 3157 5526 imitationem
3174 5466 3396 5523 concilii

1837 5567 2181 5636 Agatbensis,
2207 5584 2328 5623 can.
2365 5568 2454 5632 18,
2483 5568 2576 5622 ubi
2600 5568 2854 5621 statuitur
2881 5581 2894 5617 :
2931 5562 3395 5638 Siccularesuero,

1836 5660 1925 5728 qui
1969 5661 2022 5712 in
2062 5659 2252 5714 Natali
2303 5661 2550 5727 Domini,
2608 5659 2814 5712 Pascha
2857 5667 2904 5712 et
2954 5658 3256 5712 Pentecoste
3296 5669 3398 5706 non

1835 5754 2360 5822 communicagerunt,
2379 5753 2638 5808 Catholici
2669 5769 2768 5807 non
2792 5753 3088 5809 credantur.
3124 5751 3394 5820 Integrum
