3918 6194
490 313 592 367 183

1802 327 1857 382 S.
1901 325 2167 382 FABIANI
2209 326 2410 384 ΡΑΡᾸΞ

3616 335 3727 392 186

488 447 618 488 vero
639 447 702 490 ac
731 434 954 490 tetidem
983 436 1184 505 verbis,
1213 450 1345 508 quot
1387 441 1516 496 illud
1549 443 1864 507 Gratianus,
1897 445 1986 499 lro
2015 459 2066 500 et
2094 455 2141 508 Α
2176 449 2439 518 scriptum
2470 461 2573 518 est,
2607 467 2714 506 uno
2755 451 2921 508 verbo
2967 451 3253 506 liberentur
3291 463 3532 524 excepto,
3562 469 3728 525 cujus

490 523 839 581 Burchardus
885 525 1146 596 referunt,
1182 535 1226 582 'a
1273 531 1549 601 Regiuone
1592 534 1686 588 lib.
1739 552 1776 598 ι,
1830 551 1880 590 c.
1931 537 2057 600 195,

491 617 741 672 laudatur
775 627 834 672 ut
873 633 939 672 ex
973 619 1114 674 libro
1153 637 1192 675 ιι
1217 621 1602 692 Capitularium
1625 666 1639 688 ,
1681 627 1769 678 ubi
1805 635 1859 680 et
1887 637 2061 682 exstat

491 724 538 763 e.
568 707 659 773 45,
685 708 777 763 sed
826 709 944 764 sine
987 710 1351 767 additamento
1400 715 1456 767 id
1485 724 1596 780 est,
1637 725 1764 782 etc.,
1787 720 2060 787 quomodo

489 799 718 866 habetur
744 799 797 852 in
823 801 1056 855 concilio
1082 801 1389 859 Turonensi
1418 821 1502 859 ιιι.

557 889 610 943 9.
646 887 706 943 Si
734 891 850 959 quis
895 891 1113 961 triginta
1149 895 1323 948 (etatis
1358 913 1468 950 ante
1503 913 1606 950 non
1634 899 1920 967 impleverit
1963 917 2059 954 an-

488 998 602 1046 nos,
632 981 778 1035 nullo
813 983 964 1036 modo
987 984 1256 1054 presbyter
1283 988 1576 1056 ordinetur,
1599 999 1728 1054 etc.,
1752 991 1893 1060 quod
1917 992 2057 1061 apud

487 1069 862 1126 Burchardum
900 1074 995 1129 lib.
1032 1091 1107 1141 ιι,
1133 1091 1182 1130 c.
1220 1077 1316 1145 10,
1348 1087 1400 1133 et
1431 1081 1649 1136 lvoncm
1681 1097 1736 1151 p.
1777 1082 1810 1136 6
1831 1123 1845 1148 ,
1877 1099 1927 1139 c.
1951 1085 2054 1150 30,

486 1161 716 1216 Fabiani
750 1165 971 1220 nomine
1007 1167 1320 1238 insignitur,
1351 1179 1405 1224 et
1427 1171 1585 1242 cujus
1611 1173 1824 1227 initium
1854 1174 2060 1230 Gratia-

488 1267 592 1306 nus
619 1253 746 1307 dist.
789 1253 876 1318 78,
911 1269 959 1309 c.
990 1255 1042 1322 1,
1071 1255 1348 1313 Bonifacio
1393 1275 1546 1330 papa:
1595 1263 1836 1326 ascribit,
1873 1280 2056 1321 merus

487 1352 570 1395 est
613 1357 787 1397 canon
835 1345 896 1397 11
936 1343 1388 1406 Neocaesariensis
1427 1353 1644 1407 concilii
1689 1370 1756 1408 ex
1794 1354 2056 1426 interpre-

489 1429 691 1485 tatione
738 1431 952 1487 Martini
1003 1433 1350 1494 Bracarensis
1397 1442 1667 1512 episcopi,
1700 1457 1818 1513 cap.
1862 1445 1932 1502 90
1959 1447 2055 1502 dc-

490 1522 746 1590 scriptus.

561 1611 647 1664 10.
679 1610 1020 1667 Deccrnimus
1065 1626 1124 1670 ut
1164 1617 1220 1670 in
1262 1620 1502 1674 omnibus
1547 1622 1838 1681 Dominicis
1877 1627 2056 1682 diebus

491 1698 680 1752 altaris
726 1698 924 1753 oblatio
970 1702 1034 1754 ab
1083 1706 1323 1760 omnibus
1367 1710 1491 1763 viris
1541 1721 1588 1765 et
1624 1715 1930 1771 mulieribus
1961 1719 2055 1786 ﬁat

492 1798 598 1839 tant
643 1789 796 1857 panis
841 1807 999 1861 quam
1037 1795 1164 1861 cini,
1220 1805 1276 1850 ut
1323 1815 1415 1868 per
1461 1802 1556 1855 Itas
1608 1805 1992 1862 immolationes
2022 1828 2054 1862 a

489 1888 819 1946 peccatorum
870 1899 1085 1938 suorum
1137 1887 1369 1955 fascibus
1405 1891 1708 1962 liberentur,
1752 1913 1817 1951 ex
1847 1915 2055 1955 canone

489 1969 523 2022 4
549 1971 762 2027 concilii
790 1971 1200 2033 Matisconensis
1231 1994 1308 2044 tt,
1343 1996 1491 2037 anno
1513 1985 1617 2040 585
1645 1987 1924 2057 celebrati,
1959 1992 2053 2046 de—

2160 539 2280 594 loco
2305 551 2518 594 careant
2549 543 2838 598 concilium
2876 543 3108 614 praefert.
3145 542 3427 611 Perpcram
3471 545 3632 616 igitur
3667 549 3726 604 in

2159 631 2345 686 codice
2368 633 2632 688 librorum
2671 635 2759 701 16,
2789 635 2882 690 lib.
2912 651 2964 701 v,
3003 650 3053 690 c.
3085 636 3135 699 7,
3163 636 3304 705 apud
3345 637 3724 696 Burchardum

2159 723 2254 777 lib.
2288 739 2339 786 v,
2366 738 2416 778 c.
2453 724 2544 787 24,
2577 735 2630 780 et
2653 725 2867 782 lvonem
2899 742 2952 795 p.
2977 726 3035 792 2,
3070 744 3122 782 c.
3153 727 3254 794 54,
3281 726 3518 786 Fabiano
3551 733 3725 787 ascri-

2158 815 2324 870 bitur.
2348 814 2500 882 Quod
2539 818 2756 886 quidem
2791 819 3006 872 lvonem
3041 834 3148 872 non
3191 819 3487 876 advertisse
3520 823 3722 878 mirum

2157 917 2270 973 est,
2325 924 2447 963 cum
2496 909 2726 964 subinde
2771 926 2891 982 cap.
2941 912 3005 965 41
3061 911 3374 966 eorumdem
3426 907 3722 970 verborum

2158 1014 2427 1052 summam
2476 999 2879 1072 perstringens,
2930 1016 2993 1056 ea
3046 1002 3263 1056 concilii
3308 1001 3726 1062 Matiscenensis

2159 1099 2440 1160 agnoscat.

2229 1180 2316 1234 11.
2356 1178 2478 1234 Νοη
2509 1189 2589 1234 est
2621 1181 2987 1250 accipiendum
3012 1184 3331 1253 sacriﬁcium
3361 1186 3423 1238 de
3449 1203 3606 1240 manu
3630 1204 3727 1243 sa-

2157 1271 2401 1336 cerdotis,
2435 1272 2524 1342 qui
2551 1276 2812 1328 orationes
2844 1275 2921 1328 uel
2951 1276 3180 1328 actiones
3211 1287 3258 1329 et
3292 1277 3519 1348 reliquas
3545 1279 3728 1334 obser-

2155 1363 2387 1416 vationes
2432 1365 2486 1416 in
2526 1365 2686 1418 missa
2723 1365 3008 1418 secundum
3053 1368 3213 1419 ritum
3254 1369 3466 1438 implere
3500 1387 3598 1424 non
3627 1387 3722 1440 ρο·

2159 1463 2284 1518 test,
2328 1455 2494 1509 codex
2546 1455 2612 1508 16
2638 1456 2920 1520 librorum,
2951 1456 3046 1511 lib.
3089 1475 3143 1523 ν,
3178 1475 3232 1513 c.
3271 1461 3333 1524 9;
3378 1461 3733 1518 Barchardus

2156 1543 2251 1598 lib.
2277 1561 2331 1610 ν,
2361 1561 2411 1600 c.
2442 1547 2530 1610 '50,
2562 1555 2616 1601 et
2650 1545 2742 1601 lvo
2779 1564 2833 1618 p.
2859 1550 2946 1616 12,
2972 1566 3021 1605 c.
3053 1551 3148 1617 41,
3186 1551 3424 1607 Fabiano
3455 1555 3724 1624 tribuunt,

2154 1644 2363 1689 aetatem
2383 1645 2562 1691 tamen
2583 1639 2789 1694 redolet
2809 1640 2912 1694 hoc
2936 1657 3072 1712 papa
3097 1644 3472 1699 recentiorem.
3501 1645 3563 1699 Et
3592 1663 3728 1701 vero

2160 1725 2429 1783 Theodori
2449 1728 2859 1787 Cantuariensis
2893 1749 3015 1789 esse
3051 1735 3208 1790 ﬁdem
3234 1737 3359 1791 facit
3388 1749 3537 1793 vetus
3553 1741 3729 1794 codex

2163 1820 2492 1887 Coislianus,
2519 1821 2570 1875 in
2597 1837 2705 1892 quo
2739 1839 2866 1879 cum
2900 1826 3146 1895 pluribus
3177 1829 3297 1884 aliis
3329 1829 3731 1886 Plenitentialis

2158 1909 2398 1977 ejusdem
2429 1911 2821 1982 archiepiscopi
2856 1915 3108 1985 capitulis
3127 1918 3432 1974 exhibetur.

505 2123 3707 2178 ______._____________________

1485 2287 1604 2402 S.
1693 2292 2272 2414 FABIANI
2353 2303 2754 2419 PAP/E

1811 2495 2436 2591 EPISTOLJE

895 2702 1227 2760 EI’ISTOLA
1269 2705 1478 2762 PRIMA
1509 2709 1642 2777 (12).

563 2828 629 2866 ΑΙ)
679 2828 966 2870 υιηιιέιιεοε
1003 2832 1268 2874 Εεειεειι
1307 2837 1617 2876 οΑτιιοιιωί
1663 2836 1974 2880 ιιικιδτιιοε.

498 2926 600 2992 Qui
630 2944 731 2980 non
763 2929 980 2982 debeant
1023 2933 1235 3004 admitti
1272 2933 1384 3002 (15)
1441 2934 1510 2987 ad
1557 2937 1967 3004 excusationem,
1996 2951 2046 2994 et

636 3014 738 3050 non
760 3015 868 3052 esse
897 3003 1389 3056 communicandum
1417 3007 1904 3063 excommunicatis.

568 3089 941 3143 Dilectissimis
974 3091 1176 3160 ubique
1201 3093 1495 3148 Catholica:
1533 3094 1789 3151 Ecclesiae
1815 3099 2045 3152 commi-

496 3178 706 3244 nistris,
741 3178 1006 3235 FABIAst
1038 3183 1266 3238 salutem
1299 3185 1354 3238 in
1392 3184 1639 3239 Domino.

568 3268 778 3325 Divinis
817 3273 1100 3341 praeceptis
1143 3274 1256 3345 (14)
1294 3284 1348 3329 et
1378 3276 1697 3345 apostolicis
1724 3292 2012 3332 monemur
2037 3281 2055 3311 ⁸

498 3361 782 3427 inStitutis,
807 3373 868 3418 ut
905 3381 1005 3434 pro
1033 3375 1354 3422 cunctarum
1386 3367 1749 3424 Ecclesiarum
1774 3380 1916 3424 statu
1953 3370 2056 3425 im-

499 3453 651 3523 pigro
685 3454 969 3525 vigilemus
1004 3458 1219 3512 aﬂ‘ectu.
1255 3456 1408 3513 Unde
1445 3473 1786 3530 consequens
1830 3468 1935 3527 est,
1965 3461 2058 3515 de-

501 3544 629 3598 bere
654 3561 751 3601 vos
787 3547 929 3602 scire
987 3565 1108 3618 qua:
1135 3550 1276 3620 apud
1307 3549 1606 3604 Romanam
1635 3551 1686 3605 iu
1713 3567 1868 3606 sacro
1891 3567 2063 3623 agun-

499 3647 589 3692 tur
626 3640 733 3693 ritu
763 3639 1084 3705 Ecclesiam,
1113 3652 1172 3695 ut
1193 3641 1317 3710 ejus
1342 3651 1630 3711 sequentes
1653 3644 1918 3713 exempla,
1943 3644 2064 3713 ejus

2085 2728 2126 2781 Β
2159 2719 2371 2791 Septem
2412 2739 2540 2794 ergo
2571 2693 2832 2781 diaconos
2867 2726 2978 2798 (15)
2998 2728 3062 2792 in
3103 2728 3238 2784 urbe
3279 2728 3449 2784 Roma
3502 2746 3597 2801 per
3636 2746 3732 2788 se-

2159 2823 2304 2883 ptem
2357 2817 2610 2886 regiones
2657 2819 2913 2883 civitatis,
2947 2820 3087 2874 sicut
3129 2835 3159 2874 a
3213 2821 3457 2891 patribus
3507 2823 3729 2892 accepi-

2160 2921 2305 2971 mus,
2351 2905 2637 2971 habemus,
2672 2910 2765 2979 qui
2809 2925 2907 2980 per
2951 2911 3196 2979 singulas
3249 2913 3615 2970 hebdomadas
3670 2924 3725 2962 ν*

2165 2995 2478 3055 Dominicos
2514 3001 2652 3067 dies,
2683 3012 2845 3071 atque
2878 3003 3231 3060 festivitatum
3276 3007 3562 3074 solemnia,
3595 3024 3728 3063 cum

2165 3090 2588 3147 subdiaconibus
2627 3103 2682 3149 et
2731 3095 3018 3166 acolytbis,
3051 3111 3114 3151 ac
3163 3099 3522 3168 sequacium’
3581 3100 3727 3155 ordio

2162 3197 2290 3236 num
2320 3183 2604 3249 ministris,
2645 3185 2886 3254 injuncta
2915 3186 3020 3241 sibi
3065 3187 3357 3244 observant
3387 3191 3720 3255 ministeria,

2159 3286 2214 3328 et
2260 3276 2432 3344 parati
2469 3278 2618 3331 omni
2651 3278 2784 3332 hora
2836 3290 2965 3334 sunt
2995 3282 3062 3337 ad
3091 3283 3334 3337 divinum
3383 3283 3640 3348 cilicium,
3671 3293 3730 3337 et

2157 3366 2420 3437 quidquid
2457 3369 2538 3423 eis
2569 3369 2888 3440 injungitur,
2923 3375 3312 3444 peragendum.
3368 3373 3626 3429 Similiter
3673 3387 3729 3430 et

2161 3459 2335 3524 vobis,
2361 3468 2523 3528 prout
2555 3471 2918 3528 opportunum
2964 3463 3149 3529 fuerit,
3175 3481 3272 3534 per
3300 3466 3546 3538 singulas
3596 3466 3728 3520 civi-

2162 3557 2298 3603 tates
2333 3557 2415 3604 est
2459 3549 2785 3614 faciendum,
2815 3562 2874 3608 ut
2917 3554 3160 3612 divinum
3203 3559 3407 3627 absque
3438 3558 3542 3612 ulla
3571 3573 3729 3612 mora

2168 3650 2221 3694 et
2254 3640 2577 3710 negligentia
2627 3643 2888 3700 studiose
2917 3662 2982 3700 ac
3019 3648 3335 3704 solemniter
3373 3657 3566 3720 agatur
3610 3649 3729 3702 olli-

501 3732 612 3786 veri
646 3733 738 3786 lilii
773 3733 1149 3799 inveniamini,
1176 3749 1299 3803 qua:
1331 3743 1510 3789 vestra
1533 3743 1616 3791 cst
1645 3745 1816 3790 mater
1855 3745 2064 3791 vocata.
2097 3732 2140 3791 C
2171 3733 2336 3787 cium.
2374 3731 2615 3802 Denique
2655 3744 2861 3804 septem
2905 3737 3157 3792 similiter
3205 3741 3571 3795 subdiaconos
3603 3739 3728 3811 (16)

575 3845 591 3876 ¹
627 3843 684 3900 S.
719 3844 829 3901 Leo
859 3862 944 3916 ep.
976 3846 1030 3901 4.
1124 3849 1145 3878 ²
1179 3849 1542 3917 sequentium.

575 3985 685 4060 (l2)
710 3984 845 4060 _Tres
869 3985 973 4040 illa:
1009 4002 1095 4056 ep.
1147 3988 1441 4060 supposita:
1479 4005 1545 4044 ac
1569 3991 1768 4060 spuria:
1790 3992 1920 4046 viris
1962 3995 2060 4047 do—

503 4059 606 4112 ctis
637 4058 920 4119 habentur,
960 4067 1012 4110 et
1047 4059 1256 4110 merito.

578 4127 686 4196 (l5)
718 4125 790 4196 Dc
817 4142 1001 4180 errore
1029 4125 1216 4180 Novati
1253 4137 1306 4182 et
1339 4128 1642 4186 Novatiani.

575 4197 694 4270 (id),
718 4195 1244 4270 Divinispra'ceptis,
1261 4207 1364 4254 etc.
1391 4197 1514 4253 Haec
1534 4202 1760 4268 epistola
1777 4201 1898 4254 aliis
1931 4216 2064 4270 spu-

505 4269 610 4332 ria,
646 4267 747 4320 nisi
765 4283 817 4339 _:_t_
853 4267 1424 4339 quibusdatnmcndis
1457 4277 1511 4322 et
1549 4267 1825 4324 erroribus
1857 4267 2059 4339 expur-

507 4350 698 4405 gi‘llll‘;
731 4337 854 4390 aliis
900 4353 1004 4408 non
1049 4353 1076 4389 a
1113 4336 1349 4391 Fabiano
1373 4378 1388 4399 ,
1419 4341 1510 4392 sed
1547 4340 1727 4408 potius
1751 4355 1781 4393 a
1812 4336 2062 4394 Cornelio

507 4408 702 4478 scripta
747 4422 868 4478 esse
906 4407 1161 4478 videtur:
1205 4409 1458 4478 eoiquod
1488 4409 1626 4463 infra
1658 4411 1723 4462 de
1762 4408 1966 4462 Novato
2012 4418 2066 4463 et

508 4475 810 4547 Novatiano
858 4477 1209 4547 limen-lerat
1235 4496 1248 4530 :
1278 4475 1498 4547 Insuper
1536 4489 1586 4532 et
1633 4479 1765 4532 illud
1812 4495 1896 4532 vos
1932 4479 2065 4532 scire

507 4525 1034 4618 us.gi.?;;.';..'u.‘;},:;.n
1050 4525 1248 4618 istis;
1272 4525 1608 4617 tingui-ult,
1631 4525 2066 4618 ﬂaminum
2098 4525 2144 4580 θ

509 4614 720 4684 quidem
763 4617 956 4690 nostris
993 4617 1240 4690 peccatis,
1263 4614 1514 4673 suadente
1539 4614 1756 4690 antiquo
1777 4620 1923 4673 Itoste
1943 4660 1957 4684 ,
1982 4620 2072 4689 qui

509 4700 709 4753 semper
739 4694 796 4736 ut
823 4685 901 4738 leo
941 4687 1146 4752 rugiens
1178 4689 1364 4741 circuit
1418 4685 1837 4753 quarens'quem
1869 4685 2074 4743 devoret

511 4752 550 4822 (l
586 4753 725 4832 lfctr.
749 4770 812 4832 Σ,
845 4752 1504 4832 .8),_super3eni_t‘Novatus
1535 4770 1597 4806 ex
1624 4752 1898 4832 Africanet
1921 4767 2078 4832 sepa-

511 4771 550 4822 (ι
586 4771 725 4805 retr.
760 4771 812 4815 v,
845 4771 919 4819 δ),
950 4772 1008 4806 su
1049 4771 1242 4806 ervemt
1273 4771 1504 4806 avocatus
1535 4771 1597 4806 ex
1624 4771 1821 4823 A’rtca,
1850 4771 1898 4804 et
1921 4771 2078 4819 sepa-

508 4823 644 4876 ravit
661 4824 723 4876 de
739 4823 969 4876 Ecclesia
992 4771 1180 4877 ὅτι-ἰξιί
1206 4823 1580 4885 Novatianum,
1605 4833 1652 4875 et
1678 4823 1926 4882 quosdam
1947 4821 2079 4874 alios

509 4891 698 4963 Christi
720 4895 1048 4963 confessores,
1073 4903 1119 4946 et
1145 4893 1395 4963 convertit
1431 4894 1483 4945 in
1510 4909 1728 4963 pravam
1763 4891 2075 4963 doctrinam.

509 4959 640 5026 ρυλε
685 4959 826 5016 sane
854 4972 1138 5040 non-ante
1169 4961 1401 5040 Cornelii
1447 4959 1715 5040 pontiﬁcis
1751 4961 2078 5040 creationem

511 5033 799 5101 contigisse
821 5071 834 5090 ,
872 5032 1178 5086 testimonio
1221 5030 1367 5086 Libri
1403 5030 1722 5100 pentiﬁcalis
1751 5039 1806 5084 et
1833 5030 2078 5101 Cypriani

512 5104 645 5182 satis
671 5111 753 5155 est
784 5101 1149 5181 manifestum.
1180 5101 1331 5182 Adde
1367 5102 1508 5182 quod
1537 5101 2081 5182 Pacianus,gepi‘st.u5

511 5172 580 5225 sd
614 5171 1084 5242 Sympronianum,
1117 5187 1238 5226 cum
1279 5171 1561 5226 Novatiani
1601 5171 1874 5234 meminit,
1920 5173 1987 5226 de
2013 5171 2082 5224 iis

513 5257 632 5310 qua:
655 5240 802 5294 ante
831 5242 1014 5295 sedem
1045 5240 1280 5296 Cornelii
1309 5250 1570 5312 gesserat,
1603 5242 1941 5296 commendat
1966 5242 2083 5305 eius

512 5313 835 5384 catholicam
867 5314 1054 5378 tidem;
1095 5313 1173 5368 sic
1201 5315 1342 5368 enim
1387 5316 1576 5369 scribit
1603 5335 1617 5370 :
1649 5317 1758 5370 Cur
1777 5317 1942 5384 igitur
1964 5315 2073 5370 No-

515 5381 758 5456 vatianus
808 5390 928 5456 tuus
956 5424 971 5448 ,
1012 5399 1074 5436 ne
1125 5384 1263 5453 falso
1307 5385 1516 5456 quidem
1561 5387 1730 5456 adhuc
1772 5381 2071 5456 episcopatu

512 5451 779 5525 sacerdos,
821 5451 972 5521 longe
998 5451 1277 5524 antequam
1303 5451 1580 5509 Cornelius
1604 5455 1784 5511 Roma:
1801 5451 2071 5525 episcopus

514 5517 687 5591 ﬁeret,
696 5517 993 5591 antequam
1015 5517 1309 5578 sacerdotio
1341 5525 1488 5578 illius
1530 5527 1803 5591 invideret,
1826 5517 1934 5581 inec
1954 5517 2074 5580 sua-

513 5588 631 5640 sit?
665 5588 833 5666 Habes
847 5588 1109 5666 Cypriani
1131 5596 1485 5666 testimonium
1507 5605 1638 5660 ,etc.
1685 5595 1752 5649 Et
1787 5588 1907 5666 post
1944 5598 2071 5651 reli-

513 5672 619 5726 qua
656 5677 668 5710 :
695 5662 760 5737 A_t
804 5661 938 5737 lianc
963 5665 1130 5730 ipsam
1155 5664 1393 5718 ltwresitrt
1421 5664 1706 5719 Novatiaui
1739 5661 1948 5737 quando
1974 5684 2073 5721 cae-

512 5730 741 5800 perunt?
781 5731 989 5793 Audite,
1035 5749 1244 5800 quaso,
1293 5747 1340 5788 et
1389 5747 1553 5789 totum
1601 5730 1836 5790 ordinem
1877 5740 2072 5792 erroris

511 5799 668 5850 castri
708 5799 979 5850 alrertite.
1039 5802 1312 5858 Cornelius
1346 5805 1463 5873 jam
1506 5807 1682 5861 Roma:
1735 5809 2002 5877 episcopus
2039 5826 2069 5860 a

2165 3987 2427 4042 sexdecim
2469 3981 2719 4051 episcopis
2770 3982 2964 4049 factus,
2990 3983 3157 4035 locum
3192 3981 3450 4036 cathedra:
3491 3986 3734 4037 vacantis

2165 4063 2452 4124 acceperat,
2487 4063 2535 4105 et
2577 4052 2670 4104 illa
2709 4067 2813 4120 qua
2857 4051 2957 4124 fuit
2990 4052 3243 4121 pra'ditus
3278 4054 3596 4124 castimonia
3621 4056 3732 4107 eir-

2166 4123 2354 4195 gina’li,
2379 4125 2586 4195 crebras
2630 4123 3010 4195 persecutiones
3057 4123 3458 4195 rtati_._priucipis
3499 4125 3733 4195 sustine-

2167 4191 2274 4250 bat.
2317 4194 2447 4248 Tum
2477 4192 2610 4260 forte
2631 4191 2846 4262 quidam
2869 4193 3133 4261 presbyter
3161 4191 3400 4245 Novatus
3433 4209 3496 4246 ea:
3520 4194 3730 4262 Africa,

2167 4277 2298 4328 ctc.,
2331 4264 2549 4318 Romam
2577 4261 2730 4325 venit,
2773 4272 2876 4317 etc.
2910 4265 3096 4330 Itaque
3124 4263 3192 4315 ob
3227 4263 3365 4316 hanc
3404 4261 3623 4317 causam
3660 4267 3730 4316 li-

2170 4345 2317 4392 ceret
2369 4335 2521 4387 lirma
2567 4330 2879 4402 conjectura
2931 4342 3513 4402 statuere.auctorem
3567 4334 3740 4402 hujus

2169 4405 2414 4474 epistolae
2441 4401 2753 4474 Cornelium
2790 4403 2970 4471 potius
2995 4419 3156 4470 quam
3198 4401 3494 4456 Fabianum
3523 4401 3692 4457 fuisSe
3714 4445 3734 4468 ,

2169 4472 2271 4530 nisi
2289 4475 2426 4528 inl'ra
2446 4472 2649 4542 mentio
2671 4472 2818 4526 lieret
2842 4483 3042 4542 septem
3066 4473 3540 4535 subdiaconorum,
3568 4489 3732 4542 quos,

2173 4556 2229 4601 ut
2261 4560 2326 4599 ex
2355 4543 2473 4597 Vita
2506 4539 2744 4610 ejusdem
2775 4539 2917 4610 apud
2947 4541 3168 4596 Librum
3201 4543 3558 4612 pontiﬁcalem
3587 4539 3732 4597 con-

2173 4626 2299 4680 stat,
2335 4612 2564 4667 notariis
2593 4611 2723 4683 Arata
2764 4620 3060 4683 martyrum
3092 4611 3467 4683 colligentibus
3507 4623 3560 4667 et
3597 4628 3735 4666 con—

2173 4683 2557 4746 scribentibus,
2605 4682 2920 4746 Fabianus,
2952 4698 3057 4734 non
3117 4682 3431 4749 Cornelius,
3482 4683 3729 4736 omnium

2173 4755 2436 4811 sententia
2478 4751 2734 4822 przefccit.
2766 4751 2960 4822 Tutius
3004 4754 3164 4822 igitur
3193 4769 3256 4808 ac
3297 4755 3476 4807 verius
3504 4769 3626 4806 esse
3655 4758 3733 4805 vi-

2173 4827 2348 4890 detur,
2387 4821 2639 4892 praedicta
2679 4823 2744 4876 de
2774 4821 2980 4876 Novato
3025 4835 3078 4876 et
3109 4821 3407 4878 Novaliano
3447 4824 3514 4877 ab
3547 4824 3733 4892 aliquo

2173 4897 2340 4950 sciolo
2371 4893 2716 4963 superaddita
2767 4892 2970 4958 fuisse,
3006 4894 3158 4958 ideo,
3197 4895 3341 4962 quod
3383 4893 3587 4962 putarit
3615 4894 3733 4948 haec

2175 4967 2332 5019 verba
2361 4964 2507 5017 Libri
2559 4963 2921 5033 pontiﬁcalis,
2955 4963 3130 5016 eadem
3176 4974 3399 5033 tempore
3436 4966 3730 5032 supervenit

2176 5035 2414 5089 Novatus
2436 5073 2450 5096 ,
2479 5033 2542 5086 ad
2571 5031 2793 5086 Fabiani
2823 5035 2965 5087 sedis
2999 5031 3288 5100 pontiticiaé
3337 5031 3550 5103 tempus
3592 5035 3733 5088 rele-

2174 5105 2337 5160 renda
2369 5119 2512 5164 esse,
2543 5117 2664 5156 cum
2695 5117 2880 5156 revera
2912 5105 3061 5157 adea
3093 5120 3214 5172 quae
3265 5116 3454 5159 aut-tor
3483 5104 3732 5173 proxime

2171 5176 2401 5244 dixerat,
2449 5182 2563 5244 post
2592 5173 2896 5244 passionem
2942 5189 3058 5227 vero
3096 5174 3446 5244 ejus,rrelerri
3477 5175 3728 5228 debeant.

2173 5243 2371 5299 Barou.
2408 5242 2550 5298 anno
2583 5242 2707 5302 9.58,
2738 5259 2885 5296 num.
2914 5245 2944 5297 9
2966 5253 3022 5297 et
3048 5260 3198 5314 seqq.
3237 5243 3363 5299 Sev.
3402 5245 3516 5299 an.

2243 5317 2289 5386 (1
2304 5318 2356 5381 Pi)
2386 5313 2590 5386 Septem
2609 5328 2732 5386 ergo
2753 5315 3025 5386 diaconos.
3072 5312 3203 5386 Vide.
3232 5331 3353 5384 qua:
3374 5317 3612 5386 diximus
3639 5330 3730 5369 su-

2173 5381 2268 5454 pra
2299 5388 2350 5438 in
2385 5381 2528 5454 notis
2561 5383 2612 5436 in
2644 5381 2821 5438 Vitam
2847 5383 3159 5451 Clementis,
3190 5381 3443 5452 Evaristi,
3467 5385 3654 5440 Antcri
3678 5394 3732 5440 et

2173 5455 2418 5509 Fabiani.
2446 5453 2520 5507 In.

2244 5529 2353 5598 (16)
2379 5525 2609 5598 Denique
2627 5534 2823 5598 septem
2841 5525 3083 5578 similiter
3103 5527 3470 5598 subdiaconos.
3499 5524 3596 5598 Hic
3619 5525 3723 5580 colo

2173 5595 2358 5666 ligitur
2416 5595 2578 5665 hujus
2635 5596 3204 5666 epistolaeauctorem
3259 5612 3384 5652 esse
3425 5597 3724 5650 Fabianum

2173 5668 2504 5738 pontiﬁcem,
2533 5673 2588 5719 et
2613 5666 2755 5734 quod
2782 5666 2856 5717 illi
2886 5665 3044 5738 [idem
3075 5667 3317 5738 derogat,
3354 5668 3728 5736 surreptitium

2173 5735 2312 5798 esse,
2345 5735 2584 5805 adeoque
2617 5737 3064 5804 expungendum,
3104 5739 3190 5792 vel
3213 5735 3424 5793 'saltem
3458 5735 3728 5793 adnotan-

2173 5809 2319 5861 dum.
2363 5805 2436 5860 In.
