3918 6194
249 334 332 391 ηδ
1590 296 1969 379 Εριδᾶηοιιε.

3295 318 3397 372 186

253 447 543 505 ordimvimus
560 445 601 507 ³,
631 445 723 514 qui
752 452 958 513 septem
988 444 1220 500 notariis
1264 445 1635 511 imminerent,
1670 456 1725 500 et
1751 447 1797 503 Α
1824 443 1914 513 qui
1949 442 2059 496 uult
2101 456 2276 495 omnes
2314 439 2548 515 homines
2579 436 2748 492 salvos
2772 433 2892 515 ﬁeri
2916 441 2967 488 et
2996 431 3251 487 neminem
3306 447 3399 500 pe-

252 552 357 613 gesu
394 546 663 606 martyrum
714 535 982 590 veraciter
1027 536 1083 589 in
1129 536 1338 606 integro
1391 537 1724 607 colligerent,

246 634 444 697 nobisque
474 627 715 681 rimanda
766 625 1203 701 manifestarent.
1236 626 1390 693 Quod
1421 624 1583 682 etiam
1629 643 1727 683 vos

239 737 377 777 omnes
400 735 541 788 agere
566 733 873 777 monemus.
907 732 974 771 ne
1020 717 1073 770 in
1120 728 1400 787 posterum
1451 720 1631 789 aliqua
1660 735 1727 774 ex

235 815 295 866 bis
328 811 560 865 dubitatio
617 809 727 871 ﬁat,
785 809 1123 879 qumstioque
1173 810 1415 875 oriatur;
1467 810 1725 878 quoniam

232 906 363 957 omnia
383 918 486 971 quis
508 903 707 967 scripta
733 912 875 966 sunt,
901 903 968 955 ad
996 900 1229 954 nostram
1267 902 1563 955 doctrinam
1589 904 1713 956 scri-

228 1009 293 1065 pta
333 996 483 1047 sunt‘.
517 993 579 1046 Et
625 1011 747 1063 quze
796 995 999 1049 nostris
1068 995 1403 1062 temporibus
1458 995 1725 1048 veraciter

226 1089 502 1141 srrilmntur.
552 1086 617 1138 ad
677 1085 987 1140 futurorum
1037 1087 1341 1141 doctrinam
1395 1087 1721 1157 diriguntur.

224 1179 268 1231 Et
289 1180 384 1231 ideo
423 1177 751 1231 ﬁdelissimis
781 1178 896 1232 haec
921 1179 1134 1248 negotia
1165 1180 1430 1233 committi
1469 1180 1722 1249 praecipi-

221 1288 326 1333 mus,
361 1286 417 1322 ne
453 1270 630 1338 aliqua
678 1270 731 1323 in
785 1271 865 1323 eis
917 1271 1100 1325 illusio
1149 1271 1479 1335 inveniatur,
1511 1287 1577 1324 ex
1613 1287 1719 1339 qua

220 1362 417 1416 ﬁdelibus
459 1360 799 1424 scandalum,
839 1363 983 1431 quod
1016 1363 1193 1425 absit,
1232 1363 1461 1416 oriatur.
1492 1360 1647 1417 Unde
1673 1372 1726 1417 et

217 1453 477 1505 claritatem
502 1462 736 1505 vestram
764 1462 985 1520 paterna
1018 1453 1306 1508 dulcedine
1324 1455 1561 1524 petimus
1592 1455 1634 1520 ⁸,
1667 1464 1727 1509 ιιι

216 1543 255 1594 in
280 1541 469 1596 cunctis
513 1542 767 1596 adectum
806 1551 1000 1597 vestrm
1033 1545 1314 1599 charitatis
1339 1555 1525 1600 sancta
1560 1546 1724 1601 modo

213 1632 401 1687 Ecclesia
428 1634 683 1697 inveniat,
719 1643 772 1688 et
799 1634 1002 1691 favoris
1029 1637 1193 1690 vestri
1224 1637 1449 1704 solatiis,
1473 1653 1719 1707 quocun-

213 1739 291 1792 que
314 1738 514 1778 necesse
538 1722 733 1788 fuerit,
762 1726 1021 1795 potiatur.
1058 1726 1125 1781 Et
1154 1729 1294 1783 sicut
1319 1729 1534 1783 bonitas
1555 1729 1721 1785 studii

211 1815 337 1869 vestri
364 1817 423 1869 de
450 1831 507 1870 se
544 1817 703 1871 nobis
741 1819 1118 1874 certitudinem
1167 1821 1387 1889 praebet,
1414 1830 1469 1874 ut
1494 1822 1546 1874 in
1578 1822 1726 1877 nullo

214 1905 404 1961 diﬂidere
460 1906 761 1964 debeamus
800 1910 868 1964 de
894 1926 977 1974 ea,
1008 1912 1099 1965 sed
1135 1912 1328 1983 magis,
1362 1922 1420 1967 ut
1468 1913 1727 1983 sapienti-

211 1998 286 2050 bus
313 1997 418 2052 libis
456 1998 717 2056 Ecclesia:
763 2012 984 2067 nostrae,
1039 2003 1155 2058 haec
1209 2004 1540 2061 ﬁducialiter
1579 2021 1730 2061 com-

210 2088 506 2157 mendemus;
544 2092 619 2145 ita
670 2093 992 2162 postpositis
1029 2094 1454 2164 opportunitatis
1482 2097 1729 2152 occasio-

215 2179 350 2243 nibus,
380 2190 551 2234 vestra
594 2181 838 2236 ellicacia
863 2183 1145 2238 elaborare
1193 2184 1410 2239 enixius
1438 2185 1617 2252 debet,
1648 2196 1730 2240 at-

212 2284 293 2339 que
335 2271 492 2325 modis
529 2273 740 2340 quibus
779 2274 1035 2343 possibile
1084 2274 1306 2342 fuerit‘,
1343 2276 1492 2331 omni
1547 2278 1728 2332 studio

210 2362 377 2431 abigere
420 2365 849 2424 contumelias".
886 2365 1183 2423 Hortamur
1213 2369 1378 2423 etiam
1426 2385 1546 2433 vos,
1569 2370 1727 2441 juxta

208 2452 365 2507 dictum
392 2456 658 2525 Apostoli,
695 2459 911 2514 stabiles
940 2476 1052 2514 esse
1099 2470 1151 2514 et
1204 2460 1519 2528 immobiles,
1555 2462 1727 2516 abun-

207 2545 347 2597 dantes
369 2548 418 2599 in
446 2564 595 2615 opere
630 2548 846 2603 Domini
876 2566 1097 2619 semper,
1126 2553 1347 2607 scientes
1402 2554 1540 2624 quod
1576 2554 1729 2609 labor

207 2647 335 2689 mter
362 2654 453 2690 non
481 2651 559 2693 est
592 2641 771 2694 inanis
801 2643 857 2694 in
886 2641 1114 2696 Domina
1131 2644 1172 2699 ⁸.
1203 2642 1268 2697 Et
1296 2645 1423 2699 alibi
1455 2663 1467 2699 :
1502 2643 1727 2715 Vigilare

205 2736 405 2789 (torale,
434 2741 480 2782 et
507 2742 651 2784 state
682 2734 734 2785 in
764 2732 885 2801 ﬁde.
929 2732 1166 2786 Viriliter
1210 2736 1371 2804 agite,
1418 2744 1466 2789 et
1514 2737 1726 2803 confor-

205 2820 370 2873 tsmini.
398 2821 583 2877 Omnia
627 2837 796 2878 vestra
826 2827 878 2879 in
912 2826 1170 2879 cliaritate
1190 2828 1379 2894 ﬁant”.
1424 2827 1648 2898 Insuper
1671 2837 1725 2883 et

205 2910 305 2993 illud
330 2929 414 2966 vos
453 2916 592 2969 scire
625 2917 997 2972 desideramus
1025 2918 1159 2988 (l7),
1194 2920 1318 2988 quia
1352 2924 1552 2973 nostris
1584 2928 1720 2973 tem-

202 3001 383 3069 poribus
406 3006 444 3035 ¹⁰
478 3007 937 3075 prmpedientibus
967 3009 1183 3076 quidem
1217 3010 1418 3064 nostris
1466 3012 1720 3080 peccatis,

1830 512 1935 589 rire
1964 536 2099 602 ut“,
2164 549 2263 588 sua
2323 512 2526 603 ingenti
2578 512 2972 597 omnipotentia
3004 523 3203 579 reverti
3232 522 3397 578 faciat

1828 624 1992 679 corda
2043 637 2233 678 eorum
2271 621 2339 676 ad
2370 635 2559 676 sanam
2610 619 2918 672 doctrinam
2978 623 3030 668 et
3070 613 3395 667 catholicam

1827 717 2071 780 ﬁdem",
2121 724 2390 785 quatenus
2450 713 2764 781 resipiscam
2807 727 2838 762 a
2877 706 3076 761 diaboli
3113 704 3310 776 laqueis
3329 705 3397 773 ",

1827 810 2028 879 quibus
2067 809 2213 878 capti
2248 816 2520 871 tenentur,
2551 815 2604 859 et
2644 811 3003 873 aggregentur
3036 800 3162 854 ﬁliis
3204 794 3394 852 matris

1828 901 2104 955 Ecclesiae.
2148 898 2580 953 Reminiscentes
2631 909 2852 965 quoque
2904 892 3133 946 fratrum
3184 897 3398 944 vestro-

1828 1011 1971 1060 rum,
2004 992 2337 1049 miseremini
2394 992 2631 1055 illorum,
2688 988 2889 1057 quibus
2944 985 3169 1056 potestis
3232 982 3395 1038 bonis

1828 1086 2023 1141 studiis
2049 1084 2267 1146 vestris,
2294 1098 2361 1137 ne
2422 1081 2737 1151 perdantur,
2776 1079 2866 1132 sed
2933 1086 2991 1130 ut
3041 1074 3297 1144 precibus
3340 1080 3400 1129 et

1826 1180 1948 1234 aliis
1996 1178 2255 1233 bonitatis
2288 1185 2482 1230 vestrae
2523 1174 2718 1229 studiis
2768 1171 2999 1226 Domino
3026 1170 3065 1200 ”
3093 1168 3394 1222 salventur.

1826 1272 1902 1327 lta
1948 1289 2076 1342 ergo
2127 1273 2181 1325 in
2232 1271 2317 1324 his
2360 1270 2521 1339 agite,
2554 1276 2613 1321 ut
2642 1266 2958 1321 ohedieutes
3000 1262 3092 1316 ﬁlii
3119 1269 3173 1315 et
3214 1260 3398 1314 ﬁdeles

1826 1376 2030 1421 sancta:
2078 1365 2172 1419 Dei
2220 1363 2476 1418 Ecclesiae
2532 1360 2857 1430 appareatis,
2923 1367 2975 1411 et
3019 1365 3077 1409 ut
3127 1353 3398 1408 mercedis

1825 1459 2045 1529 praemia
2076 1456 2407 1526 percipiatis.
2454 1453 2541 1520 Ili,
2570 1462 2623 1507 et
2666 1467 2857 1507 omnes
2901 1449 2994 1519 qui
3038 1456 3241 1502 rectam
3286 1461 3394 1499 non

1826 1550 2023 1602 docent
2063 1547 2391 1609 doctrinam,
2438 1544 2523 1597 vel
2582 1550 2787 1597 rectam
2848 1555 2955 1593 non
2983 1545 3167 1592 tenent
3211 1535 3394 1600 ﬁdem,

1826 1647 2170 1693 accusatores
2235 1636 2507 1691 neminem
2550 1642 2696 1689 recte
2747 1631 3082 1687 credentium
3139 1644 3398 1683 accusare

1827 1738 2077 1799 possunt,
2114 1729 2240 1798 quia
2268 1727 2489 1782 infamia
2521 1734 2647 1781 sunt
2684 1723 2877 1783 notati,
2906 1730 2960 1775 et
2989 1737 3018 1775 a
3043 1721 3165 1775 sinu
3194 1728 3397 1775 sancta:

1828 1823 2015 1877 matris
2059 1820 2336 1885 Ecclesiae,
2396 1817 2699 1888 apostolico
2758 1830 3042 1876 mucrone,
3099 1827 3272 1882 usque
3327 1811 3396 1866 ad

1827 1923 2029 1966 rectam
2072 1909 2540 1964 conversationem
2579 1917 2631 1962 et
2661 1906 3029 1962 reversionem
3074 1919 3266 1959 eorum
3296 1904 3397 1959 ab-

1829 2003 2008 2058 scissi.
2042 2001 2196 2057 Unde
2225 2001 2520 2071 apostolica
2548 1999 2892 2062 auctoritate,
2954 2013 3079 2052 cum
3140 1997 3397 2053 omnibus

1827 2096 2071 2165 ejusdem
2115 2095 2427 2166 apostolica:
2450 2103 2615 2164 atque
2641 2090 2971 2148 universalis
2988 2090 3245 2149 Ecclesia:
3271 2091 3398 2147 ﬁliis

1829 2197 2128 2244 statuentes
2153 2188 2454 2252 sancimus,
2480 2195 2540 2241 ut
2562 2202 2753 2242 omnes
2779 2188 2872 2258 qui
2909 2187 2964 2241 in
2997 2187 3266 2241 catholica
3290 2185 3397 2250 ﬁde

1829 2281 2067 2352 suspecti
2098 2289 2228 2335 sunt
2260 2280 2316 2334 in
2357 2279 2713 2335 accusatione
2742 2293 2887 2335 recte
2920 2281 3257 2336 credentium
3286 2292 3395 2332 non

1828 2371 2226 2441 suscipiantur;
2273 2370 2399 2441 quia
2444 2369 2787 2440 suspiciones
2835 2370 3051 2440 semper
3077 2377 3208 2425 sunt
3239 2379 3397 2422 amo-

1828 2464 2078 2519 vendat".
2095 2462 2288 2518 Merito
2305 2478 2431 2533 ergo
2446 2477 2637 2518 eorum
2660 2463 2950 2532 reprobatu
2961 2480 2985 2517 r
3007 2460 3288 2517 accusatio
3302 2458 3399 2529 qui

1829 2557 1884 2611 in
1934 2564 2084 2611 recta
2132 2554 2237 2610 ﬁde
2282 2556 2519 2624 suspecti
2560 2554 2769 2610 sunt“.
2804 2552 2915 2610 Nec
2946 2554 3026 2608 eis
3053 2552 3279 2607 omnino
3311 2565 3398 2607 est

1827 2648 2181 2715 credendum,
2211 2648 2306 2717 qui
2338 2645 2622 2701 Trinitatis
2648 2646 2806 2701 ﬁdem
2835 2647 3109 2716 ignorant.
3133 2644 3398 2699 Similiter

1828 2740 2242 2808 omnes”,quos
2261 2746 2576 2792 sanctorum
2594 2735 2817 2790 Patrum
2860 2744 3062 2791 statuta
3107 2745 3216 2790 tam
3260 2750 3399 2804 prae-

1828 2834 2004 2889 teritis
2020 2848 2183 2903 quam
2203 2830 2399 2885 futuris
2418 2830 2752 2900 temporibus
2769 2830 3250 2896 anathematizant,
3268 2829 3399 2884 sub-

1826 2941 2110 2981 movemus
2127 2926 2259 2979 etab
2285 2924 2431 2977 omni
2448 2924 2792 2977 accusatione
2810 2920 3049 2976 ﬁdelium
3072 2921 3394 2984 alienamus.

1826 3016 2053 3071 Discreli
2070 3031 2196 3086 ergo
2211 3030 2423 3084 semper
2439 3014 2635 3068 debent
2649 3029 2768 3069 esse
2786 3013 2969 3067 fideles
2982 3014 3049 3066 ab
3068 3011 3396 3078 inlidelibus,

204 3094 414 3150 suadente
440 3098 670 3168 antiquo
711 3099 885 3162 hoste,
924 3099 1019 3168 qui
1066 3116 1280 3169 semper
1318 3111 1376 3153 ut
1409 3101 1487 3154 leo
1515 3103 1719 3172 rugiens
1748 3129 1790 3185 ρ
1825 3118 1878 3164 et
1893 3109 2023 3178 justi
2043 3108 2366 3178 abinjustis;
2387 3106 2642 3176 quoniam
2663 3106 2903 3161 inﬁdeles
2920 3115 2968 3159 et
2988 3105 3257 3170 malevoli,
3280 3119 3397 3159 mo-

202 3185 425 3249 circuit”,
458 3206 704 3258 querens
753 3207 904 3259 quem
943 3191 1168 3254 devoret,
1200 3196 1513 3262 supervenit
1540 3192 1718 3249 Nova-

202 3284 266 3328 tus
285 3292 338 3330 ex
357 3278 552 3347 Africa,
580 3292 635 3335 et
666 3283 935 3351 separavit
960 3283 1025 3336 de
1050 3283 1287 3338 Ecclesia
1309 3285 1591 3339 Christi‘"
1613 3286 1721 3341 No-

201 3368 428 3423 vatianum
480 3382 530 3426 et
562 3375 837 3441 quosdam
872 3374 1006 3427 alios
1040 3375 1241 3429 (Zhristi
1271 3374 1637 3438 confessorcs,
1667 3389 1721 3432 et

204 3463 418 3515 convertit
449 3464 501 3517 in
549 3480 777 3534 pravam
809 3466 1136 3520 doctrinam.
1171 3467 1213 3519 A
1243 3468 1442 3537 quibus
1469 3483 1584 3529 vos.
1610 3468 1722 3522 fra-

202 3560 299 3619 tres,
328 3558 565 3624 avertite,
619 3568 673 3612 et
708 3568 894 3612 cavete
937 3559 1006 3611 ab
1044 3559 1301 3614 omnibus
1355 3560 1447 3629 qui
1495 3561 1719 3615 alteram

203 3644 321 3700 ﬁdem
343 3657 389 3702 et
423 3650 732 3703 doetrinam
763 3659 965 3716 tenent,
994 3666 1158 3720 quam
1205 3652 1434 3721 apostoli
1489 3662 1542 3707 et
1596 3668 1721 3708 suc-

198 3749 395 3794 Ccssores
441 3757 636 3794 eorum
692 3751 984 3810 tenuerunt
1012 3752 1066 3796 et
1100 3743 1423 3807 docuerunt,
1454 3760 1541 3808 ne,
1576 3747 1720 3814 quod

204 3830 325 3897 absit,
350 3844 463 3901 post
505 3850 637 3888 eum
693 3836 974 3901 abeuntes,
1004 3835 1057 3889 in
1095 3835 1346 3906 laqueum
1382 3837 1595 3892 Satanae
1630 3856 1721 3893 ca-

206 3922 328 3989 datis,
356 3936 405 3979 et
457 3928 814 3996 compedibus
857 3931 977 3999 ejus
1031 3929 1406 3983 detineamini.
1442 3930 1532 3961 ¹¹¹⁶
1566 3929 1720 3987 Unde

200 4010 504 4073 fraternitatis
535 4028 735 4073 vestrae
758 4021 1080 4074 charitatem
1113 4021 1322 4074 intimis
1356 4022 1717 4077 obsecramus

199 4107 495 4173 precibus,ut
525 4122 733 4166 nostra:
763 4113 1047 4181 parvitatis
1077 4113 1131 4167 in
1163 4114 1362 4168 vestris
1391 4114 1564 4169 sacris
1595 4130 1721 4169 ora-

199 4196 388 4255 tionibus
429 4219 704 4257 memores
754 4218 875 4257 esse
933 4205 1255 4274 dignemini,
1291 4216 1512 4261 orantes
1542 4223 1604 4262 ac
1628 4208 1720 4262 de-

199 4301 431 4353 precantes
466 4295 756 4348 Dominum
786 4295 929 4361 creti,
960 4306 1017 4349 ut
1051 4305 1158 4350 tam
1198 4314 1296 4352 nos
1327 4314 1490 4367 quam
1526 4310 1717 4355 sancta

199 4391 331 4437 mter
377 4386 615 4442 Ecclesia
671 4388 876 4444 Christi
930 4391 1168 4459 pretioso
1197 4394 1465 4461 sanguine
1496 4395 1718 4448 redem-

1829 3204 1913 3258 dis
1950 3203 2149 3272 quibus
2183 3209 2429 3271 possunt,
2463 3216 2676 3270 semper
2706 3199 2966 3254 infestant
2992 3198 3177 3253 ﬁdeles
3195 3207 3249 3253 et
3277 3215 3400 3268 per-

1822 3297 1948 3351 dere
1966 3297 2231 3361 nituntur;
2251 3305 2303 3349 et
2327 3294 2448 3348 ideo
2468 3309 2571 3347 non
2597 3303 2724 3348 sunt
2753 3293 3204 3364 suscipiendi,sed
3221 3292 3398 3362 repel-

1822 3386 2043 3450 lendi,et
2071 3387 2257 3456 procul
2278 3384 2590 3455 abjieiendi,
2618 3400 2686 3438 ne
2709 3385 2934 3454 perdere
2954 3384 3136 3439 ﬁdeles
3149 3392 3243 3438 aut
3262 3381 3399 3436 infa-

1824 3493 1973 3533 mare
2002 3477 2604 3549 possint.Quapropter,
2628 3475 2961 3541 charissimi,
2990 3484 3177 3530 cavete
3205 3474 3395 3528 talium

1822 3570 2291 3636 foveam,inquam
2315 3571 2514 3624 multos
2530 3568 2797 3624 cecidisse
2813 3567 3397 3639 cognovimusﬁavete

1825 3663 2217 3731 taliumjacula
2251 3663 2314 3726 “',
2356 3672 2410 3717 et
2456 3664 2666 3732 antiqui
2702 3663 2876 3717 hostis
2903 3670 3262 3728 tentamenta,
3303 3675 3396 3729 per

1824 3773 1946 3825 qua:
1990 3757 2152 3810 etiam
2184 3756 2436 3824 proprios
2469 3756 2805 3824 propinquos
2846 3769 3030 3809 coram
3067 3754 3223 3808 nobis
3270 3753 3394 3806 vul-

1824 3830 2044 3899 iteratos
2098 3845 2292 3898 cadere.
2346 3844 2604 3898 vidimus.
2673 3843 2947 3897 Attendite
3011 3844 3236 3912 laqueos
3264 3841 3399 3895 insi-

1821 3936 2110 3999 diantium,
2153 3934 2353 4004 quibus
2403 3942 2562 3988 notos
2610 3941 2662 3987 et
2694 3934 3093 3987 commilitones
3145 3941 3398 4001 strangu-

1822 4025 1935 4081 lare
1985 4026 2181 4080 solent.
2217 4023 2393 4079 Nolite
2432 4022 2564 4078 tales
2607 4024 2783 4092 sequi,
2832 4024 2927 4079 sed
2986 4022 3176 4092 procul
3220 4022 3399 4090 repel.-

1823 4119 1913 4171 lite
1943 4133 2055 4171 eos.
2110 4115 2313 4183 Estote,
2344 4117 2501 4186 juxta
2553 4113 2811 4170 Veritatis
2852 4130 3064 4179 vocem,
3114 4112 3395 4183 prudentes

1821 4222 1875 4264 ut
1904 4220 2197 4279 serpentes,
2225 4219 2274 4263 et
2306 4208 2571 4279 simplices
2612 4218 2669 4262 ut
2703 4207 2958 4261 columba:
2982 4208 3046 4260 ¹⁹.
3082 4205 3301 4270 Videte,
3329 4219 3397 4259 ne

1822 4303 1876 4355 in
1907 4319 2139 4357 vacuum
2174 4319 2393 4373 quoque
2414 4303 2670 4368 curratis,
2697 4311 2792 4355 aut
2816 4300 3094 4365 laboretis,
3114 4298 3206 4354 sed
3230 4299 3396 4352 alter-

1826 4403 2074 4447 utrorum
2129 4393 2247 4447 fulti
2301 4395 2556 4463 precibus
2588 4402 2642 4447 et
2670 4392 3032 4454 orationibus,
3061 4392 3393 4445 voluntatem

201 4481 282 4539 pla,
308 4492 331 4526 a
361 4478 565 4548 laqueis
589 4481 837 4535 venantis
865 4479 1099 4547 Satanae,
1137 4483 1281 4535 etab
1312 4483 1638 4551 importunis
1665 4495 1719 4539 et
1750 4468 1795 4525 υ
1827 4482 1914 4538 Dei
1949 4482 2126 4538 facere
2173 4484 2505 4549 contendite,
2534 4493 2587 4538 et
2633 4500 2662 4538 a
2710 4484 3053 4547 memoratis,
3088 4484 3134 4537 si
3166 4482 3396 4535 incorri-

203 4567 320 4621 malis
358 4570 663 4626 hominibus
700 4573 983 4636 liberetur,
1011 4582 1065 4627 et
1113 4590 1293 4628 sermo
1324 4574 1417 4628 Dei
1449 4588 1636 4631 currat
1666 4587 1718 4632 et

203 4656 497 4728 clariﬁeetur,
525 4674 577 4717 et
622 4680 786 4732 prava
820 4681 1011 4719 eorum
1065 4676 1119 4719 et
1175 4668 1419 4720 omnium
1464 4680 1717 4737 perv‘ersa

203 4745 460 4807 docentium
499 4765 719 4808 corruat
748 4756 996 4810 doctrina
1040 4765 1202 4825 atque
1244 4757 1475 4811 deﬁciat.
1524 4760 1718 4815 Preca-

204 4850 294 4891 mur
314 4845 481 4909 etiam,
521 4853 579 4898 ut
622 4846 836 4914 pietatis
877 4856 1072 4899 vestrae
1120 4846 1377 4914 precibus
1422 4848 1715 4918 impetrare

202 4932 433 5000 studeatis,
464 4946 523 4990 ut
548 4936 686 4990 Deus
716 4947 765 4991 et
800 4937 1055 4991 Dominus
1081 4938 1421 4992 nosterlesus
1448 4940 1710 5011 Christus,

260 5074 275 5103 ³
302 5073 419 5131 Vide
451 5078 816 5133 Pontilicalem
850 5078 1046 5132 librum
1082 5080 1135 5134 in
1168 5079 1429 5135 Clemente
1454 5092 1509 5138 et
1538 5085 1751 5143 Antero.

204 5138 326 5215 (ἔαξε.
350 5163 426 5215 ep.
452 5150 539 5212 95,
592 5149 683 5202 lib.
713 5165 807 5202 vn.
922 5150 941 5181 ⁷
965 5166 1123 5215 agere
1161 5153 1520 5208 contendatis.

208 5214 241 5288 ’ξ
258 5213 391 5286 (ἕως.
418 5220 506 5272 ιιιι.
550 5235 647 5283 xu,
676 5235 758 5288 ep.
791 5219 878 5273 52.
988 5213 1029 5251 Π
1070 5221 1082 5272 Ι
1118 5220 1264 5275 Petr.
1301 5239 1351 5288 v,
1390 5224 1440 5275 8.

205 5281 403 5353 pluribus
446 5281 725 5343 Baronius‘
769 5291 834 5342 ad
866 5306 955 5344 an.
988 5290 1114 5353 238,
1149 5309 1204 5345 ιι.
1235 5292 1287 5347 9.

210 5352 290 5426 Ιιιι
314 5353 440 5411 Pe".
470 5376 550 5414 ιιι.
649 5359 692 5389 ¹³
717 5358 759 5413 ll
789 5359 928 5414 Tim.
961 5377 1020 5425 ll,
1060 5352 1151 5415 26.
1248 5362 1292 5394 ³⁸
1317 5364 1562 5420 Omnino.

206 5427 467 5544 mniiizita
490 5432 541 5483 in
566 5428 701 5484 Luc.
782 5431 826 5461 “
855 5432 1078 5485 Adrian.
1113 5432 1234 5485 coll.
1263 5450 1312 5487 c.
1345 5433 1398 5487 4.
1476 5436 1515 5467 ⁸⁷

261 5510 282 5544 s
323 5502 475 5544 mullis
498 5501 836 5544 irilnrnnlnm-
918 5503 959 5534 ιθ
986 5502 1170 5544 MaltlL
1205 5519 1232 5544 τ
1288 5504 1355 5544 46
1380 5521 1391 5533 -
1426 5504 1515 5544 ιηιὶ

261 5510 282 5547 s
323 5502 475 5555 modis
497 5501 838 5570 interpolata.
918 5503 959 5534 ³³
983 5502 1171 5556 Matth.
1204 5519 1257 5567 χ,
1288 5504 1394 5569 16;
1426 5501 1652 5561 ΡΙιίΙ.ἰι.

210 5671 220 5682 ,
260 5608 350 5681 (17)
385 5611 595 5684 Insuper
635 5626 685 5671 et
728 5618 863 5671 illud
894 5634 979 5672 vos
1021 5626 1152 5673 scire
1182 5622 1554 5677 desideramus.
1592 5622 1717 5678 lizec

209 5686 634 5762 {'llf’gnpgriodus
665 5690 976 5762 surreptitia
1021 5701 1125 5757 est,
1166 5702 1219 5744 et
1245 5692 1312 5745 ab
1338 5693 1518 5762 aliquo
1542 5696 1710 5747 sciolo

211 5756 515 5833 stipit‘r'addiui,
541 5756 989 5833 qui_exist_iiuavit
1016 5756 1221 5833 captiuae
1256 5764 1308 5814 in
1340 5756 1455 5816 Vita
1486 5763 1709 5818 Fabiani

214 5816 261 5869 de
307 5816 579 5881 Novato'ei
616 5828 913 5884 Novatiano
966 5816 1317 5899 scribuntur,
1374 5816 1710 5900 temporibus

1925 5159 2078 5188 u‘r‘x

1399 5158 1520 5208 atis.
1649 5158 1669 5188 ⁸
1703 5158 1717 5209 Ι
1759 5158 1884 5214 Cor.
1925 5167 2017 5219 xv,
2048 5158 2136 5213 58.
2218 5161 2237 5191 ⁸
2269 5158 2284 5211 Ι
2330 5159 2457 5213 (lor.
2502 5175 2611 5222 xvi,
2650 5159 2737 5223 15,
2770 5159 2865 5222 14ς
2899 5158 3089 5211 Matth.
3123 5170 3269 5219 xxvi,
3305 5158 3393 5208 41.

1398 5224 1440 5275 Β.
1563 5227 1626 5257 ¹¹“
1662 5226 1774 5282 lloc
1831 5231 1935 5284 sub
1998 5230 2251 5283 Cornelio
2309 5230 2537 5297 contigit
2587 5227 2843 5282 defuncto
2889 5229 3001 5296 jam
3053 5225 3313 5287 Fabiano,
3342 5235 3399 5279 ut

1398 5295 1484 5323 ““
1518 5295 1575 5349 S.
1612 5295 1873 5352 Boiiifacii
1899 5301 1965 5352 A.
2000 5299 2143 5352 Moe.
2177 5316 2262 5352 eo.
2295 5300 2347 5352 6.
2381 5315 2542 5352 uuam
2575 5299 2818 5352 consule.
2898 5300 3007 5330 ¹¹···
3037 5295 3218 5351 ΙΤιιιι.
3247 5311 3306 5352 ιι.
3340 5296 3394 5349 4.

1562 5335 1575 5348 .
1613 5314 1873 5353 [1011113011
1899 5314 1965 5355 Α.
2000 5314 2143 5355 Μοιῐ.
2177 5316 2262 5355 et).
2295 5314 2347 5355 υ.
2381 5315 2542 5355 uuam
2575 5314 2818 5355 COIISUIC.

1654 5314 1873 5353 onuacn
1899 5314 1965 5355 Α.
2000 5314 2143 5370 mog.
2177 5316 2262 5369 ep.
2295 5314 2347 5362 o,
2381 5315 2542 5368 quam
2575 5314 2818 5355 consule.
3037 5314 3053 5351 ι
3086 5314 3218 5349 ιιιιι.
3247 5314 3306 5358 ιι,
3340 5314 3394 5349 4.

1677 5368 1719 5399 ¹³
1751 5369 1997 5439 Suspecti
2050 5386 2241 5424 omnes
2286 5384 2502 5437 semper
2547 5379 2672 5424 sunt
2700 5367 2999 5439 amovendi
3023 5377 3078 5423 et
3107 5381 3215 5439 non
3255 5368 3395 5439 reci-

1557 5453 1612 5506 q.
1642 5439 1675 5491 4
1716 5457 1729 5491 :
1759 5440 1965 5495 Omnes
2002 5456 2141 5509 quos
2176 5450 2511 5495 sanctorum.

1759 5509 1852 5562 ²⁰1
1893 5513 2017 5564 Cor.
2051 5528 2101 5577 ν,
2131 5511 2217 5566 ll.

1823 4576 2017 4646 giliiles
2043 4578 2417 4647 apparuerint,
2449 4593 2546 4631 vos
2590 4578 2644 4631 in
2690 4577 2948 4632 omnibus
2993 4588 3261 4646 separate.
3312 4574 3397 4629 Si-

1822 4674 2026 4728 militer
2076 4673 2145 4726 ab
2198 4674 2453 4728 omnibus
2495 4688 2634 4742 quos
2676 4674 2970 4743 Apostolus
3005 4680 3396 4728 commemorat

1832 4765 2018 4818 dicens
2046 4780 2059 4815 :
2093 4763 2226 4819 Cum
2253 4765 2327 4817 eis
2373 4780 2463 4817 nec
2493 4763 2665 4817 cibum
2707 4781 2907 4817 sumere
2932 4764 3006 4829 ²⁰;
3043 4764 3170 4832 quia
3194 4773 3245 4815 et
3276 4762 3352 4815 illi
3379 4802 3393 4826 ,

1837 4854 1979 4909 sicut
2005 4863 2058 4907 et
2081 4855 2190 4920 isti,
2240 4864 2367 4909 sunt
2403 4855 2688 4924 repellendi
2713 4857 2790 4918 “,
2822 4864 2873 4909 et
2902 4864 3027 4907 ante
3065 4852 3396 4908 satisfactio-

1824 4956 1949 5001 nem
1980 4945 2232 5001 Ecelesiae
2284 4963 2391 5001 non
2431 4957 2559 5002 sunt
2598 4947 2965 5016 suscipiendi;
2999 4945 3255 5015 quoniam
3297 4943 3395 5009 illi,

1863 5088 1884 5119 ⁸
1917 5086 2073 5141 Rom.
2104 5104 2191 5153 xv,
2226 5088 2281 5142 4.
2381 5090 2401 5120 ⁸
2439 5087 2495 5142 S.
2529 5088 2691 5158 Greg.
2722 5102 2807 5156 ep.
2839 5086 3045 5158 2l,lib.
3083 5101 3179 5139 vlt.

2218 5161 2237 5191 ⁸
2269 5158 2284 5211 Ι
2330 5159 2457 5213 (lor.
2502 5175 2611 5222 xw,
2642 5154 2865 5223 ἰδίης
2899 5157 3089 5211 Matth.
3123 5170 3269 5219 xxvi,
3305 5154 3393 5208 41.

2898 5300 3007 5330 ¹¹···
3037 5295 3218 5351 ΙΤιιιι.
3247 5311 3306 5358 ιι,
3340 5296 3394 5349 4.

2612 5440 2654 5471 ³⁸
2691 5437 2747 5492 S.
2780 5437 2956 5491 Bon.f.
2989 5454 3075 5507 ep.
3110 5437 3194 5500 l9,
3224 5436 3396 5505 pluri'

2310 5512 2351 5541 ¹¹
2382 5510 2433 5562 6.
2482 5525 2537 5579 q.
2582 5508 2607 5562 1
2645 5526 2658 5562 :
2690 5511 2890 5563 Omnes
2920 5508 2995 5562 illi
3040 5516 3167 5563 sunt
3196 5510 3285 5563 ab.

1821 5625 2043 5681 Fabiani
2070 5629 2354 5691 accidisse,
2406 5628 2633 5698 ideoque
2674 5626 2726 5680 in
2763 5628 2903 5682 hane
2938 5627 3222 5698 epistolam
3259 5622 3398 5679 infe-

1818 5699 1985 5779 renda
2011 5712 2150 5753 esse.
2205 5697 2329 5753 Vide
2355 5714 2475 5767 quae
2507 5697 2745 5753 diximus
2768 5700 2952 5769 verbo,
2971 5697 2980 5698 ί
3000 5698 3205 5752 Divinis
3251 5709 3395 5766 pra-v

1817 5778 1995 5836 ωριτε.
