3918 6194
489 313 592 370 187

1819 311 1877 366 S.
1915 306 2190 377 FABIANI
2229 308 2427 365 PAPE

3627 297 3727 347 l88

490 450 616 489 cum
666 434 870 504 quibus
919 434 1100 512 cibum
1157 445 1389 507 sumere.
1428 446 1536 485 non
1578 430 1726 493 licet.
1776 431 2060 488 manifeste
2087 439 2136 495 Α
2160 431 2505 500 pernici-teris,-
2544 438 2587 482 :t
2632 445 2750 482 cum
2794 428 2959 482 electo
3016 427 3212 494 electus
3235 425 3365 489 eris,
3389 430 3439 477 et
3468 438 3585 476 cum
3613 422 3731 475 viro

490 535 750 596 apparent
784 527 1109 596 sequestrati
1135 541 1310 596 usque
1344 524 1413 579 ad
1438 523 1873 579 satisfactionem
1905 539 1936 578 a
1969 540 2059 579 re-

489 618 653 686 liquis
684 617 946 673 fratribus
963 620 1027 664 ¹².
1054 617 1421 684 Quamobrem
1453 631 1559 670 non
1590 615 1791 671 debent
1818 630 1918 671 nec
1936 631 2064 685 pos—

491 715 617 760 sunt
642 706 697 760 in
729 708 1131 762 accusationem
1176 708 1415 762 tidelium
1468 705 1712 775 suscipi,
1748 705 1842 759 sed
1899 705 2063 760 etiam

491 798 560 850 ab
585 813 775 852 eorum
823 800 1133 868 consortio,
1168 814 1341 869 usque
1373 798 1438 853 ad
1465 797 1577 866 jam
1605 797 1806 850 dictam
1847 794 2065 850 satisfa-

490 886 727 941 ctionem
754 888 965 957 repelli,
993 903 1061 942 ne
1084 887 1290 942 similes
1311 887 1391 941 eis
1416 885 1736 948 elliciantur,
1763 890 1857 936 aut
1877 896 2062 935 eorum

489 977 1041 1031 excommunicationi
1066 977 1390 1046 subiaceant
1410 993 1424 1040 ;
1446 975 1705 1043 quoniam
1730 972 1810 1027 sic
1831 970 2063 1042 apostoli

493 1076 803 1121 statuerunt
827 1068 872 1099 ”
903 1069 1188 1123 dicentes:
1230 1066 1367 1121 Cum
1417 1065 1907 1121 excommunicatis
1954 1079 2064 1117 non

490 1169 575 1213 est
619 1157 1209 1213 communicandum”.
1240 1156 1307 1210 lit
1327 1157 1371 1212 si
1401 1157 1527 1226 quis
1569 1170 1694 1211 cum
1738 1170 2060 1210 excommu-

492 1251 713 1314 nicatis,
744 1250 1040 1305 avertendo
1072 1250 1564 1319 regulas,scienter
1579 1247 1775 1314 psallat
1804 1246 1858 1299 in
1876 1247 2062 1312 domo,

490 1356 587 1401 aut
642 1345 807 1400 simul
850 1345 1063 1401 loeutus
1088 1344 1251 1399 fuerit
1280 1353 1375 1399 aut
1407 1343 1682 1408 oraverit,
1709 1341 1797 1396 ille
1822 1356 2067 1397 commu-

491 1441 658 1494 nione
684 1439 930 1509 privetur
956 1440 1024 1492 ³⁸.
1063 1437 1222 1492 Tales
1255 1454 1384 1509 ergo
1422 1438 1475 1491 in
1527 1436 1783 1492 omnibus
1812 1446 1937 1491 sunt
1970 1450 2065 1490 ca—

489 1530 669 1595 vendi,
707 1539 762 1584 et
808 1544 916 1584 non
948 1528 1303 1597 suscipiendi,
1338 1530 1467 1599 quia
1514 1530 1675 1598 juxta
1708 1527 2061 1598 Apostolum,

490 1640 593 1676 non
634 1624 805 1678 solum
844 1625 935 1694 qui
977 1623 1184 1693 faciunt
1216 1624 1564 1686 damnantur,
1611 1622 1699 1676 sed
1726 1631 1774 1675 et
1814 1622 1903 1691 qui
1943 1637 2065 1674 con-

488 1716 722 1770 sentiunt
758 1715 1074 1785 facientibus
1105 1716 1171 1768 “.
1202 1712 1357 1769 Unde
1393 1723 1446 1769 et
1471 1716 1664 1768 beatus
1691 1714 2059 1782 apostolorum

2164 523 2433 576 innocente
2454 521 2698 574 innocens
2728 520 2832 573 eris
2857 520 2922 573 ³⁸.
2950 518 3017 573 Ει
3039 517 3330 589 Apostolus
3360 514 3533 585 inquit
3557 532 3572 570 :
3596 513 3733 567 Per-

2163 626 2367 673 vertunt
2424 616 2583 671 bonos
2620 632 2788 670 mores
2834 613 3097 684 colloquia
3139 611 3282 665 mola
3314 610 3379 661 ".
3413 607 3637 672 Idcirco,
3670 617 3731 663 ut

2160 711 2272 780 jam
2308 710 2644 779 praelibatum
2683 716 2785 771 est,
2825 707 2953 762 mali
2982 713 3118 761 sunt
3149 718 3362 772 semper
3390 700 3636 767 cavendi,
3676 710 3731 755 et

2163 802 2324 856 bonis
2352 812 2516 872 atque
2560 802 2838 858 benevolis
2875 809 2958 856 est
3013 800 3387 853 inhaerendum
3413 797 3458 827 ³⁸
3487 804 3545 851 ut
3580 796 3723 866 peri-

2163 895 2345 949 culum
2393 892 2648 958 desidiae,
2682 901 2945 962 quantum
3003 904 3320 961 possumus,
3368 887 3727 942 declinemus.

2164 982 2231 1036 Et
2286 998 2354 1037 ne
2400 982 2574 1052 pestis
2620 982 2734 1037 haec
2778 981 2940 1035 latius
2989 980 3295 1050 divulgetur
3329 977 3407 1044 ³⁸,
3442 978 3733 1033 severitate

2164 1092 2272 1146 qua
2310 1091 2626 1145 possumus,
2654 1074 3075 1139 abscindamus;
3106 1072 3377 1142 quoniam,
3407 1087 3514 1126 non
3555 1080 3731 1126 teme-

2166 1168 2299 1222 ritas
2331 1166 2626 1221 intervenit
2652 1162 3112 1236 praesumptionis,
3147 1164 3240 1218 ubi
3270 1175 3355 1219 est
3377 1164 3420 1195 ³⁷
3447 1163 3732 1234 diligentia

2168 1257 2402 1327 pietatis.
2431 1258 2567 1329 Agat
2601 1272 2815 1326 semper
2835 1255 2880 1287 ³⁸
2906 1256 3285 1325 unusquisque
3309 1264 3547 1310 vestrum
3569 1296 3585 1321 ,
3626 1258 3733 1311 hac

2167 1348 2555 1404 informatione
2594 1348 2894 1418 apostolica
2920 1347 3092 1403 fultus
3114 1346 3269 1416 juxta
3301 1348 3442 1402 vires
3467 1363 3629 1414 suas,
3677 1357 3735 1402 et

2166 1442 2407 1497 fraterna
2435 1441 2725 1496 dilectione
2744 1481 2760 1507 ,
2803 1448 2858 1495 et
2878 1449 3065 1496 sancta
3100 1439 3381 1510 religione,
3404 1455 3579 1495 mores
3603 1456 3733 1509 pro-

2167 1534 2314 1604 prios
2338 1548 2681 1596 conservare,
2729 1542 2785 1587 et
2819 1533 2873 1586 in
2912 1548 3206 1588 commune
3231 1532 3549 1586 alterutrum
3575 1531 3735 1601 adju~

2164 1640 2315 1688 vare,
2346 1634 2400 1679 et
2428 1624 2479 1677 in
2503 1623 2768 1679 cbaritate
2795 1639 3138 1694 permanere,
3166 1634 3220 1678 et
3246 1623 3300 1677 in
3331 1622 3425 1677 Dei
3457 1624 3738 1678 voluntate

2168 1716 2532 1772 indesinenter
2585 1717 2803 1771 studeat
2858 1715 3143 1781 inhaerere,
3168 1726 3229 1771 ut
3258 1715 3423 1771 simul
3447 1717 3737 1771 laudantes

489 1808 760 1876 princeps,
796 1804 1008 1874 Petrus,
1066 1807 1121 1861 in
1179 1806 1521 1862 ordinatione
1575 1805 1867 1861 Clementis
1925 1805 2058 1860 allo~
2098 1792 2139 1849 Β
2168 1808 2487 1874 Dominum,
2542 1807 2844 1863 indefessas
2874 1823 3089 1877 semper
3125 1807 3202 1862 illi
3240 1809 3441 1878 gratias
3483 1823 3734 1879 agamus.

493 1913 670 1967 quens
711 1898 998 1967 pupulum,
1040 1900 1181 1953 inter
1233 1907 1427 1953 caetera
1460 1898 1537 1952 ait
1557 1899 1601 1930 ’⁷
1639 1916 1653 1951 :
1697 1896 1754 1952 Si
1812 1896 2065 1952 inimicus

485 1999 569 2043 est
621 1990 725 2043 iste
771 1988 1024 2045 Clemens
1066 1989 1228 2044 alicui
1290 2005 1389 2060 pro
1442 1990 1654 2046 actibus
1684 1990 1800 2045 suis
1821 1990 1867 2021 ³⁸
1908 2028 1924 2055 ,
1965 2001 2064 2043 vos

491 2081 660 2134 nolite
693 2090 1010 2151 exspectare
1037 2122 1052 2148 ,
1088 2090 1148 2136 ut
1186 2082 1303 2151 ipse
1347 2083 1503 2139 vobis
1557 2083 1737 2138 dicat:
1770 2083 1910 2136 Cum
1967 2082 2062 2137 illo

488 2170 655 2226 nolite
686 2173 850 2226 amici
884 2188 1036 2238 esse;
1067 2173 1160 2227 sed
1185 2172 1480 2241 prudenter
1505 2174 1799 2230 observare
1824 2172 2060 2240 debetis,

483 2273 540 2316 et
563 2261 827 2316 voluntati
849 2262 970 2331 ejus
990 2264 1197 2332 absque
1218 2264 1647 2320 commonitione
1664 2265 2058 2329 obsecundare,

484 2362 541 2408 et
567 2360 814 2407 avertere
838 2370 936 2409 vos
962 2354 1031 2408 ab
1052 2370 1139 2421 eo,
1173 2355 1263 2410 cui
1288 2356 1466 2426 ipsum
1496 2356 1710 2411 sentitis
1748 2357 2059 2422 adversum,

485 2442 583 2497 sed
637 2458 738 2498 nec
794 2444 945 2514 loqui
994 2446 1105 2512 his,
1150 2447 1353 2517 quibus
1388 2448 1505 2516 ipse
1537 2461 1647 2501 non
1678 2447 1941 2516 loquitur,
2002 2456 2061 2503 ut

484 2534 864 2605 unusquisque
888 2538 983 2606 qui
1028 2539 1081 2593 in
1137 2540 1296 2609 culpa
1328 2548 1434 2603 est,
1467 2539 1597 2594 dum
1630 2540 1784 2610 cupit
1816 2541 2060 2595 omnium

482 2634 725 2682 vestrum
760 2629 1034 2685 amicitias
1084 2630 1248 2699 ferre,
1275 2631 1495 2688 festinet
1526 2633 1690 2689 citius
1715 2631 2059 2689 reconciliari

482 2718 534 2772 ei
564 2718 659 2788 qui
689 2719 946 2776 onmihus
972 2734 1185 2792 pmest,
1223 2736 1285 2779 ut
1317 2740 1414 2795 per
1442 2725 1545 2780 hoc
1594 2727 1781 2780 redeat
1813 2725 1881 2779 ad
1916 2724 2061 2780 salu-

486 2818 617 2872 tem,
662 2824 788 2865 cum
820 2812 1046 2868 obedire
1086 2818 1312 2885 coeperit
1338 2818 1564 2874 monitis
1601 2819 1965 2889 praesidentis.
2000 2816 2058 2874 Si

484 2917 614 2956 vero
643 2903 768 2972 quis
799 2904 1012 2958 amicus
1028 2921 1136 2960 non
1153 2917 1258 2975 est,
1294 2917 1349 2963 et
1386 2910 1601 2965 locutus
1629 2908 1797 2965 fuerit
1824 2910 1911 2967 his
1934 2911 2059 2981 qui-

484 2993 588 3047 bus
610 2992 725 3063 ipse
758 3011 865 3049 non
916 2996 1182 3067 loquitur,
1213 3015 1355 3055 unus
1393 3009 1479 3055 est
1502 3011 1557 3056 et
1584 3002 1699 3071 ipse
1728 3017 1794 3056 ex
1826 3002 1934 3057 illis
1962 3003 2057 3072 qui

483 3084 848 3142 exterminare
880 3083 972 3139 Dei
1007 3084 1305 3141 Ecelesiam
1334 3088 1519 3142 volunt
1549 3106 1563 3142 :
1595 3098 1650 3142 et
1678 3103 1803 3143 cum
1827 3102 2058 3158 corpore

482 3175 767 3231 vobiscum
796 3193 916 3233 esse
945 3178 1215 3246 videatur,
1250 3189 1428 3235 mente
1444 3192 1499 3234 et
1525 3180 1712 3235 animo
1740 3188 1929 3234 contra
1959 3194 2058 3234 vos
2088 3171 2131 3193 "

484 3278 583 3322 est.
622 3268 686 3322 Et
722 3279 805 3324 est
831 3270 1004 3324 multo
1032 3272 1258 3340 nequior
1308 3271 1482 3326 hostis
1532 3270 1619 3326 hic
1644 3285 1812 3340 quam
1849 3270 1927 3324 illi
1960 3268 2055 3339 qui

484 3358 620 3414 foris
647 3370 794 3424 sunt,
840 3370 895 3416 et
919 3361 1199 3416 evidenter
1231 3361 1438 3416 inimici
1472 3371 1620 3415 sunt.
1659 3359 1757 3416 Hic
1788 3361 1935 3415 enim
1963 3375 2059 3430 per

485 3449 849 3505 amicitiarum
898 3452 1159 3520 speciem,
1188 3467 1310 3522 qua:
1351 3461 1481 3508 sunt
1532 3452 1775 3517 inimica,
1806 3452 1947 3522 gerit
2004 3460 2059 3505 et

484 3537 787 3594 Ecclesiam
817 3539 1083 3613 dispergit
1112 3556 1176 3596 ac
1207 3549 1402 3598 vastat.
1437 3541 1691 3612 Ideoque,
1717 3540 2051 3608 cbarissimi,

485 3633 573 3688 bis
619 3635 934 3704 apostolicis
965 3635 1233 3692 institutis
1254 3651 1352 3691 vos
1384 3648 1666 3692 monentes
1693 3635 2053 3699 instruimus,

486 3733 546 3780 ut
593 3724 786 3781 effecta
814 3728 857 3758 ’9
915 3728 1118 3782 certior
1172 3727 1411 3783 charitas
1477 3738 1695 3795 vestra,
1770 3726 2057 3782 sollicitius

483 3817 740 3889 deinceps
791 3834 955 3889 agere
1009 3819 1225 3876 studeat
1260 3830 1312 3875 et
1346 3819 1582 3884 cautius,
1620 3834 1689 3874 ne
1730 3819 1975 3889 perversi
2004 3827 2058 3873 et

483 3911 727 3967 infideles
766 3912 1038 3980 homines,
1065 3914 1294 3970 laedendi
1330 3914 1513 3969 ﬁdeles
1538 3923 1591 3969 et
1614 3913 1910 3969 benevolos
1945 3913 2050 3967 ha-

482 4007 647 4063 beant
692 4006 1003 4063 facultatem
1038 4028 1050 4062 :
1085 4010 1336 4079 quoniam
1362 4024 1477 4077 spes
1507 4007 1697 4062 talium
1739 4014 1790 4059 et
1820 4005 2055 4058 omnium

481 4098 785 4166 impiorum,
827 4106 1077 4169 tanquam
1099 4100 1293 4169 lanugo
1314 4107 1413 4165 est,
1444 4114 1567 4169 qua:
1589 4115 1622 4150 a
1653 4104 1801 4151 vento
1825 4095 2053 4162 tollitur,

447 4175 451 4180 I
481 4200 530 4244 et
556 4201 808 4261 tanquam
840 4208 1028 4261 spuma
1081 4192 1318 4262 gracilis,
1347 4207 1464 4261 qua:
1510 4208 1543 4244 a
1574 4187 1809 4259 procella
1850 4186 2058 4258 disper-

482 4285 647 4354 gitur,
697 4296 745 4340 et
789 4296 1040 4355 tanquam
1071 4286 1246 4355 fumus
1273 4325 1287 4347 ,
1314 4285 1405 4354 qui
1431 4301 1463 4336 α
1495 4293 1642 4337 vento
1668 4283 1898 4352 iii/fusus
1940 4290 2017 4335 est
2038 4322 2053 4345 ,

479 4388 528 4432 et
557 4389 808 4449 tanquam
844 4379 1102 4433 memoria
1139 4378 1360 4447 hospitis
1400 4381 1559 4430 unius
1593 4375 1700 4428 diei
1743 4383 2058 4444 prwtcreun-

2166 1899 2349 1956 Valete
2391 1900 2444 1954 in
2467 1899 2730 1963 Domino,
2757 1899 3102 1965 cbarissimi,
3130 1908 3185 1955 et
3215 1899 3492 1970 praedicta.
3528 1908 3590 1953 ut
3614 1914 3737 1953 nte-

2164 1994 2274 2048 lius
2311 1993 2559 2063 potestis,
2596 1991 2829 2047 Domino
2852 2007 3008 2062 opem
3044 1991 3269 2061 ferente,
3297 1994 3592 2065 adimplere
3614 2002 3742 2050 stu-

2162 2085 2302 2140 dete.
2331 2083 2462 2140 Data
2498 2084 2754 2141 Kalendis
2812 2084 2963 2151 Julii,
3003 2086 3297 2142 Maximino
3315 2088 3358 2121 ³⁹
3398 2096 3452 2143 et
3476 2087 3755 2144 Africano

2172 2178 2305 2233 viris
2327 2178 2648 2235 clarissimis
2684 2178 3005 2234 consulibus
3031 2178 3103 2231 “.

2649 2355 2988 2411 EPISTULA
3026 2356 3077 2415 .ll
3104 2357 3240 2429 (-18).

2453 2484 2520 2521 AD
2551 2482 2721 2523 OHNES
2754 2483 3093 2523 ORIENTALES
3124 2484 3425 2526 EPISCOPOS.

2164 2609 2228 2658 Ut
2251 2610 2457 2659 chrisma
2494 2611 2624 2658 omni
2650 2623 2778 2659 anno
2813 2616 3086 2658 renovetur
3110 2608 3445 2657 consecrando
3491 2612 3544 2656 et
3584 2613 3743 2657 vetus

2220 2673 2268 2719 in
2294 2674 2519 2720 ceclesiis
2545 2679 2751 2734 ponatur
2778 2671 3065 2728 cremando;
3112 2672 3174 2719 de
3210 2668 3522 2734 accusatione
3568 2683 3734 2734 sacer-

2220 2734 2408 2792 dotum,
2430 2742 2484 2783 et
2507 2732 2560 2783 ut
2581 2747 2702 2782 oves
2722 2740 2971 2794 pastorem
2991 2747 3153 2794 suum,
3175 2733 3272 2780 nisi
3290 2736 3338 2781 in
3351 2732 3445 2780 lide
3458 2733 3726 2789 erraverit,

2227 2797 2600 2857 reprehendere
2626 2809 2724 2844 non
2746 2796 2974 2844 audeant.

2159 2898 2198 2952 Ι.
2241 2897 2308 2953 Ut
2355 2915 2449 2968 per
2494 2915 2662 2952 annos
2700 2899 2938 2969 singulos
2984 2914 3170 2952 novum
3214 2898 3444 2951 chrisma
3480 2898 3739 2967 conﬁcia-

2305 2982 2411 3034 tur,
2438 2980 2489 3022 et
2524 2978 2666 3024 vetus
2700 2970 3037 3023 incendatur.

2162 3058 2227 3117 ll.
2266 3059 2343 3183 Dte
2377 3061 2629 3182 episcgpis
2682 3079 2787 3115 non
2822 3062 3139 3115 accusandis
3171 3078 3232 3114 ac
3272 3059 3742 3115 obtrectationibus

2325 3147 2516 3183 aceran
2559 3149 2623 3183 ιδ.

2325 3147 2623 3185 aceranats.

2235 3264 2499 3321 FABIANUS
2522 3267 2815 3337 episcopus
2836 3267 2990 3322 urbis
3020 3266 3226 3332 Romae,
3262 3267 3519 3323 omnibus
3542 3267 3743 3323 Orien-

2165 3358 2365 3413 talibus
2412 3358 2687 3429 episcopis
2744 3366 2799 3412 et
2845 3359 3061 3414 cunctis
3102 3358 3390 3425 ﬁdelibus,
3424 3359 3478 3413 in
3508 3358 3743 3415 Domino

2163 3452 2416 3506 salutem.

2233 3542 2418 3615 Exigit
2458 3541 2681 3598 dilectio
2714 3549 2893 3597 vestra
2922 3541 3069 3597 sedis
3100 3542 3418 3612 apostolica:
3449 3544 3738 3608 consulta.

2163 3652 2285 3707 qua:
2309 3635 2465 3690 vobis
2493 3635 2766 3706 denegare
2819 3650 2931 3689 non
2977 3650 3273 3705 possumus
3316 3650 3419 3690 nec
3449 3636 3734 3692 debemus.

2163 3728 2278 3784 lloc
2309 3737 2490 3783 autem
2519 3738 2571 3784 et
2606 3728 3038 3798 praedecessores
3069 3736 3288 3785 nostros
3316 3729 3614 3783 multarum
3648 3744 3743 3784 re-

2163 3822 2385 3893 gionum
2418 3821 2690 3892 episcopis
2739 3822 2921 3892 egisse
2948 3821 3151 3891 liquet;
3191 3829 3247 3876 et
3275 3837 3397 3887 nos,
3433 3822 3529 3891 qui
3557 3822 3611 3876 in
3643 3837 3742 3881 ea—

2162 3917 2285 3971 dem
2316 3915 2464 3982 sede,
2499 3914 2731 3969 Domino
2746 3915 3032 3986 largiente,
3061 3914 3309 3969 collocati
3327 3931 3550 3979 sumus,
3576 3929 3745 3983 agere

2163 4008 2362 4064 debere
2431 4007 2674 4062 fraterna
2720 4008 2960 4062 charitas
3012 4015 3068 4061 et
3129 4007 3446 4063 obedientite
3492 4006 3739 4061 debitum

2163 4098 2460 4169 compellit.
2482 4097 2627 4153 Cura
2672 4109 2755 4153 est
2805 4113 2939 4167 ergo
2973 4107 3169 4153 vestrae
3196 4096 3550 4154 sollicitudini
3579 4097 3741 4152 adhi-

2163 4192 2361 4259 benda,
2400 4200 2459 4246 ut
2488 4205 2574 4257 ea,
2603 4207 2726 4261 quae
2754 4199 2882 4258 νηί
2911 4192 2979 4245 ab
3009 4192 3275 4261 apostolis
3291 4206 3591 4261 eorumque
3617 4207 3743 4246 suc-

2162 4284 2476 4340 cessoribus
2521 4283 2806 4348 ordinata,
2845 4293 2901 4337 et
2952 4283 3253 4354 instigante
3288 4293 3475 4339 sancto
3526 4283 3739 4353 Spiritu

2164 4378 2409 4432 instituta
2432 4375 2499 4443 ⁸⁸,
2529 4390 2629 4430 nec
2650 4376 3019 4431 dissimulatio
3043 4376 3317 4447 negligere
3337 4416 3353 4443 ,
3401 4391 3501 4431 nec
3549 4374 3739 4443 aliqua

483 4471 551 4523 tis
569 4470 635 4522 ³⁰.
669 4470 1049 4541 Summopere,
1085 4468 1428 4536 cbarissimi,
1460 4469 1595 4524 tales
1635 4466 1861 4522 cavendi
1889 4473 2048 4530 sunt,
2084 4502 2129 4557 Β
2162 4468 2512 4539 prazsumptio
2543 4468 2720 4523 valeat
2743 4467 3083 4537 perturbare.
3124 4466 3229 4522 Sed
3267 4467 3413 4523 sicut
3436 4467 3560 4535 hoc,
3584 4464 3739 4537 quod

481 4576 537 4622 et
567 4569 844 4623 avertendi
879 4577 1042 4638 atque
1071 4568 1376 4639 rejiciendi,
1410 4568 1457 4623 si
1489 4575 1750 4623 nocentes
1780 4579 2051 4635 apparue’

484 4660 627 4727 rint;
654 4661 783 4730 quia
826 4675 936 4714 non
969 4661 1148 4715 solum
1177 4661 1560 4717 ecclesiastica:
1583 4702 1599 4727 ,
1630 4659 1726 4715 sed
1756 4658 1917 4714 etiam
1951 4672 2054 4730 sat.

483 4754 591 4808 culi
622 4754 767 4823 leges
788 4769 846 4809 se
874 4754 917 4785 ³¹
946 4763 1206 4808 nocentes
1245 4769 1354 4808 non
1386 4753 1714 4823 suscipiunt,
1738 4750 1833 4807 sed
1869 4748 2046 4819 repel-

480 4850 622 4901 lunt.
646 4843 803 4901 Unde
834 4844 1098 4915 scriptum
1132 4854 1215 4901 est
1250 4864 1262 4899 :
1300 4844 1372 4900 0s
1404 4846 1685 4915 impiorum
1710 4844 1921 4897 devorat
1954 4841 2056 4894 ini-

481 4942 741 5010 quitatem
770 4940 834 4991 “.
878 4936 944 4991 Et
974 4936 1240 4992 Dominus
1278 4953 1374 5007 per
1415 4936 1744 5007 Prophetam
1775 4936 2051 5005 loquitur,

482 5035 705 5090 dicens:
736 5033 869 5088 Cum
914 5040 1095 5085 sancto
1141 5040 1356 5084 sanctus
1402 5030 1526 5095 eris,
1571 5040 1620 5084 et
1663 5046 1783 5083 cum
1816 5043 2054 5099 perverso

550 5156 594 5186 ²²
626 5152 924 5224 Fidelihus.
997 5150 1043 5182 "
1075 5151 1241 5224 ll.rq.
1272 5147 1532 5224 5__:_Sicn_t
1568 5147 1802 5224 apostoli
1843 5150 2170 5224 statuerunt.
2234 5147 2312 5224 n'.‘
2353 5147 2611 5224 eamut.“
2761 5147 3316 5224 ean-.a‘lg-apos't‘.__tntg

1480 5200 1535 5272 Si
1567 5200 1859 5273 iiiiuiieus.
1918 5217 1964 5248 ’⁸
1991 5214 2148 5283 epist.
2184 5207 2492 5283 I_Clcmenti
2528 5207 2726 5283 tributa
2746 5200 3100 5283 exnversione
3138 5200 3525 5283 [iutinin'Patg
3550 5218 3557 5253 τ
3579 5200 3618 5256 t.
3679 5200 3723 5254 l.

2146 5284 2189 5313 ³³
2217 5281 2379 5335 Prov.
2411 5293 2524 5339 XIX,
2550 5277 2642 5331 28.

1231 5362 1276 5392 ³⁸
1304 5347 1460 5415 idem
1508 5376 1593 5430 ep.
1626 5358 1679 5412 2.
1744 5347 1975 5430 "fidem
2014 5369 2107 5430 ep.
2130 5353 2184 5406 2.
2226 5352 2307 5430 _“
2334 5349 2392 5404 S.
2422 5347 2602 5430 Bonif.

480 5225 526 5257 ν’
559 5224 715 5277 lium.
740 5240 778 5285 ι,
814 5223 900 5275 52.
1039 5223 1082 5253 ’⁷
1128 5223 1257 5276 dist.
1298 5220 1360 5273 65
1418 5238 1431 5274 :

479 5295 522 5328 ἐ’
557 5294 617 5350 S.
649 5293 757 5347 Leo
787 5310 872 5363 ep.
904 5294 961 5348 2.
1038 5293 1082 5324 ³⁰
1108 5292 1329 5363 Sap.v,
1353 5291 1439 5344 l5.

482 5364 572 5420 55.
650 5365 693 5396 ³⁸
727 5364 783 5418 8.
841 5363 950 5419 Leo
986 5380 1071 5432 ep.
1101 5364 1155 5417 4.

1517 5290 1559 5321 ⁸⁸
1583 5290 1756 5354 abest,
1788 5301 1864 5352 se,
1892 5301 1922 5339 a
1947 5301 2050 5340 ms.

2155 4560 2384 4616 rationis
2442 4560 2691 4630 exigebat
2736 4559 2974 4625 utilitas,
3029 4559 3272 4630 oportuit
3329 4558 3596 4628 diﬂinire;
3659 4559 3736 4614 ita

2169 4655 2314 4726 quod
2341 4652 2625 4709 diliinitum
2658 4662 2763 4720 est,
2804 4668 2911 4707 non
2934 4651 3093 4707 debet
3119 4650 3328 4707 violari.

2903 4810 2947 4863 Ι.

2227 4926 2444 4982 Litteris
2475 4930 2670 4982 vestris
2699 4940 2825 4980 vero
2860 4924 2999 4980 inter
3029 4933 3223 4980 caetera
3254 4925 3519 4980 insertum
3563 4926 3722 4981 inve~

2160 5021 2340 5076 nimus
2370 5020 2434 5085 δ’,
2467 5017 2733 5089 quosdam
2765 5017 3005 5088 regionis
3038 5026 3233 5072 vestrae
3283 5018 3573 5087 episcopos
3610 5015 3733 5087 (l9)

2264 5139 2312 5171 “
2353 5154 2474 5193 can.
2502 5136 2586 5189 ll.
2678 5135 2722 5166 ³⁸
2761 5150 2881 5188 can.
2920 5133 2979 5187 ll
3017 5142 3188 5203 apost.
3226 5133 3420 5203 interp.
3450 5130 3729 5203 Dionysio.

3340 5274 3385 5305 ³⁵
3424 5274 3441 5327 1
3474 5272 3598 5327 Cor.
3637 5288 3726 5334 xv,

3363 5343 3488 5395 2'56.
3586 5343 3630 5373 “
3666 5343 3724 5395 S.

2744 5275 2789 5306 ³³
2821 5275 2960 5329 Psal.
2994 5291 3122 5341 xvn,
3153 5274 3245 5329 26.

2693 5346 2736 5378 ³⁹
2788 5344 3044 5400 Maximo.
3143 5344 3188 5376 ⁸⁸
3243 5343 3488 5400 an.236.

481 5433 642 5502 Creg.
672 5436 831 5503 epist.
864 5435 988 5501 117,
1018 5420 1113 5489 lib.
1146 5450 1241 5489 vlt.
1318 5432 1362 5463 ¹⁸²
1395 5433 1461 5486 de
1492 5420 1738 5486 consecr.
1774 5426 1902 5482 dist.
1939 5427 1972 5479 5
2004 5444 2015 5479 :
2052 5420 2271 5478 Litteris
2319 5420 2533 5474 vestris.

552 5531 695 5603 ()3)_
717 5532 1113 5603 Apocrypham
1180 5528 1459 5603 nonnullis
1538 5524 1707 5603 videri
1774 5528 2042 5603 testantur

482 5602 524 5655 Β
559 5594 825 5666 11.,Ῥοές.
857 5594 1058 5671 aliique
1086 5601 1378 5663 Catholici,
1411 5608 1463 5652 et
1487 5599 1652 5671 multa
1685 5594 1935 5666 probant.
2018 5660 2049 5671 Δ.

553 5672 665 5740 (19)
704 5667 1033 5741 .Episcopos.
1074 5673 1354 5725 Iudicatur
1393 5669 1675 5741 materiam
1729 5667 2052 5719 sacramenti

480 5759 511 5796 c
534 5738 926 5795 inlirtnationis'
951 5757 1072 5796 esse
1104 5742 1374 5805 chrisma,
1412 5738 1553 5808 quod
1591 5745 1674 5808 est
1718 5741 2052 5803 unguentum

481 5830 546 5867 es
582 5812 702 5868 oleo
725 5819 781 5866 et
814 5810 1059 5865 balsamo
1095 5811 1337 5877 mistum,
1384 5807 1439 5864 et
1474 5810 1541 5863 ab
1581 5807 1835 5877 episcopo
1865 5815 2055 5857 conse-

2160 5526 2392 5572 cratum.
2425 5512 2502 5567 Ex
2532 5527 2600 5567 eo
2629 5512 2775 5567 enim
2803 5511 2944 5580 quod
2976 5509 3196 5572 scribit,
3242 5507 3518 5580 Christum
3558 5506 3726 5580 ritum

2161 5585 2482 5641 conﬁciendi
2516 5583 2793 5653 apostolos
2819 5577 3071 5636 docuisse
3090 5578 3585 5653 ,Uutique‘aliquani
3611 5577 3709 5653 for-

2162 5673 2304 5712 mam
2336 5647 2683 5709 benetliecndi
2707 5659 2761 5704 et
2783 5650 3137 5705 consecrandi
3164 5647 3476 5715 tradidisse,
3496 5647 3723 5701 dubium

2163 5743 2268 5782 non
2315 5733 2417 5780 est.
2471 5724 2620 5779 Unde
2673 5732 3032 5791 pneterquam
3076 5721 3219 5790 quod
3266 5718 3594 5791 sanctissimi
3625 5716 3726 5791 Pa-

2165 5808 2294 5865 tres,
2318 5796 2584 5858 Clemens,
2624 5786 2945 5855 Dionysius,
2978 5786 3234 5857 lreulcus,
3272 5786 3522 5844 Urbanus
3550 5787 3724 5850 ponti-
