3918 6194
221 334 288 390 189

1527 315 1907 373 EPISTOLA‘J.
1989 330 1994 334 '

3246 301 3341 354 I90

219 472 242 504 ι
271 457 394 502 vestro
419 451 685 510 nostroque
713 440 901 494 ordine
951 438 1261 508 discrepare
1284 479 1298 504 ,
1344 447 1398 493 et
1432 453 1538 492 non
1569 454 1664 508 per
1692 444 1737 496 Α
1763 435 2090 506 sumptionis
2137 433 2443 498 delabitur;
2492 440 2546 485 et
2595 429 2906 484 nullatenus
2955 427 3162 482 eruitur
3187 467 3202 492 ,
3236 426 3339 480 nisi

224 536 390 607 singulos
412 546 562 584 annos
599 529 651 583 in
682 529 846 584 Coena
882 527 1097 582 Domini
1121 527 1358 582 chrisma
1380 529 1665 593 conficere,

215 628 393 682 sedduos
415 630 494 674 aut
519 629 625 674 tres
658 634 832 674 annos
861 617 1258 674 confectionem
1311 620 1485 674 sancti
1518 618 1666 673 chri-

211 714 491 775 smtissemel
516 723 684 768 actam
717 726 1060 767 conservare.
1092 709 1285 764 Dicunt
1331 710 1501 774 enim,
1531 719 1589 762 ut
1615 711 1666 762 in

209 810 440 866 memoratis
471 808 710 876 apicibus
742 805 1044 874 reperimus
1065 845 1079 869 ,
1115 819 1215 858 nec
1240 804 1546 858 balsamum
1576 819 1672 872 per

205 902 377 972 singulos
413 913 569 952 annos
593 912 748 966 posse
784 896 1034 965 reperiri,
1065 911 1166 949 nec
1187 906 1411 950 necesse
1440 894 1554 948 fore
1577 909 1673 962 per

201 993 371 1061 singulos
420 1005 577 1044 annos
624 988 863 1042 chrisma
904 989 1209 1050 conficere,
1252 987 1346 1041 sed
1404 988 1531 1040 dum
1564 1000 1669 1039 una

200 1081 394 1138 confectio
433 1079 735 1134 chrismatis
764 1078 1041 1143 abundat,
1086 1078 1248 1132 aliam
1286 1077 1403 1132 fieri
1451 1092 1672 1131 necesse

199 1196 268 1234 non
287 1177 466 1231 habere.
499 1173 692 1228 Errant
726 1174 871 1228 enim
902 1174 995 1242 qui
1040 1173 1169 1226 talia
1210 1171 1672 1241 exeogitant”-“,

193 1281 228 1326 et
247 1278 382 1324 mente
407 1283 592 1322 vesana
617 1267 802 1336 potius
837 1282 999 1335 quam
1049 1276 1192 1320 recta
1217 1265 1535 1329 sentientes,
1559 1265 1673 1320 lucc

193 1363 338 1413 dicunt.
366 1357 413 1411 In
444 1359 524 1410 illa
558 1359 704 1411 enim
743 1357 832 1411 die
882 1355 1148 1410 Dominus
1176 1355 1286 1426 (9.0)
1316 1354 1494 1418 Jesus,
1526 1365 1674 1424 post-

191 1467 302 1520 quam
328 1449 539 1503 caenavit
586 1465 715 1502 cum
764 1448 1046 1517 discipulis
1076 1446 1212 1512 suis,
1238 1456 1291 1500 et
1324 1447 1456 1501 lavit
1481 1462 1670 1501 eorum

189 1544 317 1612 pedes,
337 1543 458 1596 sicut
483 1558 511 1595 a
537 1543 743 1596 sanctis
768 1542 1028 1610 apostolis
1048 1541 1477 1610 praedecessores
1496 1541 1671 1594 nostri

188 1641 450 1699 acceperunt,
473 1631 740 1699 nobisque
765 1630 1124 1698 reliquerunt,
1148 1628 1385 1683 chrisma
1407 1630 1674 1683 conficere

186 1723 448 1791 docuithsa
485 1723 626 1776 enim
682 1723 882 1776 lavatio
918 1723 1138 1791 pedum,
1201 1730 1448 1777 nostrum
1501 1721 1672 1789 signi-

1769 525 2114 596 prudentium
2150 522 2544 578 sustentatione
2584 528 2638 574 et
2683 517 3019 573 correctione
3062 515 3338 569 liberetur.

1771 617 1863 671 llla
1897 625 2101 682 autem,
2150 631 2271 685 qua:
2328 614 2474 668 circa
2525 611 2706 666 divina
2756 604 3012 680 mysteria
3045 615 3100 660 et
3143 620 3268 674 erga
3298 604 3342 635 ⁸⁸

1770 709 2140 777 baptizaudos,
2202 706 2257 759 in
2303 705 2560 759 universo
2616 701 2822 756 mundo
2859 709 3048 754 sancta
3104 696 3342 751 Ecclesia

1770 801 2120 856 uniformiter
2153 798 2285 868 agit,
2316 813 2422 851 non
2449 797 2627 850 otioso
2663 790 3079 860 contemplanda
3105 797 3232 844 sunt
3258 787 3343 841 in-

1771 893 1940 957 tuitu,
1994 906 2062 944 ne
2110 889 2289 943 locum
2332 887 2683 956 supervacuis
2735 883 3128 938 intentionibus
3160 889 3212 934 et
3246 895 3342 934 su-

1773 981 2187 1054 perstitionibus
2228 980 2514 1034 faciamus.
2550 977 2730 1031 Rudcs
2758 992 2888 1046 ergo
2915 976 3148 1029 fidelium
3187 988 3342 1026 men-

1774 1084 1852 1128 tes
1882 1074 1946 1127 ad
1982 1072 2108 1126 talia
2164 1086 2272 1124 non
2323 1070 2585 1124 debemus
2629 1067 2908 1132 inducere,
2962 1065 3090 1135 quia
3114 1061 3340 1117 docendi

1772 1167 1952 1238 potius
2005 1172 2152 1227 sunt,
2201 1177 2360 1232 quam
2407 1159 2665 1214 illudendi
2694 1159 2760 1211 ιθ.
2803 1159 2881 1210 Ad
2917 1166 3160 1210 nostram
3195 1155 3340 1207 cnim

1774 1259 2014 1314 laetitiam
2045 1254 2324 1310 benefacta
2365 1253 2714 1322 perveniunt,
2744 1259 2798 1304 et
2831 1248 3081 1302 mteroris
3127 1245 3344 1300 aculeis

1774 1365 1895 1414 nos,
1931 1361 2052 1416 quae
2077 1342 2434 1398 fuerintmale
2456 1340 2617 1404 facta,
2645 1345 2894 1407 pungunt
2917 1337 2984 1386 ⁵ο.
3021 1333 3119 1386 Hic
3146 1332 3191 1363 ἰ
3213 1345 3345 1385 vero

1774 1441 1914 1493 inter
1935 1452 2130 1492 manus
2151 1437 2424 1489 latronum
2451 1439 2504 1486 et
2527 1431 2717 1485 dentes
2740 1430 2990 1498 luporum
3023 1425 3343 1487 furentium,

1788 1541 2063 1599 utcunque
2095 1541 2434 1588 versamur,
2483 1534 2535 1578 et
2583 1531 2932 1577 contumaces
2974 1526 3102 1574 sunt
3145 1515 3344 1570 subditi

1775 1631 1938 1693 atque
1971 1634 2121 1673 oves.
2157 1616 2291 1670 Nam
2342 1616 2542 1668 latratu
2591 1628 2788 1667 canum
2823 1613 2890 1674 ⁵⁸,
2915 1611 3216 1676 baculoque
3247 1621 3345 1675 pa-

1777 1712 1943 1767 storis
1965 1751 1978 1773 ,
2020 1711 2271 1778 luporum
2309 1707 2490 1760 rabies
2526 1703 2846 1758 deterrenda
2869 1711 2970 1756 est.
2999 1701 3045 1735 ⁵³
3080 1700 3171 1753 illa
3213 1711 3345 1750 vero

189 1819 274 1863 litat
294 1811 609 1878 baptismum,
642 1812 866 1880 quando
887 1813 1057 1866 sancti
1084 1812 1394 1867 chrismatis
1419 1811 1674 1865 unctione
1708 1780 1747 1836 Β
1777 1818 1899 1872 quae
1932 1800 2190 1856 fomentis
2218 1815 2322 1852 non
2353 1806 2617 1852 sanantur
2641 1795 2889 1855 vulnera.
2921 1791 3064 1845 ferro
3095 1785 3343 1842 abscindi

185 1901 387 1968 perﬁcitur
446 1910 604 1970 atque
672 1901 1044 1957 confirmatur.
1102 1901 1238 1956 Nam
1322 1903 1464 1957 sicut
1502 1902 1673 1971 ipsius

182 1994 252 2043 diei
275 1993 552 2046 solemnitas
590 2009 692 2061 per
733 1993 976 2062 singulos
1009 2009 1184 2047 annos
1216 2002 1300 2049 est
1324 1993 1670 2057 celebranda,

181 2085 231 2135 ita
249 2083 379 2152 ipsius
417 2087 584 2138 sancti
619 2086 936 2140 chrismatis
986 2086 1256 2142 confectio
1291 2103 1388 2156 per
1429 2088 1672 2158 singulos

180 2191 306 2229 annos
326 2187 391 2228 est
421 2177 626 2246 agenda
651 2219 668 2241 ,
702 2187 756 2231 et
788 2177 854 2230 de
884 2193 1026 2231 anno
1072 2179 1126 2231 in
1155 2195 1356 2232 annum
1399 2193 1671 2231 renovan-

180 2270 244 2330 da,
262 2276 300 2320 et
317 2267 535 2321 ﬁdelibus
557 2267 832 2321 tradenda
859 2286 871 2334 ;
893 2267 1018 2337 quia
1044 2283 1242 2322 novum
1267 2278 1670 2324 sacramentum

178 2368 234 2410 (si
266 2374 338 2426 per
370 2359 604 2429 singulos
641 2373 822 2413 annos
847 2359 1032 2427 etjam
1084 2360 1230 2414 dicto
1277 2361 1364 2414 die
1406 2361 1671 2413 innovan-

178 2448 281 2509 ἀνω,
308 2456 518 2502 etvetus
550 2447 604 2500 in
640 2447 850 2502 sanctis
878 2449 1126 2504 ecclesiis
1154 2451 1528 2505 cremandum.
1563 2451 1668 2504 Ista

179 2557 197 2587 2
220 2539 376 2591 sanctis
402 2540 665 2606 apostolis
689 2550 742 2593 et
785 2543 1192 2596 successoribus
1238 2557 1427 2596 eorum
1453 2543 1668 2612 accepi-

177 2629 550 2699 mus,vobisque
606 2633 848 2685 tenenda
898 2634 1239 2687 mandamus.
1303 2633 1424 2688 "me
1481 2643 1663 2689 sancta

177 2718 352 2773 llomana
385 2721 642 2784 Ecclesia,
679 2733 732 2777 et
761 2725 1095 2778 Antiochena
1122 2742 1152 2779 a
1179 2735 1419 2795 tempore
1452 2735 1669 2796 aposto-

173 2810 294 2862 lorum
318 2813 557 2877 custodit;
594 2813 715 2866 inec
744 2813 1245 2886 Hierosolymorum
1277 2825 1328 2870 et
1360 2817 1665 2886 Ephesino-

175 2913 256 2950 rum
297 2909 437 2954 tenet.
481 2903 536 2955 ln
589 2904 797 2972 quibus
841 2905 1069 2973 apostoli
1128 2906 1510 2974 praasidentcs,
1554 2908 1668 2963 lucc

173 2990 422 3058 docuerunt,
476 3002 530 3047 et
576 3005 739 3048 vetus
791 2995 1027 3050 chrisma
1057 2996 1294 3062 incendi,
1325 3007 1376 3050 et
1410 3013 1517 3050 non
1547 3014 1664 3051 am-

174 3082 271 3175 piius
310 3099 454 3152 quam
517 3101 638 3139 uno
698 3102 844 3140 anno
900 3089 1013 3154 uti,
1061 3089 1450 3157 permiserunt,
1506 3098 1735 3175 atqueC

172 3174 359 3244 deinceps
387 3192 521 3230 novo
553 3177 691 3241 frui,
724 3188 778 3232 et
807 3194 912 3231 non
954 3178 1159 3243 veteri,
1189 3179 1442 3247 juhentes
1466 3179 1666 3233 docue-

174 3275 273 3318 runt.
297 3265 344 3318 Si
374 3268 490 3336 quis
533 3282 674 3337 ergo
724 3267 812 3322 his
841 3267 1066 3321 obviare
1097 3269 1419 3332 tentavcrit,
1453 3283 1666 3322 omnem

175 3356 244 3408 sibi
277 3373 354 3425 per
378 3375 468 3412 vos
492 3359 558 3424 ",
584 3368 648 3412 et
676 3374 768 3427 per
795 3373 986 3412 omnes
1021 3367 1166 3413 recte
1204 3360 1568 3429 intelligentes
1602 3360 1668 3425 ⁸⁸,

172 3447 438 3518 indulgentia
467 3451 680 3504 aditum
716 3451 1338 3520 intelligatobseratum;
1373 3453 1499 3522 quia
1547 3467 1671 3521 pra-

174 3540 446 3595 vissimarum
470 3558 598 3596 men
610 3543 743 3596 tium
769 3558 1022 3610 perversa
1049 3543 1318 3608 doctrina,
1335 3542 1464 3596 dum
1486 3543 1668 3597 indul-

173 3635 323 3696 gentius
372 3635 536 3691 frenis
580 3636 758 3689 utitur
786 3635 849 3695 ⁵⁷..
885 3635 940 3688 in
999 3636 1496 3703 prawaricationem
1532 3650 1668 3704 prm-

218 3789 302 3859 ‘f'“
341 3791 408 3844 De
462 3810 740 3859 Conscen,
781 3795 906 3848 dist.
979 3794 1013 3847 3
1067 3813 1079 3847 :
1133 3792 1349 3846 Litteris
1381 3793 1597 3850 vestris.

173 3858 370 3934 adllilev.
397 3862 497 3934 Pl‘.
596 3864 638 3894 ’⁵⁸
669 3858 892 3934 Ciellad
927 3864 1108 3917 Gallos
1147 3879 1264 3931 cap.
1310 3864 1393 3934 ω.

171 3928 288 4002 illius,
319 3948 423 3999 cap.
457 3933 507 3984 7.
621 3936 666 3965 ⁵³
697 3934 752 3986 S.
786 3932 925 3987 Hier.
955 3950 1039 4002 cp.
1066 3934 1152 3987 85.

1714 3794 1758 3826 ⁸⁸
1791 3809 1909 3847 nos.

1471 3864 1515 3896 ‘9
1546 3866 1682 3918 idem
1712 3880 1797 3933 ep.
1833 3863 1887 3924 2,
1921 3877 2039 3930 cap.
2075 3863 2122 3914 l.

1229 3934 1272 3964 ⁸³
1306 3933 1464 3986 Siric.
1495 3950 1617 3987 mox
1652 3935 1743 3988 cit.

1775 1907 1996 1946 necesse
2027 1898 2128 1944 est.
2156 1887 2263 1942 Nec
2290 1887 2449 1942 silere
2473 1886 2518 1916 ³³
2541 1898 2854 1954 possumus,
2890 1890 2948 1933 ut
2990 1895 3113 1934 cum
3153 1879 3241 1932 hic
3275 1876 3345 1930 ab

1772 1984 1974 2039 illicitis
1999 1994 2320 2036 revocemus
2344 1979 2577 2046 aliquos,
2603 1974 2763 2029 oflicii
2788 1973 2958 2028 nostri
2982 1984 3343 2040 provocamur

1774 2079 2056 2142 instinctu,
2103 2075 2156 2131 in
2190 2073 2425 2143 speculis
2463 2087 2492 2124 a
2534 2069 2764 2123 Domino
2789 2065 3088 2127 constituti,
3118 2073 3175 2117 ut
3208 2061 3344 2133 vigi-

1771 2169 1956 2223 lantia:
1997 2175 2196 2221 nostra:
2241 2163 2573 2233 diligentiam
2631 2158 3084 2228 comprobantes,
3127 2164 3182 2210 et
3223 2170 3345 2224 quae

1771 2259 2065 2315 coercenda
2086 2264 2214 2310 sunt
2229 2268 2533 2309 resccemus
2551 2251 2618 2317 ⁸⁵,
2636 2259 2822 2320 etquae
2846 2249 3183 2304 observanda
3206 2259 3337 2302 sunt

1771 2365 2093 2408 censeamus
2125 2349 2190 2401 ⁵⁸.

2523 2434 2587 2489 ll.

1840 2535 2139 2590 Consulere
2192 2535 2355 2587 etiam
2408 2545 2529 2594 nos,
2585 2537 2643 2581 ut
2701 2529 2754 2579 in
2813 2525 3087 2594 praedictis
3147 2523 3342 2576 litteris

1770 2625 1965 2678 vestris
2014 2623 2345 2680 invenimus.
2393 2633 2556 2687 super
2593 2615 2948 2670 accusatione
2997 2614 3340 2668 sacerdotum

1767 2716 2051 2776 voluistis,
2111 2728 2232 2783 qua:
2291 2711 2486 2781 oppido
2534 2708 2674 2777 apud
2733 2723 2864 2771 vos,
2936 2715 2993 2758 ut
3037 2705 3090 2757 in
3138 2704 3342 2758 eisdem

1768 2808 2012 2877 apicibus
2057 2805 2382 2874 reperimus,
2437 2801 2751 2856 crebrescit.
2787 2797 3146 2866 Significastis
3189 2797 3341 2850 insu-

1767 2917 1861 2969 per
1886 2901 1953 2961 ⁸⁷,
2006 2899 2293 2967 plerosque
2339 2894 2650 2957 attendere,
2683 2891 2883 2944 multos
2911 2891 2962 2943 in
3000 2889 3134 2958 ipsis
3167 2889 3340 2942 bono—

1767 2993 1918 3046 ribus
1945 2989 2327 3045 ecclesiasticis
2355 3003 2461 3040 non
2495 2993 2854 3055 congruenter
2910 2983 3096 3036 vivere
3123 2995 3339 3036 sermo-

1768 3083 1934 3136 nibus
1987 3090 2038 3135 et
2075 3078 2456 3136 .sacramentis
2487 3079 2532 3109 ⁵⁸
2579 3092 2701 3146 quae
2727 3092 2822 3145 per
2848 3090 2944 3128 eos
2991 3075 3207 3144 populis
3238 3073 3341 3126 mi-

1769 3174 2092 3227 nistrantur.
2123 3170 2165 3224 Ο
2189 3171 2419 3223 miseros
2453 3168 2720 3230 homines,
2752 3165 2843 3234 qui
2888 3166 2992 3218 hos
3040 3163 3339 3228 intuendo,

1769 3266 2044 3319 Christum
2095 3262 2534 3315 obliviscuntur:
2569 3259 2663 3328 qui
2719 3267 2772 3311 et
2823 3257 2994 3310 multo
3031 3266 3155 3310 ante
3199 3270 3338 3324 prte-

1769 3356 1927 3421 dixit,
1964 3367 2024 3408 ut
2058 3353 2160 3423 legi
2216 3353 2306 3407 Dei
2351 3354 2531 3422 potius
2567 3353 2992 3418 obtemperetur,
3022 3363 3184 3418 quam
3216 3347 3341 3400 imi-

1771 3447 1918 3502 tandi
1951 3446 2234 3500 videantur
2260 3445 2356 3508 illi,
2391 3445 2483 3515 qui
2510 3460 2572 3497 ea
2600 3459 2720 3512 quae
2742 3441 2948 3506 dicunt,
2969 3456 3076 3495 non
3098 3439 3338 3504 faciunt;

1771 3550 1820 3596 et
1846 3540 2159 3594 traditorem
2200 3552 2358 3591 suum
2392 3537 2626 3590 tolerans
2651 3575 2664 3598 ,
2691 3549 2862 3604 usque
2895 3533 2947 3585 in
2979 3533 3139 3586 linem
3168 3531 3332 3586 etiam

1772 3633 1837 3686 ad
1870 3630 2349 3700 evangelizandum
2382 3644 2505 3683 cum
2535 3627 2746 3682 caeteris
2772 3624 3088 3681 misit.Nam
3108 3624 3338 3693 apostoli

2047 3791 2089 3821 ⁸⁸
2129 3791 2356 3844 Siricius
2384 3806 2469 3858 ep.
2532 3806 2570 3854 t,
2605 3805 2654 3842 c.
2696 3790 2746 3842 7.
2846 3788 2889 3819 ⁸⁷
2931 3786 3114 3840 lnnoc.
3155 3801 3238 3854 cp.
3267 3785 3338 3838 25

2197 3862 2241 3892 ⁶⁰
2273 3869 2658 3928 compungunt.
2737 3860 2778 3889 ⁵⁸
2811 3859 2866 3910 S.
2898 3861 3033 3926 Aug.
3059 3862 3336 3928 depastu-

1820 3934 1866 3964 ⁵³
1902 3927 2034 3986 (hei.
2085 3947 2168 4000 ep.
2201 3931 2256 3993 Ξ,
2280 3947 2327 3984 c.
2360 3927 2413 3982 ιζ
2478 3930 2530 4000 f”
2565 3943 2862 3983 servemus.
2937 3929 2983 3958 ’θ
3015 3927 3334 3981 sentiamus.

170 3995 198 4026 ³⁷
227 4000 261 4052 l.
285 4018 328 4069 q.
365 3995 421 4056 [τ
448 4004 812 4072 Sigriiticastis
838 3995 1077 4073 insuper.
1153 4004 1197 4035 ⁵³
1223 4002 1286 4058 S.
1307 4004 1652 4072 AugustJib.
1673 4021 1702 4057 ι,
1731 4005 1901 4068 hom.,
1939 4004 2088 4057 hom.
2117 3995 2260 4067 "ult.,
2283 4016 2404 4069 cap.
2442 3999 2529 4054 15.

170 4157 224 4211 fex
247 4163 439 4225 cpistola
479 4181 606 4227 sua,
645 4175 750 4219 etc.
781 4205 795 4227 ,
834 4166 933 4219 hoc
960 4165 1085 4220 alibi
1118 4175 1366 4221 sanctum
1393 4168 1626 4222 chrisma
1653 4207 1669 4231 ,

168 4230 250 4306 alibi
282 4245 596 4306 unguentum
635 4236 1028 4306 sanctificatum
1071 4238 1389 4303 nominent,
1427 4230 1672 4291 conciliis
1707 4249 1752 4306 ι)

169 4297 405 4374 Florentino
426 4315 476 4357 et
505 4304 826 4374 Tridentino
857 4321 998 4358 nunc
1035 4315 1216 4374 aperte
1239 4297 1515 4360 definitum
1558 4317 1659 4371 cst,

167 4371 264 4435 quod
292 4375 537 4428 universa?
570 4372 841 4437 Ecclesiae,
871 4391 936 4428 cx
974 4371 1311 4429 institutione
1341 4376 1564 4440 Christi,
1595 4379 1664 4432 ab

168 4443 369 4504 apostolis
400 4446 662 4498 traditum
688 4455 824 4498 erat.
862 4443 1136 4508 Bellarm.,
1174 4447 1375 4500 Suarez
1401 4486 1414 4508 ,
1449 4447 1658 4501 Valent.

169 4507 210 4558 de
230 4525 424 4566 sacram.
470 4517 720 4568 confirm.
759 4513 910 4584 Hanc
938 4507 1219 4584 epistolam
1253 4514 1581 4571 Possevinus
1607 4519 1658 4570 in

170 4589 371 4661 ἶιιγρίιηιιξξ
392 4601 562 4645 sacro,
581 4585 756 4661 _verb0
785 4583 1076 4661 Fabianus,
1108 4602 1138 4639 a
1178 4587 1501 4661 quibusdam
1521 4627 1534 4650 ,
1566 4603 1662 4639 ne-

168 4659 257 4731 ξειοη
278 4654 475 4731 quibus,
511 4655 1066 4731 velut__apo_c_ryphatn
1102 4656 1265 4731 _l‘€j|t3i
1313 4657 1523 4710 asserit.
1557 4657 1659 4721 Qui

168 4718 555 4790 confirmationem
594 4740 626 4777 a
663 4718 957 4778 Melchiade
990 4718 1288 4778 institutam
1330 4741 1454 4780 esse
1485 4718 1654 4790 aiunt,

166 4799 206 4864 rx
239 4789 316 4845 hac
357 4802 408 4864 et
444 4793 793 4864 praecedentis
841 4792 1047 4849 Urbani
1078 4798 1307 4864 epistola
1353 4796 1484 4850 satis
1510 4789 1658 4850 refu-L

168 4863 314 4910 untur.
351 4861 470 4917 52v.
513 4863 631 4916 BIN.

213 4928 295 4996 (ἐῢ)
327 4929 386 4983 In
416 4934 509 4984 illa
540 4935 624 4985 die
656 4933 933 4988 Dominus.
970 4933 1041 4988 Ut
1067 4935 1304 4988 chrisma
1337 4935 1656 4988 conficiatur

165 5003 542 5081 {ircottsecrctur
579 5003 711 5057 feria
746 5006 936 5081 quinta
984 5007 1036 5081 i_n_
1064 5005 1233 5059 C(Bna
1263 5003 1557 5081 Dominica,
1588 5007 1656 5059 ab

165 5072 362 5156 fraudis
385 5073 685 5126 institutum
721 5072 844 5156 esse
870 5077 963 5156 ait,
991 5074 1313 5156 ideoque‘ab
1336 5091 1396 5128 ea
1411 5091 1653 5154 consue-

168 5135 298 5210 tudine
325 5157 651 5211 nchaquam
679 5135 1035 5198 recedendum
1066 5135 1186 5199 esse
1209 5144 1466 5198 decernit.
1501 5145 1655 5199 Hunc

166 5214 277 5286 ruunt
317 5215 488 5264 eodem
513 5224 780 5286 _tempore
830 5216 1174 5268 observatum
1224 5215 1391 5286 fuisse
1417 5284 1424 5286 ξ
1451 5215 1656 5268 indicat

165 5273 422 5353 lnliprianus,
447 5283 526 5336 vel
554 5273 804 5351 quisquis
833 5295 1020 5337 auctor
1048 5293 1130 5338 cst
1158 5286 1276 5353 ejus
1303 5284 1448 5353 libri,
1486 5301 1647 5337 scrin.

165 5341 346 5424 de‘nnct.
374 5341 616 5424 citrisAnii,
643 5341 726 5424 his
756 5341 934 5407 verbis
963 5373 976 5408 :
1002 5341 1253 5408 Hodie-in
1287 5341 1522 5406 Ecclesia
1550 5355 1653 5424 (lo-

165 5419 293 5500 quitur
313 5419 472 5500 dedie
497 5421 674 5500 Cinnae
703 5422 939 5493 Domini)
964 5425 1040 5500 ad
1071 5419 1654 5500 pqpulunt_acgttisitio~.

247 5492 671 5568 sanctiﬁcandum,
726 5500 778 5547 in
831 5492 1234 5568 participatione
1284 5495 1556 5563 dignitatis
1601 5504 1651 5547 et

167 5564 336 5633 ‘9'ﬂtttit
361 5577 556 5614 sacrant
599 5565 824 5616 chrisma
855 5565 1146 5633 con/icitur,
1193 5566 1247 5616 in
1289 5580 1391 5632 quo
1435 5566 1649 5617 mistum

266 5626 548 5703 balsamum,
597 5636 751 5702 regia:
791 5620 1145 5688 sacerdotalis
1182 5620 1365 5703 gloria:
1405 5635 1648 5702 exprimit

168 5700 373 5780 ξξιξβιεξη,
393 5700 941 5780 φιίὸιωέίὶξίηίιίιιὶὺιιε
966 5700 1648 5780 initiandis,divinituscst

169 5770 290 5817 Iutio
311 5770 550 5825 instituta.
573 5770 765 5828 Eadem
800 5774 1137 5831 consuetudo
1172 5774 1439 5841 colligitur
1467 5790 1528 5828 cx
1556 5773 1649 5830 lsi-

1780 4169 1934 4233 doro,
1967 4166 2198 4220 Alcuino
2221 4206 2236 4228 ,
2269 4165 2506 4232 Ruperto
2527 4172 2580 4233 et
2601 4162 2721 4216 aliis
2759 4159 2998 4233 antiquis
3028 4159 3335 4233 divinorum

1780 4227 2076 4291 ciliciorum
2114 4227 2490 4304 scriptori—bus.
2531 4231 2680 4287 Unde
2716 4234 2770 4285 in
2793 4227 3021 4285 concilio
3055 4227 3332 4304 Mcldensi,

1778 4325 1826 4363 c.
1857 4308 1944 4369 46,
1972 4298 2582 4374 expresse—prmcipitur,
2612 4312 2665 4354 ut
2688 4319 2832 4374 nemo
2853 4315 3061 4374 sacrum
3084 4298 3330 4374 chrisma,

1767 4379 1868 4432 nisi
1916 4379 1972 4430 in
2019 4369 2205 4446 quinta
2247 4369 2379 4442 feria
2412 4369 2635 4446 majoris
2680 4371 3036 4446 hebdomadgr,
3083 4369 3336 4446 cpnﬁcere

1765 4439 2070 4516 praesumat.
2113 4444 2178 4498 Et
2209 4439 2348 4516 hanc
2375 4445 2444 4516 ob
2467 4439 2682 4516 causam
2715 4442 2766 4516 in
2802 4455 2917 4507 cap.
2954 4439 3238 4516 Quoniam,
3267 4439 3334 4492 de

1764 4508 2211 4575 sent.excomm.,
2234 4515 2285 4566 in
2313 4514 2364 4576 6,
2388 4513 2608 4575 dicitur,
2628 4513 2864 4564 chrisma
2895 4523 3014 4563 esse
3045 4508 3335 4562 conficien-

1763 4590 1891 4640 dum
1935 4588 1988 4639 in
2016 4587 2102 4638 die
2135 4586 2311 4637 Coatrae
2349 4582 2582 4644 Domini,
2625 4581 2833 4634 etiamsi
2873 4588 3012 4632 terra
3051 4577 3333 4633 interdicta

1761 4659 2007 4711 exsistat.
2056 4655 2252 4706 Errant
2283 4652 2447 4722 igitur
2484 4652 2576 4720 qui
2613 4661 2804 4719 putant
2840 4648 3008 4704 fuisse
3041 4649 3335 4722 aliquando

1763 4729 2020 4782 usitatum
2046 4726 2100 4777 in
2120 4718 2382 4782 Ecclesia,
2415 4731 2474 4775 ut
2502 4718 2742 4790 quolibet
2775 4723 2900 4773 anni
2927 4729 3164 4790 tempore
3190 4718 3333 4770 chri-

1761 4813 1879 4851 sma
1923 4797 2297 4850 conficeretur.
2337 4792 2490 4858 Quod
2531 4789 2727 4846 dicitur
2756 4807 2873 4858 cap.
2916 4789 3070 4843 Omni
3106 4797 3331 4858 tempore

1760 4867 1826 4920 de
1870 4881 2143 4930 consecr.,
2179 4864 2305 4917 dist.
2337 4857 2389 4927 ις,
2431 4863 2555 4916 item
2599 4877 2750 4915 c0nc.
2788 4857 2959 4912 Tuch
3006 4874 3042 4920 ι,
3073 4872 3192 4930 cap.
3231 4857 3324 4920 ‘20,

1720 4937 1922 4990 'licere
1969 4927 2220 5004 episcopo
2268 4935 2416 4986 omni
2466 4941 2703 5004 tempore
2749 4931 3012 5004 chrisma
3043 4927 3328 4990 conficere,

1759 4999 2167 5074 intelligendum
2201 5012 2282 5056 est
2308 5020 2415 5056 non
2441 4999 2840 5074 simpliciterdc
2868 4999 3015 5052 omni
3046 5007 3287 5074 tempore
3312 5014 3343 5074 ξ.

1758 5081 1850 5131 sed
1885 5065 2312 5137 accommodate,
2358 5074 2424 5127 de
2471 5065 2619 5127 onini
2651 5083 2885 5138 tempore
2917 5067 3156 5129 annuali,
3181 5065 3328 5138 quod

1757 5152 1820 5200 ad
1853 5147 2244 5201 conficiendum
2280 5134 2516 5196 chrisma
2553 5134 2922 5211 praescriptum
2955 5149 3058 5191 est.
3083 5134 3330 5211 _Acce_dit

1756 5220 1898 5285 quod
1938 5217 2166 5271 concilia
2221 5230 2327 5266 non
2386 5205 2622 5285 aliquam
2673 5205 2949 5285 tem-poris,
2998 5208 3095 5285 sed
3144 5205 3327 5285 potius

1755 5277 1887 5343 certi
1921 5287 2154 5340 ministri
2179 5277 2680 5344 determipalioucm
2711 5277 2976 5348 pra-finire
2998 5277 3278 5348 intendant
3308 5315 3323 5338 ,

1754 5359 1906 5422 quasi
1926 5358 2164 5411 dicerent
2188 5373 2200 5408 :
2226 5353 2338 5408 Soli
2362 5355 2636 5421 episcopo,
2666 5345 3132 5422 ni—mpresbytero,
3149 5345 3326 5422 “liceat

1755 5416 1904 5481 omni
1940 5437 2180 5494 tempore
2202 5416 2463 5478 consueto
2496 5416 2708 5478 sacrum
2746 5416 2981 5494 chrisma
3033 5416 3320 5494 conficere.

1754 5496 1886 5550 Nam
1934 5487 2222 5549 concilium
2270 5495 2433 5546 tolet.
2477 5508 2732 5560 expresse
2771 5490 3001 5541 intendit
3036 5487 3323 5560 prohibere

1761 5569 1989 5621 abusum
2021 5566 2379 5634 quorumdam
2404 5556 2984 5634 presbyter-erupitequni
3021 5556 3319 5611 confectio-

1760 5653 1881 5691 nem
1913 5627 2226 5691 chrismatis
2266 5633 2365 5688 sibi
2399 5627 2753 5700 usurpabant.
2798 5629 2924 5682 Vide
2953 5627 3155 5682 Suarez
3184 5635 3292 5680 toni

1758 5707 1848 5774 ill,
1879 5708 2018 5775 disp.
2048 5706 2134 5771 58,
2165 5713 2295 5760 sect.
2338 5703 2358 5752 t
