3918 6194
508 239 605 294 191

1826 235 1883 290 S.
1925 233 2196 288 FABIANI
2239 231 2438 286 ΡΔΡιΕ

3655 215 3770 269 192·

510 358 671 410 talem
691 355 1140 412 consuetudinem
1164 372 1273 412 non
1300 357 1629 422 habuerunt,
1655 371 1753 410 nec
1777 355 2082 410 habendam
2117 365 2158 418 Α
2191 370 2288 425 pos
2339 355 2584 409 locorum
2624 350 2987 421 singulorum,
3019 345 3264 401 omnium
3293 342 3386 412 qui
3426 337 3530 395 sub
3564 351 3757 392 eorum

509 447 849 513 docuerunt;
897 447 1150 502 similiter
1196 456 1254 501 et
1299 462 1648 514 successores
1676 462 2086 517 eorum,quan-

512 554 676 606 quam
726 539 900 592 multa
935 539 1003 593 de
1053 540 1284 604 talibus,
1339 540 1698 608 praevidentes
1734 537 1940 607 Spiritu
1991 537 2088 592 Dei

514 630 720 693 futura,
769 640 1096 685 statuerunt.
1137 630 1332 697 Porro,
1393 639 1450 684 ut
1507 631 1685 700 legitis
1741 631 1795 684 in
1859 631 2087 686 Actibus

514 723 912 794 apostolorum,
944 733 1056 778 erat
1085 740 1143 777 eo
1163 735 1388 792 tempore
1419 723 1557 776 inter
1591 722 1773 791 ﬁdeles
1810 739 1900 776 cor
1925 740 2086 776 unum

511 825 563 869 et
610 816 790 869 anima
838 833 983 881 una,
1026 832 1186 885 neque
1213 815 1406 884 aliquis
1457 831 1636 868 eorum
1682 813 1884 885 aliquid
1933 831 2087 868 suum

516 909 786 978 pmprium
808 909 1036 974 dicebat,
1059 909 1148 961 sed
1174 918 1322 961 erant
1349 908 1460 961 illis
1499 908 1676 960 omnia
1699 908 2000 960 communia
2018 907 2082 959 ⁸³³.

515 996 672 1052 Nulla
704 997 852 1052 enim
888 999 1028 1052 inter
1047 1013 1141 1052 eos
1165 999 1464 1063 accusatio,
1496 997 1600 1052 nisi
1627 997 1913 1052 familiaris
1937 1007 2083 1058 erat,

518 1106 620 1142 nec
646 1105 885 1159 unquam
923 1091 1062 1144 inter
1094 1090 1395 1144 imitatores
1415 1105 1603 1144 eorum
1637 1099 1730 1143 aut
1760 1089 1944 1143 fideles
1973 1089 2088 1142 ﬁeri

516 1179 696 1247 debet,
731 1181 942 1235 dicente
990 1179 1222 1235 Domino
1252 1199 1264 1234 :
1297 1179 1450 1245 Quod
1487 1181 1580 1233 tibi
1608 1197 1710 1234 non
1732 1182 1806 1234 vis
1832 1174 1979 1249 fieri,
2005 1180 2089 1234 al-

519 1272 616 1324 teri
648 1289 751 1325 non
773 1273 944 1342 facias
971 1273 1034 1326 °°.
1066 1272 1122 1327 Et
1157 1273 1296 1328 idem
1333 1292 1346 1329 :
1388 1273 1588 1344 Diliges
1612 1275 1911 1344 proximum
1939 1285 2087 1328 tuum

517 1366 653 1419 sicut
697 1367 919 1435 teipsum
947 1366 986 1399 “
1019 1382 1034 1431 ;
1081 1373 1136 1421 et
1181 1383 1196 1420 :
1233 1365 1458 1420 Dilectio
1482 1367 1715 1435 proximi
1758 1367 1956 1420 malum
1986 1384 2088 1421 non

519 1474 765 1530 aperatur
791 1463 857 1516 θ’.
897 1461 1002 1532 Ipsi
1045 1477 1176 1532 ergo
1209 1462 1441 1532 apostoli
1499 1470 1553 1516 et
1609 1477 1957 1517 successores
1997 1478 2090 1517 eo-

519 1570 640 1608 rum
690 1555 820 1608 olim
878 1563 1220 1621 statuerunt,
1275 1569 1370 1609 eos
1417 1553 1485 1608 ad
1521 1555 1928 1609 accusationem
1981 1571 2088 1609 non

520 1643 720 1712 recipi,
745 1644 838 1713 qui
879 1653 1008 1699 sunt
1051 1643 1380 1714 suspecti”,
1418 1644 1501 1698 vel
1547 1644 1640 1714 qui
1686 1644 1822 1710 heri,
1858 1656 1952 1698 aut
1992 1661 2092 1699 nu-

2185 449 2388 517 degunt
2418 445 2465 479 "
2496 443 2890 508 moderamine,
2919 455 3110 497 curam
3144 437 3346 492 habere
3369 432 3678 495 sollicitam,
3710 441 3762 482 et

2185 553 2383 594 causas
2427 537 2795 606 utilitatesque
2834 549 3025 590 eorum
3065 545 3190 586 eum
3231 527 3324 584 Dei
3354 529 3547 582 timore
3575 525 3768 593 dispo-

2187 652 2334 691 nere.
2366 633 2529 690 Valde
2559 648 2689 705 ergo
2716 633 2962 702 iniquum
2985 637 3090 694 est,
3117 635 3176 681 ut
3200 625 3290 681 alii
3317 623 3564 694 quilibet,
3600 620 3770 674 omisv

2187 728 2263 784 sis
2291 727 2427 792 suis,
2463 742 2521 782 se
2556 727 2773 780 illorum
2803 724 2987 780 causis
3017 719 3376 776 admisceant.
3414 714 3520 769 Sed
3557 713 3636 766 illi
3675 726 3770 766 eo-

2187 836 2307 874 rum
2338 820 2504 874 vitam
2536 827 2590 873 et
2614 817 2880 888 judicium
2919 810 3246 883 competenti
3281 806 3631 879 regularique
3665 805 3770 858 de-

2185 911 2349 967 beant
2383 912 2762 967 moderamine
2797 909 3108 976 disponere.
3151 903 3245 975 qui
3287 917 3385 957 eos
3415 901 3468 955 in
3503 897 3776 954 sacerdo-

2189 1005 2323 1058 tiqu
2347 1003 2623 1066 ordinant,
2659 1010 2713 1056 et
2739 1016 2768 1054 a
2792 999 2991 1070 quibus
3017 996 3132 1066 jam
3165 991 3403 1065 ordinati
3425 999 3581 1053 sunt;
3623 1001 3774 1058 quo-

2190 1097 2358 1160 niam,
2414 1104 2474 1150 ut
2523 1095 2609 1149 lex
2658 1092 2921 1162 loquitur,
2973 1087 3282 1142 maledictus
3327 1083 3518 1138 omnis,
3548 1089 3625 1135 est
3678 1081 3775 1148 qui

2191 1188 2442 1257 transfert
2480 1187 2725 1239 terminos
2761 1183 3009 1254 proximi
3036 1181 3141 1234 sui.
3179 1178 3247 1232 Et
3285 1175 3423 1229 dixit
3465 1174 3637 1228 omnis
3675 1189 3780 1241 po-

2188 1280 2341 1349 pulus
2377 1293 2395 1331 :
2437 1277 2601 1331 Amen
2623 1276 2689 1330 ⁷⁸.
2728 1275 2872 1329 Deus
2893 1289 3042 1342 ergo,
3077 1269 3273 1325 fratres
3301 1270 3370 1334 ⁷³,
3399 1267 3466 1320 ad
3500 1267 3604 1320 hoc
3633 1280 3782 1334 prie--

2190 1367 2464 1424 ordinavit
2495 1383 2612 1432 vos,
2645 1377 2696 1421 et
2719 1381 2910 1420 omnes
2941 1363 3032 1434 qui
3060 1375 3274 1417 summo
3303 1357 3611 1414 sacerdotio
3646 1355 3779 1408 fun-

2191 1470 2414 1532 guntur,
2449 1470 2508 1514 ut
2534 1460 2832 1530 injustitias
2860 1457 3206 1517 rcmoveatis,
3233 1463 3288 1508 et
3313 1449 3783 1523 przcsumptiones

2191 1553 2558 1617 abscindatis,
2604 1561 2658 1605 et
2697 1551 2750 1604 in
2787 1547 3094 1603 sacerdotio
3139 1543 3508 1600 laborantibus
3541 1554 3784 1595 succur-

2195 1649 2347 1710 ratis,
2396 1657 2450 1701 et
2480 1647 2525 1678 ⁷⁸
2557 1643 2868 1715 Opprobriis
2916 1650 2973 1697 et
3021 1639 3426 1696 calamitatibus
3464 1650 3656 1691 eorum
3691 1634 3783 1686 Io-

519 1734 837 1790 diustertius
865 1777 880 1801 ,
946 1737 1026 1790 vel
1090 1736 1293 1790 dudum
1372 1734 1594 1790 fuerunt
1655 1736 1896 1802 inimici,
1955 1752 2093 1807 quo-
2124 1732 2164 1787 Β
2195 1751 2317 1790 cum
2339 1750 2447 1789 non
2477 1734 2797 1805 praebeatis;
2827 1731 2919 1787 sed
2946 1731 3020 1794 ei,
3043 1730 3138 1800 qui
3160 1729 3486 1784 calumniam
3508 1735 3555 1780 et
3575 1739 3782 1794 oppro-

524 1826 668 1879 niam
731 1827 966 1896 suspecti
1019 1827 1148 1880 facti
1202 1837 1349 1891 sunt,
1409 1834 1462 1880 et
1519 1827 1612 1896 qui
1662 1843 1772 1882 non
1826 1839 1953 1883 sunt
1997 1829 2093 1883 bo-

523 1933 608 1971 nae
657 1918 1177 1985 conversationis“,
1207 1920 1291 1974 vel
1317 1935 1552 1988 quorum
1582 1920 1692 1975 vita
1715 1929 1796 1976 est
1820 1923 2095 1977 accusabi-

521 2009 612 2074 lis,
641 2018 736 2063 aut
767 2008 916 2063 dubii
951 2011 1004 2063 in
1026 2018 1168 2065 recta
1187 2011 1310 2066 ﬁde.
1332 2011 1593 2068 Similiter
1613 2029 1848 2082 quorum
1874 2015 2006 2070 ﬁdes
2023 2015 2092 2083 ⁸⁸,

519 2103 630 2155 vita
669 2110 722 2155 et
761 2100 984 2156 libertas
1024 2101 1299 2166 nescitur,
1351 2102 1436 2157 vel
1471 2103 1562 2172 qui
1596 2102 1836 2159 infamiae
1866 2106 2095 2160 maculis

519 2201 650 2248 sunt
697 2191 927 2258 aspersi,
971 2200 1068 2246 aut
1119 2191 1418 2247 sceleribus
1443 2192 1635 2248 irretiti
1661 2195 1727 2250 “.
1757 2193 1944 2264 Neque
1975 2211 2094 2260 eos,

519 2283 831 2338 sacerdotes
867 2283 1064 2338 debere
1108 2283 1192 2338 vel
1236 2298 1396 2352 posse
1431 2294 1525 2338 aut
1554 2286 1784 2341 clericos
1813 2302 2093 2352 accusare,

521 2375 611 2445 qui
653 2376 754 2429 rite
795 2375 1105 2430 sacerdotes
1137 2374 1251 2429 fieri
1287 2391 1396 2430 non
1432 2385 1684 2446 possunt,
1724 2393 1825 2434 nec
1857 2379 1942 2432 sui
1968 2387 2098 2434 sunt

521 2469 763 2532 ordinis;
803 2468 1064 2540 quoniam
1103 2469 1244 2523 sicut
1281 2471 1595 2526 sacerdotes
1639 2470 1724 2526 vel
1757 2471 1952 2543 reliqui
1989 2473 2097 2528 cle-

521 2562 619 2617 rici
663 2578 694 2616 a
744 2562 1087 2616 smcularium
1133 2561 1398 2616 laicorum
1448 2561 1817 2618 excluduntur
1868 2580 2098 2620 accusa-

523 2655 672 2708 tione
696 2694 711 2720 ,
751 2653 824 2708 ita
865 2654 942 2708 illi
986 2654 1055 2708 ab
1085 2653 1312 2709 istorum
1355 2663 1484 2709 sunt
1518 2655 1838 2710 excludendi
1875 2666 1929 2710 et
1954 2658 2088 2712 alie-

521 2747 688 2802 nandi
732 2747 1137 2803 criminatione.
1174 2747 1240 2801 Et
1293 2747 1436 2802 sicut
1486 2748 1576 2802 isti
1620 2749 1689 2803 ab
1739 2748 1847 2804 illis
1887 2750 1932 2781 ⁶⁷
1962 2790 1976 2814 ,
2025 2749 2099 2802 ita

521 2853 574 2894 et
608 2839 683 2892 illi
717 2838 787 2892 ab
819 2838 939 2894 istis
975 2855 1082 2893 non
1117 2839 1484 2909 recipiantur;
1536 2840 1794 2909 quoniam
1827 2841 1972 2895 sicut
1996 2839 2102 2894 Do-

523 2929 656 2983 mini
692 2930 1034 2984 sacerdotum
1078 2939 1358 3000 segregata
1409 2931 1566 2984 debet
1604 2945 1725 2985 esse
1763 2930 2102 2986 conversatio

522 3021 594 3076 ab
617 3037 806 3076 eorum
849 3022 1288 3086 conversatione,
1334 3021 1408 3075 ita
1449 3031 1500 3074 et
1530 3021 1789 3091 litigatio;
1825 3024 1952 3093 quia
1986 3040 2100 3077 ser-

2195 1829 2372 1884 brium
2400 1828 2636 1897 patitur,
2669 1823 2997 1894 adjutorium
3031 1821 3261 1887 feratis,
3306 1819 3454 1872 illum
3491 1833 3644 1882 vero,
3675 1815 3778 1885 qui

2196 1922 2522 1978 calumniam
2573 1917 2658 1972 vel
2705 1915 3060 1988 Opprobrium
3097 1914 3260 1978 facit,
3307 1912 3663 1974 abscindatis,
3721 1917 3784 1961 et

2197 2014 2431 2069 Domino
2482 2013 2534 2066 iu
2577 2011 2692 2067 suis
2720 2007 3098 2064 sacerdotibus
3135 2020 3292 2075 opem
3322 2003 3532 2058 feratis.
3577 2001 3784 2056 Sacer-

2196 2107 2352 2161 dotes
2385 2118 2604 2174 quoque
2633 2100 2901 2155 Dominus
2922 2098 3026 2155 sibi
3053 2097 3237 2168 elegit,
3281 2105 3341 2150 ut
3364 2092 3672 2150 sacriﬁcent
3696 2091 3786 2157 ei,

2197 2208 2251 2252 ct
2279 2195 2509 2251 oﬁ‘erant
2535 2193 2838 2249 oblationes
2877 2191 3128 2246 Domino.
3169 2188 3384 2244 Levitas
3423 2201 3643 2257 quoque
3671 2185 3784 2240 sub

2197 2290 2278 2344 eis
2309 2303 2430 2343 esse
2451 2286 2615 2356 jussit
2647 2285 2699 2340 in
2731 2284 3054 2339 ministeriis
3084 2298 3296 2338 eorum.
3332 2278 3485 2335 Unde
3523 2279 3588 2333 ad
3618 2277 3783 2348 Moy-

2199 2396 2294 2435 sen
2354 2379 2619 2449 loquitur,
2672 2377 2903 2433 dicens:
2944 2376 3194 2446 Princeps
3251 2383 3424 2428 auum
3475 2371 3788 2442 principum

2200 2473 2502 2527 Leritarum
2535 2469 2781 2534 Eleazar,
2827 2468 2970 2538 ﬁlius
2999 2470 3178 2523 Aaron
3208 2465 3495 2520 sacerdotis
3521 2507 3536 2529 ,
3558 2466 3655 2517 erit
3682 2481 3787 2516 su-

2199 2583 2290 2636 per
2319 2564 2646 2618 excubitores
2686 2562 2920 2616 ecclesire
2960 2560 3255 2614 sanctuarii
3294 2561 3360 2612 ⁷⁷.
3407 2556 3482 2611 De
3510 2556 3592 2611 his
3623 2557 3780 2608 enim

2204 2658 2416 2710 locutus
2450 2664 2538 2709 est
2574 2652 2839 2706 Dominus
2862 2653 2928 2707 ad
2967 2651 3206 2723 Moysen]
3242 2670 3254 2705 :
3284 2649 3428 2704 Tolle
3448 2649 3657 2703 Levitas
3677 2663 3784 2717 pro

2202 2747 2565 2818 primogenitis
2611 2746 2844 2816 filiorum
2889 2745 3082 2809 Israel,
3132 2754 3181 2798 ct
3235 2761 3422 2812 pecora
3472 2741 3783 2796 Levitarum

2204 2859 2299 2914 pro
2333 2840 2600 2912 pecoribus
2635 2857 2815 2894 eorum
2836 2880 2851 2903 ,
2875 2850 3130 2910 eruntque
3155 2838 3347 2892 Levitw
3373 2838 3494 2891 mei.
3530 2836 3637 2907 Ego
3663 2835 3785 2888 Do—

2206 2940 2378 2993 minus
2396 2938 2461 2987 ⁷⁸.
2485 2935 2541 2992 Si
2557 2935 2772 2992 Levitas
2789 2950 2920 2990 suos
2944 2950 3066 2989 esse
3086 2933 3348 2987 Dominus
3367 2931 3552 2997 voluit,
3567 2938 3796 3000 quanto-

2209 3031 2384 3102 magis
2436 3031 2748 3085 sacerdotes
2791 3027 2894 3081 sibi
2927 3026 3158 3082 ascivit?
3197 3024 3272 3080 De
3318 3025 3517 3094 quibus
3557 3024 3632 3077 ait
3667 3041 3680 3077 :
3711 3023 3792 3076 Si

521 3130 641 3168 Wm
688 3111 786 3166 δεῖ
835 3130 935 3166 ηοη
980 3121 1177 3181 θρονιει
1211 3113 1425 3182 (“illam
1449 3113 1514 3167 ⁸⁸·
1553 3111 1736 3178 Tales.
1790 3115 2102 3170 charissimi
2135 3114 2175 3170 C
2209 3125 2324 3194 quis
2348 3135 2678 3176 externorum
2718 3123 3012 3184 accesserit,
3047 3118 3387 3172 morietur”.
3423 3116 3612 3171 Omnia
3645 3131 3788 3170 vero

524 3206 736 3269 fratres,
771 3205 1172 3269 accusationes,
1221 3215 1276 3259 et
1307 3205 1538 3272 injustas
1567 3215 1662 3259 aut
1687 3207 1909 3262 nocivas
1935 3223 2104 3262 aemu-

524 3299 777 3361 lationes,
829 3313 927 3367 pro
979 3298 1187 3352 viribus
1220 3297 1502 3367 prohibete
1525 3338 1538 3361 ,
1593 3299 1721 3367 quia
1756 3305 2032 3354 contentio
2057 3302 2100 3332 ‘9

523 3407 870 3460 summepere
902 3401 985 3446 est
1033 3390 1274 3444 vitanda.
1325 3388 1527 3459 Septies
1561 3391 1701 3444 enim
1745 3393 1894 3444 cadet
1919 3392 2100 3461 justus

522 3486 576 3536 in
606 3483 725 3550 die,
754 3493 802 3536 et
837 3493 1089 3554 resurget,
1122 3483 1283 3554 {impii
1312 3491 1489 3535 autem
1522 3493 1765 3536 corruent
1797 3484 1848 3537 in
1882 3484 2098 3538 malum.

522 3574 654 3627 Cum
682 3575 925 3628 ceciderit
960 3574 1205 3628 inimicus
1234 3585 1378 3637 tuus,
1418 3574 1494 3627 ait
1541 3572 1828 3639 Salomon,
1875 3591 1938 3629 ne
1972 3593 2103 3646 gau-

522 3672 670 3735 deas,
715 3676 766 3721 et
816 3669 870 3720 in
921 3669 1077 3722 ruina
1123 3671 1234 3738 ejus
1277 3685 1380 3722 non
1426 3668 1650 3722 exsultet
1689 3685 1782 3722 cor
1815 3678 1964 3722 tuum
1991 3687 2011 3734 ;
2040 3685 2102 3723 ne

524 3762 664 3830 forte
688 3763 859 3816 videat
887 3759 1165 3827 Dominus,
1208 3769 1256 3815 et
1294 3759 1576 3830 displiceat
1609 3761 1677 3827 ei,
1720 3772 1768 3815 et
1799 3763 2009 3831 auferat
2036 3763 2100 3815 ab

521 3871 580 3907 eo
617 3855 752 3908 iram
799 3872 971 3909 suam.
1034 3853 1154 3907 Non
1211 3854 1496 3907 contendas
1545 3871 1661 3907 cum
1704 3856 1969 3923 pessimis,
2011 3871 2101 3908 nec

523 3945 784 4000 (rma/eris
829 3947 1039 4015 impios,
1091 3947 1342 4015 quoniam
1400 3963 1502 3999 non
1549 3945 1739 3998 habent
1797 3947 2102 4016 futurorum

523 4053 664 4106 (pem
708 4037 856 4102 mali,
898 4048 946 4090 et
995 4037 1212 4088 lucerna
1259 4037 1540 4105 impiorum
1574 4039 1954 4106 exstinguelur.
1989 4036 2101 4090 Nec

522 4130 786 4183 contuleris
831 4131 967 4183 viros
1015 4131 1204 4196 malos,
1247 4147 1338 4183 nec
1383 4130 1646 4184 desideres
1699 4147 1810 4184 esse
1841 4147 1958 4184 cum
1999 4132 2096 4196 eis,

522 4224 646 4290 quia
687 4224 926 4290 rapinam
964 4221 1250 4275 meditatur
1287 4238 1429 4274 mens
1455 4238 1655 4288 eorum,
1693 4233 1741 4274 et
1774 4223 1988 4291 fraudes
2018 4224 2103 4276 Ia-

525 4313 612 4365 bia
670 4331 853 4367 eorum
909 4317 1195 4384 loquuntur
1227 4316 1292 4366 7°.
1341 4314 1465 4369 llaec
1502 4323 1710 4381 cavete,
1765 4316 2097 4371 charissimi.

526 4402 650 4458 Haec
693 4407 1052 4471 meditamini,
1085 4417 1136 4461 ct
1168 4407 1429 4461 fratribus
1465 4407 1518 4459 in
1555 4407 1812 4461 omnibus
1845 4408 2100 4462 solatium

522 4504 775 4564 praestate
813 4515 826 4549 :
866 4497 994 4565 quia
1041 4499 1094 4550 in
1138 4499 1231 4550 lioc
1266 4507 1572 4568 cognoscent
1609 4514 1783 4552 omnes
1813 4540 1828 4564 ,
1885 4506 1942 4552 ut
1985 4498 2100 4568 ipsa
2133 4477 2177 4532 Β

523 4601 618 4656 per
658 4603 718 4642 se
757 4586 966 4643 Veritas
998 4591 1102 4652 ait,
1140 4593 1391 4660 quoniam
1431 4592 1531 4644 mei
1574 4592 1700 4644 estis
1733 4592 2004 4661 discipuli,
2053 4594 2099 4646 si

523 4679 854 4734 dilectionem
897 4681 1184 4736 habueritis
1225 4683 1294 4735 ad
1327 4685 1634 4737 invicem“.
1666 4682 1722 4737 Si
1753 4685 1895 4738 θηίω
1933 4686 1985 4738 in
2012 4701 2098 4738 rer

524 4773 628 4826 bus
658 4773 704 4802 "
749 4773 1104 4828 saecularibus
1135 4790 1293 4827 suum
1329 4775 1594 4844 cujusque
1625 4775 1716 4844 jus
1768 4789 1822 4831 et
1851 4776 2101 4847 proprius

523 4866 658 4919 ordo
685 4865 987 4920 servandus
1020 4875 1133 4930 cst,
1175 4876 1380 4935 quanto
1418 4870 1591 4938 magis
1624 4869 1675 4922 in
1710 4870 2102 4925 ecclesiasticis

522 4957 971 5028 dispositionibus
1007 4959 1153 5012 nulla
1202 4959 1360 5014 debet
1393 4960 1574 5016 induci
1620 4961 1912 5016 confusio?
1945 4960 2099 5026 Quod

522 5051 623 5104 is:a
655 5050 1038 5105 observatione
1079 5052 1479 5120 observabitur,
1535 5056 1578 5110 si
1632 5055 1766 5109 nihil
1821 5056 2096 5124 potestati,

523 5145 617 5200 sed
653 5152 826 5199 totum
863 5143 1104 5214 aaquitati
1155 5144 1429 5200 tribuitur.
1477 5144 1630 5200 Unde
1653 5155 1868 5202 constat
1888 5149 2099 5217 episco-

599 5283 642 5315 ’θ
682 5283 803 5339 Act.
832 5300 905 5350 iv,
937 5283 1024 5340 32.
1101 5284 1146 5316 ⁸⁸
1187 5282 1378 5338 Matth.
1423 5301 1517 5347 vn,
1554 5286 1656 5352 12;
1705 5285 1818 5340 Luc
1844 5303 1917 5340 vi.

521 5353 569 5385 ⁸²
607 5352 766 5426 Rom.
804 5372 925 5416 xm,
949 5356 1034 5409 10.
1112 5355 1156 5388 ⁸³
1177 5354 1367 5410 Amhr.
1394 5371 1479 5426 ep.
1507 5355 1594 5410 64.

522 5425 649 5498 coll.
692 5427 781 5478 l9.
891 5426 935 5459 ⁸⁷
965 5426 1021 5481 2.
1058 5443 1115 5498 q.
1179 5425 1208 5479 7
1232 5425 1441 5498 ἰδίῳ(
1472 5427 1803 5482 sacerdotes.

522 5491 566 5569 It
591 5491 750 5569 {03",
774 5512 901 5569 χιιι,
944 5498 1033 5552 55.
1075 5491 1094 5498 “
1131 5499 1176 5529 ⁷³
1205 5493 1285 5569 _S.
1340 5495 1499 5569 Greg.
1523 5512 1612 5569 ep.
1665 5498 1757 5551 121
1787 5498 1882 5552 lib.
1913 5515 2009 5553 vn.

525 5721 576 5761 α.
609 5703 698 5762 δι.

2120 5498 2168 5529 ⁷⁸
2197 5501 2340 5554 Idem
2370 5515 2455 5569 ep.
2498 5496 2566 5551 66
2595 5497 2839 5569 ejusdem
2884 5494 3028 5569 libri.

523 5561 570 5592 ⁷⁸
680 5581 737 5636 (ι.
754 5566 799 5646 Α
829 5567 1018 5646 :ﬂDeus
1044 5583 1175 5639 ergo
1197 5567 1413 5646 fratres.
1450 5561 1534 5600 ’⁷⁸
1557 5561 1906 5646 I’roclusAep.
1940 5569 2008 5646 ad
2031 5568 2358 5646 Domniuum
2379 5561 2506 5646 Ant.
2581 5561 2809 5646 "_"Nuni.
2837 5563 3038 5646 111,852.

527 5647 561 5686 I.
599 5634 668 5712 iii
699 5634 712 5636 ’
753 5635 800 5668 ⁸⁸
853 5634 912 5691 S.
965 5634 1199 5709 August.
1232 5653 1285 5692 IV
1314 5638 1529 5696 advers.
1551 5634 1877 5706 Cresc.,‘26',
1901 5650 1954 5696 et
1975 5641 2042 5698 de
2062 5641 2297 5696 utilitate
2325 5639 2675 5712 paenitentia,
2707 5653 2826 5709 cap.
2882 5636 2967 5691 12.

2211 3231 2332 3285 qum
2379 3214 2588 3267 Domini
2618 3223 2764 3277 sunt,
2795 3221 2951 3266 caule
2979 3211 3259 3266 tractanda
3290 3219 3435 3275 sunt,
3466 3219 3520 3263 et
3552 3224 3658 3261 non
3693 3208 3786 3261 lc-

2211 3309 2348 3362 vitcr
2381 3305 2792 3376 praecipitantia;
2825 3307 3085 3374 quoniam
3116 3313 3170 3358 et
3211 3304 3350 3357 inter
3384 3301 3629 3356 homines
3673 3317 3794 3369 pro

2214 3399 2460 3453 ﬁdelibus
2489 3397 2778 3458 habentur,
2819 3394 2910 3464 qui
2945 3393 3293 3448 dominorum
3325 3406 3548 3447 suorum
3579 3406 3789 3446 causas

2211 3493 2348 3547 bene
2377 3490 2711 3552 custodiunt,
2757 3497 2812 3543 et
2845 3486 3070 3540 ﬁdeliter
3101 3496 3353 3549 tractant,
3379 3496 3548 3553 atque
3569 3499 3782 3553 praece-

2211 3600 2300 3654 pta
2335 3583 2679 3638 dominorum
2733 3596 2955 3635 sucrum
3008 3583 3145 3637 bene
3178 3579 3509 3642 custodiunt,
3553 3585 3607 3630 et
3665 3589 3784 3628 non

2211 3672 2698 3743 transgrediuntur.
2729 3668 2831 3722 Pro
2859 3667 3167 3724 inlidelibus
3197 3683 3324 3722 vero
3354 3673 3671 3736 reputantur
3697 3663 3785 3728 hi,

2208 3767 2300 3837 qui
2350 3765 2698 3820 dominorum
2741 3779 2964 3819 suorum
3015 3776 3210 3816 causas
3269 3761 3482 3814 incaute
3513 3766 3565 3812 et
3599 3757 3785 3826 negli-

2209 3869 2396 3929 genter
2439 3868 2708 3923 tractant,
2743 3867 2797 3912 et
2838 3864 3104 3927 praecepta
3133 3867 3325 3908 eorum
3367 3849 3695 3920 despiciunt,
3722 3859 3790 3903 et

2209 3966 2338 4016 non,
2375 3959 2434 4004 ut
2462 3950 2677 4013 debent,
2717 3950 3053 4003 custodiunt.
3085 3944 3210 4000 Ideo
3245 3945 3357 3999 haec
3387 3941 3789 4013 praemisimus,

2210 4051 2270 4095 ut
2293 4050 2657 4112 cognoscatur
2679 4040 2747 4094 ab
2775 4040 2878 4102 his,
2911 4037 3110 4107 quibus
3139 4036 3473 4105 incognitum
3499 4043 3603 4097 est,
3627 4033 3784 4102 quod

2209 4143 2265 4188 et
2309 4134 2617 4188 sacerdotes
2660 4146 2798 4201 quos
2825 4131 2925 4184 sibi
2965 4129 3228 4181 Dominus
3253 4126 3319 4181 de
3353 4125 3607 4179 omnibus
3632 4126 3786 4179 asci-

2209 4228 2305 4292 vit,
2337 4234 2390 4280 et
2425 4241 2555 4280 suos
2591 4240 2712 4280 esse
2740 4224 2932 4281 voluit,
2967 4237 3075 4275 non
3112 4230 3236 4274 sunt
3264 4218 3451 4274 leviter
3485 4217 3786 4280 tractandi,

2208 4334 2312 4374 nec
2339 4318 2635 4380 lacerandi,
2673 4331 2773 4370 nec
2795 4323 2996 4370 temere
3021 4311 3310 4368 accusandi
3359 4319 3452 4363 aut
3481 4308 3785 4373 reprehen-

2209 4412 2392 4474 dendi,
2445 4412 2546 4464 nisi
2588 4427 2617 4464 a
2657 4409 2937 4480 magistris
2965 4407 3100 4469 suis,
3147 4404 3404 4474 quoniam
3431 4417 3616 4456 eorum
3650 4417 3790 4454 eau-

2208 4521 2296 4560 sas
2333 4504 2438 4558 sibi
2485 4502 2748 4556 Doiuinus
2791 4515 3072 4555 reservare
3100 4497 3304 4558 voluit,
3357 4503 3414 4548 et
3442 4508 3542 4548 suo
3571 4492 3786 4562 judicio

2209 4594 2498 4648 vindicari.
2549 4591 2682 4645 Nam
2713 4592 2766 4643 in
2801 4590 2890 4644 his
2913 4599 2965 4643 et
2993 4591 3045 4642 in
3078 4587 3200 4640 aliis
3229 4586 3511 4654 praeceptis
3541 4582 3783 4643 Domini,

2208 4695 2262 4740 et
2303 4685 2488 4739 ﬁdeles
2517 4692 2960 4752 cognoscuntur,
2999 4687 3054 4734 et
3107 4678 3352 4731 iulideles
3395 4675 3782 4743 reprobantur.

2210 4778 2498 4833 ’l'olcraudi
2547 4778 2691 4832 enim
2727 4775 2780 4829 hi
2826 4783 2952 4830 sunt
2996 4771 3180 4842 potius
3234 4787 3262 4823 a
3311 4769 3578 4832 ﬁdelibus,
3613 4782 3782 4836 quam

2207 4870 2573 4941 exprobrandi
2599 4911 2614 4935 ,
2651 4867 2813 4923 veluti
2839 4867 2992 4937 palea
3025 4879 3146 4918 eum
3179 4862 3356 4915 tritico
3381 4902 3396 4927 ,
3427 4876 3602 4930 usque
3629 4859 3676 4890 °°
3713 4860 3783 4911 ad

2212 4965 2460 5018 ultimum
2490 4963 2876 5024 ventilabrum,
2912 4962 3052 5014 sicut
3078 4958 3256 5028 pisces
3284 4955 3406 5009 mali
3443 4968 3566 5009 cum
3599 4951 3778 5015 bonis,

2209 5074 2381 5128 usque
2416 5058 2481 5111 ad
2514 5056 2943 5128 segregationem
2966 5095 2980 5119 ,
3016 5067 3136 5122 quae
3167 5050 3344 5104 futura
3381 5058 3463 5103 est
3491 5047 3544 5100 in
3575 5045 3780 5106 littore,

2206 5152 2311 5206 hoc
2349 5160 2454 5216 est,
2509 5149 2564 5204 in
2613 5151 2717 5203 ﬁne
2762 5146 2968 5202 saeculi.
3013 5143 3330 5200 Nullatenus
3360 5154 3491 5211 ergo
3524 5145 3708 5208 potest
3731 5134 3780 5169 ⁸⁸

2089 5332 2093 5339 ‹

2201 5329 2213 5341 .
2246 5303 2320 5349 tv,
2380 5285 2464 5343 16:
2503 5285 2689 5341 Matth.
2717 5301 2853 5347 aut,
2885 5283 2975 5349 59;
3012 5282 3178 5336 Marc.
3209 5297 3306 5346 xu,
3329 5281 3418 5346 5i;
3449 5277 3580 5333 Luc.
3605 5292 3662 5343 Σ,
3683 5275 3779 5330 27.

1673 5357 2114 5412 “Adrian.coll.
2149 5358 2233 5412 15.
2311 5360 2332 5390 ⁶

1673 5437 1803 5482 otes.
1881 5427 1926 5458 ⁸⁸
1979 5427 2022 5480 II
2087 5426 2227 5481 Tim.
2280 5445 2336 5484 ιι.

2311 5359 2356 5390 ⁸⁸
2389 5357 2442 5411 5.
2468 5373 2522 5426 q.
2557 5357 2629 5412 5:
2665 5352 3396 5426 Suspectosauteminimic.
3477 5349 3777 5426 “Adrian.

2414 5427 2459 5461 "
2486 5418 2721 5482 'Adrian.
2776 5418 2902 5480 coll.
2954 5424 3008 5479 5.
3101 5424 3147 5455 "°
3177 5423 3337 5477 Prov.
3367 5418 3594 5484 xxiv,”

2414 5515 2452 5539 n,
2498 5496 2566 5539 66
2595 5497 2836 5539 niualem
2884 5494 3026 5539 Iiltri-
3130 5493 3176 5525 ⁷⁸
3203 5492 3416 5539 Denter-
3467 5505 3637 5539 XXVII.
3691 5489 3712 5539 1
3760 5525 3776 5539 .

3201 5492 3416 5548 Denter.
3467 5505 3637 5552 xxvu,
3691 5489 3776 5541 i7.

3143 5564 3189 5596 ⁷⁸
3215 5563 3350 5618 Ibid.
3369 5562 3460 5617 45.
3536 5561 3580 5592 ⁷⁸
3608 5557 3774 5614 Num.

3072 5634 3114 5666 ⁸¹
3146 5633 3334 5690 Const.
3367 5632 3436 5686 VI.
3464 5633 3588 5689 coll.
3642 5628 3773 5683 Adr.
