3918 6194
248 287 312 341 ωε,
1546 269 1922 326 Εριδτοιιε.

3253 280 3351 335 ωέι

244 394 496 458 condonari.
522 391 745 446 humano
779 388 1052 456 examine,
1085 405 1247 459 quem
1278 388 1419 445 Deus
1458 406 1557 445 suo
1584 391 1673 460 ju-
1702 409 1747 465 Α
1776 391 2024 445 carnales
2052 391 2359 460 spirituales
2384 391 2656 448 infestent.
2685 392 2913 459 Idcirco.
2945 403 3002 448 ut
3028 394 3346 464 praedictum

244 492 340 547 dicio
367 484 619 545 reservavit,
659 489 718 534 ut
746 478 1083 549 propositum
1120 478 1247 545 Dei,
1286 497 1394 550 quo
1434 481 1673 536 decrevit

244 585 377 637 salute
397 574 508 645 quod
537 573 782 642 perierat,
824 570 919 624 fiat
944 570 1239 626 immobile.
1278 572 1340 626 Et
1371 573 1513 640 ideo,
1543 575 1671 644 quia

239 675 397 726 voluntas
419 668 515 737 ejus
555 681 654 719 non
700 665 1037 728 immutatur,
1077 665 1258 719 nullus
1286 675 1578 734 prmsumat
1609 681 1671 719 ea

232 778 307 832 qua:
353 757 427 812 sibi
484 770 578 809 non
645 762 771 808 sunt
843 770 1123 809 concessa.
1195 752 1349 809 Unde
1409 762 1490 808 est
1540 754 1671 808 illud

230 851 318 921 quod
343 847 578 917 Apostolus
620 846 856 915 loquitur
892 845 1078 901 dicens
1117 863 1129 899 :
1171 843 1296 897 lam
1337 846 1541 915 quidem
1567 862 1672 898 om-

226 947 303 996 rixo
322 943 511 994 delictum
538 948 630 1003 est,
673 938 797 1007 quia
823 937 1036 1006 judicia
1083 938 1282 990 habetis
1315 938 1598 991 vobiscum.
1623 939 1669 970 ⁸¹

225 1040 336 1099 Quare
353 1050 432 1086 non
470 1032 621 1100 magis
648 1031 975 1101 iniquitatem
1003 1033 1249 1101 patimini
1273 1033 1297 1085 ἴ)
1349 1033 1524 1096 Quare
1567 1049 1670 1085 non

220 1130 330 1193 potius
351 1125 631 1190 fraudamini
653 1124 740 1176 “‘2
772 1124 849 1177 Ad
872 1124 1003 1178 illud
1040 1124 1291 1179 redeatur
1313 1125 1455 1193 quod
1482 1123 1670 1177 Domi-

220 1220 347 1271 nusait
376 1236 386 1270 :
411 1215 459 1270 Si
480 1217 585 1287 quis
623 1214 840 1269 voluerit
868 1217 1100 1269 tunicam
1132 1225 1276 1269 tuam
1312 1216 1513 1281 tollere,
1543 1226 1590 1270 et
1616 1218 1668 1270 in

217 1312 504 1373 Miciotecum
537 1308 868 1371 contendere,
910 1308 1118 1361 dimitte
1161 1309 1207 1362 ei
1257 1319 1303 1361 et
1335 1307 1559 1379 pallium
1602 1308 1665 1362 ⁸⁸.

216 1406 252 1457 Et
270 1404 343 1457 alio
364 1404 459 1455 loco
488 1421 499 1454 :
529 1400 629 1466 Qui
658 1403 830 1471 aufert
860 1418 977 1473 qua:
1005 1410 1096 1455 tua
1120 1410 1262 1466 sunt,
1289 1418 1349 1455 ne
1376 1410 1577 1471 repetas
1601 1402 1667 1455 ⁸⁸.

214 1495 297 1548 Sunt
322 1502 466 1548 autem
496 1493 774 1563 quaedam,
839 1510 960 1565 qua:
1005 1495 1280 1548 levissima
1329 1502 1667 1563 putarentur,

210 1590 273 1641 nisi
308 1588 346 1640 in
393 1585 667 1655 Scripturis
709 1587 1211 1641 demonstrarentur
1261 1586 1515 1655 Opinione
1546 1603 1669 1656 gra-

208 1683 319 1734 \lOl'l.
359 1678 470 1745 Quis
519 1695 755 1748 unquam
790 1678 1059 1733 dicentem
1103 1677 1254 1732 fratri
1300 1695 1445 1733 suo:
1478 1678 1667 1744 Fatue,

1776 492 1878 550 est,
1908 493 2235 544 statuerunt,
2282 500 2348 539 ne
2378 496 2789 553 accusarentur,
2838 495 2934 541 aut
2973 488 3018 542 si
3053 488 3208 544 aliter
3235 489 3350 543 fieri

1775 589 1884 629 non
1917 576 2111 644 possit,
2147 577 2474 644 perditﬁcilis
2508 594 2697 632 eorum
2724 578 2875 633 fieret
2904 580 3217 647 accusatio,
3242 590 3296 635 et
3321 596 3350 635 a

1776 666 1997 736 quibus,
2053 676 2112 720 ut
2149 683 2313 736 supra
2365 669 2569 722 dictum
2601 677 2713 734 est,
2764 685 2871 723 non
2906 681 3351 740 prsesumeretur,

1777 772 1950 827 neque
1981 773 2011 811 a
2055 759 2288 828 propriis
2314 760 2535 815 sedibus
2567 771 2660 815 aut
2684 760 2942 817 Ecclesiis
2978 763 3219 833 episcopi
3251 765 3353 834 eji-

1777 859 2028 904 cerentur
2056 850 2123 904 ’⁵.
2174 850 2329 916 Quod
2378 852 2423 905 si
2463 854 2736 922 quomodo
2761 865 3154 924 prazsumptum
3188 855 3355 911 fuerit

1775 955 2068 1013 antequam
2101 952 2153 997 et
2186 944 2437 1014 proprius
2465 944 2617 999 locus
2638 986 2653 1009 ,
2691 955 2745 1000 et
2777 958 2877 1001 sua
2906 947 3087 1000 omnia
3116 948 3197 1003 eis
3221 948 3352 1020 legi-

1777 1034 1879 1089 bus
1903 1036 1948 1066 ⁹⁶
1988 1035 2521 1105 redintegrarentur,
2555 1037 2862 1091 nullatenus
2893 1053 2923 1091 a
2961 1054 3233 1109 quoquam
3263 1055 3355 1095 ac-

1777 1136 2104 1180 cusarentur
2146 1136 2239 1181 aut
2272 1128 2730 1193 criminarentur,
2763 1138 2815 1183 et
2843 1130 2946 1183 nisi
2975 1140 3166 1199 sponte
3186 1131 3357 1200 elege-

1776 1218 1919 1280 rint,
1952 1218 2205 1287 cuiquam
2238 1234 2337 1289 pro
2368 1220 2563 1275 tali-bus
2592 1237 2697 1274 non
2719 1221 2762 1252 ⁸⁷
2804 1222 3228 1291 responderent;
3257 1224 3352 1277 sed

1776 1319 2088 1382 postquam,
2109 1320 2170 1366 ut
2202 1314 2483 1383 praeﬁxum
2514 1323 2616 1380 est,
2649 1314 2886 1368 restituti
2919 1314 3143 1381 fuerint,
3170 1324 3223 1370 et
3252 1331 3350 1370 sua

1773 1406 1953 1459 omnia
1983 1406 2060 1460 eis
2090 1406 2300 1477 legibus
2332 1407 2715 1477 redintegrata,
2747 1408 3025 1477 dispositis
3058 1410 3353 1464 ordinatis-

1778 1515 1884 1564 que
1915 1500 2050 1564 suis,
2103 1516 2363 1570 magnum
2422 1503 2683 1570 spatium,
2728 1503 2997 1557 tractandi
3044 1518 3227 1568 causa,
3272 1504 3353 1557 eis

1776 1593 2202 1659 concederetur;
2245 1602 2297 1647 ct
2333 1602 2545 1662 postea,
2578 1596 2621 1649 si
2652 1612 2873 1651 necesse
2908 1594 3092 1661 fuerit,
3140 1596 3356 1665 regula-

1779 1686 1911 1739 riter
1954 1684 2155 1749 vocati,
2189 1685 2437 1739 venirent
2465 1688 2528 1740 ad
2562 1702 2821 1754 causam;
2873 1698 2926 1742 et
2966 1688 3011 1742 si
3037 1688 3245 1757 justum
3275 1687 3354 1740 vi-

208 1790 302 1825 n‘ﬂm
326 1774 542 1842 εεικτηηεὲ
569 1782 803 1840 POMPEI.
830 1772 936 1826 υἱεῖ
963 1772 1075 1841 ipsa
1102 1768 1314 1826 Veritas
1338 1772 1404 1803 δ”
1431 1771 1672 1826 diceret?
1707 1762 1745 1815 Β
1778 1793 1900 1832 sum
1930 1776 2128 1843 fuerit,
2177 1778 2556 1832 accusantium
2588 1779 3054 1848 propositionibus
3083 1786 3356 1833 sumentu—

205 1866 362 1917 lllirero
402 1864 546 1933 “qui
597 1864 685 1917 illa
743 1872 963 1932 peccata
993 1872 1334 1933 perpetrant,
1369 1864 1435 1918 de
1475 1864 1674 1933 quibus

203 1960 404 2026 Apostolus
432 1960 545 2013 ait:
590 1957 860 2023 Quoniam
906 1959 995 2028 qui
1043 1957 1172 2010 talia
1223 1968 1404 2026 agunt,
1462 1972 1676 2025 regnum

202 2048 351 2102 Danaa
381 2058 740 2119 consequentur
762 2050 843 2116 ⁸⁷,
889 2049 1042 2103 valde
1070 2050 1292 2103 cavendi
1325 2057 1450 2103 sunt
1470 2088 1485 2115 ,
1526 2056 1577 2102 et
1609 2048 1674 2100 ad

198 2144 548 2204 emcnda'ionem,
579 2142 620 2196 si
648 2141 951 2217 voluntarie
971 2140 1257 2205 noluerint,
1283 2139 1634 2209 compellendi
1658 2156 1671 2205 ;

197 2234 276 2302 qui:
295 2232 484 2288 infamiae
515 2235 747 2288 maculis
769 2243 896 2287 sunt
926 2233 1154 2302 aspersi,
1185 2244 1235 2287 et
1268 2234 1319 2286 in
1353 2233 1672 2287 barathrum

199 2326 445 2389 delabuntur,
481 2327 581 2379 nisi
603 2328 684 2381 eis
715 2325 1040 2380 sacerdotali
1078 2324 1401 2379 auctoritate
1432 2324 1668 2378 subven-

199 2427 268 2469 :utn
310 2416 457 2472 fuerit.
502 2416 767 2472 Similiter
813 2418 976 2471 etilli
1026 2416 1093 2471 de
1141 2418 1341 2487 quibus
1389 2417 1503 2486 ipse
1544 2417 1664 2470 ait:

197 2506 279 2559 Cm
313 2509 637 2577 hujuscemodi
678 2510 974 2563 hominibus
1021 2526 1111 2562 nec
1154 2509 1329 2562 cibum
1369 2525 1569 2563 sumere
1592 2508 1670 2574 88;

197 2599 251 2665 qui
266 2598 438 2653 infamia
463 2610 584 2655 sunt
612 2602 789 2656 notati
815 2611 1107 2671 antequam
1133 2600 1457 2656 sacerdotali
1480 2609 1670 2654 aucto-

197 2693 295 2743 ritate
313 2703 568 2759 sanentur,
609 2705 666 2750 et
710 2694 762 2749 in
788 2694 997 2765 gremio
1027 2702 1229 2750 sanctae
1260 2694 1450 2748 matris
1485 2692 1671 2747 Eccle-

193 2790 251 2841 sia
270 2788 654 2858 m‘iitnegrentur
680 2809 695 2856 ;
729 2792 856 2860 quia
889 2790 979 2861 qui
998 2799 1149 2844 extra
1177 2804 1277 2843 nos
1310 2797 1456 2854 sunt,
1482 2787 1670 2841 nobis-

191 2898 267 2933 tutu
298 2885 673 2939 communicare
733 2900 840 2937 non
896 2892 1142 2952 possunt.
1196 2879 1542 2934 Manifestum
1591 2889 1674 2933 est

191 2975 301 3039 enim,
324 2979 442 3045 quod
474 2978 524 3030 bi
562 2985 722 3032 extra
759 2992 859 3031 nos
896 2984 1055 3042 sunt,
1104 2984 1158 3029 et
1189 2991 1220 3029 a
1263 2974 1418 3029 nobis
1450 2973 1671 3028 discreti

190 3071 460 3137 essedebent,
504 3088 628 3126 cum
668 3071 867 3140 quibus
898 3087 996 3126 nos
1029 3085 1127 3125 nec
1146 3069 1328 3134 edere,
1365 3083 1465 3123 nec
1488 3068 1668 3121 cibum
1702 3119 1743 3140 η

191 3174 334 3216 sumere
361 3164 487 3218 licet.
530 3163 801 3218 Similiter
826 3171 880 3218 et
913 3176 1104 3217 omnes
1131 3175 1399 3231 personae,
1441 3159 1673 3228 quibus.

192 3252 271 3308 libet
301 3257 707 3325 turpitudinibus
734 3272 799 3311 ac
831 3254 1256 3311 scurrilitatibus
1278 3252 1555 3322 subjectae,
1589 3252 1674 3306 iu-

192 3344 301 3402 ltmos
323 3362 431 3404 sunt
459 3350 704 3416 enectae;
735 3356 789 3404 et
833 3362 1024 3402 omnes
1048 3347 1117 3413 ⁸ο,
1154 3346 1248 3418 qui
1280 3345 1542 3400 adversus
1579 3360 1675 3414 pa-

192 3448 545 3508 lrrsarmantur,
580 3441 820 3497 infames
852 3440 1182 3496 efficiuntur.
1224 3440 1451 3493 Arenam
1481 3452 1598 3491 vero
1626 3444 1676 3490 et

191 3533 294 3584 Idus
313 3544 351 3586 et
370 3552 590 3589 massam
642 3534 770 3603 ferri
804 3533 1017 3603 {acilius
1044 3541 1119 3587 est
1148 3543 1381 3602 portare,
1409 3545 1568 3601 quam
1586 3531 1680 3581 Ito-

192 3622 313 3676 uitum
332 3627 697 3695 imprudentem
721 3636 767 3679 et
799 3626 1006 3695 fatuum
1026 3634 1181 3694 atque
1208 3624 1428 3692 impium
1449 3624 1514 3673 ὀ.
1537 3620 1679 3686 Quo-

194 3732 281 3767 cum
308 3720 379 3787 qui
408 3723 708 3773 minoratur
749 3718 936 3779 corde,
978 3718 1177 3787 cogitat
1235 3716 1452 3779 inania;
1498 3722 1546 3768 et
1602 3714 1680 3766 vir

192 3807 405 3873 imprudens
438 3822 486 3865 et
516 3827 729 3875 errans,
762 3811 955 3879 cogitat
1001 3808 1164 3862 stulta
1199 3808 1263 3859 9‘.
1301 3805 1499 3859 Multos
1542 3806 1679 3858 enim

194 3902 462 3965 supplantavit
495 3903 733 3971 suspicio
762 3902 995 3965 illorum,
1031 3910 1079 3954 et
1110 3901 1165 3952 in
1203 3900 1430 3953 vanitate
1455 3898 1680 3952 detinuit

189 3992 530 4047 msillarum.
548 3993 661 4046 Car
679 3993 869 4045 durum
896 3991 1032 4045 male
1056 3990 1262 4045 habebit
1289 3992 1341 4044 in
1364 3992 1680 4053 novissimo;

189 4088 216 4129 ti
234 4084 296 4148 qui
316 4096 437 4137 amat
467 4085 800 4154 periculum,
846 4086 900 4138 in
946 4086 1057 4153 ipso
1098 4084 1306 4153 peribit.
1356 4084 1460 4139 Cor
1508 4084 1683 4154 ingre-

190 4172 283 4224 ἄξω
302 4174 411 4229 ditas
440 4179 573 4242 vias,
609 4194 711 4229 non
739 4176 943 4230 habebit
973 4176 1222 4245 requiem,
1259 4189 1305 4230 et
1328 4177 1478 4246 praei
1507 4176 1680 4230 cordis

190 4279 221 4313 ut
239 4266 268 4296 ”
287 4268 371 4321 illis
393 4271 870 4324 scandalizabitur.
905 4268 1009 4324 Cor
1035 4287 1256 4340 nequam
1295 4270 1602 4339 gravabitur
1625 4271 1677 4321 in

192 4356 380 4415 doloribus
398 4404 411 4427 ,
441 4373 487 4416 et
516 4374 765 4431 peccator
795 4364 1008 4431 adjiciet
1036 4364 1105 4416 ad
1128 4364 1449 4430 peccandum
1477 4362 1543 4415 ”.
1575 4360 1680 4414 Ta-

1781 1872 1927 1924 tione
1974 1870 2203 1925 fratrum
2241 1871 2646 1941 responderent.
2702 1870 2855 1925 Nulla
2903 1872 3050 1926 enim
3092 1872 3357 1941 permittit

1778 1964 1920 2016 ratio
1954 1962 2020 2031 ⁹⁸,
2060 1963 2189 2018 dum
2226 1964 2291 2017 ad
2333 1973 2548 2032 tempus
2582 1980 2767 2019 eorum
2804 1965 2944 2018 bona
2988 1964 3070 2019 vel
3099 1964 3357 2019 Ecclesia:

1777 2067 1940 2124 atque
1986 2071 2076 2111 res
2111 2056 2177 2110 ab
2209 2057 2419 2111 :emulis
2449 2066 2543 2110 aut
2581 2072 2611 2110 a
2646 2056 3066 2127 quibuscunque
3098 2057 3345 2111 detinen-

1778 2156 1884 2211 tur,
1942 2156 1999 2201 ut
2033 2148 2235 2217 aliquid
2290 2148 2397 2202 illis
2453 2147 2613 2217 objici
2644 2148 2856 2203 debeat.
2906 2147 3015 2203 Nec
3064 2150 3353 2218 quisquam

1780 2249 1955 2308 potest
1985 2242 2064 2295 eis
2091 2257 2311 2311 quoquo
2340 2243 2502 2297 modo
2530 2241 2797 2311 quidlibet
2828 2241 3100 2311 majorum
3132 2241 3213 2296 vel
3249 2241 3353 2295 mi-

1781 2349 1978 2386 norum
2013 2334 2246 2403 objicerc
2269 2376 2282 2401 ,
2319 2335 2449 2388 dum
2478 2333 2749 2399 ecclesiis,
2777 2334 2962 2399 rebus,
3002 2342 3094 2387 aut
3119 2342 3358 2403 potesta-

1779 2423 1922 2479 tibus
1951 2434 2136 2479 carent
2168 2426 2301 2481 suis.
2334 2425 2597 2480 Similiter
2629 2435 2893 2481 statutum
2925 2436 3012 2483 est
3036 2428 3096 2496 ,θ’
3118 2467 3133 2492 ,
3172 2438 3226 2482 et
3257 2444 3360 2482 nos

1775 2518 1964 2569 eadem
2025 2526 2225 2571 statuta
2257 2518 2560 2583 firmantes,
2604 2518 2916 2585 statuimus,
2971 2527 3030 2571 ut
3072 2519 3118 2573 si
3162 2518 3359 2587 aliquis

1776 2608 2103 2663 clericorum
2156 2610 2272 2664 suis
2324 2610 2596 2679 episc0pis
2648 2608 2882 2663 infestus
2928 2622 3023 2664 aut
3072 2609 3362 2665 insidiator

1775 2698 1961 2763 fuerit,
2009 2715 2213 2769 eosque
2253 2701 2535 2754 criminari
2575 2700 2828 2767 voluerit,
2875 2710 2970 2754 aut
3005 2702 3362 2772 Icontspirator

1774 2791 1958 2857 fuerit,
1996 2788 2051 2847 ut
2089 2807 2217 2846 mox
2249 2802 2375 2846 ante
2414 2792 2786 2846 examinatum
2821 2792 3088 2861 judicium
3128 2794 3357 2849 submo-

1776 2896 1863 2940 tus
1910 2903 1939 2939 a
1971 2886 2137 2948 clero,
2171 2886 2337 2940 curiae
2370 2887 2387 2918 ί
2436 2885 2703 2952 tradatur,
2737 2885 2826 2939 cui
2858 2885 3216 2953 diebus,vita:
3249 2902 3363 2941 sua:

1777 2978 2069 3042 deserviat,
2097 2986 2167 3047 .et
2204 2976 2425 3031 infamis
2460 2978 2669 3045 absque
2711 2976 2817 3030 ulla
2854 2978 3227 3031 restitutionis
3254 2994 3350 3048 spe

1778 3078 2115 3140 permaneat.
2175 3067 2289 3125 Nec
2325 3069 2469 3123 ullus
2504 3083 2743 3139 unquam
2784 3079 3099 3138 praesumat,
3142 3085 3365 3125 accusa-

1779 3171 1931 3215 sator
1973 3159 2136 3215 simul
2178 3175 2300 3215 esse
2344 3168 2398 3215 et
2440 3159 2609 3223 iudex
2656 3160 2740 3215 vel
2771 3159 2960 3216 testis:
2994 3161 3255 3230 quoniam
3307 3162 3363 3215 in

1779 3254 1926 3307 omini
1958 3253 2165 3322 judicio
2199 3263 2435 3323 quatuor
2459 3268 2723 3323 personas
2752 3268 2976 3309 necesse
3025 3262 3109 3308 est
3150 3268 3367 3324 semper

1777 3345 1990 3412 adesse,
2046 3345 2098 3401 id
2133 3355 2235 3410 est,
2262 3344 2477 3415 iudices
2520 3346 2744 3413 electos,
2782 3354 2837 3402 et
2884 3352 3255 3409 accusatores,
3300 3360 3366 3402 ac

1778 3440 2116 3506 defensores,
2148 3451 2310 3512 atque
2360 3450 2544 3497 testes.
2578 3438 2843 3495 Similiter
2870 3451 3196 3507 statuentes,
3231 3456 3365 3511 apo-

1780 3537 1971 3591 stolica
2026 3536 2348 3590 auctoritate
2394 3534 2689 3605 jubemus,
2747 3549 2816 3589 ne
2868 3547 3143 3604 pastorem
3201 3551 3360 3589 suum

1782 3648 1930 3696 oves,
1962 3645 2082 3699 qua:
2111 3629 2159 3683 ei
2201 3627 2509 3683 commissae
2534 3625 2813 3692 fuerant’,
2851 3626 2952 3680 nisi
2995 3627 3048 3680 in
3080 3626 3182 3681 fide
3211 3644 3363 3682 erra-

1783 3722 1945 3784 verit,
1976 3718 2372 3788 reprehendere
2422 3716 2623 3771 audeat
2657 3739 2667 3771 :
2709 3716 2838 3786 quia
2867 3716 3009 3771 facta
3041 3720 3364 3787 prasposito-

1782 3828 1927 3876 rum,
1963 3812 2074 3866 oris
2113 3809 2293 3881 gladio
2326 3809 2347 3839 ³
2378 3807 2621 3862 ferienda
2654 3824 2764 3860 non
2798 3818 2946 3869 sunt,
2980 3824 3156 3877 neque
3188 3818 3363 3877 potest

1781 3921 1904 3961 esse
1933 3903 2236 3973 discipulus
2271 3917 2435 3971 super
2472 3901 2833 3971 magistrum,
2868 3902 3079 3955 dicente
3114 3899 3362 3956 Veritatis

1783 4014 1914 4052 voce
1949 4016 1961 4050 :
2002 3995 2122 4048 Non
2148 4004 2223 4048 est
2257 3992 2550 4063 discipulus
2581 4009 2736 4060 super
2766 3994 3100 4062 magistrum,
3144 4010 3234 4045 nec
3254 4010 3363 4046 scr-

1786 4106 1876 4144 vus
1909 4105 2065 4159 super
2116 4088 2385 4142 dominum
2414 4102 2567 4139 suum
2599 4084 2640 4139 ’⁸.
2693 4084 2918 4139 0dibilis
2966 4098 3143 4138 autent
3183 4102 3361 4139 coram

1784 4179 1892 4233 Deo
1934 4189 1978 4232 et
2010 4177 2306 4232 hominibus
2331 4186 2406 4231 est
2436 4176 2680 4245 superbia
2702 4218 2715 4240 ,
2745 4186 2794 4230 et
2820 4175 3161 4229 exsecrabilis
3189 4178 3360 4230 omnis

1783 4273 2063 4342 iniquitas.
2124 4270 2367 4324 Perdidit
2400 4269 2539 4322 Deus
2568 4270 2877 4321 memoriam
2907 4268 3277 4337 superborum,
3312 4279 3361 4321 et

1786 4366 2000 4436 reliquit
2028 4365 2335 4418 memoriam
2358 4363 2641 4417 humilium
2671 4378 2847 4415 sensu.
2881 4359 3065 4415 Semen
3091 4360 3362 4414 hominum

192 4449 231 4501 ia
250 4454 504 4523 cogitantes
536 4456 718 4510 sancti
748 4456 1004 4525 apostoli,
1047 4469 1353 4525 eorumque
1396 4468 1678 4509 successo-
1711 4465 1753 4519 1)
1782 4456 2147 4520 honorabitur,
2197 4457 2292 4509 hoc
2337 4455 2476 4525 quod
2525 4455 2673 4508 timet
2722 4454 2907 4508 Deum.
2960 4451 3147 4508 Semen
3188 4462 3364 4506 autem

194 4555 244 4594 ni
268 4545 319 4609 ",
343 4546 534 4616 Spiritu
560 4545 657 4601 Dei
683 4546 871 4615 repleti
902 4546 1075 4599 malos
1104 4545 1353 4599 homines
1378 4543 1678 4614 praeviden-

192 4641 254 4695 les,
273 4644 313 4688 et
336 4639 599 4708 simplices
628 4639 1059 4702 considerantes,
1082 4636 1374 4703 difficilem,
1414 4645 1508 4690 aut
1539 4652 1679 4689 nun-

192 4740 298 4789 quam
322 4730 594 4785 voluerunt
619 4745 742 4787 esse
774 4729 1178 4784 accusationem
1211 4726 1577 4791 sacerdotum,
1609 4740 1677 4780 ne

192 4820 341 4875 malis
367 4826 666 4892 potuissent
708 4822 876 4877 everti
919 4830 1012 4876 aut
1056 4820 1366 4877 submoveri
1411 4838 1424 4874 :
1464 4820 1591 4889 quia
1628 4818 1673 4873 si

193 4906 256 4960 hoc
307 4910 446 4968 facile
506 4913 892 4968 concederetur
955 4912 1310 4967 saecularibus
1396 4919 1451 4965 ct
1516 4910 1675 4964 malis

192 4996 445 5072 hominibus,
499 5016 595 5061 aut
634 5007 836 5070 nullus,
877 5014 971 5059 aut
1016 5005 1105 5060 vix
1140 5004 1397 5074 perpauci
1429 5018 1677 5057 remane-

190 5102 289 5159 rent;
332 5100 576 5166 quoniam
620 5114 834 5167 semper
866 5096 1003 5163 fuit,
1030 5106 1081 5150 et
1111 5108 1212 5161 est,
1245 5104 1317 5161 et,
1347 5095 1492 5164 quod
1526 5095 1679 5164 pejus

190 5194 255 5249 est,
297 5189 439 5246 nimis
481 5192 644 5263 viget,
681 5201 739 5245 ut
781 5191 908 5244 mali
944 5190 1117 5244 bonos
1166 5196 1582 5258 persequantur,
1629 5197 1684 5241 et

233 5318 316 5359 HR
358 5325 549 5359 sum...
607 5326 803 5359 ρηηιις..
862 5342 890 5359 η
947 5325 1011 5359 '79
1039 5336 1086 5359 nl
1112 5327 1177 5359 rm
1272 5324 1317 5356 ss
1352 5324 1364 5359 ι
1400 5323 1507 5359 ραν
1552 5341 1580 5359 ιγ

233 5320 331 5377 “S.
351 5325 571 5395 August.
605 5326 822 5381 Encltir.
862 5342 909 5380 c.
947 5325 1013 5379 78
1039 5336 1091 5381 et
1112 5327 1197 5381 79.
1272 5324 1317 5356 ⁸³
1352 5324 1365 5376 l
1400 5323 1526 5377 Cor.
1552 5340 1627 5389 vr,
1652 5324 1677 5375 7

317 5412 386 5477 hq.
424 5398 459 5450 2
488 5397 630 5477 ερψἱ
678 5399 793 5477 qui.
868 5398 911 5429 ⁸⁷
941 5398 1116 5451 Galat.
1138 5414 1196 5477 γ,
1226 5396 1333 5477 4η.
1355 5394 1400 5477 ξς
1525 5395 1677 5477 Cor.”

1778 5328 1825 5364 υ
1846 5323 2031 5377 Matth.
2068 5339 2120 5385 v,
2151 5321 2238 5375 40.
2294 5322 2341 5353 ⁸⁸
2377 5322 2506 5376 Luc.
2572 5338 2645 5385 γι,
2692 5321 2701 5373 ἓ

1779 5396 1862 5448 Η.
1939 5393 2323 5477 ⁸⁹ηΡινροΙιὲειί11
2354 5392 2701 5477 Domniuum.

195 5458 374 5545 :Ecﬂi;
396 5469 607 5545 “1.25,
682 5458 1099 5545 "'pravutnucor
1138 5458 1219 5545 in_._
1288 5465 1334 5496 ⁸³
1357 5465 1522 5545 Εςριίἷ
1553 5482 1633 5545 in,
1657 5464 1726 5518 26
1756 5481 1904 5545 seqq.
1982 5458 2374 5545 9:_ldet_tt‘_‘itift'a
2405 5465 2455 5545 in
2495 5464 2682 5545 decr.“
2711 5460 2904 5545 Steph:

196 5523 377 5608 Elist-api
415 5542 456 5592 si
490 5523 537 5591 va
574 5523 842 5608 prapri'is,
896 5538 942 5569 "
974 5538 1143 5591 Cone.
1184 5537 1341 5589 Horn.
1378 5536 1540 5608 vsub
1579 5523 1931 5608 Svunnaclm.
1977 5535 2045 5608 ﬂ"
2085 5534 2311 5608 Adrian.
2350 5535 2475 5608 coll.
2508 5534 2561 5586 5.

198 5606 384 5669 Propriis.
452 5607 496 5639 ”
528 5605 607 5661 Η.
632 5605 685 5676 ιιξ
725 5609 747 5661 1
779 5626 792 5660 :
822 5607 1145 5672 Statuimus,
1182 5620 1237 5659 ut
1267 5608 1312 5659 si
1345 5605 1469 5673 quis
1493 5607 1837 5676 clericorum.

915 5682 933 5711 ²
960 5680 1132 5731 Cone.
1168 5676 1326 5731 llum.
1362 5692 1389 5729 v
1412 5678 1535 5729 sub.
1574 5674 1921 5745 Symmacho.

915 5748 968 5814 7,
1000 5749 1094 5814 25,
1122 5747 1213 5814 Ἡ,
1253 5749 1341 5801 5|.
1418 5749 1439 5777 ⁸
1474 5746 1642 5802 Eccli.
1680 5762 1755 5814 ιι,
1788 5747 1842 5810 7,
1884 5746 1935 5800 8.

200 5682 363 5785 litum.
416 5678 656 5752 38.Coll.
707 5679 836 5732 Adr.
915 5680 1132 5731 ’Conc.
1168 5678 1283 5731 lion

227 5755 283 5785 uc-
324 5761 366 5785 τι
429 5748 495 5785 ιιι
587 5747 772 5785 ιΙῗΜ-Ιί
832 5764 859 5785 τ
914 5748 945 5785 ’1
1001 5749 1070 5785 ait
1122 5747 1192 5785 (Μ
1254 5749 1283 5785 7.

227 5755 284 5792 uc.
324 5761 388 5813 vt,
428 5747 514 5802 ωι
587 5751 606 5781 ⁸
629 5747 797 5805 Eccli.
830 5764 883 5817 Χ,
914 5748 968 5817 7,
1000 5749 1094 5816 23,
1122 5747 1213 5814 Ἡ,
1253 5749 1341 5801 51.

1739 4578 1744 4585 -
1784 4550 1878 4602 hoc
1918 4548 2348 4614 exhonorabitur,
2386 4549 2522 4617 quod
2568 4547 2805 4616 prwterit
2843 4546 3100 4598 mandata
3127 4544 3361 4600 Domini.

1784 4640 1850 4696 In
1870 4642 2038 4695 medio
2065 4642 2317 4710 fratrum,
2348 4650 2516 4693 rector
2544 4639 2759 4691 illorum
2782 4639 2835 4691 in
2858 4638 3085 4702 honore;
3116 4639 3271 4707 etqui
3297 4639 3365 4690 ti-

1780 4742 1919 4786 ment
1947 4731 2227 4785 Dominum
2252 4769 2267 4794 ,
2311 4739 2462 4783 erant
2501 4730 2555 4782 in
2579 4729 2745 4782 oculis
2774 4731 2910 4799 ejus.
2981 4728 3113 4794 Fili,
3158 4730 3232 4783 ait
3265 4728 3364 4782 Sa—

1785 4824 1992 4889 lomon,
2045 4824 2099 4875 in
2139 4822 2538 4874 mansuetudine
2572 4838 2719 4874 serra
2752 4823 2985 4875 anintam
3021 4835 3187 4885 tuam,
3217 4828 3267 4873 et
3294 4821 3363 4871 da

1782 4915 1864 4967 illi
1906 4915 2174 4977 honorem,
2205 4916 2289 4968 cui
2319 4916 2484 4968 honor
2511 4916 2753 4982 competit
2775 4915 2817 4968 ⁵.
2860 4913 3178 4981 Priusquam
3208 4912 3365 4965 inter-

1786 5023 1954 5077 roges,
1987 5022 2048 5059 ne
2073 5007 2323 5075 vituperes
2346 5014 2759 5076 quemquam;et
2794 5022 2912 5058 cum
2942 5002 3362 5071 interrogaveris,

1787 5100 1990 5167 corripe
2005 5097 2171 5166 juste.
2212 5097 2530 5168 Priusquam
2565 5098 2779 5157 audias,
2826 5113 2887 5150 ne
2913 5093 3224 5162 respondeas
3259 5108 3364 5145 rer-

1790 5190 1945 5252 bum;
1999 5197 2047 5242 et
2093 5189 2151 5241 in
2205 5188 2375 5242 medio
2431 5190 2697 5242 seniotum
2759 5203 2820 5239 ne
2871 5186 3093 5254 adjicias
3151 5182 3294 5253 loqui
3322 5182 3364 5234 ⁸.

1776 5328 1825 5364 ⁸⁵
1846 5323 2031 5377 Matth.
2068 5339 2120 5385 v,
2151 5321 2238 5375 40.
2294 5322 2341 5353 ⁸⁸
2377 5322 2506 5376 Luc.
2572 5338 2645 5385 γι,
2692 5319 2780 5374 50.
2857 5321 2934 5352 ⁸³*
2967 5318 3156 5373 Matth.
3188 5332 3242 5381 v,
3271 5315 3362 5370 22.

1779 5396 1831 5421 η
1939 5394 1983 5421 ss
2016 5393 2233 5421 nmmum
2260 5394 2321 5421 ,με
2354 5392 2678 5421 l\,......:.......
2806 5391 2849 5421 oo
2872 5390 3010 5421 ιιήιιις
3074 5404 3185 5421 ννιι
3278 5388 3362 5421 HI-

2870 5390 3034 5444 Eccli.
3074 5404 3221 5453 xxn,
3278 5388 3364 5440 l8.

2870 5478 2904 5513 ι.
3007 5462 3051 5500 ⁸⁵
3090 5461 3142 5513 5.
3176 5473 3231 5527 q.
3284 5458 3306 5511 l
3348 5470 3364 5508 :

2639 5534 2683 5563 ⁸⁸
2709 5533 2765 5585 ὖ.
2799 5546 2853 5599 q.
2881 5532 2903 5583 i
2938 5551 2950 5585 :
2984 5528 3235 5599 EpiSCOp.’
3261 5530 3303 5579 si
3336 5542 3368 5581 a

1920 5606 1933 5635 ‘
1969 5605 2131 5658 Curia
2173 5606 2284 5658 lure
2309 5605 2460 5657 valde
2504 5612 2759 5670 suspecta
2811 5610 2897 5655 est
2952 5604 3077 5655 Ant.
3131 5601 3363 5670 August.

1998 5673 2018 5704 ⁸
2046 5674 2102 5729 S.
2122 5674 2282 5744 Grcg.
2305 5672 2448 5728 Past.
2472 5688 2523 5742 p.
2558 5666 2620 5737 ll,
2641 5690 2688 5729 ς.
2719 5672 2773 5726 5.
2870 5678 2891 5702 ⁵
2921 5671 3108 5725 Matth.
3160 5685 3189 5721 Χ
3210 5666 3365 5735 ,Ἇῖ
