3918 6194
541 247 641 302 193

1865 248 1922 303 S.
1969 232 2251 301 FABIANI
2291 245 2490 302 ΡΛΡίΕ

3664 253 3769 309 196

531 368 792 438 Exemplo
823 368 991 424 Cham
1021 369 1113 423 filii
1141 367 1258 423 Noe
1277 369 1298 400 "
1329 406 1345 433 ,
1392 369 1723 424 damnantur
1751 369 1845 439 qui
1882 376 2098 439 patrum
2133 369 2175 427 Α
2204 367 2277 422 ob
2307 368 2409 422 hoc
2436 369 2502 424 ad
2525 368 2803 440 fastigium
2840 368 3175 424 sacerdotale
3212 370 3489 440 provexit,
3518 380 3573 425 ut
3614 387 3772 425 man-

528 477 753 529 suorum
794 462 983 531 culpas
1015 462 1067 515 in
1101 462 1377 533 publicum
1410 461 1648 530 produnt
1684 461 1726 526 ⁸,
1764 470 1859 515 aut
1885 476 1981 516 eos
2009 477 2098 516 ac-

530 567 725 607 cusare
755 553 840 606 vel
869 553 1152 607 detrahere
1181 561 1520 622 praesumunt
1552 571 1565 606 :
1597 552 1764 606 veluti
1787 552 1979 619 Gham,
2004 554 2098 623 qui

533 643 704 712 patris
735 645 819 699 sui
848 641 962 698 Noe
987 643 1235 712 pudenda
1270 659 1381 698 non
1410 645 1644 714 operuit,
1684 645 1775 701 sed
1808 645 2097 700 deridenda

529 736 867 790 monstravit.
911 733 1173 790 Similiter
1205 745 1260 790 et
1284 736 1359 790 illi
1384 737 1634 807 exemplo
1668 736 1793 791 Sem
1823 744 1877 791 et
1901 735 2099 807 Ja-phet

522 828 891 896 justiticantur
913 828 955 891 ’,
990 828 1084 898 qui
1120 837 1429 882 reverenter
1452 830 1740 897 operiunt,
1767 836 1821 883 et
1844 843 1948 883 nou
1971 843 2097 898 pro-

524 920 661 973 dunt
689 934 750 973 ea
791 934 912 988 quae
943 928 1124 989 patres
1150 936 1282 975 suos
1310 920 1611 976 excessisse
1633 930 1991 995 cognoscunt.
2032 920 2092 976 Si

521 1011 666 1068 enim
697 1027 729 1065 a
768 1012 872 1066 tide
902 1012 1199 1066 deviaverit
1236 1013 1525 1083 episcopus
1554 1054 1569 1077 ,
1604 1015 1709 1068 erit
1743 1013 2094 1085 corrigendus

522 1102 674 1170 prius
694 1111 900 1158 secrete
928 1120 959 1158 a
983 1105 1214 1176 subditis
1242 1106 1376 1160 suis.
1423 1103 1581 1171 Quod
1612 1106 1659 1160 si
1682 1106 2090 1176 iucorrigibilis,

519 1192 666 1260 quod
712 1193 886 1247 absit!
941 1174 1286 1262 apparuerit,
1336 1200 1468 1247 tunc
1509 1192 1613 1246 erit
1644 1174 1987 1247 accusandus
2024 1191 2093 1246 ad

518 1284 779 1352 primates
827 1295 1088 1350 suos,aut
1116 1285 1183 1339 ad
1215 1284 1396 1339 sedem
1432 1284 1806 1353 apostolicam.
1837 1282 1943 1337 Pro
1970 1284 2092 1339 aliis

522 1391 649 1431 vero
683 1378 895 1432 actibus
922 1378 1039 1433 suis
1072 1377 1247 1447 magis
1269 1386 1353 1432 est
1381 1377 1692 1432 tolerandus
1729 1379 1796 1431 ab
1819 1376 2011 1431 ovibus
2039 1385 2093 1431 et

518 1468 752 1524 subditis
780 1470 930 1533 suis,
971 1484 1134 1539 quam
1169 1468 1535 1531 accusandus,
1571 1477 1664 1522 aut
1690 1468 1902 1536 publice
1933 1468 2091 1521 dero-

515 1560 762 1635 gandus;
808 1562 933 1630 quia
980 1576 1104 1616 cum
1138 1560 1190 1613 in
1220 1560 1299 1615 eis
1329 1575 1357 1614 a
1404 1560 1636 1615 subditis
1667 1558 1997 1628 delinquitur
2020 1556 2085 1623 ³⁸,

513 1648 634 1717 ejus
682 1650 1011 1704 ordinationi
1058 1650 1328 1716 obviatur,
1381 1650 1473 1719 qui
1503 1665 1597 1704 eos
1637 1650 1687 1703 ei
1714 1650 1968 1719 prtctulit,
2002 1650 2088 1703 di-

512 1751 668 1796 cente
702 1741 961 1811 Apostolo
998 1761 1012 1798 :
1048 1742 1144 1797 De:
1188 1744 1515 1797 ordinationi
1562 1745 1780 1808 resistit,
1821 1744 1912 1814 qui
1938 1753 2083 1813 pote-

511 1836 640 1890 stati
673 1836 869 1890 resistit
893 1837 956 1889 ‘1.
1006 1833 1110 1902 Qui
1150 1850 1280 1890 vero
1313 1836 1737 1906 omnipotentem
1777 1833 1945 1889 Deum
1974 1850 2086 1889 me—

512 1930 618 1983 tuit
652 1928 716 1993 ",
742 1945 841 1984 nec
867 1940 1058 1983 contra
1086 1928 1463 1998 Evangelium,
1498 1943 1599 1982 nec
1630 1935 1821 1983 contra
1862 1936 2084 1997 aposto-

510 2020 614 2083 los,
642 2036 744 2074 nec
773 2029 962 2075 contra
986 2020 1280 2090 prophetas
1305 2021 1387 2074 vel
1419 2028 1731 2075 sanctorum
1760 2018 1979 2074 Patrum
2003 2020 2085 2073 in—

508 2109 722 2176 stituta,
747 2110 951 2179 aliquid
981 2110 1093 2164 ullo
1117 2111 1278 2165 modo
1304 2126 1465 2181 agere
1484 2112 1775 2166 consentit.
1813 2109 2080 2165 Sacerdo-

507 2210 589 2256 tes
629 2216 759 2270 ergo
807 2201 1111 2256 honorandi
1144 2211 1294 2263 sunt,
1336 2218 1443 2256 non
1477 2203 1748 2257 tacet-andi
1783 2202 1864 2255 vel
1889 2218 2084 2271 expro—

504 2292 698 2347 brandi
744 2300 889 2347 sunt.
924 2291 1146 2362 Legitur
1170 2292 1224 2345 in
1260 2290 1643 2347 Ecclesiastico
1681 2309 1693 2344 :
1732 2289 1800 2344 In
1829 2300 1940 2344 tota
1967 2292 2083 2345 ani-

504 2401 590 2438 ma
623 2394 715 2439 tua
757 2385 880 2437 time
922 2383 1114 2452 Deum,
1166 2394 1215 2438 et
1266 2385 1564 2438 sacerdotes
1608 2383 1755 2437 illius
1779 2383 2075 2452 sanctiﬁca.

504 2478 575 2533 In
610 2480 754 2533 omni
784 2478 980 2532 virtute
1008 2486 1100 2530 tua
1130 2477 1293 2546 dilige
1317 2492 1433 2529 eum
1460 2476 1549 2545 qui
1585 2484 1632 2528 te
1661 2475 1817 2544 fecit,
1853 2484 1902 2528 et
1930 2474 2080 2527 mitti-

502 2579 640 2624 stros
682 2568 796 2639 ejus
847 2586 950 2623 non
995 2568 1351 2639 derelinquas.
1407 2566 1629 2620 Honora
1673 2565 1840 2620 Deum
1868 2582 1933 2621 ea:
1968 2576 2079 2620 tota

502 2662 682 2717 anima
708 2670 826 2727 tua,
875 2670 925 2715 et
972 2661 1267 2730 honoriﬁca
1293 2660 1636 2723 sacerdotem,
1662 2668 1709 2713 et
1741 2675 2004 2728 propurga
2030 2668 2078 2712 te

500 2771 619 2807 cum
661 2754 916 2808 brachiis.
965 2753 1044 2807 Da
1090 2753 1172 2806 illi
1209 2762 1447 2823 partem,
1485 2753 1623 2804 sicut
1656 2751 1962 2821 mandatum
2001 2764 2076 2805 est

501 2846 616 2910 tibi,
665 2848 1047 2917 primitiarum,
1108 2855 1156 2900 et
1198 2846 1261 2898 de
1309 2844 1623 2915 negligentia
1654 2859 1821 2913 purga
1864 2852 1912 2895 te
1957 2859 2076 2896 cum

496 2940 697 3006 paucis.
752 2938 954 2991 Datum
1008 2938 1343 2991 brachiorum
1394 2947 1626 2999 tuorum,
1657 2945 1705 2990 et
1751 2934 2075 3005 sacriﬁcium

495 3031 940 3100 sanctiﬁcationis
974 3031 1165 3099 o/feres
1197 3028 1448 3094 Domino,
1478 3038 1526 3081 et
1552 3029 1706 3082 initia
1729 3038 2073 3094 sanctorum;

494 3133 545 3178 et
572 3123 791 3193 pauperi
823 3122 1036 3192 porrige
1076 3138 1291 3175 manum
1328 3132 1496 3187 tuam,
1531 3130 1588 3173 ut
1628 3121 1932 3190 perﬁciatur
1957 3138 2075 3191 pro-

493 3217 706 3285 pitiatio
737 3225 787 3270 et
824 3215 1114 3269 benedictio
1165 3224 1259 3267 tua
1289 3213 1354 3268 ¹³.
1393 3212 1519 3268 Haec
1548 3228 1657 3267 non
1700 3216 2071 3270 tantummodo

492 3308 674 3376 vobis,
719 3308 813 3363 sed
854 3306 1113 3363 omnibus
1145 3305 1411 3360 fratribus
1435 3320 1532 3375 per
1553 3320 1650 3360 vos
1672 3313 1800 3360 nota
1841 3304 2069 3362 tierivo-

491 3399 695 3465 lumus,
735 3407 795 3453 ut
835 3398 1153 3464 unanimes,
1188 3412 1355 3452 unum
1393 3396 1710 3461 sentientes,
1750 3412 2068 3467 permanea-

492 3508 616 3548 mus
645 3493 696 3546 in
721 3490 940 3546 Christo
968 3489 1103 3543 nihil
1134 3503 1230 3558 per
1250 3488 1655 3543 contentionem
1688 3488 1847 3543 nobis
1880 3488 1944 3555 η’,
1973 3503 2068 3541 ne.

491 3601 598 3663 que
636 3600 730 3656 per
766 3584 982 3637 inanem
1015 3580 1243 3649 gloriam
1273 3579 1648 3645 vindicantes,
1692 3595 1801 3633 non
1828 3577 2066 3633 homini-

492 3676 613 3738 bus,
636 3674 728 3729 sed
764 3673 873 3728 Deo
897 3671 1165 3731 Salvatori
1190 3678 1377 3725 nostro
1406 3668 1700 3738 placentes.
1732 3664 1831 3722 Cui
1866 3676 1948 3723 est
1973 3668 2067 3722 bo-

490 3783 592 3822 nor
622 3776 677 3823 et
705 3766 874 3838 gloria
897 3765 954 3819 in
983 3764 1308 3820 saeculorum
1333 3760 1551 3816 sascula.
1582 3762 1775 3816 Amen.

1046 3896 1388 3952 EPISTOLA
1427 3895 1515 3950 ΙΙΙ.

925 4007 991 4046 Αἰ)
1031 4006 1291 4045 ιιιιηιιιιυιι
1330 4002 1643 4043 εριεοοριιιι.

490 4085 562 4151 Ut
582 4086 840 4148 peregrina
860 4083 1041 4144 judicia
1071 4086 1370 4142 respuantur
1387 4085 1537 4151 atque
1573 4081 1830 4151 accusatus
1875 4076 1937 4150 in.
1970 4090 2060 4126 suo

552 4147 660 4196 luco
696 4160 889 4196 causam
924 4158 1061 4193 suam
1106 4151 1338 4204 peragat,
1363 4147 1417 4190 et
1460 4147 1515 4189 ut
1548 4147 1706 4204 omnis
1741 4147 1826 4201 qui
1867 4147 2058 4204 crimen

549 4210 744 4268 objicit,
788 4207 971 4257 scribat
1018 4219 1074 4253 se
1101 4199 1440 4268 probaturum,
1465 4206 1518 4268 et
1555 4203 1597 4250 si
1632 4213 1731 4268 non
1757 4199 2059 4261 ‘probaverit

546 4264 896 4333 quodgobjicit,
924 4264 1116 4331 pugnaui
1133 4279 1279 4327 quam
1312 4265 1559 4323 intulerit,
1585 4264 1811 4324 patiatur.

487 4378 529 4432 1.
587 4377 691 4443 Qui
714 4394 814 4431 non
839 4377 1054 4430 debeant
1078 4373 1291 4426 admitti
1318 4370 1387 4424 ad
1418 4368 1828 4424 accusationem.

488 4448 552 4516 ll.
590 4448 666 4501 De
705 4447 985 4516 peregrinis
1000 4443 1245 4514 judiciis.

485 4514 575 4586 Ill.
622 4503 715 4569 De.
738 4503 980 4586 pulsatis.

489 4584 578 4640 IV.
618 4585 678 4640 Si
714 4577 827 4656 quis
858 4586 1026 4639 iratus
1072 4584 1269 4638 crimen
1303 4582 1545 4654 objecerit
1566 4621 1582 4648 ,
1608 4578 1685 4635 vel
1716 4577 1915 4648 objecta
1951 4592 2052 4631 non
2074 4634 2097 4655 '

488 4726 553 4782 V.
596 4658 954 4796 sirggiimii
987 4735 1265 4782 accusatus
1292 4726 1464 4780 sedem
1501 4720 1844 4792 apostolicam
1872 4717 2053 4788 appel-

626 4797 778 4852 lavit.

535 4910 896 4966 Dilectissimo
933 4908 1084 4965 fratri
1127 4907 1355 4963 "ILARIO
1388 4907 1644 4978 episcopo
1683 4903 1973 4959 FABIANUS.

558 4999 762 5054 Diviuze
801 4998 945 5054 circa
986 5013 1086 5053 nos
1122 4996 1310 5067 gratiae
1346 5010 1619 5050 memores
1654 4995 1697 5025 “’
1736 4993 1859 5048 esse
1891 4990 2054 5047 debe-

487 5107 643 5159 mus,
673 5090 767 5162 qui
807 5106 905 5147 nos
942 5106 1039 5161 per
1065 5088 1394 5159 dignationis
1441 5102 1555 5142 suae
1590 5084 2052 5149 misericordiam,

557 5276 577 5307 "
600 5274 795 5330 Cenes.
827 5291 903 5329 Ix.
999 5272 1021 5304 ⁸
1049 5269 1174 5326 lsid.
1209 5286 1290 5332 ιιι,
1325 5275 1465 5324 sent.
1498 5267 1587 5322 59.

486 5344 632 5400 Past.
654 5361 735 5411 Ill,
753 5361 802 5399 c.
834 5345 887 5399 5.

1712 5265 1734 5296 ⁸
1764 5260 2179 5333 Sup._babetur_
2216 5258 2356 5313 idem
2403 5256 2459 5309 in
2495 5253 2665 5333 epist;
2699 5251 2952 5333 Anacleti
2967 5249 3183 5333 _ul_tinma.

968 5343 1009 5375 ιι
1038 5340 1197 5395 Rom.
1232 5330 1354 5401 xui,
1389 5338 1444 5391 2.
1523 5336 1565 5368 ¹⁸
1598 5334 1684 5389 ll.
1712 5351 1769 5404 q.
1795 5330 1873 5387 3':
1904 5331 2007 5398 Qui
2033 5330 2482 5404 ριιιιιῇιιο-ξιξιιιθιῃΣ

484 5393 1053 5470 ὂῖῖ’3.””¹ἶ’1ἷῖ1ειι·ἰιιέ
1083 5393 1221 5481 papa
1245 5411 1304 5465 S.
1336 5393 1534 5481 Leonis
1568 5393 1997 5481 successornep.
2032 5400 2111 5481 δέ,
2159 5393 2507 5481 ffulfelixmlll‘,
2528 5393 2694 5481 _ep.7.

486 5460 552 5539 Ξὶι
576 5460 747 5538 linem
788 5460 1549 5548 ιῖἑᾶἶέἒῇιξῐόιὲἮεῶὲὶιίιυίτ
1579 5460 1740 5530 etiam
1785 5460 2088 5548 in'decr._S

2172 5468 2194 5522 .i
2220 5467 2307 5548 ιιι.
2336 5536 2364 5548 Δ
2385 5460 2790 5548 ιε’-τλξιὶιῖηιιοη,2
2852 5460 2911 5548 ιξέ
2933 5460 3042 5548 ab.

487 5536 675 5616 iis:
697 5536 1106 5617 δοιῘίῨῙι-θοῖἶη
1139 5552 1231 5605 lib.
1263 5567 1337 5614 ιι,
1369 5550 1452 5603 tit:
1480 5549 1533 5613 1,
1567 5554 1744 5617 const.
1782 5543 1869 5617 t_0_.
1913 5542 1994 5617 _'_°
2031 5541 2085 5595 ’5.
2115 5545 2307 5617 quaest.
2332 5536 2366 5591 6
2397 5554 2410 5590 :
2531 5536 2656 5617 quis
2698 5536 3102 5617 episcoporum.

2200 458 2345 513 datis
2379 460 2549 528 ipsius
2594 460 2953 525 inhaerentes,
2989 469 3042 515 et
3074 461 3129 515 in
3163 462 3394 532 quadam
3432 464 3767 517 sacerdotum

2199 549 2317 618 ejus
2354 550 2568 618 specula
2608 551 2922 615 constituti,
2952 552 3339 621 prohibeamus
3377 554 3559 608 illicita
3588 563 3640 608 et
3678 572 3768 608 se-

2199 639 2413 707 quenda
2438 639 2752 695 doceamus.
2791 640 2845 694 ln
2873 651 3082 695 tantum
3117 643 3264 697 enim
3298 644 3349 696 in
3381 644 3623 699 occiduis
3650 661 3769 715 par-

2197 729 2343 784 tibus
2365 770 2379 794 ,
2418 731 2619 800 quibus
2645 733 2877 788 moraris
2899 776 2912 799 ,
2939 734 3246 788 audivimus
3274 735 3531 789 astutiam
3565 737 3767 791 diaboli

2198 822 2388 877 saevire
2417 822 2474 876 in
2499 824 2757 893 populum
2787 826 2831 856 ¹⁶
2861 823 3228 881 Christianum
3253 868 3268 895 ,
3292 839 3454 897 atque
3483 829 3765 898 multiplici

2195 913 2512 982 deceptione
2543 930 2891 985 prorumpere
2914 956 2929 982 ,
2962 927 3022 972 ut
3045 934 3155 972 non
3182 919 3357 974 solum
3389 920 3557 976 laicos
3591 936 3768 977 θεω-

2194 1002 2337 1058 lares
2360 1045 2376 1070 ,
2400 1006 2491 1060 sed
2526 1008 2675 1075 ipsos
2707 1022 2926 1077 quoque
2968 1007 3182 1063 Domini
3226 1011 3534 1067 sacerdotes
3558 1022 3768 1082 premat

2194 1105 2353 1166 atque
2380 1107 2552 1152 vexet.
2585 1096 2737 1154 Unde
2760 1141 2775 1166 ,
2807 1100 2859 1153 in
2889 1101 3075 1171 grandi
3104 1117 3338 1156 moerere
3384 1103 3579 1173 positi,
3600 1105 3767 1159 dissi-

2193 1188 2402 1246 mulare
2436 1207 2543 1246 non
2578 1208 2872 1261 possumus
2908 1192 3053 1263 quod
3087 1194 3357 1263 corrigere
3383 1197 3635 1250 atrociter
3666 1197 3765 1250 de—

2192 1283 2403 1337 bemus.
2442 1281 2782 1352 Quapropter
2828 1293 3142 1355 competens
3179 1287 3481 1340 adhibenda
3521 1301 3602 1342 est
3641 1290 3765 1342 tali-

2192 1375 2293 1430 bus
2328 1378 2531 1432 medela
2561 1379 2906 1443 vulneribus,
2940 1395 3008 1435 ne
3045 1380 3334 1434 immatura
3377 1382 3602 1437 curandi
3631 1380 3766 1436 falci-

2189 1466 2348 1531 litas,
2400 1470 2677 1525 mortifera
2729 1472 2923 1541 capitis
2970 1482 3120 1542 peste
3175 1473 3307 1526 nihil
3354 1474 3625 1543 possit",
3663 1476 3761 1529 sed

2191 1562 2410 1633 segnius
2442 1572 2609 1618 tracta
2640 1565 2908 1633 pernicies
2928 1606 2943 1631 ,
2987 1576 3137 1620 reatu
3176 1582 3281 1622 non
3319 1568 3568 1637 legitima:
3593 1584 3760 1623 cura-

2187 1653 2381 1717 tionis,
2410 1654 2646 1710 involvat
2669 1656 2873 1726 paritcr
2900 1660 3176 1714 sauciatos
3202 1668 3252 1714 et
3284 1660 3577 1714 medentes.

2256 1828 2295 1884 Ι.
2316 1830 2395 1886 Ob
2413 1831 2467 1886 id
2479 1846 2608 1903 ergo
2631 1840 2929 1887 statuentes
2948 1833 3293 1890 decernimus
3311 1844 3371 1889 ut
3387 1835 3510 1901 bi“,
3531 1836 3621 1906 qui
3643 1853 3759 1893 non

2186 1939 2313 1982 sunt
2345 1927 2500 1982 bona:
2527 1928 2956 1984 conversationis
2980 1969 2994 1992 ,
3018 1938 3114 1983 aut
3141 1945 3375 1999 quorum
3408 1932 3519 1985 vita
3548 1942 3630 1987 est
3658 1949 3758 1988 ac-

2185 2020 2461 2086 cusabilis,
2485 2028 2578 2074 aut
2599 2035 2829 2090 quorum
2855 2021 3011 2085 fides,
3035 2022 3145 2075 vita
3170 2031 3223 2076 et
3246 2022 3470 2079 libertas
3493 2020 3763 2089 nescitur,

2184 2126 2291 2165 non
2320 2112 2529 2181 possint
2566 2110 2781 2166 Domini
2827 2113 3136 2167 sacerdotes
3178 2128 3437 2168 accusare
3463 2154 3477 2177 ,
3520 2130 3587 2169 ne
3618 2116 3759 2170 vilcs

2181 2219 2425 2273 persona:
2467 2205 2534 2259 ad
2582 2205 2988 2259 accusationem
3029 2220 3216 2259 eorum
3261 2205 3632 2261 admittuntur.
3667 2206 3759 2262 Si-

2182 2295 2381 2349 militer
2404 2295 2490 2359 bi,
2520 2295 2612 2365 qui
2647 2296 2699 2348 in
2721 2296 2994 2363 aliquibus
3016 2297 3336 2352 criminibus
3367 2298 3560 2352 irretiti
3597 2310 3757 2362 sunt,

2179 2389 2263 2441 vel
2301 2387 2392 2456 qui
2432 2394 2559 2441 sunt
2594 2387 2919 2457 suspiciosi,
2963 2404 3149 2443 vocem
3186 2391 3471 2444 adversum
3515 2391 3761 2460 majores

2179 2489 2308 2533 natu
2343 2495 2448 2533 nou
2490 2480 2727 2534 habeant
2756 2482 3090 2544 accusandi;
3133 2483 3259 2549 quia
3304 2481 3608 2551 suspiciosa
3643 2500 3760 2538 vox

2177 2577 2232 2623 et
2257 2568 2476 2623 inimica
2497 2569 2780 2624 veritatem
2804 2570 2945 2625 solet
2972 2573 3299 2639 opprimere.

2247 2715 2310 2780 ιιι
2336 2726 2624 2797 Peregrina
2651 2741 2780 2780 vero
2806 2728 2848 2759 ¹⁹
2864 2726 3092 2796 judicia,
3112 2725 3260 2781 salva
3279 2724 3332 2778 in
3351 2725 3602 2780 omnibus
3617 2740 3759 2795 apo-

2176 2818 2367 2873 stolica
2408 2817 2748 2882 auctoritate,
2779 2817 3021 2887 generali
3042 2817 3325 2871 sanctione
3352 2816 3702 2884 prohibemus
3734 2859 3754 2879 ,

2174 2909 2301 2978 quia
2347 2909 2626 2979 indignum
2661 2918 2744 2964 est
2784 2909 2851 2962 ab
2892 2909 3132 2963 externis
3157 2947 3172 2971 ,
3220 2916 3281 2963 ut
3321 2907 3613 2977 judicetur,
3651 2912 3753 2979 qui

2174 3002 2531 3072 provinciales
2566 3010 2620 3055 et
2658 3017 2689 3054 a
2732 3015 2789 3055 se
2832 3001 3036 3055 electos
3076 3001 3234 3055 debet
3276 2999 3474 3055 habere
3493 3001 3704 3069 judices
3733 3044 3754 3065 ,

2100 3077 2140 3134 (ἶ
2173 3094 2278 3149 nisi
2314 3095 2477 3148 fuerit
2518 3093 2866 3163 appellatum.
2917 3091 3067 3148 U-nde
3110 3102 3323 3162 oportet
3352 3094 3420 3160 ⁸ο,
3453 3094 3498 3147 si
3540 3093 3747 3163 aliquis

2170 3189 2545 3258 epiSCOporum
2585 3200 2748 3255 super
2780 3186 2941 3240 certis
2976 3193 3264 3240 accusetur
3297 3185 3654 3248 criminibus,
3686 3198 3751 3240 ut

2170 3281 2238 3335 ab
2267 3280 2522 3335 omnibus
2550 3280 2804 3334 audiatur
2831 3279 2924 3348 qui
2959 3288 3087 3334 sunt
3129 3279 3185 3333 in
3227 3278 3506 3347 provincia
3532 3280 3759 3348 episco-

2170 3373 2276 3442 pis,
2307 3372 2434 3442 quia
2463 3387 2571 3426 non
2616 3380 2831 3441 Oportet
2866 3370 3182 3426 accusatum
3215 3369 3448 3435 alicubi,
3479 3373 3644 3440 quam
3686 3371 3748 3423 in

2170 3466 2288 3522 foro
2325 3481 2425 3521 suo
2449 3506 2463 3529 ,
2493 3465 2690 3520 audiri.
2734 3464 2792 3519 Si
2841 3465 2965 3535 quis
3005 3480 3137 3519 vero
3165 3465 3405 3535 judicem
3449 3466 3755 3519 adversum

2167 3559 2268 3615 sibi
2289 3560 2521 3614 senserit
2550 3559 2616 3623 ¹¹,
2649 3573 2834 3613 vocem
2860 3559 3239 3629 appellationis
3265 3558 3517 3613 exhibeat
3541 3560 3605 3612 “.
3630 3560 3753 3627 Ap-

2164 3651 2450 3722 pellantem
2496 3660 2675 3705 autem
2711 3666 2818 3705 non
2850 3651 3007 3705 debet
3034 3650 3251 3705 atllictio
3278 3650 3386 3704 ulla
3422 3661 3517 3704 aut
3553 3648 3753 3704 detru-

2164 3744 2328 3799 tionis
2365 3744 2622 3813 injuriare
2645 3743 2929 3810 custodia;
2975 3743 3068 3798 sed
3111 3742 3271 3797 liceat
3312 3741 3628 3811 appellaturi
3664 3743 3752 3793 vi-

2164 3837 2350 3891 tiatam
2378 3852 2597 3892 causam
2627 3835 3005 3906 appellationis
3037 3834 3278 3889 remedia
3304 3833 3608 3888 sublevare.
3646 3830 3753 3884 Li-

2162 3938 2282 3983 ceat
2328 3929 2492 3983 etiam
2539 3928 2594 3981 in
2637 3928 2819 3982 causis
2867 3926 3243 3982 crintinalibus
3290 3925 3582 3995 appellare.
3627 3921 3757 3977 Nec

2160 4034 2265 4074 vox
2303 4018 2602 4089 appellandi
2641 4021 2937 4088 denegetur
2970 4015 3019 4070 ei
3042 4056 3057 4082 ,
3097 4030 3258 4085 quem
3299 4011 3567 4084 supplicio
3605 4027 3752 4066 sen-

2161 4110 2331 4166 tentia
2358 4108 2666 4165 destinarit.

2228 4270 2316 4324 ιιι.
2341 4270 2593 4326 Pulsatus
2611 4275 2737 4322 ante
2748 4280 2908 4322 suum
2924 4263 3163 4335 judicem
3181 4276 3402 4318 causam
3425 4260 3571 4316 dicat
3587 4260 3660 4326 ’3;
3685 4270 3757 4314 et

2158 4374 2283 4420 ante
2311 4379 2421 4418 non
2460 4376 2621 4417 suum
2649 4360 2886 4430 judicem
2911 4398 2926 4423 ,
2958 4357 3205 4428 pulsatus
3229 4395 3244 4421 ,
3277 4356 3325 4411 si
3353 4354 3621 4418 voluerit,
3659 4363 3753 4407 ta-

2155 4470 2312 4521 ceat;
2347 4464 2402 4510 et
2434 4452 2765 4524 utpulsatis,
2803 4450 3022 4523 quoties
3046 4446 3468 4519 appellaverint,
3496 4444 3757 4500 induciae

2157 4550 2353 4606 dentur
2386 4546 2452 4601 ιδ.

2229 4707 2321 4762 1V.
2342 4707 2401 4763 Si
2431 4707 2557 4778 quis
2576 4720 2705 4776 ergo
2728 4706 2901 4759 iratus
2920 4701 3126 4756 crimen
3155 4696 3375 4767 aliquod
3396 4690 3618 4751 cuilibet
3656 4704 3755 4749 te-

2156 4817 2305 4858 mere
2344 4800 2607 4871 objccerit
2624 4799 2692 4863 ¹³,
2728 4795 3037 4852 convicium
3082 4806 3189 4846 non
3234 4802 3316 4846 est
3361 4802 3461 4860 pro
3500 4802 3750 4842 accusa-

2156 4894 2304 4949 tione
2324 4890 2629 4947 habendum
2658 4907 2673 4956 ;
2703 4888 2827 4953 sed,
2857 4884 3124 4957 permisso
3151 4878 3417 4937 tractandi
3441 4878 3651 4949 spatio,
3678 4877 3751 4930 id

2157 4982 2304 5055 quod
2339 4984 2510 5038 iratus
2532 4980 2670 5036 dixit
2699 4980 2769 5043 ",
2793 4993 2889 5048 per
2912 4977 3239 5047 scripturam
3276 4989 3336 5049 se
3366 4972 3744 5043 probaturum

2157 5090 2280 5131 esse
2308 5073 2578 5140 fateatur;
2609 5080 2668 5126 ut
2688 5109 2704 5137 ,
2732 5069 2778 5125 si
2806 5068 3037 5124 fortasse
3064 5067 3394 5137 resipiscens
3415 5107 3430 5129 ,
3462 5080 3582 5135 qua:
3615 5079 3750 5133 pra:

3287 5248 3331 5279 ¹⁰
3373 5245 3433 5300 S.
3466 5243 3744 5312 Gregorq

2559 5323 2603 5355 “
2626 5320 3111 5397 E_lccli_._vtt.‘3_l-36.
3189 5320 3439 5372 "Innoc.
3472 5314 3522 5397 l,
3548 5330 3640 5397 ep;
3669 5316 3741 5376 ‘2,

2771 5393 2814 5424 ⁸⁷
2836 5392 3008 5461 captis
3042 5398 3191 5459 peste
3223 5403 3329 5442 non
3362 5392 3551 5457 prosit.
3580 5392 3738 5438 [ιιι-α

2774 5503 2790 5522 .
2852 5477 2904 5518 c.
2954 5460 3042 5515 15.
3133 5458 3176 5491 ¹⁹
3217 5458 3357 5512 idem
3407 5455 3537 5509 Adr.
3593 5467 3746 5522 cap-

3214 5528 3258 5558 “
3320 5527 3373 5589 1,
3424 5523 3745 5596 quzest._6,

1913 5612 2005 5694 '54::
2033 5592 2753 5694 33x]ititerprﬂéuianihin
2800 5592 3002 5694 .fo'pst:
3044 5592 3461 5694 Enl5‘etﬂgtl,’
3488 5596 3602 5694 tib.
3627 5592 3744 5694 '52.

487 5666 849 5747 ἱέὶηῗῖἒέἵόὂέἱῖ
874 5666 1886 5759 Theca.?‘..'.;&;z..".mags.eissi:
1926 5666 2005 5759 ίξί
2033 5680 2087 5738 5.
2112 5695 2170 5749 q.
2200 5679 2276 5759 ιε
2301 5666 2558 5759 Pulsatus
2581 5683 2737 5759 aute;
2800 5673 2847 5759 si
2870 5669 3197 5759 Agraeoth
3210 5666 3403 5759 c.1556.

1104 5736 1929 5847 ὶὲᾛᾱιζᾌξῇῖῇξῖίήΑιιίιῖιιο
1959 5753 2016 5809 in
2042 5736 2219 5808 coast.
2244 5749 2297 5817 5,
2327 5748 2410 5804 tit.
2466 5746 2630 5822 primi
2682 5744 2776 5799 lib.
2828 5758 2881 5798 Ix
2909 5739 3065 5818 rCod.
3119 5736 3327 5794 Τὶὶεοά·

485 5765 518 5819 6
535 5805 549 5831 ,
580 5765 683 5832 Qui
705 5764 930 5820 crimen.

3497 5666 3541 5697 ’³
3585 5664 3740 5732 Lq.
