3918 6194
243 255 312 307 197

1583 205 1962 303 Episrouaz.

3309 257 3329 309 1
3342 258 3408 310 98

241 369 448 427 iracundia
479 366 638 425 dixit,
668 367 863 441 iterare
902 375 997 420 aut
1037 367 1274 420 scribere
1312 367 1566 433 uoluerit,
1616 385 1724 424 non
1758 384 1798 436 Α
1832 386 2032 438 iniqua,
2065 380 2115 423 et
2152 387 2303 424 nemo
2337 387 2438 423 non
2469 371 2703 439 abjiciet.
2735 372 2795 424 In
2834 383 3107 441 conspectu
3132 375 3409 428 oculorum

242 476 285 520 ut
305 478 394 516 rens
414 459 637 512 criminis
672 439 934 512 teneatur.
975 459 1163 514 Omnis
1199 474 1328 528 ergo
1350 502 1362 526 ,
1393 461 1485 530 qui
1519 462 1722 516 crimen

241 557 372 622 objicit
407 552 461 612 ⁸⁷,
503 551 704 603 scribat
747 566 804 604 se
845 553 1223 619 probaturum.
1263 552 1469 607 Revera
1513 569 1726 623 semper

233 649 285 702 ibi
306 660 432 699 causa
451 652 655 712 agatur,
693 643 780 696 ubi
805 645 1010 698 crimen
1042 645 1364 698 admittitur.
1400 644 1465 698 Et
1492 646 1582 714 qui
1618 661 1721 699 non

228 738 462 809 probaverit
517 735 662 804 quod
717 735 944 804 obiecit,
999 751 1216 805 pinnam
1265 751 1429 806 quam
1479 737 1722 792 intulerit

225 838 305 900 ipse
321 830 543 899 patiatur.

266 1003 500 1056 [Placuit
529 1005 716 1067 etiam,
737 1005 860 1060 utsi
890 1006 1178 1076 episcopus
1211 1016 1502 1062 accusatus
1536 1007 1719 1078 appel-

215 1098 352 1151 laverit
370 1095 426 1149 ad
445 1097 797 1165 apostolicam
817 1099 996 1154 sedem
1014 1100 1079 1164 ’⁸,
1109 1099 1161 1155 id
1191 1100 1538 1156 statuendum
1570 1103 1717 1171 quod

210 1191 390 1257 ejustlem
429 1189 565 1243 sedis
603 1190 847 1258 pontifex
883 1193 1178 1246 censuerit.
1217 1191 1557 1248 Haec'tamen
1599 1209 1718 1248 ont-

210 1281 300 1335 niito
321 1282 364 1335 in
387 1282 722 1337 sacerdotum
748 1301 913 1338 causa
945 1285 1116 1339 forma
1142 1296 1404 1350 servetur,
1431 1302 1498 1340 ne
1527 1301 1718 1355 quem-

205 1391 322 1441 quam
356 1375 604 1428 sententia
627 1415 642 1439 ,
680 1392 787 1430 non
823 1392 852 1430 a
885 1394 982 1432 suo
1011 1377 1196 1446 judice
1231 1379 1371 1433 dicta
1395 1420 1408 1442 ,
1445 1380 1715 1434 constrin-

206 1469 337 1534 gat”.
366 1465 656 1522 Occurrerc
705 1485 924 1539 quoque
967 1471 1199 1540 quisque
1248 1471 1486 1526 fidelium
1540 1473 1714 1527 ruinis

202 1562 318 1613 debet
352 1575 732 1628 oppressorum
773 1571 824 1615 et
866 1563 1190 1618 miserorum
1230 1565 1474 1619 subsidio
1505 1565 1572 1632 ³ο,
1602 1581 1712 1634 quo

202 1652 394 1714 valeant,
423 1668 482 1705 cx
527 1654 862 1708 revelatione
905 1656 1094 1710 aliena:
1125 1657 1409 1722 vindictas,
1442 1674 1472 1712 a
1519 1675 1577 1713 se
1616 1659 1711 1714 Dei

1828 473 2038 514 tuorum
2088 462 2416 515 conculcabit
2470 463 2511 495 “
2547 480 2602 515 os
2634 479 2785 516 suum
2809 505 2822 526 ,
2863 474 2911 516 et
2962 479 3118 532 super
3146 481 3407 518 sermones

1827 564 1940 607 tuos
1985 556 2338 608 atlntirabitur
2376 572 2395 609 :
2462 555 2757 610 Novissime
2809 566 2982 609 autem
3043 569 3293 626 pervertet
3349 573 3408 615 os

1823 664 1976 699 suum
2005 690 2019 710 ,
2048 657 2093 700 et
2131 648 2182 700 in
2215 648 2382 701 verbis
2403 650 2508 703 tuis
2545 648 2690 702 dabit
2739 649 3068 703 scandalum.
3106 650 3279 705 Multa
3309 669 3407 705 au-

1823 737 1930 790 diri
1964 737 2026 800 3’,
2055 749 2103 791 et
2135 755 2236 790 non
2273 737 2537 808 coccqitavi
2574 740 2620 792 ei
2641 779 2656 802 ,
2686 749 2735 792 et
2780 738 3032 792 Dominus
3065 743 3201 794 odiet
3231 743 3403 796 illum.

1824 828 1929 892 Qui
1955 831 2004 880 in
2035 828 2203 881 altum
2231 831 2392 882 mittit
2421 829 2687 896 lapidem,
2717 846 2871 898 super
2897 841 3048 898 caput
3076 832 3187 898 ejus
3211 833 3360 886 cadet
3387 854 3404 898 ,-

1821 929 1868 973 et
1898 920 2054 990 plaga
2085 920 2266 973 dolosa
2287 963 2302 986 ,
2327 921 2495 973 dolosi
2524 920 2716 973 dividet
2747 921 2981 974 vulnera.
3020 920 3122 985 Qui
3148 922 3284 989 fodit
3313 921 3398 991 fo-

1820 1027 1964 1063 veam
1989 1052 2002 1075 ,
2031 1012 2229 1064 incidet
2279 1011 2333 1063 in
2367 1011 2514 1063 illam
2538 1027 2556 1074 ;
2579 1021 2627 1064 et
2660 1011 2751 1079 qui
2778 1013 2966 1064 statuit
3003 1012 3230 1079 lapident
3275 1029 3399 1081 pro-

1817 1105 1984 1169 ximo,
2021 1104 2242 1172 offendet
2267 1105 2320 1156 in
2350 1120 2452 1168 eo;
2483 1112 2530 1155 et
2561 1104 2651 1173 qui
2682 1103 2924 1172 laqueum
2954 1103 3050 1155 alii
3083 1105 3253 1171 ponit,
3285 1121 3404 1172 per-

1819 1196 1916 1248 ib‘it
1960 1196 2012 1248 in
2050 1195 2162 1250 illo.
2216 1193 2460 1248 Facienti
2495 1194 2771 1247 consilium
2805 1195 3210 1262 nequissimmu,
3247 1212 3402 1264 super

1817 1289 1986 1355 ipsum
2016 1287 2344 1350 devolvetur;
2377 1295 2427 1340 et
2458 1302 2558 1339 non
2589 1295 2832 1355 agnoscet
2862 1285 2995 1338 unde
3030 1286 3266 1340 adveniet
3293 1287 3396 1343 illi.

1819 1375 2009 1431 Illusio
2039 1387 2087 1429 et
2112 1377 2484 1446 intproperium
2515 1374 2878 1443 superborum,
2905 1385 2950 1427 et
2983 1376 3234 1440 rindtcta,
3263 1376 3400 1429 sicut

1814 1470 1892 1524 leo
1922 1468 2416 1524 insidiabiturillis.
2454 1466 2662 1536 Laqueo
2699 1467 2974 1538 peribunt,
3011 1470 3100 1537 qui
3135 1468 3400 1522 oblectan-

1817 1570 1902 1614 tur
1930 1578 2055 1616 casu
2079 1559 2388 1628 justorum;
2420 1559 2572 1612 dolor
2595 1567 2768 1611 autent
2799 1570 3065 1613 consumet
3096 1561 3218 1616 illos
3245 1573 3398 1616 ante-

1813 1669 1969 1724 quam
2020 1653 2336 1705 moriantur.
2387 1650 2482 1704 Ira
2509 1661 2553 1704 et
2603 1652 2772 1720 furor,
2817 1653 3396 1720 utraqueexsecrabilia

201 1759 418 1798 removere
466 1742 764 1800 vindictam
812 1747 876 1802 ".
927 1747 1081 1802 Libat
1121 1750 1265 1803 enim
1313 1749 1542 1805 Domino
1585 1766 1712 1820 pro-
1742 1727 1784 1780 Β
1813 1756 1931 1800 sunt
1955 1761 1973 1808 ;
2001 1756 2048 1798 et
2086 1746 2165 1798 vir
2180 1756 2441 1813 peccator,
2467 1746 2736 1798 continens
2763 1748 2861 1799 erit
2883 1748 3095 1800 illorum
3123 1749 3255 1802 ⁸³-“.
3291 1749 3396 1814 Qui

199 1848 328 1902 spera,
350 1835 431 1903 qui
458 1835 526 1889 ab
553 1837 774 1892 afﬂictis
801 1839 951 1907 pellit
985 1841 1230 1896 adversa.
1265 1840 1418 1896 Unde
1448 1843 1709 1912 scriptum

197 1935 285 1978 est:
315 1925 487 1978 Frater
515 1928 743 1994 fratrem
782 1931 1037 2000 adjuvcns
1070 1933 1398 1988 exaltabit-ur
1431 1935 1494 1988 ³³.
1523 1934 1711 1990 Eccle-

196 2020 250 2072 sit
271 2019 387 2071 enim
413 2019 501 2074 Dei
531 2022 654 2077 sine
685 2026 898 2079 macula
923 2036 974 2080 et
1008 2042 1140 2098 ruga
1171 2028 1328 2083 debet
1361 2030 1595 2085 existere
1615 2074 1629 2097 ,
1659 2040 1712 2085 et

195 2111 282 2162 ἱιιιιυ
306 2127 394 2163 non
427 2123 639 2181 oportet
673 2130 794 2167 eam
834 2132 864 2168 a
897 2117 1224 2185 quibusdam
1272 2120 1580 2174 conculcari
1618 2131 1714 2176 aut

195 2200 419 2265 maculari,
447 2201 574 2270 quia
603 2203 874 2272 scriptum
901 2213 1019 2260 est:
1059 2205 1172 2260 Una
1205 2218 1280 2260 est
1303 2209 1543 2262 columba
1573 2227 1706 2277 mea,

194 2292 368 2357 perfecta
405 2310 514 2346 mea
545 2293 614 2348 ³³.
649 2293 792 2350 llinc
825 2297 1020 2351 iterum
1061 2296 1320 2354 Dominus
1363 2301 1428 2353 ad
1472 2300 1708 2372 Moysem

194 2382 244 2432 sit
273 2399 284 2433 :
313 2381 394 2434 Es:
422 2385 565 2437 locus
603 2402 762 2454 penes
799 2405 910 2454 me,
941 2398 988 2442 et
1023 2389 1188 2443 stabis
1218 2407 1372 2458 super
1405 2402 1605 2460 petram
1641 2394 1706 2449 “.

188 2475 288 2540 Quis
312 2489 384 2533 est
423 2482 574 2534 locus
605 2481 674 2545 ³⁸,
703 2483 796 2551 qui
829 2498 935 2536 nou
973 2483 1038 2538 sit
1072 2483 1314 2551 Domini,
1347 2487 1475 2541 dum
1514 2500 1709 2544 cuncta

190 2571 226 2621 in
259 2572 382 2640 ipso,
427 2589 522 2642 per
563 2592 732 2646 quem
783 2587 960 2630 creata
993 2588 1154 2643 sunt,
1193 2581 1583 2635 continentur?
1617 2581 1711 2638 Est

190 2675 324 2718 tatucn
356 2666 500 2722 locus
526 2671 679 2738 apud
715 2667 906 2731 Deum,
943 2670 1190 2725 videlicet
1221 2681 1422 2726 saneta:
1455 2671 1711 2730 Ecclesiae

189 2757 343 2816 unitas,
369 2758 417 2810 in
441 2775 544 2828 qua
579 2776 748 2828 supra
780 2769 981 2829 petram
1018 2770 1211 2825 statur,
1244 2763 1371 2816 dum
1408 2765 1709 2821 confessio-

188 2847 249 2900 nis
279 2850 501 2904 soliditas
566 2851 850 2906 humiliter
882 2861 1110 2907 tenetur.
1142 2852 1247 2917 Te,
1285 2854 1472 2919 frater,
1511 2867 1561 2912 et
1599 2873 1712 2912 om-

187 2954 258 2991 nes
287 2938 459 2996 fratres
489 2952 714 2997 nostros
757 2943 1053 2998 Ecclesiam
1085 2945 1288 3001 Christi
1326 2948 1591 3019 sanguine
1623 2966 1708 3004 re-

184 3031 401 3101 demptam
442 3044 732 3102 regentes,
766 3051 1089 3104 monemus,
1132 3047 1189 3091 ut
1234 3053 1424 3094 omnes
1461 3056 1491 3094 a
1527 3040 1708 3110 prazci-
1733 3074 1775 3132 Ο

184 3126 298 3190 pilio,
337 3128 382 3179 in
420 3145 528 3198 quo
577 3128 781 3184 fratres
821 3141 872 3185 et
917 3130 1132 3185 Domini
1177 3134 1482 3202 pastoribus
1526 3135 1706 3189 detra-

186 3217 318 3273 bendo
365 3231 414 3275 ct
463 3225 867 3292 persequendo,
912 3226 1090 3280 verbis
1139 3235 1192 3280 et
1235 3226 1392 3282 factis
1429 3229 1703 3296 labuntur,

184 3308 341 3376 laqueis
365 3314 562 3381 quibus
600 3315 848 3383 potestis,
880 3317 1178 3383 retentetis,
1200 3327 1252 3372 et
1283 3319 1506 3374 lacerari
1539 3337 1633 3376 eos
1661 3321 1706 3352 ³⁸

186 3400 222 3452 iu
242 3403 373 3457 hamo
391 3407 431 3437 ³⁷
456 3406 552 3459 irae
587 3420 699 3459 non
736 3407 1089 3476 permittatis,
1119 3411 1244 3478 quia
1281 3413 1542 3480 scriptum
1570 3423 1655 3469 est
1688 3433 1702 3470 τ

186 3490 252 3546 lra
269 3499 385 3548 enim
415 3499 512 3551 viri
547 3499 826 3566 justitiam
863 3499 959 3552 Dei
997 3517 1095 3552 non
1125 3510 1370 3569 operatur
1396 3505 1458 3556 ³⁸.
1493 3505 1631 3559 Hinc
1659 3507 1704 3540 ”

184 3595 347 3639 rursum
369 3586 568 3641 dicitur
593 3604 607 3637 :
634 3584 712 3640 Sit
742 3575 907 3640 omnis
927 3586 1076 3640 homo
1100 3588 1244 3642 velox
1277 3590 1345 3642 ad
1364 3590 1700 3657 audiendum,

185 3676 321 3728 tardus
355 3689 525 3730 autent
567 3682 639 3730 ad
676 3678 1009 3748 loquendum,
1074 3689 1123 3734 et
1171 3681 1354 3734 tardus
1413 3683 1481 3735 ad
1541 3683 1698 3736 iram.

186 3761 271 3817 lite
307 3779 471 3822 autem
523 3786 658 3835 vos,
693 3769 800 3824 Deo
837 3780 1092 3836 auctore,
1124 3773 1305 3827 omnia
1347 3788 1562 3828 servare
1596 3789 1702 3827 non

183 3858 379 3928 ambigo,
408 3863 502 3916 sed
533 3862 826 3916 occasione
870 3863 1258 3919 admonitionis
1292 3875 1477 3920 exorta
1498 3908 1512 3931 ,
1547 3865 1704 3920 bonis

183 3953 328 4002 wstris
349 3951 640 4005 desideriis
671 3962 722 4006 et
762 3954 1017 4022 operibus
1053 3971 1138 4009 me
1167 3953 1364 4009 furtive
1393 3955 1664 4025 subjungo
1685 3994 1700 4018 ,

182 4049 220 4089 ut
242 4043 358 4107 quod
392 4059 498 4096 non
541 4042 808 4097 admoniti
839 4043 1017 4098 facitis
1040 4083 1054 4107 ,
1089 4045 1308 4114 quando
1345 4045 1497 4099 vobis
1538 4045 1698 4098 etiam

180 4129 424 4187 admonens
455 4133 720 4197 additur,
757 4134 868 4204 jam
909 4151 1014 4190 non
1057 4136 1156 4190 soli
1187 4135 1420 4190 faciatis.
1453 4135 1699 4205 Quapro-

181 4231 289 4287 pter,
317 4224 501 4280 fratres
524 4269 540 4288 ,
579 4236 788 4294 oportet
814 4243 908 4281 vos
935 4237 988 4281 et
1029 4243 1217 4282 omnes
1262 4228 1446 4282 ﬁdeles
1481 4229 1699 4298 diligere

181 4312 382 4380 invicem,
407 4325 459 4370 et
488 4332 602 4369 non
629 4316 912 4371 detrahere
933 4326 1028 4371 aut
1052 4332 1311 4372 accusare
1341 4318 1658 4371 alterutrum
1681 4334 1696 4384 ;

181 4405 388 4470 scriptum
415 4417 500 4463 est
521 4408 670 4461 enim
699 4423 711 4459 :
746 4407 916 4478 Dilige
942 4411 1260 4476 proximum,
1309 4419 1356 4462 et
1390 4409 1698 4479 conjungere
1729 4417 1772 4472 ι)

180 4493 252 4555 ﬁde
279 4498 317 4528 ⁸ο
344 4515 453 4552 cum
483 4500 603 4553 illo.
629 4499 781 4564 Quod
812 4503 855 4552 si
883 4501 1223 4554 denudaveris
1249 4500 1499 4554 absconsa
1529 4500 1694 4565 illius,

183 4600 252 4637 non
271 4592 574 4659 persequeris
603 4601 716 4659 post
744 4607 879 4643 eum.
915 4589 1064 4643 Sicut
1094 4591 1231 4644 enim
1254 4591 1386 4643 hono
1410 4592 1498 4660 qui
1526 4591 1695 4659 perdit

184 4681 360 4732 anticum
387 4700 562 4748 suum,
587 4684 662 4737 sic
683 4684 771 4753 qui
796 4685 965 4752 perdit
996 4685 1288 4737 amicitiam
1317 4684 1543 4752 proximi
1566 4684 1650 4737 sui
1676 4697 1694 4735 :

183 4780 214 4819 ct
240 4771 351 4823 sicut
378 4775 464 4844 qui
497 4774 720 4826 dimittit
756 4790 898 4828 avem
933 4776 996 4827 de
1028 4791 1187 4827 manu
1224 4791 1353 4838 sua,
1381 4775 1458 4827 sic
1486 4776 1574 4842 qui
1605 4774 1694 4827 de-

183 4862 390 4930 rcliquisti
428 4868 725 4936 proximum
756 4876 936 4933 tuum,
969 4877 1017 4921 et
1057 4884 1156 4921 non
1191 4883 1308 4921 eum
1343 4867 1535 4936 capies.
1571 4863 1695 4917 Non

181 4947 292 5001 illum
321 4957 548 5024 sequaris
586 4958 834 5025 quoniam
889 4957 1038 5027 longe
1084 4957 1248 5010 abest.
1303 4955 1503 5024 Effugit
1557 4955 1693 5008 enim

180 5044 292 5102 tusi
311 5062 488 5113 caprea
511 5049 572 5102 de
596 5048 778 5118 laqueo
796 5090 810 5114 ,
845 5049 1089 5118 quoniam
1115 5046 1381 5100 vulnerata
1409 5054 1485 5099 est
1512 5045 1692 5098 anima

181 5129 278 5196 tiu.
314 5132 457 5189 Ultra
495 5155 610 5190 eunt
634 5155 734 5191 non
770 5139 964 5207 poteris
1003 5137 1286 5206 colligare,
1325 5145 1374 5190 et
1419 5135 1690 5190 maledicti

179 5231 234 5272 ett
258 5230 586 5281 concordatio.
622 5229 898 5281 Denudare
920 5239 1092 5282 autent
1113 5229 1270 5281 amici
1293 5228 1540 5296 mysteria
1562 5269 1576 5290 ,
1600 5227 1690 5278 de-

181 5318 358 5376 speratio
381 5329 452 5370 est
485 5319 674 5373 anima:
702 5318 947 5388 infelicis.
991 5321 1237 5372 Annuens
1274 5317 1425 5371 oculo
1460 5315 1685 5386 fabricat

227 5449 260 5478 ⁸⁷
293 5450 472 5508 idemc
535 5453 622 5515 48,
672 5470 735 5509 ex
784 5455 978 5509 Aniani
1041 5455 1264 5523 interpr.
1297 5451 1350 5506 in
1379 5450 1671 5512 const.ll,
1702 5449 1944 5523 ejusdem
1995 5447 2154 5523 tituli.

473 5525 514 5555 "
566 5524 930 5580 Cod.Theod.
982 5525 1076 5579 lib.
1135 5522 1206 5589 tv,
1265 5525 1348 5578 tit.
1384 5523 1469 5587 16,
1523 5522 1776 5582 const.2,
1901 5522 1948 5550 ³⁰
2010 5522 2260 5572 consilio.
2335 5522 2378 5546 "
2422 5532 2481 5570 co

495 5595 536 5624 ³³
563 5595 718 5650 Cant.
752 5613 825 5658 vt,
852 5595 905 5649 8.
981 5595 1025 5626 ⁸⁸
1066 5593 1234 5649 Exod.
1274 5609 1465 5658 χχχιιι,
1495 5591 1585 5645 21.
1663 5591 1706 5622 ⁸⁸
1749 5592 1806 5644 S.
1842 5589 2000 5658 Greg.
2030 5605 2114 5658 ep.
2144 5587 2210 5640 ἑνὶ
2258 5585 2378 5658 libri
2410 5601 2481 5658 vit

184 5515 251 5570 lib.
298 5536 359 5573 tv.
473 5525 514 5555 "
566 5524 930 5580 Cod.Theod.
982 5525 1076 5579 lib.
1135 5515 1206 5589 ιν,
1265 5525 1348 5578 tit.
1384 5523 1469 5587 16,
1523 5537 1585 5575 co

183 5600 298 5660 triti,
322 5591 397 5644 l9.
495 5595 536 5624 ³³
563 5595 718 5650 Cant.
752 5613 825 5660 vt,
852 5595 905 5649 8.
981 5595 1025 5626 ⁸⁸
1066 5593 1234 5649 Exod.
1274 5609 1465 5659 χχχιιι,
1495 5591 1585 5645 21.

184 5653 409 5738 “iaculi.”
427 5664 576 5738 1,-20.
658 5665 699 5698 ”
739 5653 896 5738 Greg.
929 5680 1014 5736 ep.
1047 5665 1147 5719 128
1191 5662 1284 5718 lib.
1318 5680 1412 5719 vn.

186 5739 294 5781 um
313 5771 326 5796 ,
355 5732 505 5786 18-35

1505 5660 1549 5692 ⁸⁰
1588 5661 1854 5731 conjunge
1882 5660 2059 5714 tidem.

1812 1834 2071 1889 vindicari
2106 1834 2214 1888 vttlt
2236 1874 2250 1898 ,
2287 1851 2318 1886 a
2351 1833 2459 1886 Deo
2496 1835 2715 1888 inveniet
2749 1836 3068 1899 vindictam;
3095 1848 3144 1890 et
3181 1851 3394 1906 peccata

1813 1930 1957 1984 illius
1985 1945 2218 1992 servans,
2251 1930 2499 1984 servabit.
2523 1929 2772 1999 Relinque
2802 1932 3040 1998 proximo
3072 1941 3159 1984 tuo
3187 1937 3391 1986 nocenti

1814 2030 1895 2086 te,
1929 2032 1976 2073 et
2020 2031 2140 2072 tunc
2186 2021 2483 2090 deprecanti
2525 2020 2621 2074 tibi
2649 2032 2860 2090 peccata
2890 2022 3168 2078 solventur.
3222 2023 3390 2076 llomo

1811 2111 2006 2164 homini
2036 2121 2258 2165 reservat
2290 2113 2446 2175 iram,
2476 2122 2523 2165 et
2570 2129 2602 2164 a
2639 2112 2741 2165 Deo
2768 2114 2955 2182 quarrit
2994 2114 3242 2166 medelam
3271 2118 3293 2172 ?
3325 2115 3390 2168 In

1809 2202 2064 2254 hominem
2109 2201 2210 2253 sibi
2249 2201 2476 2253 similent
2520 2216 2620 2253 non
2659 2201 2810 2254 habet
2845 2203 3264 2258 misericordiam
3293 2247 3309 2271 ,
3340 2217 3391 2260 et

1809 2293 1872 2345 de
1892 2293 2117 2361 peccatis
2140 2293 2249 2344 suis
2277 2293 2588 2360 deprecatur
2633 2293 2966 2346 Altissintum
2989 2296 3014 2348 .’
3048 2295 3167 2365 Ipse
3202 2339 3216 2362 ,
3263 2299 3388 2352 dum

1809 2401 1932 2437 caro
1954 2385 2054 2448 sit,
2084 2393 2309 2437 reservat
2341 2390 2476 2436 iram
2510 2394 2558 2436 et
2589 2385 3016 2452 propitiationem
3038 2389 3166 2456 petit
3188 2407 3216 2440 a
3247 2388 3391 2443 Deo?

1812 2477 1943 2542 Quis
1964 2478 2200 2530 exorabit
2229 2492 2322 2544 pro
2348 2475 2552 2528 delictis
2578 2475 2726 2528 illius
2745 2477 2770 2529 ?
2797 2475 3057 2531 Memento
3080 2482 3388 2533 novissimo-

1810 2584 1924 2620 rutn
1947 2607 1964 2633 ,
2011 2575 2060 2619 et
2093 2567 2270 2619 desine
2304 2565 2592 2620 inimicari.
2642 2565 2908 2619 Tabitudo
2942 2570 3078 2620 enint
3104 2611 3118 2634 ,
3159 2582 3205 2622 et
3248 2587 3389 2624 mors

1808 2661 2079 2713 imminent
2110 2660 2164 2712 in
2194 2659 2461 2712 mandatis
2489 2658 2621 2726 ejus.
2662 2657 2956 2713 Memorare
2984 2661 3221 2713 tintorent
3258 2661 3384 2726 Dei,

1807 2761 1855 2805 et
1889 2767 1990 2804 non
2035 2751 2286 2804 irascaris
2324 2752 2583 2818 proximo.
2624 2749 2917 2804 Memorare
2963 2761 3257 2805 testantentt
3292 2753 3388 2806 Al-

1809 2846 2035 2912 tissimi,
2064 2855 2113 2899 et
2154 2844 2358 2913 despice
2391 2844 2748 2912 ignorantiam
2792 2844 3042 2911 proximi.
3090 2844 3307 2896 Abstine
3337 2856 3386 2897 te

1808 2957 1840 2993 a
1872 2939 1986 3002 lite,
2016 2947 2066 2992 et
2097 2939 2296 2990 minues
2322 2946 2554 3004 peccata.
2610 2935 2781 2989 Homo
2811 2936 2948 2988 enint
2987 2938 3267 2989 iracundus
3299 2938 3381 2990 in-

1809 3032 1980 3086 cendit
2016 3029 2195 3096 litem,
2222 3039 2270 3083 et
2309 3030 2388 3083 vir
2431 3037 2673 3098 peccator
2708 3026 2940 3080 turbabit
2983 3028 3178 3081 amicos
3200 3069 3213 3090 ,
3245 3039 3292 3081 et
3329 3031 3382 3082 in

1811 3121 1981 3173 medio
2018 3134 2199 3189 pacem
2243 3119 2542 3171 habentium
2588 3117 2834 3170 immittet
2880 3117 3234 3171 inimicitiam.
3287 3117 3380 3173 Se-

1809 3214 2036 3268 cundum
2086 3213 2222 3266 enim
2257 3211 2399 3281 ligna
2446 3210 2625 3276 silvw,
2666 3211 2744 3262 sic
2778 3209 2912 3279 ignis
2949 3213 3290 3275 exardescet;
3331 3222 3381 3264 et

1806 3305 2088 3361 secundum
2112 3305 2355 3358 virtutem
2384 3302 2609 3354 hominis
2631 3343 2645 3367 ,
2682 3302 2958 3358 iracundia
2988 3305 3133 3358 illius
3167 3305 3266 3357 erit
3285 3344 3300 3368 ,
3331 3315 3380 3357 et

1806 3399 2090 3452 secundum
2129 3397 2480 3456 substantiam
2527 3413 2681 3450 suant
2725 3398 2982 3453 exaltabit
3026 3400 3160 3451 iram
3203 3415 3376 3453 suam.

1807 3491 2082 3547 Certamen
2112 3491 2418 3559 festinatum
2449 3488 2684 3541 incendet
2717 3489 2917 3556 ignem,
2956 3498 3004 3541 et
3028 3488 3092 3540 lis
3122 3488 3377 3556 festinans

1803 3583 2031 3653 eﬂ‘undet
2075 3582 2418 3650 sanguinem,
2467 3591 2516 3633 et
2576 3580 2756 3649 lingua
2817 3580 3104 3645 testificaris
3157 3579 3380 3634 adducet

1804 3683 2048 3726 mortem.
2076 3669 2134 3724 Si
2157 3670 2442 3738 suﬂlaveris
2470 3671 2524 3721 in
2558 3670 2864 3734 scintillant,
2889 3672 3041 3740 quasi
3068 3672 3202 3741 ignis
3223 3686 3379 3725 catar-

1804 3763 1981 3826 debit;
2022 3773 2070 3816 et
2107 3763 2152 3818 si
2189 3763 2456 3830 exspueris
2502 3778 2657 3830 super
2686 3762 2864 3824 illam,
2908 3765 3288 3833 exstinguetur,
3326 3774 3376 3816 et

1803 3862 2022 3922 utraque
2055 3867 2120 3906 ex
2151 3869 2239 3905 ore
2281 3851 2708 3920 proficiscuntur.
2747 3849 2977 3905 Susurro
3005 3863 3051 3906 et
3093 3852 3374 3921 bilinguis,

1805 3942 2154 4007 maledictus;
2203 3942 2396 3995 multos
2437 3941 2574 3995 enim
2612 3941 2842 3994 turbavit
2881 3959 3058 4010 pacem
3107 3943 3372 3997 habentes.

1803 4035 2008 4104 Lingua
2041 4035 2197 4087 tertia
2234 4033 2423 4086 ntultos
2455 4033 2765 4096 commovit,
2794 4043 2841 4086 et
2881 4033 3125 4102 dispersit
3161 4035 3280 4088 illos
3309 4035 3375 4087 de

1800 4135 1947 4196 gente
1999 4125 2054 4178 in
2105 4135 2322 4194 gentem.
2381 4123 2629 4178 Civitates
2691 4131 2926 4175 nturatas
3001 4123 3220 4176 divitum
3283 4125 3372 4176 de-

1805 4217 2028 4279 struxit,
2064 4227 2110 4270 et
2149 4217 2330 4270 domos
2368 4227 2735 4286 magnatorum
2771 4215 2973 4282 effodit.
3015 4215 3240 4270 Virtutes
3277 4235 3372 4284 po-

1799 4307 2040 4376 pulorunt
2074 4308 2332 4370 concidit,
2369 4317 2419 4360 et
2445 4317 2620 4376 gentes
2658 4306 2820 4375 fortes
2866 4306 3124 4361 dissolvit.
3163 4306 3368 4377 Lingua

1802 4399 1956 4452 tertia
1988 4397 2226 4452 mulieres
2257 4399 2456 4451 viratas
2479 4397 2661 4466 ejecit,
2689 4404 2736 4448 et
2772 4397 2992 4465 privavit
3025 4396 3145 4449 illas
3170 4396 3366 4450 labori-

1800 4489 1894 4543 bus
1934 4490 2066 4545 suis.
2113 4491 2218 4554 Qui
2252 4490 2461 4558 respicit
2504 4487 2687 4553 illam,
2731 4505 2832 4542 non
2870 4488 3076 4542 habebit
3102 4491 3362 4560 requiem,

1799 4598 1888 4635 nec
1909 4581 2114 4635 habebit
2144 4583 2370 4634 amicunt
2402 4582 2457 4634 in
2485 4598 2587 4651 quo
2618 4582 2924 4650 requiescat.
2949 4580 3179 4652 Flagelli
3208 4584 3363 4654 plaga

1797 4673 2008 4727 livorem
2047 4674 2217 4741 facit:
2242 4671 2400 4742 plaga
2437 4682 2611 4726 autem
2643 4673 2839 4742 lingua:
2873 4676 3186 4728 comminuet
3223 4663 3362 4730 ossa.

1798 4765 1957 4818 Multi
1980 4765 2275 4818 ceciderunt
2309 4765 2364 4817 in
2386 4781 2472 4818 ore
2495 4764 2681 4835 gladii,
2712 4767 2802 4820 sed
2831 4782 2932 4819 non
2985 4767 3062 4819 sic
3105 4769 3362 4836 quomodo

1794 4856 1883 4924 qui
1907 4855 2212 4908 interierunt
2231 4871 2322 4924 per
2349 4854 2583 4924 linguam
2614 4871 2786 4909 suam.
2813 4855 3041 4922 Beatus,
3079 4857 3169 4926 qui
3196 4866 3358 4909 tectus

1794 4959 1873 5004 est
1903 4967 1935 5003 a
1969 4949 2151 5019 lingua
2196 4965 2453 5020 nequam,
2486 4952 2576 5020 qui
2615 4951 2665 5004 in
2709 4951 3038 5004 iracundiam
3077 4951 3218 5004 illius
3258 4967 3359 5003 non

1798 5040 2073 5107 transivit,
2106 5049 2155 5093 et
2181 5041 2270 5109 qui
2296 5057 2398 5094 non
2422 5041 2645 5093 attraxit
2677 5040 2860 5110 jugum
2889 5041 3033 5108 ejus,
3063 5051 3110 5094 et
3137 5040 3360 5093 vinculis

1794 5130 1906 5200 ejus
1936 5145 2038 5183 non
2067 5139 2142 5182 est
2182 5131 2397 5199 ligatus.
2426 5127 2622 5199 Jugum
2663 5131 2801 5182 enim
2827 5128 2970 5181 illius
2991 5166 3008 5192 ,
3037 5129 3225 5197 jugum
3252 5129 3361 5197 fer-

1795 5241 1940 5278 reum
1972 5231 2050 5277 est
2082 5239 2100 5278 :
2140 5231 2189 5276 et
2216 5219 2477 5275 vinculum
2514 5221 2691 5283 illius,
2729 5220 2990 5272 vinculum
3028 5235 3218 5273 cereum
3257 5229 3353 5273 est.

1795 5315 1938 5368 Mors
1971 5314 2302 5380 illius,mors
2332 5313 2688 5384 nequissima;
2715 5321 2762 5363 et
2802 5309 2947 5362 utilis
2984 5310 3156 5378 potius
3186 5309 3355 5378 infer—

2261 5446 2305 5476 ’⁸
2343 5445 2476 5500 Adr.
2500 5445 2622 5499 coll.
2655 5459 2704 5509 c,
2735 5443 2822 5496 2i.
2853 5444 2911 5494 In
2941 5442 3142 5496 deeret.
3172 5441 3346 5506 lvon.,

2335 5515 2378 5546 ³¹
2422 5532 2574 5570 conc.
2601 5515 2717 5566 Tol.
2754 5528 2868 5575 viti,
2898 5528 2947 5565 c.
2980 5512 3034 5567 2.
3120 5514 3163 5543 "
3189 5512 3350 5566 Prov.

2593 5585 2637 5615 ³⁸
2671 5583 2777 5638 labi
2807 5597 2921 5636 eos.
3049 5583 3092 5613 ³⁷
3131 5581 3186 5636 In
3220 5584 3347 5636 imo.

2691 5654 2734 5686 "
2774 5653 2939 5709 odivi.
3031 5652 3148 5685 ”'“
3183 5652 3346 5708 Eccli.

1901 5519 1948 5550 ³⁰
2010 5516 2260 5572 consilio.

2161 5657 2201 5687 “
2243 5655 2378 5711 cond
2388 5654 2603 5708 ulcabit.
