3918 6194
469 258 571 314 I99
1605 247 1662 302 S.
1706 243 1982 301 FABIANI
2021 243 2229 300 PAPJE-
2262 241 2583 298 DECRETA
3611 233 3723 286 900

470 394 589 445 nus,
618 392 776 447 quam
805 373 923 428 illa.
961 372 1361 427 Perseverantia
1391 370 1539 424 illius
1569 387 1670 425 non
1698 369 2044 440 permanebit,
2076 377 2122 432 Α
2147 377 2196 422 et
2233 376 2547 437 potestates,
2593 363 2844 419 adversus
2887 358 3067 414 mundi
3109 366 3329 412 rectores
3387 356 3728 409 tenebrarum

470 440 834 523 sed'obtinebit
869 465 980 518 vias
1022 451 1363 532 injustorum.
1414 459 1479 514 In
1527 461 1747 530 ﬂamma
1792 476 1891 513 sua
1935 475 2038 513 non
2139 459 2360 520 harum,
2411 466 2596 510 contra
2653 451 2962 522 spiritualia
3013 449 3252 520 nequitia:
3305 447 3358 498 in
3403 440 3725 498 cmlestibus.

473 560 734 614 comburet
773 557 971 627 justos.
1011 555 1112 620 Qui
1152 553 1523 623 derelinquunt
1564 552 1880 618 Dominum,
1905 550 2041 604 inci-
2142 549 2425 618 Propterea
2468 547 2688 615 accipite
2720 555 3054 598 armaturam
3095 541 3224 600 Dei,
3255 547 3312 591 ut
3345 535 3563 605 possitis
3598 533 3734 586 resi-

473 653 596 706 dent
625 651 675 704 in
700 622 848 702 illam
873 664 892 712 ;
915 657 963 700 et
986 645 1284 700 eaardescet
1306 622 1518 709 iniillis,
1547 653 1596 697 et
1626 659 1727 696 non
1753 645 2044 712 exstinguc-
2143 651 2276 694 stere
2309 641 2364 693 in
2391 639 2476 692 die
2509 638 2651 690 malo
2672 676 2687 700 ,
2713 645 2762 690 et
2791 637 2845 689 in
2878 634 3115 688 omnibus
3141 629 3356 700 perfecti
3378 637 3537 681 stare.
3571 622 3730 678 State

479 755 606 806 tur;
629 750 677 794 et
707 741 1019 793 immittetur
1044 738 1097 790 in
1124 737 1243 789 illos
1278 736 1434 806 quasi
1458 735 1557 799 leo,
1590 744 1640 790 et
1669 735 1823 805 quasi
1846 733 2042 804 pardus
2143 749 2262 803 ergo
2283 731 2536 784 succincti
2558 727 2761 781 lumbos
2793 735 2989 779 vestros
3010 724 3065 776 in
3087 723 3336 784 veritate,
3367 727 3416 770 et
3439 716 3608 769 induti
3639 714 3726 766 lo-

478 835 633 890 ltedet
662 832 802 886 illos.
839 830 959 899 Sepi
987 844 1140 882 aures
1173 839 1292 882 tuas
1311 828 1578 891 spinis,et
1608 827 1714 880 noli
1739 827 1924 880 audire
1944 825 2047 879 lin-
2147 826 2314 878 ricam
2352 823 2617 893 jnstitiaz,
2665 831 2714 874 et
2767 818 2986 872 calceati
3036 815 3187 885 pedes
3231 813 3284 865 in
3335 809 3729 880 prcepnratione

479 945 637 1000 guam
667 940 924 994 nequam,
946 930 994 975 et
1029 921 1110 973 ori
1143 930 1232 974 tuo
1263 920 1425 989 facito
1457 920 1624 985 ostia,
1646 929 1694 973 et
1728 935 1870 972 seras
1901 918 2049 971 auri-
2152 916 2427 986 Evangelii
2455 914 2624 984 pacis,
2646 914 2702 965 in
2724 909 2964 964 omnibus
2994 917 3253 961 sumentes
3279 913 3482 956 scutum
3504 901 3626 969 [idei
3665 901 3721 951 in

483 997 578 1072 bus
622 1018 746 1070 tuis.
781 1016 982 1067 Aurum
1017 1023 1162 1065 tuum
1193 1019 1242 1064 ει
1281 1017 1554 1079 argentum
1583 1017 1732 1060 tuum
1764 1007 1935 1074 cottﬂa
1958 1045 1974 1071 ,
2001 1012 2051 1058 ει
2148 1026 2249 1080 quo
2274 1007 2486 1077 possitis
2517 1005 2695 1059 omnia
2722 1003 2827 1057 tela
2862 1000 3159 1071 nequissimi
3187 999 3337 1067 ignea
3374 997 3727 1063 exstinguere.

485 1110 651 1166 verbis
678 1111 780 1162 tuis
808 1108 968 1176 facito
1005 1115 1281 1167 stateram,
1322 1111 1370 1155 et
1414 1102 1586 1170 frenos
1625 1100 1704 1152 ori
1735 1109 1823 1150 tuo
1857 1106 2050 1150 rectos.
2155 1101 2221 1154 Et
2246 1099 2450 1171 galeam
2473 1097 2662 1151 salutis
2684 1095 2958 1160 assumite,
2985 1103 3034 1146 et
3059 1091 3296 1162 gladium
3319 1089 3563 1157 spiritus,
3585 1085 3731 1156 quod

489 1204 556 1258 Et
586 1202 815 1266 attende,
839 1215 900 1252 ne
925 1199 1058 1268 forte
1088 1195 1286 1249 labaris
1307 1194 1361 1246 in
1391 1192 1572 1262 lingua
1599 1200 1710 1254 tua,
1734 1199 1783 1243 et
1813 1187 1974 1241 cadas
1998 1186 2052 1239 in
2154 1203 2230 1248 εει
2255 1192 2462 1247 uerbum
2490 1191 2586 1244 Dei
2610 1191 2678 1246 ιτ,
2711 1188 2858 1252 Hac,
2887 1187 3072 1252 frater,
3107 1200 3229 1255 qua:
3261 1182 3357 1237 tibi
3385 1180 3731 1250 scripsimus,

489 1307 764 1367 conspectu
794 1294 1128 1348 inimicorum
1164 1287 1531 1342 insidiantium
1568 1285 1692 1348 tibi,
1715 1292 1763 1336 et
1801 1282 1870 1336 sit
1902 1295 2056 1334 casus
2157 1286 2477 1356 generaliter
2513 1284 2770 1338 omnibus
2799 1290 2926 1336 ηοω
2965 1279 3080 1335 ﬁeri
3100 1278 3383 1340 νοιυηιυε,
3408 1284 3467 1328 ιιι
3494 1288 3613 1342 qua»,
3641 1286 3736 1325 ce.

493 1365 623 1445 tuus
650 1388 963 1444 insanabilis
996 1387 1051 1440 in
1083 1393 1299 1438 mortem
1329 1380 1393 1432 “-
1427 1379 1534 1433 lSl-a
1574 1384 1802 1432 caVealt
1831 1388 2056 1436 omnes.
2160 1390 2305 1433 teros
2355 1384 2601 1446 tangunt;
2662 1374 2918 1430 omnibus
2982 1381 3109 1426 nota
3163 1371 3314 1423 fiant.
3373 1365 3736 1433 Omnipotens

489 1495 536 1538 et
576 1483 843 1537 colu'beant
881 1480 1117 1548 linguam
1145 1490 1294 1529 suam
1330 1490 1362 1526 a
1402 1471 1538 1524 malo
1560 1511 1574 1534 ,
1605 1479 1654 1524 et
1699 1467 1842 1522 labia
1882 1480 2061 1520 eorum
2159 1467 2303 1523 Deus
2331 1475 2418 1534 te,
2451 1465 2639 1531 frater,
2672 1473 2726 1519 et
2755 1464 2994 1533 reliquos
3025 1460 3220 1514 ft'atres
3250 1469 3468 1512 nostros
3488 1497 3502 1518 ,
3530 1454 3740 1521 ubique

492 1593 555 1631 ne
595 1574 876 1643 loquantur
907 1570 1086 1623 dolum
1111 1567 1174 1620 “.
1207 1565 1277 1619 De
1309 1572 1494 1618 cwtero
1519 1602 1533 1626 ,
1559 1557 1867 1616 charissimi
1890 1598 1905 1621 ,
1933 1573 2062 1610 con-

2207 1560 2555 1623 Jnsistentes,
2595 1569 2840 1628 protegat
2881 1569 3053 1625 usque
3089 1553 3143 1606 in
3197 1551 3358 1604 ﬁnem
3385 1549 3450 1610 ⁸⁸,
3478 1547 3567 1616 qui
3591 1561 3739 1600 cun-

496 1637 770 1736 fortamini
804 1663 858 1716 in
885 1661 1125 1726 Domino,
1155 1668 1203 1732 et
1237 1658 1289 1710 in
1326 1654 1556 1725 potentia
1582 1651 1792 1706 virtutis
1816 1649 1946 1724 ejus.
1977 1644 2064 1699 ln—
2096 1726 2135 1736 _
2166 1659 2313 1707 ctum
2338 1651 2598 1705 mundum
2621 1649 2874 1719 dignatus
2893 1657 2975 1701 est
2998 1645 3283 1705 redimere,
3305 1639 3463 1694 Jesus
3483 1637 3741 1692 Christus

495 1726 643 1813 duite
666 1773 774 1818 vos,
805 1764 1133 1808 armaturam
1170 1730 1294 1812 Dei,
1321 1757 1377 1800 ut
1401 1745 1612 1816 possitis
1643 1753 1786 1797 stare
1815 1744 2063 1794 adversus
2095 1726 2139 1781 Β
2167 1742 2430 1797 Dominus
2481 1751 2688 1805 noster,
2744 1739 2840 1810 qui
2899 1746 2983 1791 est
3037 1733 3355 1789 benedictus
3403 1730 3456 1783 in
3512 1727 3738 1782 saecula.

497 1851 721 1905 insidias
758 1816 1272 1915 diaboli;quoniam
1311 1857 1414 1894 non
1457 1846 1531 1892 est
1575 1837 1722 1890 nobis
1763 1833 2065 1887 colluctatio
2161 1833 2356 1890 Amen.
2408 1832 2537 1886 Data
2594 1831 2835 1895 decimo.
2862 1827 3091 1897 septimo
3150 1821 3376 1878 Kalend.
3438 1816 3741 1872 Novemb:

500 1946 746 1999 adversus
770 1957 977 1995 carnem
1002 1949 1048 1992 et
1072 1938 1395 2006 sanguinem,
1423 1933 1508 2002 sed
1533 1933 1777 1985 adversus
1807 1928 2065 1999 principes
2161 1925 2418 1980 Africano
2446 1933 2500 1980 et
2528 1922 2690 1978 Decio
2711 1923 2756 1953 δ’
2789 1920 2923 1976 viris
2953 1915 3272 1974 clarissimis
3301 1911 3642 1968 consulibus.

604 2078 650 2110 "
703 2075 870 2129 Eccli.
901 2087 1101 2132 xxvtn,
1146 2069 1296 2124 1-50.
1401 2069 1446 2100 “
1487 2065 1630 2122 Psal.
1667 2067 1984 2126 XXIIII,1-L
2079 2063 2122 2093 ⁸⁷
2164 2060 2362 2133 Ephes.
2411 2076 2500 2119 vt.
2530 2058 2715 2114 {0-17.
2821 2056 2866 2088 ⁸⁸
2901 2053 2958 2110 S.
2994 2053 3156 2124 Greg.
3206 2066 3327 2121 ep.,
3365 2047 3455 2108 54,
3506 2045 3601 2099 lib.
3637 2057 3742 2096 vn.

507 2148 551 2181 “
576 2151 834 2201 mendosa
863 2142 1160 2197 adnotatio.
1198 2184 1202 2189 .

824 2450 1092 2509 Decreta
1119 2445 1180 2506 S.
1218 2437 1479 2512 Fabiani
1523 2455 1600 2498 ex
1651 2437 1919 2497 Decreto
1948 2427 2236 2492 Gratiani
2260 2427 2624 2504 desumpta,
2669 2440 2788 2486 nec
2827 2419 3156 2502 prioribus
3188 2418 3449 2480 inserta.

513 2738 556 2794 1.
584 2734 1096 2792 Inediismaceretur
1115 2729 1381 2783 acerrimis
1409 2730 1498 2798 qui
1535 2727 1692 2798 fratri
1719 2743 1810 2782 suo
1836 2728 2061 2782 reconci-
2171 2735 2290 2779 suat
2351 2710 2817 2785 consanguineis,
2881 2714 3007 2778 post
3068 2712 3300 2760 mortem
3365 2716 3478 2757 sua:
3526 2701 3746 2756 uxoris.

1083 2800 1207 2854 liari
1233 2817 1334 2854 non
1359 2803 1487 2853 vult.

519 2918 692 2990 (Dist.
723 2915 812 2981 90,
837 2912 898 2969 Si
923 2915 1037 2984 quis
1059 2914 1399 2967 contristatus
1421 2929 1439 2976 ;
1461 2911 1626 2967 Basil.
1645 2911 1698 2965 in
1716 2909 1865 2980 Reg.,
1890 2924 1939 2964 c.
1963 2907 2073 2978 τι.)

593 3006 653 3062 Si
701 3005 824 3077 quis
850 3004 1204 3058 contristatus
1250 3002 1486 3056 noluerit
1537 2999 1877 3055 reconciliari
1922 2996 2076 3053 fratri

2425 2830 2506 2885 Ad
2534 2827 2747 2882 titulum
2777 2822 3077 2878 immediate
3104 2817 3492 2890 pra’scriptum.

2321 2921 2570 2996 (Eodem
2623 2934 2767 2988 eap.,
2820 2931 2888 2970 ex
2937 2912 3127 2969 eodem
3183 2907 3602 2978 I‘mnitentiali.)

2252 3015 2354 3083 Qui
2408 3013 2766 3084 propinquam
2813 3006 3096 3077 sanguinis
3160 3018 3386 3057 uxorem
3437 2999 3643 3054 ducunt
3693 3004 3757 3050 et

520 3114 642 3166 suo,
693 3095 1059 3153 satisfacicnte
1102 3110 1167 3149 eo
1219 3093 1312 3164 qui
1369 3091 1742 3159 contristavit,
1796 3089 2078 3147 acerrimis

2208 3114 2520 3178 «parantur,
2543 3117 2648 3156 non
2680 3098 2862 3154 licebit
2891 3097 2994 3161 eis,
3025 3095 3265 3166 quandiu
3292 3093 3504 3163 utrique
3535 3091 3754 3156 vivunt,

521 3198 826 3246 macerctur
846 3187 1061 3252 iuediis,
1081 3199 1254 3257 usque
1289 3183 1418 3239 dum
1439 3182 1676 3254 gratanti
1706 3181 1889 3236 animo
1919 3181 2080 3236 satis-

520 3283 812 3340 factionem
852 3280 1097 3350 recipiat.

577 3398 646 3455 ιι.
687 3397 915 3468 lnfamis
938 3396 1153 3465 efﬁcitur
1173 3393 1263 3464 qui
1284 3392 1451 3447 sciens
1479 3390 1712 3461 pejerare
1733 3391 2025 3458 praesumit.

525 3508 614 3582 (6,
651 3525 706 3580 q.
739 3509 790 3573 l,
823 3505 1126 3576 Quicunque
1171 3500 1604 3582 sciensiliegino
1651 3516 1718 3556 ex
1760 3501 1857 3557 lib.
1897 3500 2080 3556 Pumi-

1172 3573 1436 3641 tentiali.)

595 3671 918 3738 Quicunque
973 3666 1150 3722 sciens
1204 3680 1262 3720 se
1321 3663 1674 3735 pejeraverit,
1727 3661 2081 3733 quadraginta

523 3764 641 3818 dies
671 3763 721 3816 in
747 3776 884 3831 pane
913 3767 966 3812 et
997 3772 1138 3827 aqua
1159 3795 1176 3820 ,
1226 3765 1279 3809 et
1320 3763 1524 3824 septem
1576 3764 1863 3824 sequentes
1911 3769 2084 3807 annos

527 3856 818 3926 poeniteat;
850 3860 903 3905 et
934 3863 1209 3918 nunquam
1238 3847 1309 3902 sit
1337 3847 1454 3900 sine
1479 3845 1829 3916 poenitentia;
1865 3853 1918 3898 et
1948 3861 2086 3898 nun-

528 3961 691 4016 quam
739 3945 792 3998 in
846 3941 1218 3997 testimonium
1278 3939 1602 4008 recipiatur;
1648 3936 2084 3991 communionem

531 4049 710 4093 tamen
744 4045 865 4106 post
892 4035 996 4088 hoe
1024 4031 1295 4102 percipiat

532 4151 615 4206 ΙΙΙ.
646 4151 902 4204 Furiosus
925 4157 973 4202 et
998 4144 1202 4219 furiosa
1250 4143 1644 4197 matrimonium
1665 4143 1966 4196 contrahere
1988 4157 2086 4193 non

1187 4223 1426 4288 possunt.

533 4333 658 4404 (52,
681 4347 735 4404 q.
773 4331 828 4400 7,
862 4327 1039 4404 Neque
1075 4327 1326 4404 Luriosus.
1360 4325 1425 4404 Et
1459 4327 1510 4379 in
1543 4325 1745 4404 Qecret.
1773 4324 1881 4381 Ivo.
1903 4322 1998 4379 lib.
2015 4342 2086 4380 vl.

878 4395 1045 4453 Alfert
1075 4395 1283 4469 Regino
1317 4413 1383 4452 ex
1413 4397 1526 4466 lege
1553 4395 1743 4464 lium.)

601 4488 787 4560 Neque
852 4489 1128 4554 furiosus,
1188 4502 1362 4557 neque
1426 4486 1634 4541 furiosa
1682 4485 2089 4541 matrimonium

535 4580 856 4634 contrahere
885 4589 1131 4648 possunt.
1159 4577 1264 4632 Sed
1305 4579 1352 4632 si
1393 4586 1728 4633 contractum
1769 4575 1951 4642 fuerit,
1985 4591 2089 4629 non

536 4680 852 4740 SCpﬂl‘ClllUl’

538 4785 626 4840 lV.
661 4785 846 4854 Aﬂines
884 4784 937 4835 in
975 4789 1160 4852 quinta
1204 4785 1534 4852 generatione
1576 4784 1815 4854 copulari
1847 4793 2091 4854 possunt,

626 4866 673 4908 et
699 4859 750 4907 iu
784 4864 994 4924 quarta,
1020 4855 1064 4906 si
1083 4855 1276 4922 fuerint
1306 4855 1517 4921 inventi,
1540 4871 1643 4908 non
1673 4867 2000 4926 separentur.

541 4965 657 5034 (55,
699 4980 754 5034 q.
779 4963 814 5017 2
843 4974 895 5018 ct
923 4964 977 5029 ’5,
1022 4963 1094 5017 De
1130 4966 1578 5047 ﬁgulitgttils.‘ESl
1619 4983 1684 5023 cx
1731 4968 2094 5025 Pmnitentiali

1145 5035 1436 5090 Theodori.
1457 5037 1476 5107 )

611 5153 682 5207 De
714 5152 1054 5224 propinquis,
1079 5152 1172 5220 qui
1215 5150 1283 5204 ad
1336 5151 1650 5207 afﬁnitatem
1696 5168 1791 5222 per
1839 5153 2014 5206 virum
2044 5162 2098 5208 et

541 5263 764 5301 uxorem
797 5245 1043 5308 veniunt,
1067 5243 1320 5299 defuncta
1349 5260 1520 5300 uxore
1543 5245 1626 5299 vel
1650 5244 1786 5310 viro,
1823 5245 1875 5298 in
1908 5248 2095 5315 quinta

541 5339 888 5409 generatione
936 5337 1374 5408 coniungantur;
1415 5338 1469 5392 in
1516 5347 1740 5408 quarta,
1794 5339 1840 5396 si
1893 5339 2097 5395 inventi

547 5429 769 5493 fuerint,
820 5446 930 5484 non
975 5423 1316 5500 separentur.
1369 5430 1424 5485 In
1455 5435 1610 5486 tertia
1661 5441 1840 5488 tamen
1880 5434 2098 5504 propin-

543 5520 747 5590 quitate
798 5537 907 5575 non
967 5521 1091 5577 licet
1139 5537 1363 5577 uxorem
1421 5524 1643 5579 alterius
1683 5525 1926 5595 accipere
1981 5533 2102 5596 post

542 5611 751 5667 obitum
789 5612 928 5680 ejus.
965 5611 1269 5682 Equaliter
1301 5614 1384 5669 vir
1415 5615 1777 5686 coniungatur
1819 5617 1872 5670 in
1913 5618 2102 5672 matri-

544 5705 730 5762 monio
759 5704 869 5770 eis,
903 5720 1023 5774 qua:
1061 5706 1164 5762 sibi
1197 5711 1612 5780 consanguinea:
1649 5716 1798 5775 sunt,
1830 5718 1883 5765 et
1912 5711 2100 5766 uxoris

2179 3195 2314 3250 alias
2352 3206 2550 3247 uxores
2596 3188 2699 3244 sibi
2743 3187 2800 3241 in
2848 3185 3108 3257 coniugio
3139 3184 3386 3247 sociare,
3436 3183 3542 3236 nisi
3593 3182 3759 3253 igno-

2179 3285 2355 3341 rantia
2385 3289 2739 3339 excusentur.

2183 3395 2247 3451 γ.
2286 3393 2676 3464 Consanguinei
2715 3401 2963 3464 tantum,
2993 3389 3091 3464 vel,
3139 3391 3186 3442 si
3225 3390 3491 3464 progenies
3538 3391 3752 3464 defecit,

2251 3467 2456 3535 antiqui
2484 3462 2531 3518 et
2561 3479 2785 3527 veraces,
2817 3463 3259 3532 propinquitatem
3293 3462 3344 3513 in
3384 3462 3578 3530 synodo
3605 3476 3757 3512 com-

2251 3545 2450 3607 putent.

2184 3631 2296 3698 (55,
2319 3647 2372 3700 q.
2399 3628 2453 3694 6,
2485 3625 3327 3762 Consanguineoslqutranqoruin.
3356 3621 3421 3677 Et
3455 3623 3507 3676 in
3539 3621 3755 3677 Decret.

2793 3711 2877 3748 vo.
2927 3712 2939 3747 ι
2985 3735 2997 3745 .
3024 3709 3123 3747 vn.

2793 3711 2877 3748 VO.
2905 3709 2997 3748 ιιυ.
3024 3709 3123 3747 VH.

2253 3789 2703 3859 Consanguineos
2751 3800 3135 3841 extraneorum
3174 3784 3356 3839 nullus
3400 3793 3639 3848 accuset,
3668 3786 3760 3839 vel

2185 3881 2717 3952 consanguinitatem
2751 3879 2804 3933 in
2837 3877 3046 3949 synodo
3081 3884 3379 3946 computet,
3410 3876 3502 3930 sed
3533 3877 3761 3944 propin-

2186 3975 2302 4044 qui,
2334 3975 2401 4028 ad
2431 3987 2666 4042 quorum
2711 3971 2956 4024 notitiam
2989 3969 3242 4037 pertinet,
3276 3967 3326 4020 id
3357 3975 3461 4031 est,
3506 3977 3656 4036 pater
3701 3975 3764 4020 et

2189 4075 2382 4127 mater,
2411 4077 2570 4117 soror
2611 4071 2666 4116 et
2700 4061 2886 4126 frater,
2919 4069 3168 4129 patruus,
3202 4059 3529 4124 avunculus,
3563 4059 3758 4122 amita,

2189 4164 2497 4215 matertera,
2528 4164 2582 4207 et
2609 4168 2798 4207 eorum
2827 4151 3150 4220 procreatio.
3179 4149 3236 4204 Si
3263 4160 3440 4205 autem
3468 4151 3762 4219 progenies

2191 4253 2305 4300 tota
2338 4244 2628 4308 defecerit,
2673 4245 2741 4298 ab
2795 4243 3201 4312 antiquioribus
3274 4252 3328 4297 et
3383 4243 3762 4297 v-eracioribus

2191 4336 2391 4406 quibus
2409 4334 2596 4389 eadem
2629 4335 3006 4405 propinquitas
3036 4343 3162 4390 nota
3190 4343 3293 4402 est,
3329 4335 3617 4404 episcopus
3659 4351 3762 4388 ca-

2123 4438 2166 4492 D
2196 4429 2388 4484 nonice
2413 4429 2688 4498 perquirat
2711 4445 2724 4480 :
2751 4439 2804 4484 et
2835 4429 2880 4484 si
2912 4415 3126 4483 invebta
3159 4428 3322 4482 fuerit
3351 4428 3757 4497 propinquitas,

2199 4529 2539 4590 separentur.

2283 4632 2369 4690 VI.
2415 4632 2514 4687 Ter
2541 4634 2595 4687 in
2617 4650 2754 4687 anno
2783 4634 2999 4704 quisque
3025 4632 3265 4702 ﬁdelium
3296 4633 3662 4686 communicet.

2195 4725 2303 4797 (De
2335 4743 2565 4782 consecr.
2616 4727 2744 4782 dist.
2777 4725 3011 4849 ἐζημίιεὶ
3053 4743 3198 4864 )ηοη.
3244 4725 3311 4780 Ει
3349 4727 3402 4780 in
3443 4725 3597 4780 Decr.
3643 4723 3759 4781 Ivo.

2892 4816 2901 4848 ι
2949 4838 2962 4850 .
2993 4813 3029 4850 ι.

2892 4813 2962 4850 Ιυ.
2993 4813 3029 4850 1.

2263 4887 2383 4944 Etsi
2433 4905 2544 4944 non
2595 4888 2970 4960 frequentius.
3017 4889 3206 4942 saltem
3255 4890 3308 4943 in
3359 4904 3503 4944 anno
3530 4897 3612 4944 ter
3633 4889 3764 4944 laici

2196 4982 2445 5037 homines
2481 4982 2907 5046 communicent,
2962 4981 3064 5036 nisi
3123 4979 3262 5035 forte
3291 4982 3416 5050 quis
3461 4982 3767 5052 majoribus

2195 5071 2527 5142 quibuslibet
2599 5072 2922 5126 criminibus
3010 5070 3379 5139 impediatur,
3434 5072 3486 5126 in
3547 5071 3766 5130 Pascha

2203 5165 2473 5229 videlicet,
2491 5175 2546 5226 et
2564 5162 2903 5227 Pentecoste,
2933 5172 2987 5216 ct
3009 5161 3182 5217 Natali
3209 5162 3441 5218 Domini.

2318 5275 2430 5330 VII.
2467 5277 2603 5330 Ante
2633 5291 2799 5329 annos
2831 5274 2899 5329 50
2929 5275 3195 5344 presbyter
3218 5291 3317 5328 non
3343 5277 3633 5331 ordinetur.

2200 5363 2370 5435 (Dist.
2405 5363 2492 5432 78,
2524 5363 2583 5420 Si
2607 5367 2744 5434 quis,
2775 5366 2872 5429 5ος
2905 5377 2955 5419 ct
2983 5367 3035 5418 in
3078 5367 3230 5420 Decr.
3275 5369 3387 5420 lvo.
3430 5368 3521 5422 lib.
3557 5384 3652 5435 Ill;
3697 5384 3767 5423 ex

2564 5436 2796 5491 Mat-tino
2828 5435 3079 5503 Bracar.,
3111 5453 3230 5506 cup.
3253 5436 3382 5508 ‘20.)

2272 5527 2330 5582 Si
2393 5528 2516 5598 quis
2586 5527 2808 5598 triginta
2865 5529 3042 5584 aetatis
3115 5544 3228 5585 sua:
3290 5545 3399 5584 non
3460 5530 3771 5602 impleverit

2201 5635 2395 5686 annos,
2448 5620 2596 5675 nullo
2647 5622 2809 5677 modo
2859 5622 3141 5692 presbyter
3187 5622 3495 5687 ordinetur,
3550 5624 3767 5678 etiamsi

2201 5711 2358 5767 valde
2415 5712 2484 5768 sit
2517 5712 2746 5784 dignus;
2799 5713 2928 5783 quia
2965 5721 3020 5768 et
3070 5712 3184 5783 ipse
3231 5711 3498 5770 Dominus
3543 5713 3770 5784 triginta
