3918 6194
218 294 281 349 ιιι
662 286 719 341 s.
759 283 1178 341 accusans
1218 282 1581 339 HIEROSOL.
1610 262 1839 337 'Eplsc.
1883 278 1970 335 ET
2010 277 2328 336 usn'rvn.
2353 310 2421 319 —
2462 274 2764 332 norma.

3245 278 3352 330 202

217 423 406 465 annorum
450 404 731 471 baptizatus
770 416 882 471 est,
927 415 980 459 et
1016 412 1096 460 sic
1133 405 1299 475 empit
1326 405 1538 461 docere.
1592 401 1708 457 Non
1768 411 1980 471 Oportet
2023 414 2186 471 ergo,
2234 401 2327 470 qui
2372 398 2707 452 ordinandus
2751 407 2853 463 est,
2893 411 3065 468 usque
3100 394 3169 449 ad
3210 397 3354 451 hanc

217 515 359 559 autem
375 499 629 567 legitimam
662 500 992 555 consecrari.

228 758 448 842 Ejusdem
476 756 721 818 decreta
756 773 834 816 ex
872 755 1100 817 Codice
1127 756 1541 815 Decretorum
1575 751 1897 892 sexdecim
1926 748 2266 818 librorum,
2308 743 2472 806 libro
2504 742 2756 823 quinto,
2795 744 2996 823 capite
3036 747 3311 825 septimo

1578 849 1611 892 e
1671 846 1868 892 nono.

1578 846 1640 892 et
1671 846 1868 892 nono.

221 964 247 1017 Ι.
270 959 319 1015 Ut
338 958 503 1012 oblatio
524 956 709 1012 altaris
731 954 956 1025 singulis
981 953 1163 1006 diebus
1187 951 1481 1004 Dominicis
1512 951 1629 1020 ﬁat.
1695 956 1743 1011 Α
1834 944 1904 1001 Ut
1953 946 2220 1015 presbyter
2259 944 2573 1025 illitteratus
2624 944 2842 1025 missam
2884 945 3145 1003 celebrare
3188 965 3295 1002 non

240 1074 553 1137 Decernimus,
598 1079 661 1124 ut
718 1070 772 1124 in
825 1069 1079 1123 omnibus
1126 1064 1667 1121 Dominicis'diebus

597 1162 669 1217 ab
726 1162 980 1216 omnibus
1033 1160 1167 1213 viris
1234 1168 1287 1213 et
1350 1157 1670 1211 mulieribus

191 1262 358 1322 tamam
377 1257 515 1325 panis
544 1270 709 1325 quam
742 1254 879 1320 vini,
908 1262 962 1306 ut
1002 1268 1099 1322 per
1134 1253 1234 1306 has
1267 1250 1669 1304 immolationes

193 1168 321 1223 altaris
359 1164 535 1219 oblatio

188 1359 491 1420 apeccatorum
523 1362 748 1401 suorum
782 1344 1024 1400 fascibus
1060 1344 1385 1398 liberentur.

2455 1015 2670 1069 audeat.

1845 1106 2187 1163 Sacriﬁcium
2217 1121 2327 1159 non
2354 1113 2439 1159 est
2468 1105 2844 1174 accipiendum
2872 1108 2938 1163 de
2967 1124 3131 1163 manu
3164 1126 3349 1165 sacer-

1773 1200 1937 1268 dotis,
1977 1199 2071 1270 qui
2106 1198 2383 1253 orationes
2412 1197 2496 1251 vel
2525 1197 2766 1254 actiones
2798 1210 2852 1255 et
2882 1200 3121 1270 reliquas
3159 1201 3349 1255 obser-

1773 1293 2025 1347 vationes
2065 1291 2121 1345 in
2182 1289 2350 1345 missa
2406 1289 2707 1345 secundum
2753 1291 2918 1345 ritum
2967 1291 3191 1361 implere
3237 1305 3350 1346 non

1775 1394 1977 1455 potest.

187 1504 3322 1555 Μ

1385 1682 1559 1725 ANNO
1600 1679 1831 1723 DOMINI
1875 1679 2035 1721 CCLI.

909 1822 1079 2001 S.
1208 1815 2533 1995 ALEXANDER

307 2093 1544 2189 HIEROSOLYMITANUS
1616 2090 2276 2186 EPISCOPUS
2349 2095 2501 2184 ET
2575 2092 3108 2184 MARTYll.

1370 2383 1658 2498 NOT
1690 2386 1988 2497 ITIA

916 2605 1205 2669 (Gutum,
1236 2606 1466 2655 Veterum
1491 2606 1699 2654 Patrum
1734 2602 1983 2664 Bibliotlt.,
2013 2606 2074 2665 ll,
2106 2605 2327 2667 Proleg.,
2351 2604 2413 2668 pi
2444 2607 2615 2668 xxvn.)

164 2851 189 2907 l.
214 2855 459 2909 Alexander
485 2857 722 2929 primum
760 2856 816 2909 in
859 2855 1195 2926 Cappadocia
1241 2859 1540 2928 episcopus,
1574 2877 1859 2929 quamnam
1883 2859 2177 2913 Ecclesium
2221 2863 2431 2911 rexerit.
2474 2860 2557 2910 Ad
2584 2860 2759 2911 sedem
2801 2857 3336 2929 llierosolymitanam

206 2928 439 2980 translatus
467 2928 750 2980 divinitus.

161 2987 203 3045 il.
230 2993 326 3047 Post
353 2997 588 3049 iteratam

629 2998 760 3069 [fidei
793 2997 1172 3069 confessionem
1200 2998 1481 3069 illustrem,
1509 3001 1587 3054 vir
1618 3001 1808 3054 decora
1833 3010 2094 3053 senectute
2126 3000 2437 3068 conspicuus
2471 3000 2522 3050 in
2560 3015 2817 3051 carcerem
2861 3010 3065 3069 martyr
3097 3000 3339 3054 occubuit

203 3082 304 3137 anno
331 3065 526 3137 Domini
554 3067 670 3121 252
693 3084 812 3121 cum
846 3065 1137 3121 Ecclesiam
1170 3068 1709 3137 Hierosolymitanam
1733 3071 2155 3124 administrasset
2181 3065 2333 3121 annis
2362 3069 2571 3121 circiter
2596 3069 2684 3120 40.

163 3130 218 3185 ll].
251 3134 301 3208 in
327 3136 463 3189 milia
511 3138 646 3191 urbe
692 3138 1070 3208 bibliothecam;
1101 3139 1354 3208 insignem
1396 3130 1650 3195 instruxit
1693 3141 2010 3196 Alexander.
2063 3138 2248 3192 Varias
2272 3155 2490 3208 quoque
2517 3138 3038 3207 scripsitepistolas:
3080 3140 3148 3192 ad
3186 3141 3338 3192 Ami-

203 3207 352 3281 uoilas,
383 3208 447 3259 ad
487 3208 898 3273 Amice/tenses,
927 3208 996 3260 ad
1039 3206 1337 3279 Origenem,
1361 3219 1412 3263 et
1448 3227 1544 3280 pro
1576 3211 1798 3281 Origene
1830 3222 2015 3264 contra
2047 3206 2396 3264 Demetrium.
2441 3206 2647 3261 Harum
2691 3209 2991 3280 fragmenta
3020 3225 3083 3263 ea:
3112 3209 3338 3263 Eusebio

201 3278 468 3345 deprompta.

203 3392 506 3449 Alexandrum
574 3395 735 3465 prius
797 3395 850 3448 in
928 3394 1270 3465 Cappadocia
1335 3397 1653 3467 episcopum
1693 3403 1732 3457 Β
1762 3396 2035 3466 insignem
2076 3394 2406 3450 Christianae
2451 3395 2572 3448 ﬁdei
2615 3393 3019 3449 confessionem
3062 3396 3130 3451 ad
3173 3413 3339 3466 supra

160 3481 270 3538 fuisse
301 3487 595 3541 ordinatum
653 3486 844 3540 scribit
893 3484 1162 3540 Eusebius
1202 3486 1278 3555 (l)
1329 3487 1423 3555 qui
1471 3496 1649 3541 tamen

159 3576 257 3629 urbis
295 3578 337 3629 in
384 3595 488 3647 qua
546 3579 644 3632 ille
704 3577 906 3631 sederit
949 3593 1144 3631 nomen
1205 3578 1414 3632 reticet.
1469 3577 1654 3648 Neque

158 3666 260 3719 aliter
284 3668 635 3741 lleronyntus
665 3668 765 3737 (‘2).
818 3668 1087 3723 Flaviadis
1119 3669 1440 3738 episcopum
1484 3668 1652 3724 fuisse

159 3756 439 3815 Alexandrum
484 3770 745 3817 statuunt
775 3758 1027 3815 Valesius
1058 3773 1109 3814 et
1144 3758 1524 3816 Tillemoutius
1549 3761 1650 3831 (ὃ),

159 3862 197 3899 ιι
226 3849 317 3917 jure
352 3852 833 3909 Grteco—Itomano
864 3853 980 3922 (4):
1040 3853 1200 3922 cujus
1247 3862 1428 3908 tamen
1474 3862 1654 3910 textus

159 3940 262 3993 verba
286 3944 343 3996 ita
371 3955 631 4015 corrupta
662 3944 997 3999 existimavit
1028 3943 1421 4015 Wesselingius
1445 3947 1547 4014 (5),
1592 3954 1653 4001 ut

157 4028 219 4097 ipsi
240 4036 587 4107 ambigendum
627 4052 732 4090 non
768 4036 1035 4101 videatur,
1073 4037 1203 4106 quin
1252 4036 1356 4090 hac
1400 4036 1453 4089 in
1501 4046 1653 4105 parte

157 4134 223 4173 non
258 4127 314 4179 sit
338 4140 639 4196 peccatum.
672 4126 960 4197 Utcunque
996 4128 1100 4194 sit,
1139 4146 1157 4178 ι
1192 4126 1449 4181 Antonini
1485 4127 1654 4182 Cara-

157 4214 251 4269 [λιιι
283 4233 409 4273 anno
440 4219 495 4285 9.,
532 4220 742 4274 Christi
784 4219 947 4281 Ἤδη
995 4228 1056 4272 ut
1093 4218 1255 4272 habet
1289 4218 1554 4273 Eusebius
1595 4220 1649 4272 in

158 4302 339 4364 Chronico
369 4314 466 4383 (6),
511 4332 530 4364 ι
555 4313 871 4368 Alexander
913 4312 1220 4366 tricesimus
1252 4311 1481 4380 quintus
1523 4310 1651 4365 Hie-

157 4401 470 4471 rosolymorum
516 4404 814 4474 episcopus
858 4403 1145 4457 ordinatur
1202 4402 1381 4457 adhuc
1439 4402 1651 4456 vivente

157 4485 355 4559 Narcisso,
386 4508 438 4551 et
468 4512 600 4552 cum
631 4511 698 4550 eo
729 4496 931 4565 pariter
957 4493 1255 4549 Ecclesium
1290 4493 1481 4565 regit.»
1511 4492 1647 4546 Rem

157 4579 273 4641 latius
313 4591 429 4645 alibi
470 4600 698 4645 enarrat
732 4590 872 4644 idem
922 4592 1209 4659 episcopus
1271 4589 1645 4645 Caesariensis.

161 4674 358 4744 'luterea,
386 4684 563 4753 inquit
597 4683 711 4753 (7),
756 4699 882 4737 cum
917 4682 1154 4737 Severus
1186 4682 1375 4736 decem
1420 4691 1474 4736 et
1520 4690 1647 4735 octo

157 4770 259 4823 annis
290 4773 566 4843 imperium
606 4774 898 4839 tenuisset,
948 4773 1264 4827 Antoninus
1302 4771 1645 4841 (Caracalla)

156 4854 249 4914 ilius
284 4866 448 4935 (ejus)
505 4866 562 4920 in
612 4867 731 4936 ejus
762 4867 943 4920 locum
1000 4862 1286 4918 successit.
1336 4862 1454 4928 Qua
1503 4870 1643 4916 tem-

156 4962 296 5013 Male
317 4959 635 5024 Alexander,
665 4974 808 5013 unus
846 4973 915 5011 ex
941 4971 1133 5011 eorum
1178 4968 1408 5009 numero
1449 4954 1541 5023 qui
1586 4954 1640 5007 in

156 5050 453 5104 Wsecutione
498 5049 731 5119 (Severi)
779 5048 993 5103 fortiter
1032 5054 1396 5110 certaverant,
1450 5055 1503 5099 et
1547 5045 1641 5113 qui

157 5144 233 5189 l-Ost
271 5140 480 5202 gloriosa
530 5142 891 5197 confessionis
935 5142 1231 5197 certamina
1275 5139 1459 5193 divina
1498 5138 1638 5193 Pro-

158 5226 322 5283 “dentia
368 5234 583 5288 fuerant
632 5235 925 5300 reservati,
970 5249 1131 5304 quem
1178 5248 1278 5288 nos
1324 5231 1639 5303 Hierosoly-

161 5325 303 5375 Μτιιω
337 5327 639 5398 episcopum
684 5328 855 5384 fuisse
887 5327 1048 5398 paulo
1073 5336 1198 5380 ante
1228 5326 1536 5391 retulimus,
1571 5324 1641 5378 ob

203 5483 255 5555 ii)
285 5484 490 5553 Euseb.,
536 5490 672 5544 Hist.
696 5488 825 5542 ercl.
848 5487 943 5541 lib.
973 5502 1049 5549 vr,
1076 5502 1193 5555 cap.
1225 5485 1283 5539 H

203 5552 256 5626 (ξ)
286 5552 515 5626 ῌιειοιιζ,
544 5560 616 5612 De
645 5561 741 5613 vir.
765 5558 964 5613 illustr.
998 5574 1116 5626 cap.
1143 5552 1243 5610 ΒΞ.

203 5623 255 5698 (ὃ)
286 5624 507 5698 niuea...
541 5629 693 5685 nam.
723 5640 855 5685 tom.
881 5628 969 5693 nl,
1000 5623 1122 5698 pa‘g.
1158 5626 1283 5681 tis.

205 5693 258 5770 {fl
282 5695 440 5770 J_._Gr.
474 5698 636 5763 Rom,
678 5712 811 5754 tom.
838 5699 880 5763 Ι,
910 5693 1033 5770 ριιέ.
1060 5693 1186 5752 9.95.

206 5762 260 5829 (ὅ)
289 5765 528 5831 Wessd..
571 5762 842 5825 Probabil.
868 5762 1009 5831 lii»:
1041 5784 1164 5837 cap.
1210 5768 1296 5834 15,
1338 5780 1496 5836 pagg.
1530 5762 1629 5819 106

300 5862 551 5926 ΡΑτιιοι..
581 5867 693 5929 Gn.
728 5869 783 5927 Χ
800 5912 814 5925 .

1760 3489 1965 3543 dictum
2015 3487 2393 3558 episcopatum
2441 3497 2728 3557 promotus
2770 3497 2888 3554 est,
2944 3487 3201 3559 Narcisso
3245 3491 3339 3559 qui

1758 3583 1911 3648 prius
1945 3582 2019 3636 ibi
2059 3582 2237 3636 fuerat
2284 3582 2597 3651 episcopus,
2647 3582 2825 3636 adhuc
2861 3584 3182 3650 superstite.
3215 3601 3234 3632 ι
3274 3582 3339 3635 Et

1757 3675 1923 3743 paulo
1956 3683 2080 3744 post
2113 3674 2188 3743 (8)
2229 3692 2242 3725 :
2292 3692 2310 3724 ι
2344 3672 2546 3725 Verum
2598 3687 2724 3725 cum
2765 3682 2987 3742 propter
3039 3684 3335 3728 extremam

1756 3777 2086 3823 senectutem
2146 3765 2512 3820 ministerium
2574 3780 2734 3819 suum
2784 3766 2937 3821 obire
2974 3764 3335 3836 (Narcissus)

1756 3860 1990 3930 amplius
2046 3872 2154 3912 non
2208 3866 2426 3926 posset,
2476 3871 2637 3925 supra
2700 3856 2905 3911 dictum
2964 3856 3336 3912 Alexandrum

1766 3951 1990 4007 alterius
2023 3948 2283 4005 Ecclesiae
2304 3949 2619 4019 episcopum
2646 3947 2830 4001 divina
2866 3948 3199 4017 dispensatio
3241 3964 3337 4017 per

1757 4043 2143 4099 revelationem
2184 4042 2477 4111 quamdam
2522 4056 2645 4110 qua:
2676 4040 2755 4094 illi
2802 4040 2858 4094 in
2903 4040 3114 4095 somnis
3163 4056 3333 4110 appa-

1756 4144 1962 4196 ruerat,
2000 4134 2067 4188 ad
2087 4131 2524 4203 participandum
2562 4147 2688 4186 cum
2727 4130 2986 4186 Narcisso
3035 4131 3334 4187 sacerdotis

1755 4224 1989 4280 cilicium
2014 4224 2280 4280 evocavit.
2298 4221 2411 4278 Hac
2434 4222 2600 4293 igitur
2621 4223 2831 4278 visione
2853 4232 3112 4291 tanquam
3145 4221 3333 4277 divino

1755 4317 2068 4372 admonitus
2107 4316 2332 4371 oraculo
2360 4314 2685 4380 Alexander,
2714 4329 2836 4367 cum
2870 4329 2939 4368 ex
2982 4312 3327 4383 Cappadocia

1753 4409 1809 4463 in
1840 4424 1947 4479 qua
1974 4408 2210 4478 primum
2254 4408 2545 4476 episcopus
2578 4403 2756 4459 fuerat
2779 4404 3065 4458 ordinatus
3085 4446 3099 4467 ,
3135 4402 3328 4459 Hiero-

1751 4502 1961 4572 solyma
1994 4499 2274 4570 profectus
2312 4499 2526 4564 fuisset,
2561 4507 2676 4551 tum
2702 4498 2915 4565 orandi,
2951 4508 3064 4552 tum
3084 4498 3328 4553 locorum

1750 4592 2101 4648 viscndorum
2144 4591 2353 4661 gratia,
2404 4589 2602 4644 fratres
2635 4589 2781 4645 illius
2814 4590 3080 4645 Ecclesia:
3129 4590 3327 4646 huma-

1751 4684 1979 4738 nissime
2005 4698 2129 4736 eum
2155 4680 2506 4750 excipientes,
2524 4681 2720 4736 reverti
2742 4682 2982 4750 posthaec
3009 4683 3063 4736 in
3093 4682 3324 4751 patriam

1755 4791 1865 4831 non
1901 4776 2167 4839 siverunt,
2194 4791 2212 4823 ι
2246 4783 2352 4828 etc.

1824 4868 1890 4922 ll.
1931 4865 2219 4920 Nonnullis
2249 4865 2467 4919 demum
2515 4864 2815 4934 interjectis
2855 4864 2970 4917 haec
2999 4863 3178 4918 subdit
3210 4864 3321 4935 (9):

1758 4980 1776 5012 ι
1805 4959 1861 5013 ιιι
1902 4958 2189 5014 Palestina
2228 4968 2409 5012 autem
2459 4956 2765 5012 Alexander
2820 4954 3320 5027 Hierosolymorum

1750 5054 2059 5123 episcopus,
2106 5067 2299 5106 rursus
2361 5059 2583 5120 propter
2627 5048 2905 5103 Christum
2960 5050 3025 5103 ad
3071 5048 3321 5117 praesidis

1748 5144 1989 5199 tribunal
2016 5144 2303 5208 adductus,
2330 5158 2453 5198 cum
2477 5158 2543 5197 ex
2575 5141 2813 5196 secunda
2837 5142 2937 5196 hac
2971 5140 3320 5195 confessione

1745 5236 1880 5306 (sub
1907 5234 2143 5303 Decio),
2184 5250 2437 5304 magnam
2471 5234 2697 5305 gloriam
2727 5233 3023 5297 retulisset,
3056 5230 3320 5287 Caesarea:
3375 5239 3379 5243 ’

1744 5330 1799 5383 in
1854 5344 2127 5384 carcerem
2181 5328 2463 5398 conjectus
2512 5336 2641 5381 est:
2682 5324 2763 5379 vir
2803 5325 3001 5378 decora
3042 5332 3321 5379 senectute

1745 5498 1895 5621 milii).
1932 5551 2157 5616 Euseb.,
2187 5549 2381 5605 Chron.
2407 5551 2473 5603 ad
2503 5566 2631 5603 ann.
2655 5564 2995 5603 nuccxxvm.

1810 5620 1885 5691 (7)
1927 5622 2026 5685 ld.,
2063 5621 2361 5691 Hist.eccl.
2389 5623 2478 5691 lib.
2511 5637 2584 5682 vr,
2616 5636 2734 5687 cap.
2769 5620 2821 5673 8.

1832 5625 1862 5681 7
1927 5624 2026 5685 ld.,
2063 5624 2207 5675 Hist.
2234 5624 2361 5675 eccl.
2389 5624 2478 5674 lib.
2511 5637 2584 5682 vr,
2616 5636 2734 5687 cap.
2769 5624 2821 5673 8.

1832 5624 1885 5760 εξ
1927 5690 2149 5760 Euseb.,
2183 5690 2327 5744 Hist.
2354 5690 2481 5743 eccl.
2504 5691 2601 5746 lib.
2628 5706 2703 5757 vn,
2739 5706 2857 5760 cap.
2888 5690 2971 5744 il.

1832 5695 1885 5760 8)
1927 5695 2149 5753 Euseb.,
2183 5695 2327 5744 Hist.
2354 5695 2471 5743 eccl.

1810 5695 1885 5834 i9)
1926 5754 2027 5830 ld.,
2059 5762 2190 5818 ibid.
2220 5776 2339 5831 cap.
2382 5761 2471 5815 39.

2952 5854 2994 5921 ἲ
