3918 6194
471 268 582 321 205

1233 265 1290 320 S.
1332 265 1728 321 ALEXANDRI
1770 266 2134 322 HIEROSOL.
2177 266 2392 324 EPISC.
2438 266 2522 322 ET
2563 266 2919 322 MARTYHIS

3613 264 3734 319 σοι

475 400 530 442 et
579 387 885 442 veneranda
943 387 1140 442 canitie
1185 389 1538 459 conspicuus.
1591 387 1694 456 Qui
1747 407 1869 445 cum
1929 401 2050 460 post
2081 403 2126 456 Α
2158 390 2346 454 stolas,
2393 392 2485 460 qui
2517 406 2578 445 ea
2616 399 2936 460 tempestate
2973 387 3168 444 litteris
3205 386 3530 443 excellentes
3567 384 3745 439 flore-

474 478 796 548 prazclaram
848 487 1011 548 atque
1055 478 1320 534 illustrem
1380 479 1707 536 Christianae
1753 483 1875 537 ﬁdei
1917 498 2051 537 con-

474 570 769 626 fessionem
802 572 856 624 in
913 571 1204 641 praesidiali
1249 571 1457 641 judicio
1500 574 1700 628 editam
1736 577 1949 630 tandem
1999 577 2054 632 in

474 665 721 721 custodia
773 665 1015 720 animam
1072 665 1416 730 exhalasset,
1463 665 1786 723 Mazabanes
1837 668 1890 722 in
1936 669 2056 740 ejus

473 757 654 811 locum
680 757 969 826 episcopus
994 755 1499 829 Hierosolymorum
1531 760 1876 815 renuntiatus
1902 771 2004 815 est.
2029 778 2048 812 ι

474 847 748 904 Hactenus
778 848 1070 904 Eusebius.
1125 849 1200 904 De
1248 851 1511 922 martyrio
1544 851 1715 920 ipsius
1763 851 2054 907 Alexandri

475 943 665 998 eadem
729 941 898 997 refert
942 941 1239 1014 Dionysius
1285 943 1688 999 Alexandrinus
1737 945 1804 999 ad
1851 945 2028 999 Cornc

475 1037 609 1090 lium
673 1051 868 1106 papam
923 1037 1211 1092 scribens:
1266 1055 1286 1088 ι
1325 1035 1520 1103 Quod,
1568 1038 1744 1108 inquit
1790 1037 1938 1109 (10),
1987 1038 2054 1092 ad

476 1125 850 1180 Alexandrum
901 1135 1142 1195 spectat,
1199 1127 1246 1180 is
1317 1127 1372 1181 in
1433 1142 1707 1182 carcerem
1773 1129 2054 1199 conjectus

474 1216 634 1271 beato
688 1216 836 1271 exitu
894 1215 1190 1273 defunctus
1245 1225 1362 1284 est,
1412 1237 1429 1270 ι
1496 1218 1764 1290 μακάριος
1811 1219 2052 1272 ἀνεπαύ-

474 1325 640 1373 σατο;
683 1309 797 1364 sive
830 1319 888 1364 ut
939 1307 1302 1381 Hieronymus
1343 1309 1479 1380 (ll),
1525 1331 1544 1362 ‹
1590 1312 1853 1383 martyrio
1894 1327 2054 1367 coro-

474 1409 656 1454 natur.
686 1419 704 1452 ι
741 1398 989 1455 Pretiosa
1021 1401 1141 1470 ejus
1188 1417 1335 1456 mors
1372 1402 1728 1472 consignatur
1759 1417 1906 1458 anno
1949 1402 2055 1458 Do-

475 1492 609 1546 mini
638 1492 746 1547 252
779 1495 833 1546 in
883 1492 1141 1548 Chronico
1177 1492 1484 1549 Eusebiano
1525 1495 1675 1564 (l2):
1716 1503 1777 1548 ut
1826 1495 2052 1564 proinde

477 1582 1032 1655 Hierosolymitanam
1091 1582 1394 1639 Ecelesiam
1441 1585 1838 1640 administrarit
1892 1587 2052 1642 annis

473 1677 690 1731 circiter
718 1677 808 1731 40.

545 1767 631 1822 Ill.
665 1768 870 1824 Pietate
903 1785 965 1823 ac
996 1769 1245 1825 doctrina
1283 1779 1547 1840 przestans
1573 1770 1878 1825 Alexander
1911 1771 2049 1824 inter

481 1871 674 1917 caetera
701 1863 1004 1917 clarissima
1030 1873 1381 1916 monumenta
1410 1863 1645 1917 nobilem
1669 1862 2050 1918 bibliothecam

473 1955 531 2008 in
575 1953 716 2008 Aﬁlia
764 1956 918 2019 urbe,
960 1969 1122 2024 quam
1156 1955 1406 2024 regebat,
1439 1953 1744 2018 exstruxit,
1799 1955 1853 2007 in
1885 1968 2050 2024 quam

475 2046 775 2114 prasertim
813 2045 1088 2116 congessit
1127 2045 1370 2098 virorum
1407 2045 1904 2101 ecclesiasticarum
1931 2045 2049 2115 epi-

2161 483 2291 539 bant
2319 503 2332 538 :
2373 499 2494 553 qu:e
2520 483 2739 554 quidem
2765 482 3095 537 bibliotheca
3128 479 3447 536 Diocletiani
3476 479 3746 534 incendio

2158 574 2301 629 baud
2326 573 2692 645 conﬂagrasse
2750 575 3117 644 comperitur,
3166 581 3227 626 ut
3271 571 3504 627 advertit
3555 569 3744 625 Baro-

2158 667 2448 736 nius(|‘5):
2481 682 2605 720 nam
2639 675 2869 720 testatur
2891 664 3160 720 Eusebius
3183 663 3296 736 (14)
3327 664 3395 718 ad
3426 679 3524 720 sua
3552 677 3743 733 usque

2157 771 2403 831 tempora
2453 760 2718 830 integram
2771 761 2950 814 adhuc
2994 759 3356 830 perdurasse.
3406 767 3570 828 atque
3605 757 3742 812 inde

2159 850 2494 904 uberrimam
2545 849 2826 904 materiam
2880 850 2946 904 ad
2996 865 3150 904 suam
3208 847 3500 904 Historiam
3550 848 3739 903 eccle-

2155 943 2438 999 siasticam
2486 944 2877 998 contexendam
2918 959 2976 998 se
3011 943 3296 1013 collegisse
3348 952 3500 1012 grato
3541 941 3738 996 animo

2154 1036 2459 1106 profitetur.

2239 1128 2424 1198 Neque
2475 1143 2604 1183 vero
2639 1129 2755 1184 suis
2799 1127 2960 1182 etiam
3007 1127 3225 1198 scriptis
3258 1125 3556 1182 Ecclesiam
3605 1125 3740 1180 illu-

2154 1230 2331 1276 strare
2386 1220 2594 1275 destitit
2630 1221 2952 1274 Alexander.
3003 1220 3225 1289 Aliquot
3271 1218 3416 1274 enim
3465 1218 3736 1288 epistolas

2155 1311 2377 1381 scripsit
2401 1313 2466 1366 ad
2502 1311 2832 1375 Autinoitas,
2865 1327 2930 1366 ex
2957 1327 3188 1381 quarum
3219 1326 3324 1364 una
3359 1309 3734 1380 fragmentum

2153 1408 2388 1462 recitant
2449 1406 2716 1460 Eusebius
2769 1405 2879 1476 (l5)
2942 1416 3106 1474 atque
3174 1402 3534 1475 Hieronymus
3588 1401 3728 1472 (16).

2159 1517 2178 1550 ι
2207 1498 2438 1568 Scripsit
2469 1510 2523 1552 et
2550 1498 2712 1552 aliam
2742 1499 2806 1551 ad
2835 1498 3238 1552 Antiochenses
3265 1512 3362 1566 per
3387 1495 3730 1552 Clementem

2151 1587 2531 1658 presbyterum
2554 1587 2917 1652 Alexandriae,
2956 1607 2974 1640 ο
3007 1588 3135 1640 dum
3171 1587 3386 1641 vinctus
3416 1585 3467 1638 in
3506 1600 3734 1640 carcere

2151 1677 2526 1733 detineretur:
2579 1697 2595 1730 ι
2628 1693 2863 1732 necnon
2900 1679 2966 1733 ad
3006 1677 3290 1749 Origcnem
3316 1718 3330 1740 ,
3375 1686 3427 1730 et
3459 1692 3557 1746 pro
3603 1678 3730 1731 Ori-

2156 1785 2291 1838 gone
2331 1781 2518 1824 contra
2564 1769 2930 1836 Demetrium;
2971 1791 2988 1822 ο
3035 1771 3197 1824 verba
3250 1778 3379 1824 sunt
3411 1767 3729 1839 Hieronymi

2159 1862 2194 1915 l.
2229 1878 2278 1916 c.
2314 1861 2515 1916 Harum
2559 1861 2911 1932 epistularum
2949 1861 3276 1931 fragmenta,
3318 1870 3478 1931 prout
3510 1870 3732 1915 exstant.

2161 1955 2300 2024 apud
2329 1953 2622 2009 Eusebium
2654 1954 2789 2019 (l7),
2816 1969 2941 2008 cum
2979 1954 3124 2008 notis
3147 1954 3218 2008 cl.
3245 1951 3446 2009 Valesii
3479 1968 3582 2008 suo
3604 1952 3731 2008 loco

2161 2047 2215 2099 in
2253 2046 2487 2099 medium
2516 2046 2864 2100 adduximus.

1449 2353 1590 2509 ε.
1667 2397 2767 2510 nummum

875 2612 1154 2672 Primum
1183 2611 1652 2692 Cappadocum,
1688 2609 1924 2672 deinde
1956 2608 2525 2690 Hierosolymitani
2563 2611 2850 2689 episcopi
2877 2621 2937 2674 et
2970 2616 3290 2695 martyris,

1273 2789 1991 2880 FRAGMENTA
2065 2789 2952 2882 EPISTOLARUM.

1078 3104 1321 3174 Epistola
1357 3104 1425 3157 ad
1457 3105 1850 3158 Antiochenses.
1888 3104 2042 3173 Apud
2069 3101 2357 3156 Eusebium
2391 3101 2532 3155 Hist.
2563 3103 2688 3156 sccl.
2714 3102 2808 3157 lib.
2839 3118 2915 3169 vr,
2945 3120 3060 3174 cap.
3097 3105 3180 3159 11.

545 3225 870 3291 Alexander,
919 3239 1112 3281 servus
1162 3223 1255 3278 Dei
1287 3234 1340 3278 et
1390 3224 1604 3279 vinctus
1647 3221 1776 3279 Jesu
1824 3223 2050 3290 Christi,
2087 3232 2127 3286 Β

474 3319 804 3376 beatissima:
843 3315 1298 3372 Antiochensium
1325 3316 1583 3371 Ecclesiae
1613 3317 1666 3370 in
1697 3315 1927 3371 Domino
1959 3332 2049 3370 sa-

475 3415 664 3469 lutem.
694 3411 954 3483 Expedita
981 3411 1114 3466 mihi
1144 3426 1209 3465 ac
1253 3409 1389 3464 levia
1436 3409 1651 3464 vincula
1704 3409 1845 3466 Deus
1873 3410 2051 3466 effecit

475 3505 740 3561 custodia:
784 3518 918 3558 mea:
957 3512 1218 3572 tempore,
1250 3512 1538 3572 postquam
1570 3504 1828 3572 comperi.
1859 3502 2046 3559 Ascle-

477 3597 692 3668 piadem
731 3597 907 3652 virum
949 3594 1073 3650 fidei
1111 3594 1308 3649 merito
1341 3593 1579 3650 maxime
1613 3595 1891 3660 idoneum,
1923 3609 2052 3649 san-

474 3690 735 3746 ctissimae
767 3687 1024 3744 Ecclesiae
1061 3697 1256 3742 vestrae
1279 3689 1652 3757 episcopatum
1698 3687 1881 3742 divina
1920 3700 2048 3756 pro-

473 3784 717 3839 videntia
753 3783 1083 3854 suscepisse.
1113 3781 1286 3837 Porro
1310 3783 1409 3836 has
1441 3782 1673 3847 litteras,
1699 3780 1906 3836 domini
1938 3779 2047 3834 fra-

477 3887 608 3938 tres,
641 3889 736 3944 per
780 3873 997 3929 beatum
1033 3873 1408 3943 presbyterum
1455 3871 1785 3926 Clementem
1836 3871 1902 3926 ad
1947 3886 2044 3927 vos

475 3968 623 4035 misi,
656 3968 836 4022 virum
880 3967 1078 4021 virtute
1110 3966 1393 4035 przeditum
1423 3975 1478 4018 et
1515 3965 1799 4034 probatum
1837 3982 1850 4018 :
1880 3978 2044 4033 quem

475 4071 574 4110 vos
604 4064 658 4110 et
690 4055 864 4109 nostis
887 4055 1023 4122 jam,
1051 4063 1105 4107 et
1133 4054 1366 4122 amplius
1396 4053 1756 4123 cognoscetis.
1791 4051 1892 4118 Qui
1923 4053 2043 4122 qui-

475 4147 596 4202 dem
642 4147 735 4203 Dei
788 4155 924 4202 nutu
967 4162 1031 4201 ac
1077 4145 1435 4214 providentia,
1466 4145 1594 4198 dum
1636 4144 1726 4198 hic
1754 4143 1897 4212 apud
1941 4158 2044 4198 nos

476 4254 715 4309 praesens
763 4247 928 4302 esset,
961 4236 1258 4292 Ecclesiam
1289 4235 1492 4290 Christi
1535 4245 1590 4289 et
1619 4235 1964 4291 confirmavit
1990 4243 2046 4289 et

476 4344 807 4402 magnopere
835 4331 1006 4384 auxit.

551 4486 926 4612 (lli)6Dionys.
948 4488 1124 4552 Alex.,
1145 4486 1284 4556 apud
1308 4484 1504 4540 Euseb.
1531 4482 1819 4539 Hist.eccl.
1843 4484 1938 4540 lib.
1969 4499 2044 4547 τι.

551 4573 598 4612 υ.
703 4599 714 4610 .

477 4571 714 4624 cap.46.

550 4627 663 4692 (ll)
706 4627 950 4693 Hieron.,
971 4626 1045 4680 De
1069 4627 1166 4681 vir.
1201 4627 1422 4691 illustr.,
1454 4640 1574 4694 cap.
1603 4624 1692 4679 62.

551 4697 664 4768 (12)
704 4698 929 4768 Euseb.,
958 4697 1153 4751 Chron.
1189 4699 1254 4751 ad
1288 4713 1415 4768 ann.
1453 4711 1761 4768 nuccnxvn.

550 4765 664 4835 (1⁸5)
703 4767 926 4831 Baron.,
961 4769 1024 4820 ad
1055 4784 1183 4821 ann.
1213 4765 1402 4837 955.§
1431 4767 1554 4821 125.

549 4839 662 4909 (14)
702 4838 927 4904 Euseh.,
964 4837 1109 4892 Hist.
1139 4838 1262 4909 eccl.
1303 4835 1396 4891 lib.
1430 4853 1505 4903 vt,
1533 4851 1650 4907 cap.
1676 4835 1768 4890 90.

551 4908 666 4980 (15)
707 4911 783 4980 id.
820 4909 974 4973 ibid.,
1006 4924 1124 4977 cap.
1163 4908 1247 4961 11.

552 4979 663 5050 (16)
705 4979 948 5043 Hieron.,
974 4980 1012 5050 l.
1045 4995 1094 5032 c.

551 5047 666 5118 117)
707 5051 929 5114 Euseb.,
961 5049 1102 5104 Hist.
1129 5047 1255 5102 eccl.
1283 5047 1376 5101 lib.
1409 5062 1481 5111 vr,
1526 5062 1681 5118 capp.
1709 5047 1796 5118 11,
1820 5047 1922 5118 14,
1956 5048 2042 5103 19.

554 5117 667 5192 (18)
691 5120 916 5188 Δοῦλος
938 5121 1155 5192 Κυρίου
1169 5118 1310 5192 (sic).
1333 5118 1597 5192 In_codi_oe
1632 5117 1793 5192 med,
1819 5117 1958 5192 Μαι.
1995 5127 2050 5172 et

481 5191 619 5247 Fuk.
648 5187 965 5261 'inscriptio
1018 5187 1185 5259 hujus
1219 5188 1461 5261 epistola:
1492 5187 1649 5261 aliter
1692 5187 1908 5261 legitur2
1947 5189 2048 5261 hoc

482 5265 643 5317 modo
696 5282 708 5316 :
763 5257 1107 5333 Ἀλέξανδροᾲ
1151 5261 1180 5313 ὁ
1235 5257 1440 5333 δοῦλος,
1463 5259 1556 5333 κα).
1596 5257 1816 5329 δέσμιος
1861 5257 2047 5333 ⁸Ἰησοῦ

481 5333 719 5406 Χριστοῦ
740 5351 754 5365 ·
788 5327 988 5406 quibus
1017 5327 1508 5406 consentit_Rutini
1541 5327 1933 5406 interpretatio.

555 5404 666 5475 (19)
695 5397 855 5459 Rat-ci
884 5403 992 5458 τὸν
1015 5401 1224 5475 καιρὸξ⁴
1242 5400 1354 5469 τῆς
1379 5397 1632 5475 εὶρθιζῆς.
1669 5397 1820 5453 Hanc
1844 5399 2046 5475 episto-

483 5469 591 5529 lam
619 5469 837 5544 scripsit
857 5469 1159 5530 Alexander
1184 5471 1423 5528 fervente
1444 5470 1622 5544 adhuc
1645 5469 2041 5544 persecutione,

481 5561 608 5600 cum
639 5537 782 5599 essét
812 5546 868 5598 in
888 5546 1143 5608 vinculis,
1176 5545 1404 5598 necdum
1434 5541 1498 5595 ad
1526 5537 1897 5609 episc0patum
1923 5537 2046 5592 Hie-

480 5615 886 5684 rosolymorum
937 5616 1166 5676 ascitus,
1217 5623 1291 5684 ut
1329 5628 1394 5666 ex
1443 5611 1526 5684 bis
1566 5609 1746 5684 verbis
1800 5618 2042 5684 apparet.

481 5680 750 5748 Hinc’est,
775 5685 920 5752 quod
968 5686 1021 5738 in
1055 5683 1409 5752 inscriptione
1448 5680 1690 5752 epistolae
1719 5680 1953 5750 appellat
1988 5695 2048 5752 se

482 5758 710 5810 vinctum
758 5750 886 5806 Iesu
928 5753 1146 5808 Christi.
1195 5750 1274 5808 Ex
1325 5766 1434 5825 quo
1477 5750 1782 5817 conficitur,
1820 5752 1957 5807 male
1991 5750 2047 5805 in

2138 5269 2146 5274 -
2222 5256 2304 5325 (ει

2239 3222 2602 3295 Ἀλέξανδρος,
2616 3221 2801 3286 δοῦλος
2835 3223 2948 3295 (18)
2982 3227 3076 3278 καὶ
3110 3225 3330 3298 δέσμιος
3384 3227 3559 3300 Ἰησοῦ
3590 3230 3731 3302 Χρι-

2153 3312 2301 3377 στοῦ,
2323 3315 2389 3384 τῇ
2413 3312 2659 3384 μακαρίᾳ
2673 3313 2986 3384 Ἀντιοχέων
3003 3315 3295 3388 Ἐκκλησία
3320 3320 3377 3372 ὲν
3403 3321 3588 3393 Κυρίῳ
3610 3321 3726 3391 χαίι

2153 3423 2286 3479 ρειν.
2332 3405 2574 3478 Ἐλαφρὰ
2623 3423 2712 3476 μοι
2766 3407 2862 3460 καὶ
2911 3407 3090 3477 κοῦφα
3134 3410 3202 3464 τὰ
3234 3410 3408 3482 δεσμὰ
3454 3414 3484 3466 ὀ
3528 3413 3726 3484 Κύριος

2150 3499 2372 3569 ἐποίησε
2404 3497 2546 3551 κατὰ
2569 3497 2658 3551 τὸν
2686 3497 2873 3570 καιρὸν
2894 3498 2997 3570 τῆς
3023 3501 3246 3573 εἱρκτῆς
3280 3502 3417 3574 (19),
3445 3504 3722 3577 πυθομένη,

2151 3591 2248 3662 τῆς
2281 3590 2442 3660 ἁγίας
2477 3589 2629 3661 ὑμῶν
2660 3588 2767 3643 τῶν
2781 3591 3096 3663 Ἀντιοχέων
3113 3591 3442 3664 Ἑκκλησίας
3465 3595 3602 3648 κατὰ
3625 3601 3723 3668 τη.

2151 3682 2305 3737 θείαν
2362 3683 2618 3755 πρόνοιαν
2692 3683 3088 3756 Ἀσκληπιάδην
3147 3685 3238 3738 τὸν
3297 3687 3724 3758 ἐπιτηδειότατοι

2153 3777 2274 3830 κατ’
2311 3773 2468 3838 ἀξίαν
2513 3773 2611 3846 τὴν
2645 3773 2826 3828 πίστιν
2860 3775 2958 3845 τῆς
3002 3777 3304 3848 ἐπισκοπῆς
3335 3779 3446 3850 (20)
3482 3781 3726 3850 ἐγκεχει-

2156 3867 2620 3940 ρισμένον.Ταῦτα
2641 3869 2697 3921 δὲ
2723 3869 2871 3940 ὑμῖν,
2891 3867 3068 3940 κύριοί
3095 3886 3195 3939 μου
3215 3869 3454 3939 ἀδελφοὶ,
3468 3870 3535 3923 τὰ
3555 3872 3723 3944 γράμι

2153 3977 2299 4030 ματα
2325 3959 2616 4015 ἀπέστειλα
2637 3959 2723 4014 διὰ
2745 3960 3056 4032 Κλήμεντος
3077 3959 3170 4013 τοῦ
3197 3962 3467 4032 μακαρίου
3493 3964 3727 4034 πρεσϐυ-

2148 4053 2305 4124 τέρου
2323 4052 2435 4124 (21)
2457 4093 2473 4118 ,
2505 4051 2697 4123 ἀνδρὸς
2719 4051 2974 4122 ἐναρέτου
3006 4050 3101 4110 καὶ
3125 4050 3346 4122 δοκίμου
3365 4067 3381 4082 ο
3409 4052 3467 4106 ὃν
3499 4052 3608 4106 ἴστε
3632 4054 3726 4108 καὶ

2151 4146 2308 4216 ὑμεῖς
2339 4144 2434 4198 καὶ
2467 4141 2833 4212 ἐπιγνώσεσθε
2853 4161 2866 4174 ο
2907 4142 2965 4206 ὃς
2997 4143 3090 4197 καὶ⁸
3139 4143 3324 4198 ἐνθάδε
3369 4145 3557 4217 παρὼν
3587 4147 3726 4202 κατὰ

2147 4237 2248 4308 τὴν
2292 4231 2546 4306 πρόνοιαν
2578 4235 2672 4288 καὶ
2707 4235 3008 4306 ἐπισκοπὴν
3039 4235 3132 4288 τοῦ
3177 4237 3465 4300 Δεσπότου,
3493 4239 3720 4310 ἐπεστή-

2155 4325 2267 4398 ριξέ
2300 4343 2359 4378 τε
2385 4325 2480 4379 καὶ
2502 4323 2706 4396 ηὔξησε
2735 4323 2833 4396 τὴν
2863 4323 2957 4376 τοῦ
2997 4326 3202 4396 Κυρίου
3242 4326 3582 4397 Ἐκκλησίαν.

2151 4482 2411 4537 Chronico
2437 4480 2655 4538 Eusebii
2690 4479 3026 4549 Asclepiadis
3060 4480 3460 4535 ordinationem
3484 4481 3720 4537 conferri

2154 4554 2209 4607 in
2239 4568 2441 4606 annum
2476 4552 2712 4622 primum
2747 4551 3003 4622 Antonini
3034 4551 3347 4605 Caracallze.
3378 4549 3511 4606 Nam
3539 4552 3727 4607 Ascle-

2151 4623 2327 4693 piadis
2369 4621 2641 4677 ordinatio
2666 4621 2903 4693 contigit
2937 4622 3138 4693 eodem
3169 4631 3429 4693 tempore,
3459 4638 3567 4692 quo
3593 4623 3723 4677 Ale-

2153 4689 2358 4747 xander
2385 4693 2455 4747 ob
2479 4691 2773 4746 Christiani
2802 4691 3040 4746 nominis
3078 4689 3491 4746 confessionem
3513 4693 3564 4746 in
3599 4709 3724 4747 car—

2151 4779 2330 4818 cerem
2368 4763 2645 4832 conjectus
2681 4771 2785 4815 est.
2815 4760 2869 4813 ld
2901 4771 3081 4832 autem
3125 4763 3389 4817 accidisse
3419 4763 3720 4832 principatu

2153 4831 2339 4887 Severi
2369 4831 2484 4900 ipse
2514 4831 2781 4886 Eusebius
2815 4839 3044 4885 testatur
3071 4831 3124 4884 in
3148 4831 3431 4900 Chronico.

2219 4903 2331 4973 (20)
2357 4899 2499 4973 Κατ’
2522 4901 2702 4967 ἀξίαν
2723 4901 2840 4969 τὴν
2867 4899 3204 4973 πίστινᾼτῆς
3231 4901 3586 4973 ἐπισκοπῆς.
3613 4901 3722 4958 Re-

2149 4971 2290 5029 ctius
2315 4971 2685 5043 "Nicephorus,
2716 4973 2837 5043 κατ’
2868 4971 3023 5043 ἀξίαν
3046 4971 3144 5043 τῆς
3180 4971 3434 5043 πίστεως,
3461 4972 3561 5043 τὴν
3596 4973 3720 5043 ἑπι-

2150 5043 2356 5115 σκοπήν
2403 5041 2897 5166 ὲγήκεχεὰρισμένον.
2941 5041 3108 5109 Quod
3151 5041 3266 5096 sive
3313 5057 3377 5095 ex
3416 5041 3574 5106 libro,
3605 5042 3723 5097 sive

2150 5130 2216 5166 ex
2246 5114 2558 5166 coniectura
2638 5114 2925 5166 icenhorus
2952 5112 3200 5166 ediderit.
3233 5112 3456 5166 omnino
3486 5112 3716 5166 probum

2149 5112 2566 5240 exdco'njectura
2586 5112 2925 5183 Nicephorus
2952 5112 3200 5177 ediderit,
3233 5112 3456 5167 omnino
3486 5112 3716 5182 probum

2149 5201 2202 5239 vr
2244 5194 2384 5239 etur.

2149 5186 2384 5239 videtur.

2359 5253 2462 5308 Διὰ
2487 5253 2831 5323 Κλήμεντος
2853 5253 2959 5308 τοῦ
2976 5252 3273 5321 μακαρίου
3293 5251 3714 5320 πρεσϐυτέρου.

2151 5323 2237 5380 De
2273 5323 2550 5380 Clemente
2599 5325 2966 5392 Alexandrino
3015 5323 3103 5376 hic
3152 5323 3299 5392 loqui
3350 5323 3718 5378 Alexandrum

2152 5399 2360 5467 putavit
2385 5466 2389 5467 ί
2412 5393 2773 5466 Hieronymus
2821 5394 2876 5467 in
2895 5390 3206 5467 _Cata_logo.
3224 5390 3238 5392 ⁷
3259 5391 3431 5467 Certe
3465 5393 3719 5449 Clemens

2151 5461 2555 5520 Alexandrinus
2583 5461 2756 5535 usque
2787 5464 2855 5518 ad
2891 5461 3076 5518 Severi
3107 5461 3349 5533 tempora
3382 5463 3546 5516 vitam
3589 5478 3722 5535 pro-

2151 5537 2327 5600 duxit,
2353 5546 2408 5591 et
2450 5536 2504 5589 in
2541 5535 2625 5615 his
2669 5533 2980 5615 regionibus
3013 5534 3395 5615 peregrinatus
3419 5542 3521 5615 e_s_l,
3554 5543 3611 5586 ut
3636 5533 3722 5615 ip:

2155 5617 2323 5662 semet
2349 5615 2578 5661 testatur
2611 5606 2664 5659 in
2704 5601 2796 5659 lib.
2832 5620 2848 5657 ι
2875 5601 3184 5658 Stromatei.
3217 5601 3323 5658 Sed
3348 5613 3401 5656 et
3426 5602 3718 5659 Alexandri

2153 5678 2392 5747 episcopi
2445 5676 2730 5731 familiaris
2763 5673 2896 5740 fuit;
2929 5675 3016 5728 cui
3064 5674 3227 5727 etiam
3276 5673 3472 5726 librum
3519 5674 3715 5727 dicavit
3791 5690 3795 5694 ·

2154 5746 2232 5802 Dc
2281 5748 2634 5802 ecclesiastica
2691 5744 2893 5802 regula.
2928 5758 3024 5801 seu
3078 5743 3340 5800 adversus
3385 5740 3619 5802 Iudaeos.
3657 5753 3717 5799 ut

2205 5765 2232 5803 ⁸
2281 5760 2634 5804 οισιεσιαεηεα
2691 5760 2893 5816 regula,
2928 5760 3024 5801 seu
3078 5760 3340 5800 adversus
3385 5760 3619 5804 δυαεοι.
3657 5760 3689 5799 υ
