  <div class='ocr_page' id='page_1' title='image "/cluster/home/n/w/nwhite01/storage/ocr_20150623/10/hvd.32044073501330/123.png"; bbox 0 0 3918 6194; ppageno 0'>
   <div class='ocr_carea' id='block_1_1' title="bbox 423 465 460 472">
    <p class='ocr_par' dir='ltr' id='par_1_1' title="bbox 423 465 460 472">
     <span class='ocr_line' id='line_1_1' title="bbox 423 465 460 472; baseline 0 0"><span class='ocrx_word' id='word_1_1' title='bbox 423 465 460 472; x_wconf 68' lang='lat'><strong>.-</strong></span> 
     </span>
    </p>
   </div>
   <div class='ocr_carea' id='block_1_2' title="bbox 547 463 1510 474">
    <p class='ocr_par' dir='ltr' id='par_1_2' title="bbox 547 463 1510 474">
     <span class='ocr_line' id='line_1_2' title="bbox 547 463 1510 474; baseline -0.006 0"><span class='ocrx_word' id='word_1_2' title='bbox 547 469 570 473; x_wconf 41' lang='grc' dir='ltr'><strong><em>κν</em></strong></span> <span class='ocrx_word' id='word_1_3' title='bbox 579 465 954 474; x_wconf 42' lang='lat' dir='ltr'><strong><em>“ﬁ-</em></strong></span> <span class='ocrx_word' id='word_1_4' title='bbox 967 463 1510 472; x_wconf 46' lang='lat' dir='ltr'><strong><em>.W._____—...———_</em></strong></span> 
     </span>
    </p>
   </div>
   <div class='ocr_carea' id='block_1_3' title="bbox 1515 457 1872 467">
    <p class='ocr_par' dir='ltr' id='par_1_3' title="bbox 1515 457 1872 467">
     <span class='ocr_line' id='line_1_3' title="bbox 1515 457 1872 467; baseline -0.008 0"><span class='ocrx_word' id='word_1_5' title='bbox 1515 457 1872 467; x_wconf 55' lang='grc' dir='ltr'><strong>Μ</strong></span> 
     </span>
    </p>
   </div>
   <div class='ocr_carea' id='block_1_4' title="bbox 1536 598 2486 648">
    <p class='ocr_par' dir='ltr' id='par_1_4' title="bbox 1536 598 2486 648">
     <span class='ocr_line' id='line_1_4' title="bbox 1536 598 2486 648; baseline -0.012 0"><span class='ocrx_word' id='word_1_6' title='bbox 1536 604 1706 648; x_wconf 64' lang='lat' dir='ltr'><strong><em>ANNO</em></strong></span> <span class='ocrx_word' id='word_1_7' title='bbox 1754 602 1985 646; x_wconf 64' lang='lat' dir='ltr'><strong><em>DOMINI</em></strong></span> <span class='ocrx_word' id='word_1_8' title='bbox 2053 598 2486 644; x_wconf 70' lang='lat' dir='ltr'><strong><em>CCLX-CCLXX.</em></strong></span> 
     </span>
    </p>
   </div>
   <div class='ocr_carea' id='block_1_5' title="bbox 848 771 3169 974">
    <p class='ocr_par' dir='ltr' id='par_1_5' title="bbox 848 771 3169 974">
     <span class='ocr_line' id='line_1_5' title="bbox 848 771 3169 974; baseline -0.012 1"><span class='ocrx_word' id='word_1_9' title='bbox 848 787 1816 974; x_wconf 83' lang='lat' dir='ltr'><strong><em>SANCTUS</em></strong></span> <span class='ocrx_word' id='word_1_10' title='bbox 1929 783 2220 961; x_wconf 86' lang='lat' dir='ltr'><strong>AN</strong></span> <span class='ocrx_word' id='word_1_11' title='bbox 2229 771 3169 956; x_wconf 84' lang='lat' dir='ltr'><strong><em>ATOLIUS</em></strong></span> 
     </span>
    </p>
   </div>
   <div class='ocr_carea' id='block_1_6' title="bbox 1443 1098 2550 1222">
    <p class='ocr_par' dir='ltr' id='par_1_6' title="bbox 1443 1098 2550 1222">
     <span class='ocr_line' id='line_1_6' title="bbox 1443 1098 2550 1222; baseline -0.008 -1"><span class='ocrx_word' id='word_1_12' title='bbox 1443 1098 2550 1222; x_wconf 79' lang='lat' dir='ltr'><strong><em>ALEXANDRINUS</em></strong></span> 
     </span>
    </p>
   </div>
   <div class='ocr_carea' id='block_1_7' title="bbox 931 1335 3116 1444">
    <p class='ocr_par' dir='ltr' id='par_1_7' title="bbox 931 1335 3116 1444">
     <span class='ocr_line' id='line_1_7' title="bbox 931 1335 3116 1444; baseline -0.008 -4"><span class='ocrx_word' id='word_1_13' title='bbox 931 1351 1721 1444; x_wconf 74' lang='lat' dir='ltr'><strong><em>LAODICENSIS</em></strong></span> <span class='ocrx_word' id='word_1_14' title='bbox 1793 1347 1916 1435; x_wconf 87' lang='grc' dir='ltr'>ΙΝ</span> <span class='ocrx_word' id='word_1_15' title='bbox 1997 1343 2351 1433; x_wconf 79' lang='lat' dir='ltr'><strong>SYBIA</strong></span> <span class='ocrx_word' id='word_1_16' title='bbox 2429 1335 3116 1430; x_wconf 86' lang='lat' dir='ltr'><strong><em>EPlSCOPUS.</em></strong></span> 
     </span>
    </p>
   </div>
   <div class='ocr_carea' id='block_1_8' title="bbox 1701 1716 2356 1848">
    <p class='ocr_par' dir='ltr' id='par_1_8' title="bbox 1701 1716 2356 1848">
     <span class='ocr_line' id='line_1_8' title="bbox 1701 1716 2356 1848; baseline -0.009 0"><span class='ocrx_word' id='word_1_17' title='bbox 1701 1716 2356 1848; x_wconf 85' lang='lat' dir='ltr'><strong><em>NOTITIA</em></strong></span> 
     </span>
    </p>
   </div>
   <div class='ocr_carea' id='block_1_9' title="bbox 1106 1947 2869 2022">
    <p class='ocr_par' dir='ltr' id='par_1_9' title="bbox 1106 1947 2869 2022">
     <span class='ocr_line' id='line_1_9' title="bbox 1106 1947 2869 2022; baseline -0.008 -12"><span class='ocrx_word' id='word_1_18' title='bbox 1106 1965 1402 2022; x_wconf 57' lang='lat' dir='ltr'><strong><em>(Cumano,</em></strong></span> <span class='ocrx_word' id='word_1_19' title='bbox 1432 1955 1724 2009; x_wconf 76' lang='lat' dir='ltr'><strong><em>Bibliotheca</em></strong></span> <span class='ocrx_word' id='word_1_20' title='bbox 1751 1963 1956 2009; x_wconf 77' lang='lat' dir='ltr'><strong><em>ceterum</em></strong></span> <span class='ocrx_word' id='word_1_21' title='bbox 1977 1959 2182 2006; x_wconf 83' lang='lat' dir='ltr'><strong><em>Patrum</em></strong></span> <span class='ocrx_word' id='word_1_22' title='bbox 2231 1952 2316 2010; x_wconf 85' lang='lat' dir='ltr'><strong><em>lll,</em></strong></span> <span class='ocrx_word' id='word_1_23' title='bbox 2345 1950 2562 2011; x_wconf 68' lang='lat' dir='ltr'><strong><em>l‘roleg.,</em></strong></span> <span class='ocrx_word' id='word_1_24' title='bbox 2591 1963 2635 2010; x_wconf 90' lang='lat' dir='ltr'><strong><em>p.</em></strong></span> <span class='ocrx_word' id='word_1_25' title='bbox 2664 1947 2869 2010; x_wconf 62' lang='lat' dir='ltr'><strong><em>xxxvii.)</em></strong></span> 
     </span>
    </p>
   </div>
   <div class='ocr_carea' id='block_1_10' title="bbox 398 2266 3670 2342">
    <p class='ocr_par' dir='ltr' id='par_1_10' title="bbox 398 2266 3670 2342">
     <span class='ocr_line' id='line_1_10' title="bbox 398 2266 3670 2342; baseline -0.001 -14"><span class='ocrx_word' id='word_1_26' title='bbox 398 2277 437 2328; x_wconf 85' lang='lat' dir='ltr'><strong><em>i.</em></strong></span> <span class='ocrx_word' id='word_1_27' title='bbox 483 2271 784 2335; x_wconf 72' lang='lat' dir='ltr'><strong><em>Anatolius,</em></strong></span> <span class='ocrx_word' id='word_1_28' title='bbox 813 2275 968 2326; x_wconf 84' lang='lat' dir='ltr'><strong><em>domo</em></strong></span> <span class='ocrx_word' id='word_1_29' title='bbox 1003 2273 1420 2336; x_wconf 71' lang='lat' dir='ltr'><strong><em>Alexandrinus,</em></strong></span> <span class='ocrx_word' id='word_1_30' title='bbox 1451 2288 1552 2342; x_wconf 84' lang='lat' dir='ltr'><strong><em>quo</em></strong></span> <span class='ocrx_word' id='word_1_31' title='bbox 1584 2281 1811 2340; x_wconf 84' lang='lat' dir='ltr'><strong><em>tempore</em></strong></span> <span class='ocrx_word' id='word_1_32' title='bbox 1839 2271 2046 2338; x_wconf 80' lang='lat' dir='ltr'><strong><em>ﬂoruit.</em></strong></span> <span class='ocrx_word' id='word_1_33' title='bbox 2079 2266 2448 2342; x_wconf 68' lang='lat' dir='ltr'><strong><em>Quantusuir.</em></strong></span> <span class='ocrx_word' id='word_1_34' title='bbox 2490 2271 2648 2327; x_wconf 85' lang='lat' dir='ltr'><strong><em>Omni</em></strong></span> <span class='ocrx_word' id='word_1_35' title='bbox 2675 2273 3012 2326; x_wconf 75' lang='lat' dir='ltr'><strong><em>scientiarum</em></strong></span> <span class='ocrx_word' id='word_1_36' title='bbox 3046 2287 3228 2342; x_wconf 78' lang='lat' dir='ltr'><strong><em>genere</em></strong></span> <span class='ocrx_word' id='word_1_37' title='bbox 3263 2283 3520 2325; x_wconf 59' lang='lat' dir='ltr'><strong><em>exemtus.</em></strong></span> <span class='ocrx_word' id='word_1_38' title='bbox 3557 2271 3670 2326; x_wconf 54' lang='lat' dir='ltr'><strong><em>Pa-</em></strong></span> 
     </span>
    </p>
   </div>
   <div class='ocr_carea' id='block_1_11' title="bbox 470 2338 3626 2414">
    <p class='ocr_par' dir='ltr' id='par_1_11' title="bbox 470 2338 3626 2414">
     <span class='ocr_line' id='line_1_11' title="bbox 470 2338 3626 2414; baseline 0 -19"><span class='ocrx_word' id='word_1_39' title='bbox 470 2344 575 2414; x_wconf 77' lang='lat' dir='ltr'><strong><em>tria</em></strong></span> <span class='ocrx_word' id='word_1_40' title='bbox 609 2342 815 2407; x_wconf 87' lang='lat' dir='ltr'><strong><em>relicta,</em></strong></span> <span class='ocrx_word' id='word_1_41' title='bbox 848 2345 902 2397; x_wconf 89' lang='lat' dir='ltr'><strong><em>in</em></strong></span> <span class='ocrx_word' id='word_1_42' title='bbox 939 2343 1152 2414; x_wconf 84' lang='lat' dir='ltr'><strong><em>Syriam</em></strong></span> <span class='ocrx_word' id='word_1_43' title='bbox 1184 2344 1371 2413; x_wconf 80' lang='lat' dir='ltr'><strong><em>pergit.</em></strong></span> <span class='ocrx_word' id='word_1_44' title='bbox 1403 2338 1757 2397; x_wconf 27' lang='lat' dir='ltr'><strong><em>Consecrat—ur</em></strong></span> <span class='ocrx_word' id='word_1_45' title='bbox 1785 2338 2262 2414; x_wconf 77' lang='lat' dir='ltr'><strong><em>episcopus._Anno</em></strong></span> <span class='ocrx_word' id='word_1_46' title='bbox 2295 2341 2400 2414; x_wconf 72' lang='lat'><strong>270</strong></span> <span class='ocrx_word' id='word_1_47' title='bbox 2433 2343 2682 2398; x_wconf 61' lang='lat' dir='ltr'><strong><em>Ecclesia</em></strong></span> <span class='ocrx_word' id='word_1_48' title='bbox 2699 2343 3013 2397; x_wconf 78' lang='lat' dir='ltr'><strong><em>Laodicenw</em></strong></span> <span class='ocrx_word' id='word_1_49' title='bbox 3041 2338 3278 2412; x_wconf 70' lang='lat' dir='ltr'><strong><em>regenda:</em></strong></span> <span class='ocrx_word' id='word_1_50' title='bbox 3311 2344 3626 2410; x_wconf 52' lang='lat' dir='ltr'><strong><em>prof/icitur.</em></strong></span> 
     </span>
    </p>
   </div>
   <div class='ocr_carea' id='block_1_12' title="bbox 399 2411 3673 2485">
    <p class='ocr_par' dir='ltr' id='par_1_12' title="bbox 399 2411 3673 2485">
     <span class='ocr_line' id='line_1_12' title="bbox 399 2411 3673 2485; baseline 0 -19"><span class='ocrx_word' id='word_1_51' title='bbox 399 2414 462 2467; x_wconf 87' lang='lat' dir='ltr'><strong><em>ll.</em></strong></span> <span class='ocrx_word' id='word_1_52' title='bbox 506 2413 756 2468; x_wconf 69' lang='lat' dir='ltr'><strong><em>Externis</em></strong></span> <span class='ocrx_word' id='word_1_53' title='bbox 791 2411 1061 2485; x_wconf 63' lang='lat' dir='ltr'><strong><em>sacrisque</em></strong></span> <span class='ocrx_word' id='word_1_54' title='bbox 1083 2411 1294 2485; x_wconf 72' lang='lat' dir='ltr'><strong><em>litteris</em></strong></span> <span class='ocrx_word' id='word_1_55' title='bbox 1322 2415 1377 2466; x_wconf 86' lang='lat' dir='ltr'><strong><em>in</em></strong></span> <span class='ocrx_word' id='word_1_56' title='bbox 1403 2413 1588 2482; x_wconf 80' lang='lat' dir='ltr'><strong><em>primis</em></strong></span> <span class='ocrx_word' id='word_1_57' title='bbox 1623 2414 1876 2474; x_wconf 86' lang='lat' dir='ltr'><strong><em>imbutus,</em></strong></span> <span class='ocrx_word' id='word_1_58' title='bbox 1898 2411 2130 2464; x_wconf 74' lang='lat' dir='ltr'><strong><em>illustria</em></strong></span> <span class='ocrx_word' id='word_1_59' title='bbox 2158 2411 2418 2466; x_wconf 76' lang='lat' dir='ltr'><strong><em>doctrina:</em></strong></span> <span class='ocrx_word' id='word_1_60' title='bbox 2449 2431 2561 2469; x_wconf 76' lang='lat' dir='ltr'><strong><em>sua:</em></strong></span> <span class='ocrx_word' id='word_1_61' title='bbox 2585 2427 2921 2468; x_wconf 84' lang='lat' dir='ltr'><strong><em>monumenta</em></strong></span> <span class='ocrx_word' id='word_1_62' title='bbox 2958 2411 3192 2484; x_wconf 70' lang='lat' dir='ltr'><strong><em>reliquit.</em></strong></span> <span class='ocrx_word' id='word_1_63' title='bbox 3222 2414 3530 2468; x_wconf 81' lang='lat' dir='ltr'><strong><em>Celebratur</em></strong></span> <span class='ocrx_word' id='word_1_64' title='bbox 3555 2430 3673 2480; x_wconf 69' lang='lat' dir='ltr'><strong><em>prce</em></strong></span> 
     </span>
    </p>
   </div>
   <div class='ocr_carea' id='block_1_13' title="bbox 470 2484 1382 2555">
    <p class='ocr_par' dir='ltr' id='par_1_13' title="bbox 470 2484 1382 2555">
     <span class='ocr_line' id='line_1_13' title="bbox 470 2484 1382 2555; baseline -0.002 -17"><span class='ocrx_word' id='word_1_65' title='bbox 470 2485 675 2538; x_wconf 74' lang='lat' dir='ltr'><strong><em>cwteris</em></strong></span> <span class='ocrx_word' id='word_1_66' title='bbox 713 2485 829 2555; x_wconf 80' lang='lat' dir='ltr'><strong><em>ejus</em></strong></span> <span class='ocrx_word' id='word_1_67' title='bbox 855 2484 1044 2540; x_wconf 80' lang='lat' dir='ltr'><strong><em>Canuti</em></strong></span> <span class='ocrx_word' id='word_1_68' title='bbox 1079 2484 1382 2540; x_wconf 80' lang='lat' dir='ltr'><strong><em>Paschalis.</em></strong></span> 
     </span>
    </p>
   </div>
   <div class='ocr_carea' id='block_1_14' title="bbox 399 2551 3676 2623">
    <p class='ocr_par' dir='ltr' id='par_1_14' title="bbox 399 2551 3676 2623">
     <span class='ocr_line' id='line_1_14' title="bbox 399 2551 3676 2623; baseline 0.001 -17"><span class='ocrx_word' id='word_1_69' title='bbox 399 2554 485 2608; x_wconf 92' lang='lat' dir='ltr'><strong><em>lll.</em></strong></span> <span class='ocrx_word' id='word_1_70' title='bbox 529 2551 770 2610; x_wconf 51' lang='lat' dir='ltr'><strong><em>Canoni&#39;s</em></strong></span> <span class='ocrx_word' id='word_1_71' title='bbox 805 2557 1117 2610; x_wconf 84' lang='lat' dir='ltr'><strong><em>Anatoliani</em></strong></span> <span class='ocrx_word' id='word_1_72' title='bbox 1147 2557 1366 2623; x_wconf 88' lang='lat' dir='ltr'><strong><em>antiqua</em></strong></span> <span class='ocrx_word' id='word_1_73' title='bbox 1400 2556 1588 2608; x_wconf 76' lang='lat' dir='ltr'><strong><em>cersio.</em></strong></span> <span class='ocrx_word' id='word_1_74' title='bbox 1625 2551 1758 2620; x_wconf 75' lang='lat' dir='ltr'><strong><em>Ejus</em></strong></span> <span class='ocrx_word' id='word_1_75' title='bbox 1796 2552 2324 2623; x_wconf 65' lang='lat' dir='ltr'><strong><em>auctorinqniritnr.</em></strong></span> <span class='ocrx_word' id='word_1_76' title='bbox 2357 2553 2547 2621; x_wconf 80' lang='lat' dir='ltr'><strong><em>Ilu/ino</em></strong></span> <span class='ocrx_word' id='word_1_77' title='bbox 2573 2557 2851 2608; x_wconf 75' lang='lat' dir='ltr'><strong><em>asseritur.</em></strong></span> <span class='ocrx_word' id='word_1_78' title='bbox 2885 2554 3024 2609; x_wconf 74' lang='lat' dir='ltr'><strong><em>Hine</em></strong></span> <span class='ocrx_word' id='word_1_79' title='bbox 3055 2554 3288 2623; x_wconf 80' lang='lat' dir='ltr'><strong><em>ejusdem</em></strong></span> <span class='ocrx_word' id='word_1_80' title='bbox 3316 2553 3554 2608; x_wconf 83' lang='lat' dir='ltr'><strong><em>Canonis</em></strong></span> <span class='ocrx_word' id='word_1_81' title='bbox 3584 2571 3676 2608; x_wconf 79' lang='lat' dir='ltr'><strong><em>ve-</em></strong></span> 
     </span>
    </p>
   </div>
   <div class='ocr_carea' id='block_1_15' title="bbox 471 2625 1231 2694">
    <p class='ocr_par' dir='ltr' id='par_1_15' title="bbox 471 2625 1231 2694">
     <span class='ocr_line' id='line_1_15' title="bbox 471 2625 1231 2694; baseline -0.001 -16"><span class='ocrx_word' id='word_1_82' title='bbox 471 2628 602 2679; x_wconf 79' lang='lat' dir='ltr'><strong><em>ritas</em></strong></span> <span class='ocrx_word' id='word_1_83' title='bbox 633 2627 1001 2694; x_wconf 77' lang='lat' dir='ltr'><strong><em>conﬁrmatur.</em></strong></span> <span class='ocrx_word' id='word_1_84' title='bbox 1051 2625 1231 2680; x_wconf 79' lang='lat' dir='ltr'><strong><em>Versio</em></strong></span> 
     </span>
    </p>
   </div>
   <div class='ocr_carea' id='block_1_16' title="bbox 474 2696 1458 2767">
    <p class='ocr_par' dir='ltr' id='par_1_16' title="bbox 474 2696 1458 2767">
     <span class='ocr_line' id='line_1_16' title="bbox 474 2696 1458 2767; baseline 0 -18"><span class='ocrx_word' id='word_1_85' title='bbox 474 2697 585 2751; x_wconf 73' lang='lat' dir='ltr'><strong><em>rius</em></strong></span> <span class='ocrx_word' id='word_1_86' title='bbox 619 2697 917 2751; x_wconf 73' lang='lat' dir='ltr'><strong><em>doctissimi</em></strong></span> <span class='ocrx_word' id='word_1_87' title='bbox 947 2697 1157 2767; x_wconf 67' lang='lat' dir='ltr'><strong><em>zEgidii</em></strong></span> <span class='ocrx_word' id='word_1_88' title='bbox 1187 2696 1458 2750; x_wconf 84' lang='lat' dir='ltr'><strong><em>Bucherii.</em></strong></span> 
     </span>
    </p>
   </div>
   <div class='ocr_carea' id='block_1_17' title="bbox 1314 2621 3676 2692">
    <p class='ocr_par' dir='ltr' id='par_1_17' title="bbox 1314 2621 3676 2692">
     <span class='ocr_line' id='line_1_17' title="bbox 1314 2621 3676 2692; baseline -0 -14"><span class='ocrx_word' id='word_1_89' title='bbox 1314 2628 1550 2692; x_wconf 82' lang='lat' dir='ltr'><strong><em>uﬁniann</em></strong></span> <span class='ocrx_word' id='word_1_90' title='bbox 1576 2623 1783 2692; x_wconf 78' lang='lat' dir='ltr'><strong><em>integra</em></strong></span> <span class='ocrx_word' id='word_1_91' title='bbox 1807 2623 1891 2674; x_wconf 81' lang='lat' dir='ltr'><strong><em>hic</em></strong></span> <span class='ocrx_word' id='word_1_92' title='bbox 1917 2621 2208 2684; x_wconf 70' lang='lat' dir='ltr'><strong><em>exhibetur,</em></strong></span> <span class='ocrx_word' id='word_1_93' title='bbox 2239 2621 2436 2678; x_wconf 79' lang='lat' dir='ltr'><strong><em>ereis</em></strong></span> <span class='ocrx_word' id='word_1_94' title='bbox 2466 2626 2779 2682; x_wconf 79' lang='lat' dir='ltr'><strong><em>Euscbianis</em></strong></span> <span class='ocrx_word' id='word_1_95' title='bbox 2817 2627 3052 2681; x_wconf 74' lang='lat' dir='ltr'><strong><em>intextis.</em></strong></span> <span class='ocrx_word' id='word_1_96' title='bbox 3078 2621 3318 2678; x_wconf 22' lang='lat' dir='ltr'><strong><em>’Additus</em></strong></span> <span class='ocrx_word' id='word_1_97' title='bbox 3349 2637 3676 2678; x_wconf 86' lang='lat' dir='ltr'><strong><em>commenta-</em></strong></span> 
     </span>
    </p>
   </div>
   <div class='ocr_carea' id='block_1_18' title="bbox 473 2813 3669 2891">
    <p class='ocr_par' dir='ltr' id='par_1_18' title="bbox 473 2813 3669 2891">
     <span class='ocr_line' id='line_1_18' title="bbox 473 2813 3669 2891; baseline -0 -22"><span class='ocrx_word' id='word_1_98' title='bbox 473 2815 515 2872; x_wconf 92' lang='grc'><strong>1.</strong></span> <span class='ocrx_word' id='word_1_99' title='bbox 554 2815 734 2871; x_wconf 83' lang='lat' dir='ltr'><strong><em>Probo</em></strong></span> <span class='ocrx_word' id='word_1_100' title='bbox 779 2827 834 2871; x_wconf 91' lang='lat' dir='ltr'><strong><em>ct</em></strong></span> <span class='ocrx_word' id='word_1_101' title='bbox 877 2819 1021 2871; x_wconf 81' lang='lat' dir='ltr'><strong><em>Caro</em></strong></span> <span class='ocrx_word' id='word_1_102' title='bbox 1067 2817 1484 2889; x_wconf 75' lang='lat' dir='ltr'><strong><em>imperantibus,</em></strong></span> <span class='ocrx_word' id='word_1_103' title='bbox 1532 2825 1669 2870; x_wconf 87' lang='lat' dir='ltr'><strong><em>teste</em></strong></span> <span class='ocrx_word' id='word_1_104' title='bbox 1721 2813 1981 2884; x_wconf 82' lang='lat' dir='ltr'><strong><em>liierony-</em></strong></span> <span class='ocrx_word' id='word_1_105' title='bbox 2015 2817 2058 2873; x_wconf 79' lang='grc' dir='ltr'><strong>Δ</strong></span> <span class='ocrx_word' id='word_1_106' title='bbox 2090 2813 2274 2870; x_wconf 88' lang='lat' dir='ltr'><strong><em>habita</em></strong></span> <span class='ocrx_word' id='word_1_107' title='bbox 2308 2826 2392 2871; x_wconf 90' lang='lat' dir='ltr'><strong><em>est</em></strong></span> <span class='ocrx_word' id='word_1_108' title='bbox 2426 2821 2695 2886; x_wconf 82' lang='lat' dir='ltr'><strong><em>posterior</em></strong></span> <span class='ocrx_word' id='word_1_109' title='bbox 2727 2820 2969 2891; x_wconf 85' lang='lat' dir='ltr'><strong><em>synodus</em></strong></span> <span class='ocrx_word' id='word_1_110' title='bbox 3015 2817 3372 2872; x_wconf 80' lang='lat' dir='ltr'><strong><em>Antiochena.</em></strong></span> <span class='ocrx_word' id='word_1_111' title='bbox 3407 2813 3669 2882; x_wconf 83' lang='lat' dir='ltr'><strong><em>Quamliu</em></strong></span> 
     </span>
    </p>
   </div>
   <div class='ocr_carea' id='block_1_19' title="bbox 403 2910 1986 2981">
    <p class='ocr_par' dir='ltr' id='par_1_19' title="bbox 403 2910 1986 2981">
     <span class='ocr_line' id='line_1_19' title="bbox 403 2910 1986 2981; baseline -0.004 -15"><span class='ocrx_word' id='word_1_112' title='bbox 403 2928 495 2966; x_wconf 90' lang='lat' dir='ltr'><strong><em>mo</em></strong></span> <span class='ocrx_word' id='word_1_113' title='bbox 526 2912 622 2981; x_wconf 84' lang='grc'><strong><em>(1),</em></strong></span> <span class='ocrx_word' id='word_1_114' title='bbox 643 2911 826 2965; x_wconf 84' lang='lat' dir='ltr'><strong><em>ﬂoruit</em></strong></span> <span class='ocrx_word' id='word_1_115' title='bbox 851 2911 1162 2977; x_wconf 77' lang='lat' dir='ltr'><strong><em>Anatolius,</em></strong></span> <span class='ocrx_word' id='word_1_116' title='bbox 1193 2911 1358 2966; x_wconf 91' lang='lat' dir='ltr'><strong><em>domo</em></strong></span> <span class='ocrx_word' id='word_1_117' title='bbox 1391 2912 1815 2972; x_wconf 73' lang='lat' dir='ltr'><strong><em>Alexandrinus,</em></strong></span> <span class='ocrx_word' id='word_1_118' title='bbox 1847 2910 1986 2962; x_wconf 83' lang='lat' dir='ltr'><strong><em>Lao-</em></strong></span> 
     </span>
    </p>
   </div>
   <div class='ocr_carea' id='block_1_20' title="bbox 404 3001 1985 3073">
    <p class='ocr_par' dir='ltr' id='par_1_20' title="bbox 404 3001 1985 3073">
     <span class='ocr_line' id='line_1_20' title="bbox 404 3001 1985 3073; baseline -0.006 -15"><span class='ocrx_word' id='word_1_119' title='bbox 404 3003 633 3059; x_wconf 89' lang='lat' dir='ltr'><strong><em>diccnus</em></strong></span> <span class='ocrx_word' id='word_1_120' title='bbox 658 3003 950 3073; x_wconf 86' lang='lat' dir='ltr'><strong><em>episcopus</em></strong></span> <span class='ocrx_word' id='word_1_121' title='bbox 980 3019 996 3058; x_wconf 88' lang='lat'><strong>:</strong></span> <span class='ocrx_word' id='word_1_122' title='bbox 1031 3003 1192 3072; x_wconf 88' lang='lat' dir='ltr'><strong><em>cujus</em></strong></span> <span class='ocrx_word' id='word_1_123' title='bbox 1230 3003 1463 3058; x_wconf 83' lang='lat' dir='ltr'><strong><em>eximias</em></strong></span> <span class='ocrx_word' id='word_1_124' title='bbox 1484 3003 1672 3057; x_wconf 85' lang='lat' dir='ltr'><strong><em>laudes</em></strong></span> <span class='ocrx_word' id='word_1_125' title='bbox 1699 3001 1985 3070; x_wconf 85' lang='lat' dir='ltr'><strong><em>persequi-</em></strong></span> 
     </span>
    </p>
   </div>
   <div class='ocr_carea' id='block_1_21' title="bbox 407 3094 1987 3167">
    <p class='ocr_par' dir='ltr' id='par_1_21' title="bbox 407 3094 1987 3167">
     <span class='ocr_line' id='line_1_21' title="bbox 407 3094 1987 3167; baseline -0.003 -17"><span class='ocrx_word' id='word_1_126' title='bbox 407 3106 494 3150; x_wconf 90' lang='lat' dir='ltr'><strong><em>tur</em></strong></span> <span class='ocrx_word' id='word_1_127' title='bbox 519 3097 604 3151; x_wconf 85' lang='lat' dir='ltr'><strong><em>his</em></strong></span> <span class='ocrx_word' id='word_1_128' title='bbox 631 3097 812 3150; x_wconf 82' lang='lat' dir='ltr'><strong><em>verbis</em></strong></span> <span class='ocrx_word' id='word_1_129' title='bbox 842 3094 1112 3150; x_wconf 87' lang='lat' dir='ltr'><strong><em>Eusebius</em></strong></span> <span class='ocrx_word' id='word_1_130' title='bbox 1136 3096 1213 3167; x_wconf 70' lang='grc'><strong><em>(2)</em></strong></span> <span class='ocrx_word' id='word_1_131' title='bbox 1239 3113 1254 3150; x_wconf 88' lang='lat'><strong>:</strong></span> <span class='ocrx_word' id='word_1_132' title='bbox 1282 3113 1301 3147; x_wconf 71' lang='grc' dir='ltr'>ι</span> <span class='ocrx_word' id='word_1_133' title='bbox 1331 3094 1432 3150; x_wconf 81' lang='lat' dir='ltr'><strong><em>llic</em></strong></span> <span class='ocrx_word' id='word_1_134' title='bbox 1455 3104 1568 3149; x_wconf 87' lang='lat' dir='ltr'><strong><em>tum</em></strong></span> <span class='ocrx_word' id='word_1_135' title='bbox 1595 3096 1646 3148; x_wconf 93' lang='lat' dir='ltr'><strong><em>in</em></strong></span> <span class='ocrx_word' id='word_1_136' title='bbox 1672 3094 1987 3148; x_wconf 87' lang='lat' dir='ltr'><strong><em>liberalilms</em></strong></span> 
     </span>
    </p>
   </div>
   <div class='ocr_carea' id='block_1_22' title="bbox 403 3187 1990 3259">
    <p class='ocr_par' dir='ltr' id='par_1_22' title="bbox 403 3187 1990 3259">
     <span class='ocr_line' id='line_1_22' title="bbox 403 3187 1990 3259; baseline -0.003 -15"><span class='ocrx_word' id='word_1_137' title='bbox 403 3189 707 3259; x_wconf 84' lang='lat' dir='ltr'><strong><em>disciplinis</em></strong></span> <span class='ocrx_word' id='word_1_138' title='bbox 737 3200 854 3243; x_wconf 89' lang='lat' dir='ltr'><strong><em>tum</em></strong></span> <span class='ocrx_word' id='word_1_139' title='bbox 901 3189 953 3242; x_wconf 91' lang='lat' dir='ltr'><strong><em>in</em></strong></span> <span class='ocrx_word' id='word_1_140' title='bbox 996 3187 1342 3259; x_wconf 78' lang='lat' dir='ltr'><strong><em>phiIOSOphia</em></strong></span> <span class='ocrx_word' id='word_1_141' title='bbox 1375 3188 1673 3258; x_wconf 89' lang='lat' dir='ltr'><strong><em>principem</em></strong></span> <span class='ocrx_word' id='word_1_142' title='bbox 1718 3191 1858 3242; x_wconf 83' lang='lat' dir='ltr'><strong><em>inter</em></strong></span> <span class='ocrx_word' id='word_1_143' title='bbox 1891 3187 1990 3241; x_wconf 77' lang='lat' dir='ltr'><strong><em>do-</em></strong></span> 
     </span>
    </p>
   </div>
   <div class='ocr_carea' id='block_1_23' title="bbox 403 3279 1988 3349">
    <p class='ocr_par' dir='ltr' id='par_1_23' title="bbox 403 3279 1988 3349">
     <span class='ocr_line' id='line_1_23' title="bbox 403 3279 1988 3349; baseline -0.003 -13"><span class='ocrx_word' id='word_1_144' title='bbox 403 3281 683 3336; x_wconf 86' lang='lat' dir='ltr'><strong><em>ctissimos</em></strong></span> <span class='ocrx_word' id='word_1_145' title='bbox 717 3281 888 3334; x_wconf 82' lang='lat' dir='ltr'><strong><em>nostri</em></strong></span> <span class='ocrx_word' id='word_1_146' title='bbox 927 3280 1190 3349; x_wconf 89' lang='lat' dir='ltr'><strong><em>temporis</em></strong></span> <span class='ocrx_word' id='word_1_147' title='bbox 1223 3279 1371 3334; x_wconf 87' lang='lat' dir='ltr'><strong><em>viros</em></strong></span> <span class='ocrx_word' id='word_1_148' title='bbox 1396 3280 1575 3334; x_wconf 91' lang='lat' dir='ltr'><strong><em>locum</em></strong></span> <span class='ocrx_word' id='word_1_149' title='bbox 1603 3280 1721 3334; x_wconf 86' lang='lat' dir='ltr'><strong><em>sine</em></strong></span> <span class='ocrx_word' id='word_1_150' title='bbox 1763 3287 1988 3333; x_wconf 89' lang='lat' dir='ltr'><strong><em>contro-</em></strong></span> 
     </span>
    </p>
   </div>
   <div class='ocr_carea' id='block_1_24' title="bbox 404 3369 1990 3443">
    <p class='ocr_par' dir='ltr' id='par_1_24' title="bbox 404 3369 1990 3443">
     <span class='ocr_line' id='line_1_24' title="bbox 404 3369 1990 3443; baseline -0.003 -16"><span class='ocrx_word' id='word_1_151' title='bbox 404 3373 584 3427; x_wconf 74' lang='lat' dir='ltr'><strong><em>versia</em></strong></span> <span class='ocrx_word' id='word_1_152' title='bbox 621 3372 813 3434; x_wconf 88' lang='lat' dir='ltr'><strong><em>tenuit,</em></strong></span> <span class='ocrx_word' id='word_1_153' title='bbox 844 3371 912 3424; x_wconf 80' lang='grc' dir='ltr'><strong><em>τὰ</em></strong></span> <span class='ocrx_word' id='word_1_154' title='bbox 932 3370 1123 3443; x_wconf 84' lang='grc' dir='ltr'><strong>πρῶτα</strong></span> <span class='ocrx_word' id='word_1_155' title='bbox 1144 3369 1251 3424; x_wconf 85' lang='grc' dir='ltr'>τῶν</span> <span class='ocrx_word' id='word_1_156' title='bbox 1279 3371 1514 3442; x_wconf 81' lang='grc' dir='ltr'><strong>μάλιστα</strong></span> <span class='ocrx_word' id='word_1_157' title='bbox 1532 3370 1652 3425; x_wconf 80' lang='grc' dir='ltr'>καθ’</span> <span class='ocrx_word' id='word_1_158' title='bbox 1678 3372 1823 3442; x_wconf 75' lang='grc' dir='ltr'><strong><em>ἡμᾶς</em></strong></span> <span class='ocrx_word' id='word_1_159' title='bbox 1844 3371 1990 3424; x_wconf 86' lang='grc' dir='ltr'>δοκι-</span> 
     </span>
    </p>
   </div>
   <div class='ocr_carea' id='block_1_25' title="bbox 410 3462 1992 3538">
    <p class='ocr_par' dir='ltr' id='par_1_25' title="bbox 410 3462 1992 3538">
     <span class='ocr_line' id='line_1_25' title="bbox 410 3462 1992 3538; baseline -0.001 -20"><span class='ocrx_word' id='word_1_160' title='bbox 410 3465 671 3538; x_wconf 83' lang='grc' dir='ltr'><strong><em>μωτάτων</em></strong></span> <span class='ocrx_word' id='word_1_161' title='bbox 704 3463 1164 3535; x_wconf 76' lang='grc' dir='ltr'><strong><em>ἀπενηνεγμένας.</em></strong></span> <span class='ocrx_word' id='word_1_162' title='bbox 1199 3484 1218 3516; x_wconf 81' lang='grc'>›</span> <span class='ocrx_word' id='word_1_163' title='bbox 1243 3462 1361 3530; x_wconf 84' lang='lat' dir='ltr'><strong><em>Qua</em></strong></span> <span class='ocrx_word' id='word_1_164' title='bbox 1384 3463 1448 3517; x_wconf 89' lang='lat' dir='ltr'><strong><em>dc</em></strong></span> <span class='ocrx_word' id='word_1_165' title='bbox 1472 3479 1636 3518; x_wconf 84' lang='lat' dir='ltr'><strong><em>causa</em></strong></span> <span class='ocrx_word' id='word_1_166' title='bbox 1666 3464 1735 3517; x_wconf 90' lang='lat' dir='ltr'><strong><em>ab</em></strong></span> <span class='ocrx_word' id='word_1_167' title='bbox 1759 3463 1992 3517; x_wconf 79' lang='lat' dir='ltr'><strong><em>Alexan-</em></strong></span> 
     </span>
    </p>
   </div>
   <div class='ocr_carea' id='block_1_26' title="bbox 408 3556 1994 3628">
    <p class='ocr_par' dir='ltr' id='par_1_26' title="bbox 408 3556 1994 3628">
     <span class='ocr_line' id='line_1_26' title="bbox 408 3556 1994 3628; baseline -0.003 -13"><span class='ocrx_word' id='word_1_168' title='bbox 408 3561 583 3615; x_wconf 89' lang='lat' dir='ltr'><strong><em>drinis</em></strong></span> <span class='ocrx_word' id='word_1_169' title='bbox 615 3558 732 3614; x_wconf 87' lang='lat' dir='ltr'><strong><em>suis</em></strong></span> <span class='ocrx_word' id='word_1_170' title='bbox 768 3567 992 3628; x_wconf 78' lang='lat' dir='ltr'><strong><em>rogatus</em></strong></span> <span class='ocrx_word' id='word_1_171' title='bbox 1022 3565 1125 3622; x_wconf 90' lang='lat' dir='ltr'><strong><em>est,</em></strong></span> <span class='ocrx_word' id='word_1_172' title='bbox 1151 3567 1210 3611; x_wconf 91' lang='lat' dir='ltr'><strong><em>ut</em></strong></span> <span class='ocrx_word' id='word_1_173' title='bbox 1235 3557 1594 3612; x_wconf 78' lang='lat' dir='ltr'><strong><em>Aristotelicze</em></strong></span> <span class='ocrx_word' id='word_1_174' title='bbox 1628 3556 1994 3611; x_wconf 85' lang='lat' dir='ltr'><strong><em>successionis</em></strong></span> 
     </span>
    </p>
   </div>
   <div class='ocr_carea' id='block_1_27' title="bbox 410 3646 1994 3713">
    <p class='ocr_par' dir='ltr' id='par_1_27' title="bbox 410 3646 1994 3713">
     <span class='ocr_line' id='line_1_27' title="bbox 410 3646 1994 3713; baseline -0.004 -7"><span class='ocrx_word' id='word_1_175' title='bbox 410 3652 653 3706; x_wconf 75' lang='lat' dir='ltr'><strong><em>scholam</em></strong></span> <span class='ocrx_word' id='word_1_176' title='bbox 686 3652 793 3704; x_wconf 90' lang='lat' dir='ltr'><strong><em>illic</em></strong></span> <span class='ocrx_word' id='word_1_177' title='bbox 827 3651 1152 3713; x_wconf 89' lang='lat' dir='ltr'><strong><em>institueret,</em></strong></span> <span class='ocrx_word' id='word_1_178' title='bbox 1202 3650 1376 3705; x_wconf 88' lang='lat' dir='ltr'><strong><em>instar</em></strong></span> <span class='ocrx_word' id='word_1_179' title='bbox 1416 3649 1782 3704; x_wconf 62' lang='lat' dir='ltr'><strong><em>succeseiouis</em></strong></span> <span class='ocrx_word' id='word_1_180' title='bbox 1814 3646 1994 3701; x_wconf 85' lang='lat' dir='ltr'><strong><em>Plato-</em></strong></span> 
     </span>
    </p>
   </div>
   <div class='ocr_carea' id='block_1_28' title="bbox 410 3741 1997 3814">
    <p class='ocr_par' dir='ltr' id='par_1_28' title="bbox 410 3741 1997 3814">
     <span class='ocr_line' id='line_1_28' title="bbox 410 3741 1997 3814; baseline -0.003 -14"><span class='ocrx_word' id='word_1_181' title='bbox 410 3746 566 3809; x_wconf 64' lang='lat' dir='ltr'><strong><em>nicze,</em></strong></span> <span class='ocrx_word' id='word_1_182' title='bbox 603 3745 761 3814; x_wconf 87' lang='lat' dir='ltr'><strong><em>cujus</em></strong></span> <span class='ocrx_word' id='word_1_183' title='bbox 793 3743 1143 3799; x_wconf 85' lang='lat' dir='ltr'><strong><em>celeberrima</em></strong></span> <span class='ocrx_word' id='word_1_184' title='bbox 1183 3742 1371 3798; x_wconf 85' lang='lat' dir='ltr'><strong><em>schola</em></strong></span> <span class='ocrx_word' id='word_1_185' title='bbox 1413 3741 1738 3812; x_wconf 83' lang='lat' dir='ltr'><strong><em>jampridem</em></strong></span> <span class='ocrx_word' id='word_1_186' title='bbox 1769 3741 1997 3795; x_wconf 81' lang='lat' dir='ltr'><strong><em>Athenis</em></strong></span> 
     </span>
    </p>
   </div>
   <div class='ocr_carea' id='block_1_29' title="bbox 410 3832 1998 3906">
    <p class='ocr_par' dir='ltr' id='par_1_29' title="bbox 410 3832 1998 3906">
     <span class='ocr_line' id='line_1_29' title="bbox 410 3832 1998 3906; baseline -0.004 -14"><span class='ocrx_word' id='word_1_187' title='bbox 410 3836 436 3892; x_wconf 81' lang='lat' dir='ltr'><strong>f</strong></span> <span class='ocrx_word' id='word_1_188' title='bbox 437 3847 589 3892; x_wconf 84' lang='lat' dir='ltr'><strong><em>uerat</em></strong></span> <span class='ocrx_word' id='word_1_189' title='bbox 615 3836 932 3891; x_wconf 84' lang='lat' dir='ltr'><strong><em>constituta.</em></strong></span> <span class='ocrx_word' id='word_1_190' title='bbox 949 3835 1206 3890; x_wconf 65' lang='lat' dir='ltr'><strong><em>Plurimae</em></strong></span> <span class='ocrx_word' id='word_1_191' title='bbox 1226 3850 1446 3906; x_wconf 86' lang='lat' dir='ltr'><strong><em>quoque</em></strong></span> <span class='ocrx_word' id='word_1_192' title='bbox 1478 3849 1562 3888; x_wconf 89' lang='lat' dir='ltr'><strong><em>res</em></strong></span> <span class='ocrx_word' id='word_1_193' title='bbox 1579 3833 1648 3888; x_wconf 90' lang='lat' dir='ltr'><strong><em>ab</em></strong></span> <span class='ocrx_word' id='word_1_194' title='bbox 1663 3849 1728 3887; x_wconf 88' lang='lat' dir='ltr'><strong><em>co</em></strong></span> <span class='ocrx_word' id='word_1_195' title='bbox 1744 3832 1998 3902; x_wconf 65' lang='lat' dir='ltr'><strong><em>praeclare</em></strong></span> 
     </span>
    </p>
   </div>
   <div class='ocr_carea' id='block_1_30' title="bbox 413 3926 1997 3999">
    <p class='ocr_par' dir='ltr' id='par_1_30' title="bbox 413 3926 1997 3999">
     <span class='ocr_line' id='line_1_30' title="bbox 413 3926 1997 3999; baseline -0.002 -18"><span class='ocrx_word' id='word_1_196' title='bbox 413 3940 576 3999; x_wconf 62' lang='lat' dir='ltr'><strong><em>gestae</em></strong></span> <span class='ocrx_word' id='word_1_197' title='bbox 611 3928 928 3983; x_wconf 75' lang='lat' dir='ltr'><strong><em>referuntur</em></strong></span> <span class='ocrx_word' id='word_1_198' title='bbox 955 3947 967 3980; x_wconf 90' lang='lat'>:</span> <span class='ocrx_word' id='word_1_199' title='bbox 992 3928 1128 3982; x_wconf 88' lang='lat' dir='ltr'><strong><em>adeo</em></strong></span> <span class='ocrx_word' id='word_1_200' title='bbox 1157 3926 1374 3996; x_wconf 66' lang='lat' dir='ltr'><strong><em>atapud</em></strong></span> <span class='ocrx_word' id='word_1_201' title='bbox 1401 3940 1594 3980; x_wconf 90' lang='lat' dir='ltr'><strong><em>omnes</em></strong></span> <span class='ocrx_word' id='word_1_202' title='bbox 1625 3940 1877 3995; x_wconf 81' lang='lat' dir='ltr'><strong><em>magnam</em></strong></span> <span class='ocrx_word' id='word_1_203' title='bbox 1911 3926 1997 3979; x_wconf 89' lang='lat' dir='ltr'><strong><em>sui</em></strong></span> 
     </span>
    </p>
   </div>
   <div class='ocr_carea' id='block_1_31' title="bbox 414 4021 1997 4092">
    <p class='ocr_par' dir='ltr' id='par_1_31' title="bbox 414 4021 1997 4092">
     <span class='ocr_line' id='line_1_31' title="bbox 414 4021 1997 4092; baseline -0.003 -14"><span class='ocrx_word' id='word_1_204' title='bbox 414 4023 654 4078; x_wconf 87' lang='lat' dir='ltr'><strong><em>nominis</em></strong></span> <span class='ocrx_word' id='word_1_205' title='bbox 683 4022 907 4085; x_wconf 78' lang='lat' dir='ltr'><strong><em>famam,</em></strong></span> <span class='ocrx_word' id='word_1_206' title='bbox 948 4033 1111 4092; x_wconf 88' lang='lat' dir='ltr'><strong><em>atque</em></strong></span> <span class='ocrx_word' id='word_1_207' title='bbox 1143 4024 1286 4076; x_wconf 89' lang='lat' dir='ltr'><strong><em>inter</em></strong></span> <span class='ocrx_word' id='word_1_208' title='bbox 1330 4021 1565 4076; x_wconf 79' lang='lat' dir='ltr'><strong><em>civitatis</em></strong></span> <span class='ocrx_word' id='word_1_209' title='bbox 1593 4035 1706 4074; x_wconf 64' lang='lat' dir='ltr'><strong><em>sua:</em></strong></span> <span class='ocrx_word' id='word_1_210' title='bbox 1737 4036 1997 4090; x_wconf 81' lang='lat' dir='ltr'><strong><em>proceres</em></strong></span> 
     </span>
    </p>
   </div>
   <div class='ocr_carea' id='block_1_32' title="bbox 414 4112 1996 4185">
    <p class='ocr_par' dir='ltr' id='par_1_32' title="bbox 414 4112 1996 4185">
     <span class='ocr_line' id='line_1_32' title="bbox 414 4112 1996 4185; baseline -0.002 -17"><span class='ocrx_word' id='word_1_211' title='bbox 414 4116 742 4185; x_wconf 70' lang='lat' dir='ltr'><strong><em>praecipuam</em></strong></span> <span class='ocrx_word' id='word_1_212' title='bbox 772 4115 993 4169; x_wconf 89' lang='lat' dir='ltr'><strong><em>honoris</em></strong></span> <span class='ocrx_word' id='word_1_213' title='bbox 1018 4114 1434 4184; x_wconf 71' lang='lat' dir='ltr'><strong><em>praerogativam</em></strong></span> <span class='ocrx_word' id='word_1_214' title='bbox 1461 4112 1705 4167; x_wconf 90' lang='lat' dir='ltr'><strong><em>omnium</em></strong></span> <span class='ocrx_word' id='word_1_215' title='bbox 1727 4127 1996 4166; x_wconf 85' lang='lat' dir='ltr'><strong><em>consensu</em></strong></span> 
     </span>
    </p>
   </div>
   <div class='ocr_carea' id='block_1_33' title="bbox 415 4207 852 4277">
    <p class='ocr_par' dir='ltr' id='par_1_33' title="bbox 415 4207 852 4277">
     <span class='ocr_line' id='line_1_33' title="bbox 415 4207 852 4277; baseline -0.007 -15"><span class='ocrx_word' id='word_1_216' title='bbox 415 4209 578 4263; x_wconf 80' lang='lat' dir='ltr'><strong><em>fuerit</em></strong></span> <span class='ocrx_word' id='word_1_217' title='bbox 605 4207 852 4277; x_wconf 89' lang='lat' dir='ltr'><strong><em>adeptus.</em></strong></span> 
     </span>
    </p>
   </div>
   <div class='ocr_carea' id='block_1_34' title="bbox 490 4296 1998 4367">
    <p class='ocr_par' dir='ltr' id='par_1_34' title="bbox 490 4296 1998 4367">
     <span class='ocr_line' id='line_1_34' title="bbox 490 4296 1998 4367; baseline -0.001 -15"><span class='ocrx_word' id='word_1_218' title='bbox 490 4300 697 4355; x_wconf 79' lang='lat' dir='ltr'><strong><em>Relicta</em></strong></span> <span class='ocrx_word' id='word_1_219' title='bbox 730 4298 928 4354; x_wconf 87' lang='lat' dir='ltr'><strong><em>deinde</em></strong></span> <span class='ocrx_word' id='word_1_220' title='bbox 955 4297 1308 4361; x_wconf 78' lang='lat' dir='ltr'><strong><em>Alexandria,</em></strong></span> <span class='ocrx_word' id='word_1_221' title='bbox 1333 4305 1456 4367; x_wconf 87' lang='lat' dir='ltr'><strong><em>post</em></strong></span> <span class='ocrx_word' id='word_1_222' title='bbox 1506 4297 1738 4352; x_wconf 84' lang='lat' dir='ltr'><strong><em>solutam</em></strong></span> <span class='ocrx_word' id='word_1_223' title='bbox 1777 4296 1998 4351; x_wconf 87' lang='lat' dir='ltr'><strong><em>Bruchii</em></strong></span> 
     </span>
    </p>
   </div>
   <div class='ocr_carea' id='block_1_35' title="bbox 417 4387 1996 4462">
    <p class='ocr_par' dir='ltr' id='par_1_35' title="bbox 417 4387 1996 4462">
     <span class='ocr_line' id='line_1_35' title="bbox 417 4387 1996 4462; baseline -0.002 -17"><span class='ocrx_word' id='word_1_224' title='bbox 417 4394 782 4456; x_wconf 86' lang='lat' dir='ltr'><strong><em>obsidionem,</em></strong></span> <span class='ocrx_word' id='word_1_225' title='bbox 832 4392 884 4445; x_wconf 91' lang='lat' dir='ltr'><strong><em>in</em></strong></span> <span class='ocrx_word' id='word_1_226' title='bbox 923 4390 1136 4462; x_wconf 86' lang='lat' dir='ltr'><strong><em>Syriam</em></strong></span> <span class='ocrx_word' id='word_1_227' title='bbox 1173 4391 1429 4460; x_wconf 82' lang='lat' dir='ltr'><strong><em>migravit</em></strong></span> <span class='ocrx_word' id='word_1_228' title='bbox 1459 4409 1471 4444; x_wconf 93' lang='lat'>:</span> <span class='ocrx_word' id='word_1_229' title='bbox 1507 4390 1596 4443; x_wconf 87' lang='lat' dir='ltr'><strong><em>uhi</em></strong></span> <span class='ocrx_word' id='word_1_230' title='bbox 1631 4387 1996 4452; x_wconf 83' lang='lat' dir='ltr'><strong><em>Theotecnus,</em></strong></span> 
     </span>
    </p>
   </div>
   <div class='ocr_carea' id='block_1_36' title="bbox 420 4480 1999 4552">
    <p class='ocr_par' dir='ltr' id='par_1_36' title="bbox 420 4480 1999 4552">
     <span class='ocr_line' id='line_1_36' title="bbox 420 4480 1999 4552; baseline -0.002 -16"><span class='ocrx_word' id='word_1_231' title='bbox 420 4483 599 4552; x_wconf 83' lang='lat' dir='ltr'><strong><em>inquit</em></strong></span> <span class='ocrx_word' id='word_1_232' title='bbox 642 4483 784 4537; x_wconf 89' lang='lat' dir='ltr'><strong><em>idem</em></strong></span> <span class='ocrx_word' id='word_1_233' title='bbox 821 4481 1088 4537; x_wconf 84' lang='lat' dir='ltr'><strong><em>Eusebius</em></strong></span> <span class='ocrx_word' id='word_1_234' title='bbox 1118 4483 1221 4552; x_wconf 78' lang='grc'><strong><em>(5),</em></strong></span> <span class='ocrx_word' id='word_1_235' title='bbox 1255 4481 1520 4538; x_wconf 68' lang='lat' dir='ltr'><strong><em>Czcsareae</em></strong></span> <span class='ocrx_word' id='word_1_236' title='bbox 1553 4480 1854 4535; x_wconf 67' lang='lat' dir='ltr'><strong><em>Palaestinae</em></strong></span> <span class='ocrx_word' id='word_1_237' title='bbox 1888 4482 1999 4550; x_wconf 87' lang='lat' dir='ltr'><strong><em>epi—</em></strong></span> 
     </span>
    </p>
   </div>
   <div class='ocr_carea' id='block_1_37' title="bbox 419 4575 2000 4646">
    <p class='ocr_par' dir='ltr' id='par_1_37' title="bbox 419 4575 2000 4646">
     <span class='ocr_line' id='line_1_37' title="bbox 419 4575 2000 4646; baseline -0.002 -17"><span class='ocrx_word' id='word_1_238' title='bbox 419 4591 621 4646; x_wconf 84' lang='lat' dir='ltr'><strong><em>scopus</em></strong></span> <span class='ocrx_word' id='word_1_239' title='bbox 666 4576 876 4646; x_wconf 89' lang='lat' dir='ltr'><strong><em>primus</em></strong></span> <span class='ocrx_word' id='word_1_240' title='bbox 925 4575 1002 4629; x_wconf 89' lang='lat' dir='ltr'><strong><em>illi</em></strong></span> <span class='ocrx_word' id='word_1_241' title='bbox 1055 4591 1254 4631; x_wconf 89' lang='lat' dir='ltr'><strong><em>manus</em></strong></span> <span class='ocrx_word' id='word_1_242' title='bbox 1287 4576 1566 4646; x_wconf 87' lang='lat' dir='ltr'><strong><em>imposuit,</em></strong></span> <span class='ocrx_word' id='word_1_243' title='bbox 1601 4590 1839 4644; x_wconf 88' lang='lat' dir='ltr'><strong><em>eumque</em></strong></span> <span class='ocrx_word' id='word_1_244' title='bbox 1882 4576 2000 4642; x_wconf 90' lang='lat' dir='ltr'><strong><em>epi-</em></strong></span> 
     </span>
    </p>
   </div>
   <div class='ocr_carea' id='block_1_38' title="bbox 421 4667 2006 4738">
    <p class='ocr_par' dir='ltr' id='par_1_38' title="bbox 421 4667 2006 4738">
     <span class='ocr_line' id='line_1_38' title="bbox 421 4667 2006 4738; baseline -0.003 -14"><span class='ocrx_word' id='word_1_245' title='bbox 421 4684 644 4738; x_wconf 78' lang='lat' dir='ltr'><strong><em>scopum</em></strong></span> <span class='ocrx_word' id='word_1_246' title='bbox 685 4667 978 4734; x_wconf 84' lang='lat' dir='ltr'><strong><em>ordinavit,</em></strong></span> <span class='ocrx_word' id='word_1_247' title='bbox 1024 4683 1399 4723; x_wconf 87' lang='lat' dir='ltr'><strong><em>successorem</em></strong></span> <span class='ocrx_word' id='word_1_248' title='bbox 1449 4667 1709 4722; x_wconf 64' lang='lat' dir='ltr'><strong><em>Ecclesite</em></strong></span> <span class='ocrx_word' id='word_1_249' title='bbox 1753 4682 1866 4722; x_wconf 67' lang='lat' dir='ltr'><strong><em>suae</em></strong></span> <span class='ocrx_word' id='word_1_250' title='bbox 1910 4667 2006 4720; x_wconf 72' lang='grc' dir='ltr'><strong><em>(1ο-</em></strong></span> 
     </span>
    </p>
   </div>
   <div class='ocr_carea' id='block_1_39' title="bbox 421 4759 2004 4832">
    <p class='ocr_par' dir='ltr' id='par_1_39' title="bbox 421 4759 2004 4832">
     <span class='ocr_line' id='line_1_39' title="bbox 421 4759 2004 4832; baseline -0.003 -15"><span class='ocrx_word' id='word_1_251' title='bbox 421 4759 928 4832; x_wconf 67' lang='lat' dir='ltr'><strong><em>spondensNerum</em></strong></span> <span class='ocrx_word' id='word_1_252' title='bbox 965 4759 1309 4815; x_wconf 81' lang='lat' dir='ltr'><strong><em>Antiochiam</em></strong></span> <span class='ocrx_word' id='word_1_253' title='bbox 1348 4771 1606 4816; x_wconf 84' lang='lat' dir='ltr'><strong><em>evocatus</em></strong></span> <span class='ocrx_word' id='word_1_254' title='bbox 1635 4760 1702 4814; x_wconf 87' lang='lat' dir='ltr'><strong><em>ad</em></strong></span> <span class='ocrx_word' id='word_1_255' title='bbox 1736 4760 2004 4831; x_wconf 90' lang='lat' dir='ltr'><strong><em>synodum</em></strong></span> 
     </span>
    </p>
   </div>
   <div class='ocr_carea' id='block_1_40' title="bbox 423 4851 2003 4919">
    <p class='ocr_par' dir='ltr' id='par_1_40' title="bbox 423 4851 2003 4919">
     <span class='ocr_line' id='line_1_40' title="bbox 423 4851 2003 4919; baseline -0.003 -12"><span class='ocrx_word' id='word_1_256' title='bbox 423 4853 574 4908; x_wconf 85' lang='lat' dir='ltr'><strong><em>Pauli</em></strong></span> <span class='ocrx_word' id='word_1_257' title='bbox 607 4851 950 4907; x_wconf 88' lang='lat' dir='ltr'><strong><em>Samosateni</em></strong></span> <span class='ocrx_word' id='word_1_258' title='bbox 989 4867 1156 4905; x_wconf 86' lang='lat' dir='ltr'><strong><em>causa</em></strong></span> <span class='ocrx_word' id='word_1_259' title='bbox 1187 4860 1458 4916; x_wconf 86' lang='lat' dir='ltr'><strong><em>coactam,</em></strong></span> <span class='ocrx_word' id='word_1_260' title='bbox 1490 4851 1618 4904; x_wconf 87' lang='lat' dir='ltr'><strong><em>dum</em></strong></span> <span class='ocrx_word' id='word_1_261' title='bbox 1670 4867 1766 4919; x_wconf 90' lang='lat' dir='ltr'><strong><em>per</em></strong></span> <span class='ocrx_word' id='word_1_262' title='bbox 1815 4851 2003 4904; x_wconf 89' lang='lat' dir='ltr'><strong><em>urbem</em></strong></span> 
     </span>
    </p>
   </div>
   <div class='ocr_carea' id='block_1_41' title="bbox 427 4940 2005 5007">
    <p class='ocr_par' dir='ltr' id='par_1_41' title="bbox 427 4940 2005 5007">
     <span class='ocr_line' id='line_1_41' title="bbox 427 4940 2005 5007; baseline -0.003 -9"><span class='ocrx_word' id='word_1_263' title='bbox 427 4946 748 5002; x_wconf 78' lang='lat' dir='ltr'><strong><em>Laodiceam</em></strong></span> <span class='ocrx_word' id='word_1_264' title='bbox 777 4946 882 4999; x_wconf 90' lang='lat' dir='ltr'><strong><em>iter</em></strong></span> <span class='ocrx_word' id='word_1_265' title='bbox 914 4943 1141 5006; x_wconf 81' lang='lat' dir='ltr'><strong><em>iaceret,</em></strong></span> <span class='ocrx_word' id='word_1_266' title='bbox 1174 4958 1203 4996; x_wconf 85' lang='lat' dir='ltr'><strong><em>a</em></strong></span> <span class='ocrx_word' id='word_1_267' title='bbox 1237 4940 1498 4996; x_wconf 80' lang='lat' dir='ltr'><strong><em>fratribus</em></strong></span> <span class='ocrx_word' id='word_1_268' title='bbox 1538 4942 1823 5007; x_wconf 87' lang='lat' dir='ltr'><strong><em>illiusloci,</em></strong></span> <span class='ocrx_word' id='word_1_269' title='bbox 1855 4958 2005 4995; x_wconf 88' lang='lat' dir='ltr'><strong><em>mor-</em></strong></span> 
     </span>
    </p>
   </div>
   <div class='ocr_carea' id='block_1_42' title="bbox 428 5033 2004 5101">
    <p class='ocr_par' dir='ltr' id='par_1_42' title="bbox 428 5033 2004 5101">
     <span class='ocr_line' id='line_1_42' title="bbox 428 5033 2004 5101; baseline -0.005 -8"><span class='ocrx_word' id='word_1_270' title='bbox 428 5050 522 5093; x_wconf 92' lang='lat' dir='ltr'><strong><em>tuo</em></strong></span> <span class='ocrx_word' id='word_1_271' title='bbox 549 5049 680 5094; x_wconf 88' lang='lat' dir='ltr'><strong><em>tunc</em></strong></span> <span class='ocrx_word' id='word_1_272' title='bbox 709 5037 968 5101; x_wconf 80' lang='lat' dir='ltr'><strong><em>Eusebio,</em></strong></span> <span class='ocrx_word' id='word_1_273' title='bbox 988 5036 1244 5090; x_wconf 86' lang='lat' dir='ltr'><strong><em>detentus</em></strong></span> <span class='ocrx_word' id='word_1_274' title='bbox 1273 5044 1358 5089; x_wconf 90' lang='lat' dir='ltr'><strong><em>est</em></strong></span> <span class='ocrx_word' id='word_1_275' title='bbox 1384 5051 1398 5088; x_wconf 86' lang='lat'><strong>:</strong></span> <span class='ocrx_word' id='word_1_276' title='bbox 1428 5038 1622 5098; x_wconf 89' lang='lat' dir='ltr'><strong><em>bonus,</em></strong></span> <span class='ocrx_word' id='word_1_277' title='bbox 1658 5033 1802 5101; x_wconf 85' lang='lat' dir='ltr'><strong><em>quod</em></strong></span> <span class='ocrx_word' id='word_1_278' title='bbox 1832 5035 2004 5098; x_wconf 88' lang='lat' dir='ltr'><strong><em>aiunt,</em></strong></span> 
     </span>
    </p>
   </div>
   <div class='ocr_carea' id='block_1_43' title="bbox 428 5123 2004 5196">
    <p class='ocr_par' dir='ltr' id='par_1_43' title="bbox 428 5123 2004 5196">
     <span class='ocr_line' id='line_1_43' title="bbox 428 5123 2004 5196; baseline -0.009 -8"><span class='ocrx_word' id='word_1_279' title='bbox 428 5133 556 5187; x_wconf 84' lang='lat' dir='ltr'><strong><em>boui</em></strong></span> <span class='ocrx_word' id='word_1_280' title='bbox 586 5132 686 5187; x_wconf 89' lang='lat' dir='ltr'><strong><em>viri</em></strong></span> <span class='ocrx_word' id='word_1_281' title='bbox 713 5144 1030 5187; x_wconf 87' lang='lat' dir='ltr'><strong><em>successor:</em></strong></span> <span class='ocrx_word' id='word_1_282' title='bbox 1055 5126 1294 5196; x_wconf 83' lang='grc' dir='ltr'><strong><em>διάδοχος</em></strong></span> <span class='ocrx_word' id='word_1_283' title='bbox 1326 5123 1549 5194; x_wconf 77' lang='grc' dir='ltr'><strong><em>ἀγαθὸς,</em></strong></span> <span class='ocrx_word' id='word_1_284' title='bbox 1577 5124 1760 5194; x_wconf 71' lang='grc' dir='ltr'><strong><em>φασὶν,</em></strong></span> <span class='ocrx_word' id='word_1_285' title='bbox 1777 5123 2004 5192; x_wconf 79' lang='grc' dir='ltr'><strong><em>ἀγαθοῦ,</em></strong></span> 
     </span>
    </p>
   </div>
   <div class='ocr_carea' id='block_1_44' title="bbox 429 5215 2008 5288">
    <p class='ocr_par' dir='ltr' id='par_1_44' title="bbox 429 5215 2008 5288">
     <span class='ocr_line' id='line_1_44' title="bbox 429 5215 2008 5288; baseline -0.004 -13"><span class='ocrx_word' id='word_1_286' title='bbox 429 5221 772 5276; x_wconf 78' lang='grc' dir='ltr'><strong><em>καθίσταται.</em></strong></span> <span class='ocrx_word' id='word_1_287' title='bbox 811 5219 1136 5288; x_wconf 89' lang='lat' dir='ltr'><strong><em>Supremum</em></strong></span> <span class='ocrx_word' id='word_1_288' title='bbox 1169 5226 1349 5270; x_wconf 86' lang='lat' dir='ltr'><strong><em>autem</em></strong></span> <span class='ocrx_word' id='word_1_289' title='bbox 1385 5217 1529 5271; x_wconf 90' lang='lat' dir='ltr'><strong><em>diem</em></strong></span> <span class='ocrx_word' id='word_1_290' title='bbox 1567 5216 1702 5270; x_wconf 88' lang='lat' dir='ltr'><strong><em>obiit</em></strong></span> <span class='ocrx_word' id='word_1_291' title='bbox 1741 5215 2008 5270; x_wconf 88' lang='lat' dir='ltr'><strong><em>Eusebius</em></strong></span> 
     </span>
    </p>
   </div>
   <div class='ocr_carea' id='block_1_45' title="bbox 430 5306 2006 5385">
    <p class='ocr_par' dir='ltr' id='par_1_45' title="bbox 430 5306 2006 5385">
     <span class='ocr_line' id='line_1_45' title="bbox 430 5306 2006 5385; baseline -0.006 -15"><span class='ocrx_word' id='word_1_292' title='bbox 430 5317 550 5385; x_wconf 89' lang='lat' dir='ltr'><strong><em>ejus</em></strong></span> <span class='ocrx_word' id='word_1_293' title='bbox 571 5317 823 5372; x_wconf 86' lang='lat' dir='ltr'><strong><em>decessor</em></strong></span> <span class='ocrx_word' id='word_1_294' title='bbox 845 5329 988 5368; x_wconf 87' lang='lat' dir='ltr'><strong><em>anno</em></strong></span> <span class='ocrx_word' id='word_1_295' title='bbox 1012 5310 1138 5375; x_wconf 74' lang='lat'><strong><em>270,</em></strong></span> <span class='ocrx_word' id='word_1_296' title='bbox 1171 5325 1278 5379; x_wconf 92' lang='lat' dir='ltr'><strong><em>quo</em></strong></span> <span class='ocrx_word' id='word_1_297' title='bbox 1306 5309 1567 5364; x_wconf 87' lang='lat' dir='ltr'><strong><em>adversus</em></strong></span> <span class='ocrx_word' id='word_1_298' title='bbox 1590 5306 2006 5364; x_wconf 84' lang='lat' dir='ltr'><strong><em>Samosatenum</em></strong></span> 
     </span>
    </p>
   </div>
   <div class='ocr_carea' id='block_1_46' title="bbox 381 5465 1556 5554">
    <p class='ocr_par' dir='ltr' id='par_1_46' title="bbox 381 5465 1556 5554">
     <span class='ocr_line' id='line_1_46' title="bbox 381 5465 1556 5554; baseline -0.009 -23"><span class='ocrx_word' id='word_1_299' title='bbox 622 5471 869 5554; x_wconf 44' lang='grc' dir='ltr'><strong><em>ψει-φη</em></strong></span> <span class='ocrx_word' id='word_1_300' title='bbox 900 5471 978 5554; x_wconf 62' lang='grc' dir='ltr'><em>ρᾳ</em></span> <span class='ocrx_word' id='word_1_301' title='bbox 1002 5469 1135 5524; x_wconf 73' lang='lat' dir='ltr'><strong><em>ciris</em></strong></span> <span class='ocrx_word' id='word_1_302' title='bbox 1162 5469 1362 5554; x_wconf 61' lang='lat' dir='ltr'><strong><em>illustr.</em></strong></span> <span class='ocrx_word' id='word_1_303' title='bbox 1395 5483 1443 5522; x_wconf 91' lang='lat' dir='ltr'><strong><em>c.</em></strong></span> <span class='ocrx_word' id='word_1_304' title='bbox 1469 5465 1556 5521; x_wconf 78' lang='lat'><strong><em>75.</em></strong></span> 
     </span>
    </p>
   </div>
   <div class='ocr_carea' id='block_1_47' title="bbox 483 5535 1654 5614">
    <p class='ocr_par' dir='ltr' id='par_1_47' title="bbox 483 5535 1654 5614">
     <span class='ocr_line' id='line_1_47' title="bbox 483 5535 1654 5614; baseline -0.002 -22"><span class='ocrx_word' id='word_1_305' title='bbox 622 5535 863 5614; x_wconf 74' lang='lat' dir='ltr'><strong><em>Euseb._.</em></strong></span> <span class='ocrx_word' id='word_1_306' title='bbox 891 5541 1035 5595; x_wconf 80' lang='lat' dir='ltr'><strong><em>&quot;ist.</em></strong></span> <span class='ocrx_word' id='word_1_307' title='bbox 1073 5543 1200 5594; x_wconf 87' lang='lat' dir='ltr'><strong><em>ecct.</em></strong></span> <span class='ocrx_word' id='word_1_308' title='bbox 1238 5541 1326 5595; x_wconf 90' lang='lat' dir='ltr'><strong><em>lib.</em></strong></span> <span class='ocrx_word' id='word_1_309' title='bbox 1359 5555 1453 5608; x_wconf 88' lang='lat' dir='ltr'><strong><em>vn,</em></strong></span> <span class='ocrx_word' id='word_1_310' title='bbox 1482 5554 1530 5594; x_wconf 92' lang='lat' dir='ltr'><strong><em>c.</em></strong></span> <span class='ocrx_word' id='word_1_311' title='bbox 1564 5535 1654 5592; x_wconf 76' lang='lat'><strong><em>&#39;52.</em></strong></span> 
     </span>
    </p>
   </div>
   <div class='ocr_carea' id='block_1_48' title="bbox 505 5612 853 5683">
    <p class='ocr_par' dir='ltr' id='par_1_48' title="bbox 505 5612 853 5683">
     <span class='ocr_line' id='line_1_48' title="bbox 505 5612 853 5683; baseline -0.011 -16"><span class='ocrx_word' id='word_1_312' title='bbox 505 5612 582 5683; x_wconf 68' lang='grc' dir='ltr'><strong><em>(δ’)</em></strong></span> <span class='ocrx_word' id='word_1_313' title='bbox 627 5613 700 5666; x_wconf 93' lang='lat' dir='ltr'><strong><em>ld.</em></strong></span> <span class='ocrx_word' id='word_1_314' title='bbox 728 5612 853 5665; x_wconf 84' lang='lat' dir='ltr'><strong><em>ibid.</em></strong></span> 
     </span>
    </p>
   </div>
   <div class='ocr_carea' id='block_1_49' title="bbox 509 5683 858 5756">
    <p class='ocr_par' dir='ltr' id='par_1_49' title="bbox 509 5683 858 5756">
     <span class='ocr_line' id='line_1_49' title="bbox 509 5683 858 5756; baseline -0.011 -18"><span class='ocrx_word' id='word_1_315' title='bbox 509 5691 583 5756; x_wconf 56' lang='lat' dir='ltr'><strong><em>{si</em></strong></span> <span class='ocrx_word' id='word_1_316' title='bbox 625 5683 699 5737; x_wconf 87' lang='lat' dir='ltr'><strong><em>Id.</em></strong></span> <span class='ocrx_word' id='word_1_317' title='bbox 742 5683 858 5734; x_wconf 60' lang='lat' dir='ltr'><strong><em>ibit}</em></strong></span> 
     </span>
    </p>
   </div>
   <div class='ocr_carea' id='block_1_50' title="bbox 2093 2909 3676 2975">
    <p class='ocr_par' dir='ltr' id='par_1_50' title="bbox 2093 2909 3676 2975">
     <span class='ocr_line' id='line_1_50' title="bbox 2093 2909 3676 2975; baseline 0.003 -16"><span class='ocrx_word' id='word_1_318' title='bbox 2093 2922 2226 2962; x_wconf 87' lang='lat' dir='ltr'><strong><em>vero</em></strong></span> <span class='ocrx_word' id='word_1_319' title='bbox 2255 2910 2456 2964; x_wconf 85' lang='lat' dir='ltr'><strong><em>sederit</em></strong></span> <span class='ocrx_word' id='word_1_320' title='bbox 2487 2912 2540 2964; x_wconf 89' lang='lat' dir='ltr'><strong><em>in</em></strong></span> <span class='ocrx_word' id='word_1_321' title='bbox 2573 2913 2829 2967; x_wconf 80' lang='lat' dir='ltr'><strong><em>cathedra</em></strong></span> <span class='ocrx_word' id='word_1_322' title='bbox 2854 2911 3176 2967; x_wconf 86' lang='lat' dir='ltr'><strong><em>Laodicensi</em></strong></span> <span class='ocrx_word' id='word_1_323' title='bbox 3203 2909 3676 2975; x_wconf 78' lang='lat' dir='ltr'><strong><em>Auatolius,haud</em></strong></span> 
     </span>
    </p>
   </div>
   <div class='ocr_carea' id='block_1_51' title="bbox 2093 3000 2286 3071">
    <p class='ocr_par' dir='ltr' id='par_1_51' title="bbox 2093 3000 2286 3071">
     <span class='ocr_line' id='line_1_51' title="bbox 2093 3000 2286 3071; baseline 0.016 -19"><span class='ocrx_word' id='word_1_324' title='bbox 2093 3000 2286 3071; x_wconf 82' lang='lat' dir='ltr'><strong><em>liquet.</em></strong></span> 
     </span>
    </p>
   </div>
   <div class='ocr_carea' id='block_1_52' title="bbox 2165 3095 3682 3172">
    <p class='ocr_par' dir='ltr' id='par_1_52' title="bbox 2165 3095 3682 3172">
     <span class='ocr_line' id='line_1_52' title="bbox 2165 3095 3682 3172; baseline 0.005 -24"><span class='ocrx_word' id='word_1_325' title='bbox 2165 3095 2228 3150; x_wconf 89' lang='lat' dir='ltr'><strong><em>ll.</em></strong></span> <span class='ocrx_word' id='word_1_326' title='bbox 2268 3095 2384 3150; x_wconf 89' lang='lat' dir='ltr'><strong><em>Non</em></strong></span> <span class='ocrx_word' id='word_1_327' title='bbox 2409 3097 2701 3153; x_wconf 90' lang='lat' dir='ltr'><strong><em>admodum</em></strong></span> <span class='ocrx_word' id='word_1_328' title='bbox 2726 3101 2926 3155; x_wconf 90' lang='lat' dir='ltr'><strong><em>multos</em></strong></span> <span class='ocrx_word' id='word_1_329' title='bbox 2946 3103 3319 3172; x_wconf 87' lang='lat' dir='ltr'><strong><em>composuisse</em></strong></span> <span class='ocrx_word' id='word_1_330' title='bbox 3343 3103 3512 3157; x_wconf 88' lang='lat' dir='ltr'><strong><em>libros</em></strong></span> <span class='ocrx_word' id='word_1_331' title='bbox 3528 3103 3682 3155; x_wconf 72' lang='lat' dir='ltr'><strong><em>Ana-</em></strong></span> 
     </span>
    </p>
   </div>
   <div class='ocr_carea' id='block_1_53' title="bbox 2096 3191 3683 3264">
    <p class='ocr_par' dir='ltr' id='par_1_53' title="bbox 2096 3191 3683 3264">
     <span class='ocr_line' id='line_1_53' title="bbox 2096 3191 3683 3264; baseline 0.001 -20"><span class='ocrx_word' id='word_1_332' title='bbox 2096 3191 2286 3244; x_wconf 83' lang='lat' dir='ltr'><strong><em>lolium</em></strong></span> <span class='ocrx_word' id='word_1_333' title='bbox 2322 3191 2584 3248; x_wconf 85' lang='lat' dir='ltr'><strong><em>discimus</em></strong></span> <span class='ocrx_word' id='word_1_334' title='bbox 2615 3208 2679 3246; x_wconf 76' lang='lat' dir='ltr'><strong><em>ex</em></strong></span> <span class='ocrx_word' id='word_1_335' title='bbox 2710 3194 2968 3263; x_wconf 83' lang='lat' dir='ltr'><strong><em>episcopo</em></strong></span> <span class='ocrx_word' id='word_1_336' title='bbox 2997 3193 3403 3264; x_wconf 61' lang='lat' dir='ltr'><strong><em>Ciesarieusi(-i)</em></strong></span> <span class='ocrx_word' id='word_1_337' title='bbox 3431 3214 3444 3248; x_wconf 88' lang='lat'>:</span> <span class='ocrx_word' id='word_1_338' title='bbox 3471 3195 3544 3248; x_wconf 79' lang='grc' dir='ltr'><strong><em>Οὐ</em></strong></span> <span class='ocrx_word' id='word_1_339' title='bbox 3572 3196 3683 3264; x_wconf 82' lang='grc' dir='ltr'><strong><em>μὲν</em></strong></span> 
     </span>
    </p>
   </div>
   <div class='ocr_carea' id='block_1_54' title="bbox 2097 3281 3678 3356">
    <p class='ocr_par' dir='ltr' id='par_1_54' title="bbox 2097 3281 3678 3356">
     <span class='ocr_line' id='line_1_54' title="bbox 2097 3281 3678 3356; baseline 0.002 -23"><span class='ocrx_word' id='word_1_340' title='bbox 2097 3281 2434 3354; x_wconf 78' lang='grc' dir='ltr'><strong><em>ἐσπουδάσθη</em></strong></span> <span class='ocrx_word' id='word_1_341' title='bbox 2494 3283 2716 3337; x_wconf 79' lang='grc' dir='ltr'><strong>πλεῖστα</strong></span> <span class='ocrx_word' id='word_1_342' title='bbox 2766 3282 2842 3354; x_wconf 84' lang='grc' dir='ltr'><strong>τῷ</strong></span> <span class='ocrx_word' id='word_1_343' title='bbox 2887 3285 3174 3355; x_wconf 76' lang='grc' dir='ltr'><strong><em>Ἀνατολίῳ</em></strong></span> <span class='ocrx_word' id='word_1_344' title='bbox 3222 3285 3628 3356; x_wconf 77' lang='grc' dir='ltr'><strong>συγγράμματα</strong></span> <span class='ocrx_word' id='word_1_345' title='bbox 3664 3303 3678 3336; x_wconf 91' lang='lat'><strong>:</strong></span> 
     </span>
    </p>
   </div>
   <div class='ocr_carea' id='block_1_55' title="bbox 2098 3375 3684 3448">
    <p class='ocr_par' dir='ltr' id='par_1_55' title="bbox 2098 3375 3684 3448">
     <span class='ocr_line' id='line_1_55' title="bbox 2098 3375 3684 3448; baseline 0.002 -21"><span class='ocrx_word' id='word_1_346' title='bbox 2098 3375 2192 3445; x_wconf 89' lang='lat' dir='ltr'><strong><em>qui</em></strong></span> <span class='ocrx_word' id='word_1_347' title='bbox 2225 3385 2426 3439; x_wconf 87' lang='lat' dir='ltr'><strong><em>tamen,</em></strong></span> <span class='ocrx_word' id='word_1_348' title='bbox 2462 3388 2750 3447; x_wconf 85' lang='lat' dir='ltr'><strong><em>postquam</em></strong></span> <span class='ocrx_word' id='word_1_349' title='bbox 2781 3377 2902 3446; x_wconf 91' lang='lat' dir='ltr'><strong><em>ejus</em></strong></span> <span class='ocrx_word' id='word_1_350' title='bbox 2934 3377 3172 3433; x_wconf 88' lang='lat' dir='ltr'><strong><em>Canones</em></strong></span> <span class='ocrx_word' id='word_1_351' title='bbox 3197 3376 3469 3448; x_wconf 76' lang='lat' dir='ltr'><strong><em>paschales</em></strong></span> <span class='ocrx_word' id='word_1_352' title='bbox 3500 3387 3553 3430; x_wconf 89' lang='lat' dir='ltr'><strong><em>et</em></strong></span> <span class='ocrx_word' id='word_1_353' title='bbox 3582 3379 3684 3430; x_wconf 81' lang='lat' dir='ltr'><strong><em>de-</em></strong></span> 
     </span>
    </p>
   </div>
   <div class='ocr_carea' id='block_1_56' title="bbox 2099 3469 3688 3524">
    <p class='ocr_par' dir='ltr' id='par_1_56' title="bbox 2099 3469 3688 3524">
     <span class='ocr_line' id='line_1_56' title="bbox 2099 3469 3688 3524; baseline 0.001 -3"><span class='ocrx_word' id='word_1_354' title='bbox 2099 3485 2216 3523; x_wconf 89' lang='lat' dir='ltr'><strong><em>cem</em></strong></span> <span class='ocrx_word' id='word_1_355' title='bbox 2267 3469 2436 3524; x_wconf 84' lang='lat' dir='ltr'><strong><em>libros</em></strong></span> <span class='ocrx_word' id='word_1_356' title='bbox 2485 3469 2888 3523; x_wconf 78' lang='lat' dir='ltr'><strong><em>Institutionum</em></strong></span> <span class='ocrx_word' id='word_1_357' title='bbox 2925 3471 3377 3524; x_wconf 73' lang='lat' dir='ltr'><strong><em>aritlmtelicarum</em></strong></span> <span class='ocrx_word' id='word_1_358' title='bbox 3407 3485 3688 3523; x_wconf 86' lang='lat' dir='ltr'><strong><em>memora-</em></strong></span> 
     </span>
    </p>
   </div>
   <div class='ocr_carea' id='block_1_57' title="bbox 2101 3562 3687 3632">
    <p class='ocr_par' dir='ltr' id='par_1_57' title="bbox 2101 3562 3687 3632">
     <span class='ocr_line' id='line_1_57' title="bbox 2101 3562 3687 3632; baseline -0.002 -16"><span class='ocrx_word' id='word_1_359' title='bbox 2101 3564 2198 3627; x_wconf 85' lang='lat' dir='ltr'><strong><em>vit,</em></strong></span> <span class='ocrx_word' id='word_1_360' title='bbox 2233 3564 2401 3616; x_wconf 85' lang='lat' dir='ltr'><strong><em>multa</em></strong></span> <span class='ocrx_word' id='word_1_361' title='bbox 2432 3578 2651 3632; x_wconf 88' lang='lat' dir='ltr'><strong><em>quoque</em></strong></span> <span class='ocrx_word' id='word_1_362' title='bbox 2705 3563 2808 3617; x_wconf 91' lang='lat' dir='ltr'><strong><em>alia</em></strong></span> <span class='ocrx_word' id='word_1_363' title='bbox 2861 3579 2974 3618; x_wconf 77' lang='lat' dir='ltr'><strong><em>sua:</em></strong></span> <span class='ocrx_word' id='word_1_364' title='bbox 3018 3564 3070 3615; x_wconf 91' lang='lat' dir='ltr'><strong><em>in</em></strong></span> <span class='ocrx_word' id='word_1_365' title='bbox 3108 3565 3282 3616; x_wconf 80' lang='lat' dir='ltr'><strong><em>sacris</em></strong></span> <span class='ocrx_word' id='word_1_366' title='bbox 3332 3562 3526 3616; x_wconf 84' lang='lat' dir='ltr'><strong><em>litteris</em></strong></span> <span class='ocrx_word' id='word_1_367' title='bbox 3554 3562 3687 3614; x_wconf 89' lang='lat' dir='ltr'><strong><em>dili-</em></strong></span> 
     </span>
    </p>
   </div>
   <div class='ocr_carea' id='block_1_58' title="bbox 2103 3654 3685 3725">
    <p class='ocr_par' dir='ltr' id='par_1_58' title="bbox 2103 3654 3685 3725">
     <span class='ocr_line' id='line_1_58' title="bbox 2103 3654 3685 3725; baseline -0.003 -16"><span class='ocrx_word' id='word_1_368' title='bbox 2103 3656 2296 3724; x_wconf 70' lang='lat' dir='ltr'><strong><em>gentiae</em></strong></span> <span class='ocrx_word' id='word_1_369' title='bbox 2326 3665 2488 3725; x_wconf 88' lang='lat' dir='ltr'><strong><em>atque</em></strong></span> <span class='ocrx_word' id='word_1_370' title='bbox 2517 3655 2778 3710; x_wconf 73' lang='lat' dir='ltr'><strong><em>doctrina:</em></strong></span> <span class='ocrx_word' id='word_1_371' title='bbox 2813 3662 3159 3709; x_wconf 88' lang='lat' dir='ltr'><strong><em>monumenta</em></strong></span> <span class='ocrx_word' id='word_1_372' title='bbox 3191 3655 3365 3722; x_wconf 88' lang='lat' dir='ltr'><strong><em>ipsum</em></strong></span> <span class='ocrx_word' id='word_1_373' title='bbox 3397 3654 3553 3706; x_wconf 88' lang='lat' dir='ltr'><strong><em>nobis</em></strong></span> <span class='ocrx_word' id='word_1_374' title='bbox 3591 3670 3685 3705; x_wconf 89' lang='lat' dir='ltr'><strong><em>re-</em></strong></span> 
     </span>
    </p>
   </div>
   <div class='ocr_carea' id='block_1_59' title="bbox 2104 3743 3690 3815">
    <p class='ocr_par' dir='ltr' id='par_1_59' title="bbox 2104 3743 3690 3815">
     <span class='ocr_line' id='line_1_59' title="bbox 2104 3743 3690 3815; baseline -0.001 -17"><span class='ocrx_word' id='word_1_375' title='bbox 2104 3745 2330 3815; x_wconf 87' lang='lat' dir='ltr'><strong><em>liquisse</em></strong></span> <span class='ocrx_word' id='word_1_376' title='bbox 2377 3746 2539 3799; x_wconf 86' lang='lat' dir='ltr'><strong><em>tradit</em></strong></span> <span class='ocrx_word' id='word_1_377' title='bbox 2577 3744 2715 3800; x_wconf 68' lang='grc' dir='ltr'><strong><em>ικαὶ</em></strong></span> <span class='ocrx_word' id='word_1_378' title='bbox 2765 3745 3153 3798; x_wconf 79' lang='grc' dir='ltr'><strong><em>καταλέλοιπεν</em></strong></span> <span class='ocrx_word' id='word_1_379' title='bbox 3198 3746 3225 3796; x_wconf 82' lang='grc' dir='ltr'>ὁ</span> <span class='ocrx_word' id='word_1_380' title='bbox 3270 3743 3495 3806; x_wconf 78' lang='grc' dir='ltr'><strong><em>αὐτὸς...</em></strong></span> <span class='ocrx_word' id='word_1_381' title='bbox 3545 3743 3690 3796; x_wconf 72' lang='grc' dir='ltr'><strong>ἄλλα</strong></span> 
     </span>
    </p>
   </div>
   <div class='ocr_carea' id='block_1_60' title="bbox 2102 3836 3690 3910">
    <p class='ocr_par' dir='ltr' id='par_1_60' title="bbox 2102 3836 3690 3910">
     <span class='ocr_line' id='line_1_60' title="bbox 2102 3836 3690 3910; baseline -0.002 -19"><span class='ocrx_word' id='word_1_382' title='bbox 2102 3839 2370 3910; x_wconf 79' lang='grc' dir='ltr'><strong>δείγματα</strong></span> <span class='ocrx_word' id='word_1_383' title='bbox 2399 3839 2500 3910; x_wconf 73' lang='grc' dir='ltr'><strong><em>τῆς</em></strong></span> <span class='ocrx_word' id='word_1_384' title='bbox 2535 3840 2661 3910; x_wconf 74' lang='grc' dir='ltr'>περὶ</span> <span class='ocrx_word' id='word_1_385' title='bbox 2687 3839 2752 3892; x_wconf 76' lang='grc' dir='ltr'><strong>τὰ</strong></span> <span class='ocrx_word' id='word_1_386' title='bbox 2787 3838 2904 3893; x_wconf 82' lang='grc' dir='ltr'><strong>θεῖα</strong></span> <span class='ocrx_word' id='word_1_387' title='bbox 2932 3838 3128 3908; x_wconf 73' lang='grc' dir='ltr'><strong><em>σχολῆς</em></strong></span> <span class='ocrx_word' id='word_1_388' title='bbox 3163 3855 3220 3890; x_wconf 84' lang='grc' dir='ltr'><strong>τε</strong></span> <span class='ocrx_word' id='word_1_389' title='bbox 3266 3836 3428 3890; x_wconf 75' lang='grc' dir='ltr'><strong>αὑτοῦ</strong></span> <span class='ocrx_word' id='word_1_390' title='bbox 3460 3837 3552 3890; x_wconf 73' lang='grc' dir='ltr'><strong>καὶ</strong></span> <span class='ocrx_word' id='word_1_391' title='bbox 3583 3854 3690 3888; x_wconf 76' lang='lat' dir='ltr'><strong><em>rco-</em></strong></span> 
     </span>
    </p>
   </div>
   <div class='ocr_carea' id='block_1_61' title="bbox 2105 3930 2411 4003">
    <p class='ocr_par' dir='ltr' id='par_1_61' title="bbox 2105 3930 2411 4003">
     <span class='ocr_line' id='line_1_61' title="bbox 2105 3930 2411 4003; baseline 0.01 -21"><span class='ocrx_word' id='word_1_392' title='bbox 2105 3930 2411 4003; x_wconf 81' lang='grc' dir='ltr'><strong><em>λυπειρίας.</em></strong></span> 
     </span>
    </p>
   </div>
   <div class='ocr_carea' id='block_1_62' title="bbox 2176 4020 3688 4092">
    <p class='ocr_par' dir='ltr' id='par_1_62' title="bbox 2176 4020 3688 4092">
     <span class='ocr_line' id='line_1_62' title="bbox 2176 4020 3688 4092; baseline 0.001 -18"><span class='ocrx_word' id='word_1_393' title='bbox 2176 4021 2241 4076; x_wconf 85' lang='lat' dir='ltr'><strong><em>Et</em></strong></span> <span class='ocrx_word' id='word_1_394' title='bbox 2286 4032 2502 4078; x_wconf 78' lang='lat' dir='ltr'><strong><em>exstant</em></strong></span> <span class='ocrx_word' id='word_1_395' title='bbox 2545 4022 2762 4092; x_wconf 84' lang='lat' dir='ltr'><strong><em>quidem</em></strong></span> <span class='ocrx_word' id='word_1_396' title='bbox 2807 4021 3075 4090; x_wconf 82' lang='lat' dir='ltr'><strong><em>hodieque</em></strong></span> <span class='ocrx_word' id='word_1_397' title='bbox 3109 4023 3250 4077; x_wconf 89' lang='lat' dir='ltr'><strong><em>inter</em></strong></span> <span class='ocrx_word' id='word_1_398' title='bbox 3290 4020 3688 4092; x_wconf 70' lang='grc' dir='ltr'><strong><em>Θεολογούμενα</em></strong></span> 
     </span>
    </p>
   </div>
   <div class='ocr_carea' id='block_1_63' title="bbox 2107 4111 3685 4186">
    <p class='ocr_par' dir='ltr' id='par_1_63' title="bbox 2107 4111 3685 4186">
     <span class='ocr_line' id='line_1_63' title="bbox 2107 4111 3685 4186; baseline -0.001 -18"><span class='ocrx_word' id='word_1_399' title='bbox 2107 4115 2203 4186; x_wconf 76' lang='grc' dir='ltr'><strong>τῆς</strong></span> <span class='ocrx_word' id='word_1_400' title='bbox 2233 4114 2600 4186; x_wconf 76' lang='grc' dir='ltr'><strong><em>ἀριθμητικῆς</em></strong></span> <span class='ocrx_word' id='word_1_401' title='bbox 2623 4113 2808 4168; x_wconf 65' lang='lat' dir='ltr'><strong><em>Greece</em></strong></span> <span class='ocrx_word' id='word_1_402' title='bbox 2834 4113 2976 4167; x_wconf 84' lang='lat' dir='ltr'><strong><em>edita</em></strong></span> <span class='ocrx_word' id='word_1_403' title='bbox 2993 4111 3219 4168; x_wconf 85' lang='lat' dir='ltr'><strong><em>Parisiis</em></strong></span> <span class='ocrx_word' id='word_1_404' title='bbox 3246 4115 3402 4178; x_wconf 66' lang='grc'>1543,</span> <span class='ocrx_word' id='word_1_405' title='bbox 3432 4116 3685 4183; x_wconf 71' lang='lat' dir='ltr'><strong><em>quaedam</em></strong></span> 
     </span>
    </p>
   </div>
   <div class='ocr_carea' id='block_1_64' title="bbox 2038 4183 3689 4276">
    <p class='ocr_par' dir='ltr' id='par_1_64' title="bbox 2038 4183 3689 4276">
     <span class='ocr_line' id='line_1_64' title="bbox 2038 4183 3689 4276; baseline -0.001 -16"><span class='ocrx_word' id='word_1_406' title='bbox 2038 4183 2077 4236; x_wconf 76' lang='grc' dir='ltr'>Β</span> <span class='ocrx_word' id='word_1_407' title='bbox 2103 4221 2356 4276; x_wconf 72' lang='lat' dir='ltr'><strong><em>excerpta</em></strong></span> <span class='ocrx_word' id='word_1_408' title='bbox 2389 4223 2453 4261; x_wconf 84' lang='lat' dir='ltr'><strong><em>ex</em></strong></span> <span class='ocrx_word' id='word_1_409' title='bbox 2493 4207 2644 4261; x_wconf 86' lang='lat' dir='ltr'><strong><em>libris</em></strong></span> <span class='ocrx_word' id='word_1_410' title='bbox 2669 4206 2909 4260; x_wconf 84' lang='lat' dir='ltr'><strong><em>Anatolii</em></strong></span> <span class='ocrx_word' id='word_1_411' title='bbox 2937 4205 3341 4259; x_wconf 77' lang='lat' dir='ltr'><strong><em>lnstitutionum</em></strong></span> <span class='ocrx_word' id='word_1_412' title='bbox 3382 4207 3689 4259; x_wconf 79' lang='lat' dir='ltr'><strong><em>arithmeti-</em></strong></span> 
     </span>
    </p>
   </div>
   <div class='ocr_carea' id='block_1_65' title="bbox 2105 4297 3688 4366">
    <p class='ocr_par' dir='ltr' id='par_1_65' title="bbox 2105 4297 3688 4366">
     <span class='ocr_line' id='line_1_65' title="bbox 2105 4297 3688 4366; baseline 0 -15"><span class='ocrx_word' id='word_1_413' title='bbox 2105 4309 2310 4362; x_wconf 79' lang='lat' dir='ltr'><strong><em>carum,</em></strong></span> <span class='ocrx_word' id='word_1_414' title='bbox 2344 4309 2403 4352; x_wconf 90' lang='lat' dir='ltr'><strong><em>ut</em></strong></span> <span class='ocrx_word' id='word_1_415' title='bbox 2435 4298 2642 4353; x_wconf 90' lang='lat' dir='ltr'><strong><em>monuit</em></strong></span> <span class='ocrx_word' id='word_1_416' title='bbox 2665 4297 2913 4352; x_wconf 77' lang='lat' dir='ltr'><strong><em>Valesius</em></strong></span> <span class='ocrx_word' id='word_1_417' title='bbox 2941 4298 3007 4352; x_wconf 89' lang='lat' dir='ltr'><strong><em>ad</em></strong></span> <span class='ocrx_word' id='word_1_418' title='bbox 3041 4297 3334 4352; x_wconf 87' lang='lat' dir='ltr'><strong><em>Eusebium</em></strong></span> <span class='ocrx_word' id='word_1_419' title='bbox 3357 4315 3370 4359; x_wconf 85' lang='lat'><strong>;</strong></span> <span class='ocrx_word' id='word_1_420' title='bbox 3396 4312 3569 4366; x_wconf 88' lang='lat' dir='ltr'><strong><em>eaque</em></strong></span> <span class='ocrx_word' id='word_1_421' title='bbox 3592 4314 3688 4352; x_wconf 84' lang='lat' dir='ltr'><strong><em>re-</em></strong></span> 
     </span>
    </p>
   </div>
   <div class='ocr_carea' id='block_1_66' title="bbox 2106 4389 3690 4460">
    <p class='ocr_par' dir='ltr' id='par_1_66' title="bbox 2106 4389 3690 4460">
     <span class='ocr_line' id='line_1_66' title="bbox 2106 4389 3690 4460; baseline 0 -18"><span class='ocrx_word' id='word_1_422' title='bbox 2106 4398 2293 4442; x_wconf 86' lang='lat' dir='ltr'><strong><em>censet</em></strong></span> <span class='ocrx_word' id='word_1_423' title='bbox 2325 4389 2607 4445; x_wconf 85' lang='lat' dir='ltr'><strong><em>Fabricius</em></strong></span> <span class='ocrx_word' id='word_1_424' title='bbox 2639 4390 2738 4460; x_wconf 84' lang='grc'>(5),</span> <span class='ocrx_word' id='word_1_425' title='bbox 2769 4389 2862 4459; x_wconf 88' lang='lat' dir='ltr'><strong><em>qui</em></strong></span> <span class='ocrx_word' id='word_1_426' title='bbox 2891 4401 2946 4444; x_wconf 89' lang='lat' dir='ltr'><strong><em>et</em></strong></span> <span class='ocrx_word' id='word_1_427' title='bbox 2973 4391 3233 4444; x_wconf 85' lang='lat' dir='ltr'><strong><em>nonnulla</em></strong></span> <span class='ocrx_word' id='word_1_428' title='bbox 3274 4391 3340 4444; x_wconf 81' lang='grc' dir='ltr'><strong><em>ἐκ</em></strong></span> <span class='ocrx_word' id='word_1_429' title='bbox 3379 4389 3485 4444; x_wconf 84' lang='grc' dir='ltr'><strong><em>τῶν</em></strong></span> <span class='ocrx_word' id='word_1_430' title='bbox 3531 4391 3690 4442; x_wconf 70' lang='grc' dir='ltr'><strong><em>Ἀναο</em></strong></span> 
     </span>
    </p>
   </div>
   <div class='ocr_carea' id='block_1_67' title="bbox 2107 4481 3691 4552">
    <p class='ocr_par' dir='ltr' id='par_1_67' title="bbox 2107 4481 3691 4552">
     <span class='ocr_line' id='line_1_67' title="bbox 2107 4481 3691 4552; baseline 0.002 -18"><span class='ocrx_word' id='word_1_431' title='bbox 2107 4481 2282 4534; x_wconf 75' lang='grc' dir='ltr'><strong><em>τολίου</em></strong></span> <span class='ocrx_word' id='word_1_432' title='bbox 2325 4482 2574 4552; x_wconf 59' lang='grc' dir='ltr'><strong><em>διάψορα,</em></strong></span> <span class='ocrx_word' id='word_1_433' title='bbox 2604 4498 2668 4536; x_wconf 80' lang='lat' dir='ltr'><strong><em>ex</em></strong></span> <span class='ocrx_word' id='word_1_434' title='bbox 2705 4482 3049 4538; x_wconf 86' lang='lat' dir='ltr'><strong><em>Peiresciano</em></strong></span> <span class='ocrx_word' id='word_1_435' title='bbox 3072 4483 3258 4538; x_wconf 82' lang='lat' dir='ltr'><strong><em>codice</em></strong></span> <span class='ocrx_word' id='word_1_436' title='bbox 3299 4483 3367 4536; x_wconf 91' lang='lat' dir='ltr'><strong><em>ab</em></strong></span> <span class='ocrx_word' id='word_1_437' title='bbox 3405 4481 3691 4538; x_wconf 86' lang='lat' dir='ltr'><strong><em>Holstenio</em></strong></span> 
     </span>
    </p>
   </div>
   <div class='ocr_carea' id='block_1_68' title="bbox 2108 4575 2877 4648">
    <p class='ocr_par' dir='ltr' id='par_1_68' title="bbox 2108 4575 2877 4648">
     <span class='ocr_line' id='line_1_68' title="bbox 2108 4575 2877 4648; baseline 0 -18"><span class='ocrx_word' id='word_1_438' title='bbox 2108 4576 2396 4645; x_wconf 86' lang='lat' dir='ltr'><strong><em>descripta,</em></strong></span> <span class='ocrx_word' id='word_1_439' title='bbox 2414 4575 2598 4631; x_wconf 70' lang='lat' dir='ltr'><strong><em>Gneee</em></strong></span> <span class='ocrx_word' id='word_1_440' title='bbox 2619 4577 2877 4648; x_wconf 75' lang='lat' dir='ltr'><strong><em>vulgavit.</em></strong></span> 
     </span>
    </p>
   </div>
   <div class='ocr_carea' id='block_1_69' title="bbox 2183 4669 3686 4740">
    <p class='ocr_par' dir='ltr' id='par_1_69' title="bbox 2183 4669 3686 4740">
     <span class='ocr_line' id='line_1_69' title="bbox 2183 4669 3686 4740; baseline 0 -16"><span class='ocrx_word' id='word_1_441' title='bbox 2183 4670 2411 4740; x_wconf 88' lang='lat' dir='ltr'><strong><em>Scripsit</em></strong></span> <span class='ocrx_word' id='word_1_442' title='bbox 2441 4681 2702 4740; x_wconf 71' lang='lat' dir='ltr'><strong><em>praeterea</em></strong></span> <span class='ocrx_word' id='word_1_443' title='bbox 2733 4670 3040 4734; x_wconf 81' lang='lat' dir='ltr'><strong><em>Anatolius,</em></strong></span> <span class='ocrx_word' id='word_1_444' title='bbox 3077 4681 3133 4723; x_wconf 91' lang='lat' dir='ltr'><strong><em>ut</em></strong></span> <span class='ocrx_word' id='word_1_445' title='bbox 3175 4669 3337 4723; x_wconf 89' lang='lat' dir='ltr'><strong><em>modo</em></strong></span> <span class='ocrx_word' id='word_1_446' title='bbox 3384 4673 3686 4734; x_wconf 71' lang='lat' dir='ltr'><strong><em>minuimus,</em></strong></span> 
     </span>
    </p>
   </div>
   <div class='ocr_carea' id='block_1_70' title="bbox 2110 4761 3686 4834">
    <p class='ocr_par' dir='ltr' id='par_1_70' title="bbox 2110 4761 3686 4834">
     <span class='ocr_line' id='line_1_70' title="bbox 2110 4761 3686 4834; baseline 0 -18"><span class='ocrx_word' id='word_1_447' title='bbox 2110 4763 2364 4817; x_wconf 81' lang='lat' dir='ltr'><strong><em>volumen</em></strong></span> <span class='ocrx_word' id='word_1_448' title='bbox 2384 4763 2460 4817; x_wconf 83' lang='lat' dir='ltr'><strong><em>De</em></strong></span> <span class='ocrx_word' id='word_1_449' title='bbox 2477 4765 2758 4832; x_wconf 79' lang='lat' dir='ltr'><strong><em>paschale;</em></strong></span> <span class='ocrx_word' id='word_1_450' title='bbox 2779 4780 2842 4818; x_wconf 80' lang='lat' dir='ltr'><strong><em>ex</em></strong></span> <span class='ocrx_word' id='word_1_451' title='bbox 2863 4779 2993 4833; x_wconf 91' lang='lat' dir='ltr'><strong><em>quo,</em></strong></span> <span class='ocrx_word' id='word_1_452' title='bbox 3014 4764 3188 4833; x_wconf 89' lang='lat' dir='ltr'><strong><em>inquit</em></strong></span> <span class='ocrx_word' id='word_1_453' title='bbox 3206 4761 3563 4834; x_wconf 76' lang='lat' dir='ltr'><strong><em>Hieronymus</em></strong></span> <span class='ocrx_word' id='word_1_454' title='bbox 3582 4765 3686 4834; x_wconf 78' lang='lat'><strong><em>(6),</em></strong></span> 
     </span>
    </p>
   </div>
   <div class='ocr_carea' id='block_1_71' title="bbox 2110 4853 3690 4925">
    <p class='ocr_par' dir='ltr' id='par_1_71' title="bbox 2110 4853 3690 4925">
     <span class='ocr_line' id='line_1_71' title="bbox 2110 4853 3690 4925; baseline 0.001 -18"><span class='ocrx_word' id='word_1_455' title='bbox 2110 4855 2222 4923; x_wconf 80' lang='lat' dir='ltr'><strong><em>ejus</em></strong></span> <span class='ocrx_word' id='word_1_456' title='bbox 2254 4856 2448 4925; x_wconf 83' lang='lat' dir='ltr'><strong><em>ingenii</em></strong></span> <span class='ocrx_word' id='word_1_457' title='bbox 2479 4856 2894 4925; x_wconf 82' lang='lat' dir='ltr'><strong><em>magnitudinem</em></strong></span> <span class='ocrx_word' id='word_1_458' title='bbox 2924 4855 3214 4921; x_wconf 82' lang='lat' dir='ltr'><strong><em>intelligere</em></strong></span> <span class='ocrx_word' id='word_1_459' title='bbox 3232 4853 3690 4921; x_wconf 69' lang='lat' dir='ltr'><strong><em>possumns.Prae—</em></strong></span> 
     </span>
    </p>
   </div>
   <div class='ocr_carea' id='block_1_72' title="bbox 2112 4945 3689 5017">
    <p class='ocr_par' dir='ltr' id='par_1_72' title="bbox 2112 4945 3689 5017">
     <span class='ocr_line' id='line_1_72' title="bbox 2112 4945 3689 5017; baseline -0.001 -17"><span class='ocrx_word' id='word_1_460' title='bbox 2112 4947 2320 5000; x_wconf 88' lang='lat' dir='ltr'><strong><em>clarum</em></strong></span> <span class='ocrx_word' id='word_1_461' title='bbox 2374 4947 2600 5015; x_wconf 85' lang='lat' dir='ltr'><strong><em>hujusce</em></strong></span> <span class='ocrx_word' id='word_1_462' title='bbox 2646 4947 2826 5016; x_wconf 87' lang='lat' dir='ltr'><strong><em>operis</em></strong></span> <span class='ocrx_word' id='word_1_463' title='bbox 2866 4945 3224 5017; x_wconf 77' lang='lat' dir='ltr'><strong><em>fragmentum</em></strong></span> <span class='ocrx_word' id='word_1_464' title='bbox 3260 4948 3419 5001; x_wconf 89' lang='lat' dir='ltr'><strong><em>nobis</em></strong></span> <span class='ocrx_word' id='word_1_465' title='bbox 3449 4946 3689 4999; x_wconf 82' lang='lat' dir='ltr'><strong><em>servavit</em></strong></span> 
     </span>
    </p>
   </div>
   <div class='ocr_carea' id='block_1_73' title="bbox 2113 5041 3687 5113">
    <p class='ocr_par' dir='ltr' id='par_1_73' title="bbox 2113 5041 3687 5113">
     <span class='ocr_line' id='line_1_73' title="bbox 2113 5041 3687 5113; baseline 0.001 -18"><span class='ocrx_word' id='word_1_466' title='bbox 2113 5041 2384 5097; x_wconf 79' lang='lat' dir='ltr'><strong><em>Eusebius</em></strong></span> <span class='ocrx_word' id='word_1_467' title='bbox 2416 5043 2526 5111; x_wconf 76' lang='lat'><strong><em>(7);</em></strong></span> <span class='ocrx_word' id='word_1_468' title='bbox 2563 5043 2656 5110; x_wconf 91' lang='lat' dir='ltr'><strong><em>qui</em></strong></span> <span class='ocrx_word' id='word_1_469' title='bbox 2680 5051 2734 5096; x_wconf 90' lang='lat' dir='ltr'><strong><em>et</em></strong></span> <span class='ocrx_word' id='word_1_470' title='bbox 2753 5044 2868 5113; x_wconf 89' lang='lat' dir='ltr'><strong><em>ipse</em></strong></span> <span class='ocrx_word' id='word_1_471' title='bbox 2893 5043 2946 5096; x_wconf 90' lang='lat' dir='ltr'><strong><em>in</em></strong></span> <span class='ocrx_word' id='word_1_472' title='bbox 2970 5057 3035 5096; x_wconf 88' lang='lat' dir='ltr'><strong><em>eo</em></strong></span> <span class='ocrx_word' id='word_1_473' title='bbox 3056 5043 3296 5098; x_wconf 86' lang='lat' dir='ltr'><strong><em>auctoris</em></strong></span> <span class='ocrx_word' id='word_1_474' title='bbox 3322 5043 3687 5110; x_wconf 86' lang='lat' dir='ltr'><strong><em>eloquentiam</em></strong></span> 
     </span>
    </p>
   </div>
   <div class='ocr_carea' id='block_1_74' title="bbox 2115 5131 3688 5204">
    <p class='ocr_par' dir='ltr' id='par_1_74' title="bbox 2115 5131 3688 5204">
     <span class='ocr_line' id='line_1_74' title="bbox 2115 5131 3688 5204; baseline 0.001 -19"><span class='ocrx_word' id='word_1_475' title='bbox 2115 5131 2279 5186; x_wconf 88' lang='lat' dir='ltr'><strong><em>simul</em></strong></span> <span class='ocrx_word' id='word_1_476' title='bbox 2311 5142 2365 5186; x_wconf 89' lang='lat' dir='ltr'><strong><em>et</em></strong></span> <span class='ocrx_word' id='word_1_477' title='bbox 2400 5133 2755 5202; x_wconf 88' lang='lat' dir='ltr'><strong><em>multiplicem</em></strong></span> <span class='ocrx_word' id='word_1_478' title='bbox 2783 5132 2902 5202; x_wconf 89' lang='lat' dir='ltr'><strong><em>ejus</em></strong></span> <span class='ocrx_word' id='word_1_479' title='bbox 2927 5133 3312 5199; x_wconf 84' lang='lat' dir='ltr'><strong><em>eruditionem,</em></strong></span> <span class='ocrx_word' id='word_1_480' title='bbox 3349 5132 3484 5204; x_wconf 81' lang='grc' dir='ltr'>ὁμοῦ</span> <span class='ocrx_word' id='word_1_481' title='bbox 3515 5132 3575 5186; x_wconf 84' lang='grc' dir='ltr'><strong><em>τό</em></strong></span> <span class='ocrx_word' id='word_1_482' title='bbox 3625 5151 3688 5186; x_wconf 78' lang='grc' dir='ltr'><strong>τε</strong></span> 
     </span>
    </p>
   </div>
   <div class='ocr_carea' id='block_1_75' title="bbox 2113 5221 3144 5292">
    <p class='ocr_par' dir='ltr' id='par_1_75' title="bbox 2113 5221 3144 5292">
     <span class='ocr_line' id='line_1_75' title="bbox 2113 5221 3144 5292; baseline 0.006 -19"><span class='ocrx_word' id='word_1_483' title='bbox 2113 5221 2294 5290; x_wconf 81' lang='grc' dir='ltr'>λόγιον</span> <span class='ocrx_word' id='word_1_484' title='bbox 2328 5222 2423 5276; x_wconf 72' lang='grc' dir='ltr'><strong><em>καὶ</em></strong></span> <span class='ocrx_word' id='word_1_485' title='bbox 2457 5221 2787 5292; x_wconf 82' lang='grc' dir='ltr'><strong><em>πολυμαθὲς,</em></strong></span> <span class='ocrx_word' id='word_1_486' title='bbox 2822 5223 3144 5279; x_wconf 86' lang='lat' dir='ltr'><strong><em>admiratur.</em></strong></span> 
     </span>
    </p>
   </div>
   <div class='ocr_carea' id='block_1_76' title="bbox 2187 5313 3692 5386">
    <p class='ocr_par' dir='ltr' id='par_1_76' title="bbox 2187 5313 3692 5386">
     <span class='ocr_line' id='line_1_76' title="bbox 2187 5313 3692 5386; baseline 0.003 -20"><span class='ocrx_word' id='word_1_487' title='bbox 2187 5313 2271 5368; x_wconf 84' lang='grc' dir='ltr'><strong>ΙΙΙ.</strong></span> <span class='ocrx_word' id='word_1_488' title='bbox 2317 5315 2604 5383; x_wconf 82' lang='lat' dir='ltr'><strong><em>Antiquam</em></strong></span> <span class='ocrx_word' id='word_1_489' title='bbox 2631 5316 2933 5370; x_wconf 84' lang='lat' dir='ltr'><strong><em>versionem</em></strong></span> <span class='ocrx_word' id='word_1_490' title='bbox 2955 5315 3198 5371; x_wconf 85' lang='lat' dir='ltr'><strong><em>Latinam</em></strong></span> <span class='ocrx_word' id='word_1_491' title='bbox 3219 5317 3448 5370; x_wconf 77' lang='lat' dir='ltr'><strong><em>Cononis</em></strong></span> <span class='ocrx_word' id='word_1_492' title='bbox 3466 5319 3692 5386; x_wconf 79' lang='lat' dir='ltr'><strong><em>pascha-</em></strong></span> 
     </span>
    </p>
   </div>
   <div class='ocr_carea' id='block_1_77' title="bbox 2195 5466 3369 5536">
    <p class='ocr_par' dir='ltr' id='par_1_77' title="bbox 2195 5466 3369 5536">
     <span class='ocr_line' id='line_1_77' title="bbox 2195 5466 3369 5536; baseline -0.003 -13"><span class='ocrx_word' id='word_1_493' title='bbox 2195 5470 2271 5536; x_wconf 82' lang='grc'><strong><em>(5)</em></strong></span> <span class='ocrx_word' id='word_1_494' title='bbox 2313 5467 2550 5529; x_wconf 84' lang='lat' dir='ltr'><strong><em>Fabric..</em></strong></span> <span class='ocrx_word' id='word_1_495' title='bbox 2586 5467 2727 5520; x_wconf 79' lang='lat' dir='ltr'><strong><em>Bibl.</em></strong></span> <span class='ocrx_word' id='word_1_496' title='bbox 2759 5466 2853 5526; x_wconf 78' lang='lat' dir='ltr'><strong><em>Gr.</em></strong></span> <span class='ocrx_word' id='word_1_497' title='bbox 2889 5477 3020 5524; x_wconf 86' lang='lat' dir='ltr'><strong><em>tom.</em></strong></span> <span class='ocrx_word' id='word_1_498' title='bbox 3063 5468 3128 5533; x_wconf 92' lang='lat' dir='ltr'><strong><em>ll,</em></strong></span> <span class='ocrx_word' id='word_1_499' title='bbox 3158 5483 3210 5536; x_wconf 90' lang='lat' dir='ltr'><strong><em>p.</em></strong></span> <span class='ocrx_word' id='word_1_500' title='bbox 3243 5466 3369 5520; x_wconf 68' lang='grc'><strong><em>274.</em></strong></span> 
     </span>
    </p>
   </div>
   <div class='ocr_carea' id='block_1_78' title="bbox 2189 5538 2697 5608">
    <p class='ocr_par' dir='ltr' id='par_1_78' title="bbox 2189 5538 2697 5608">
     <span class='ocr_line' id='line_1_78' title="bbox 2189 5538 2697 5608; baseline -0.008 -14"><span class='ocrx_word' id='word_1_501' title='bbox 2189 5542 2266 5608; x_wconf 80' lang='lat'><strong><em>(6)</em></strong></span> <span class='ocrx_word' id='word_1_502' title='bbox 2307 5538 2553 5604; x_wconf 83' lang='lat' dir='ltr'><strong><em>Hieron.,</em></strong></span> <span class='ocrx_word' id='word_1_503' title='bbox 2582 5539 2618 5592; x_wconf 94' lang='lat' dir='ltr'><strong><em>l.</em></strong></span> <span class='ocrx_word' id='word_1_504' title='bbox 2650 5555 2697 5592; x_wconf 90' lang='lat' dir='ltr'><strong><em>c.</em></strong></span> 
     </span>
    </p>
   </div>
   <div class='ocr_carea' id='block_1_79' title="bbox 2193 5609 2687 5683">
    <p class='ocr_par' dir='ltr' id='par_1_79' title="bbox 2193 5609 2687 5683">
     <span class='ocr_line' id='line_1_79' title="bbox 2193 5609 2687 5683; baseline -0.002 -21"><span class='ocrx_word' id='word_1_505' title='bbox 2193 5612 2268 5683; x_wconf 65' lang='lat' dir='ltr'><strong><em>t7)</em></strong></span> <span class='ocrx_word' id='word_1_506' title='bbox 2309 5609 2531 5678; x_wconf 58' lang='lat' dir='ltr'><strong><em>Euseb,</em></strong></span> <span class='ocrx_word' id='word_1_507' title='bbox 2567 5609 2601 5663; x_wconf 92' lang='lat' dir='ltr'><strong><em>l.</em></strong></span> <span class='ocrx_word' id='word_1_508' title='bbox 2638 5625 2687 5662; x_wconf 90' lang='lat' dir='ltr'><strong><em>c.</em></strong></span> 
     </span>
    </p>
   </div>
  </div>
