3918 6194
248 271 342 346 239'
935 283 994 339 s.
1041 285 1364 342 anno”:
1407 283 1879 342 ALEXANDRINI
1916 285 2146 340 canon
2185 284 2605 340 PASGHALIS.‘
3289 284 3400 340 eno

252 420 301 470 iis
322 411 558 468 Anatoliani
583 409 783 479 primus
814 409 981 464 edidit
1007 426 1072 464 ac
1099 410 1421 466 doctissimo
1442 415 1797 472 commen--A
1824 410 1928 464 rito
1960 409 2297 480 arguendum
2327 408 2596 474 videatur,
2630 407 2837 478 reliqua
2870 409 3072 479 pariter
3113 423 3234 477 qua:
3263 424 3404 477 prte—

255 503 350 558 tan'o
370 497 618 553 illustravit
647 498 713 551 ad
750 497 954 552 calcem
994 497 1215 554 Victorii
1252 499 1535 569 Aquitani,
1564 497 1718 569 [Egi-
1826 505 2028 559 cedunt
2057 514 2113 559 et
2140 519 2262 574 qua:
2290 503 2721 572 subsequuntur,
2752 503 2820 557 ab
2848 501 3036 557 eadem
3070 501 3251 556 Ruﬁni
3287 516 3406 555 ma-

250 593 332 646 dius
353 587 606 642 Eucherius
635 586 732 657 (8).
773 585 968 642 Ruﬁno
997 589 1200 657 passim
1250 589 1514 644 tribuitur
1573 589 1716 645 illius
1826 611 1897 650 nu
1931 609 1961 648 e
1987 593 2176 649 Graeco
2211 593 2264 647 in
2296 592 2548 648 Latinum
2581 590 2752 647 fuisse
2784 593 3066 648 translata.
3097 589 3252 658 Quod
3289 592 3406 661 qui.

244 679 599 740 Canouisversio,
623 678 938 734 Euscbiana:
958 680 1080 748 ejus
1099 679 1341 735 historia;
1363 679 1596 736 fortasse
1621 681 1720 735 ad-
1825 687 1946 741 dem
2000 685 2186 739 mirari
2241 685 2404 749 subit,
2454 683 2802 751 Bucberium,
2832 683 3090 749 Caveum,
3139 683 3404 739 Fontani-

236 771 451 842 juugemla,
479 780 533 824 ut
556 770 774 837 conjicit
821 772 891 826 cl.
931 770 1290 828 Fontaninius
1325 772 1422 844 (9).
1458 771 1720 828 Novimus
1829 778 1980 832 nium
2011 777 2064 831 in
2096 777 2308 847 primis,
2329 777 2576 846 aliusque
2603 777 2750 830 viros
2777 777 3024 831 eruditos
3052 777 3402 847 praeteriisse.

235 862 352 922 enim,
377 858 603 913 Ruﬁnum
635 857 855 915 Eusebii
895 859 1253 917 Caesariensis
1288 861 1581 916 Historiam
1615 862 1721 917 La-

236 957 310 1008 tine
331 951 510 1021 quidem
544 951 792 1016 vertisse,
823 954 918 1008 sed
946 954 1108 1008 etiam
1155 953 1532 1023 interpolasse.
1565 952 1720 1019 Quod

231 1048 268 1098 in
290 1045 438 1115 primis
462 1043 634 1098 videre
668 1053 753 1099 est
788 1045 841 1097 in
872 1045 936 1099 iis
967 1061 1090 1115 quae
1121 1045 1314 1101 litteris
1358 1045 1578 1100 tradidit
1609 1045 1720 1113 (10)

228 1137 273 1189 de
296 1143 447 1188 sancto
471 1131 728 1202 Gregorio
756 1132 1164 1204 Tbaumaturgo
1197 1152 1211 1188 :
1237 1135 1328 1188 ubi
1360 1144 1555 1203 printer
1582 1153 1721 1189 non-

228 1226 330 1278 nulla
352 1225 580 1293 praeclara
610 1224 731 1293 ejus
767 1236 915 1295 gesta
939 1242 968 1278 a
997 1223 1263 1296 Gregorio
1295 1223 1540 1296 Nysseno
1565 1242 1724 1280 enar-

225 1327 322 1379 rata,
342 1317 576 1370 celebrem
612 1327 870 1387 praaterea
913 1316 1086 1386 ipsius
1134 1315 1289 1371 Fidei
1339 1319 1724 1388 expositionem

222 1409 412 1464 intexuit.
433 1408 602 1462 Alium
637 1423 858 1478 quoque
888 1409 1067 1464 locum
1101 1410 1485 1479 interpolatum
1506 1411 1727 1466 adducit

220 1498 397 1554 lacubus
419 1496 665 1553 Usserius
704 1499 840 1567 (il),
875 1507 933 1552 ut
959 1499 1210 1554 laudatus
1245 1499 1604 1555 Fontaninius
1632 1501 1726 1554 ad—

221 1591 350 1642 vertit.
380 1588 501 1644 Cum
547 1591 732 1660 itaque
761 1589 992 1645 Canonis
1023 1591 1334 1646 Anatoliani
1382 1593 1603 1663 longum
1634 1609 1729 1647 ex-

219 1688 403 1749 cerptum
450 1680 498 1732 in
543 1695 648 1734 sua
682 1679 927 1734 Historia
954 1683 1232 1738 retulisset
1266 1683 1554 1748 Eusebius,
1592 1682 1729 1738 inte-

215 1787 328 1841 grum
367 1771 482 1826 illud
527 1770 726 1828 Latine
767 1773 1063 1829 reddiderit
1115 1773 1367 1830 Ruﬁnus.
1393 1773 1582 1845 Neque
1630 1791 1730 1830 nos

215 1863 377 1917 demum
406 1865 499 1920 hac
527 1866 592 1921 de
621 1881 681 1922 re
709 1866 958 1921 dubitare
986 1869 1176 1922 sinunt
1206 1870 1452 1933 omnino,
1482 1885 1604 1940 qua:
1631 1871 1728 1924 ba-
1909 1870 2067 1927 Hunc
2107 1871 2291 1941 itaque
2317 1871 2490 1927 sancti
2517 1871 2695 1926 Patris
2725 1871 2896 1925 nostri
2923 1869 3217 1938 genuinum
3246 1866 3412 1922 fetum

215 1957 277 2008 hct
314 1957 432 2009 idem
480 1956 713 2014 Ruﬁnus
743 1959 796 2012 in
827 1975 925 2014 sua
972 1959 1294 2016 Eusebianae
1329 1959 1582 2016 Historia:
1613 1978 1731 2017 ver-
1837 1965 2158 2019 exhibemus
2187 1979 2250 2018 ex
2282 1973 2535 2018 accurata
2564 1963 2725 2019 unica
2751 1961 3005 2018 Bucherii
3033 1961 3290 2021 editione,
3321 1959 3417 2011 ad-

212 2046 529 2117 sioue(l‘2),ad
553 2050 797 2106 Anatolii
831 2050 1099 2107 Canonem
1129 2055 1477 2122 pertinentia.
1503 2053 1559 2108 Si
1582 2056 1730 2110 enim
1835 2055 1995 2130 jeetis
2020 2054 2224 2110 Graecis
2255 2053 2575 2110 Eusebianis
2604 2071 2725 2109 cum
2750 2053 2940 2109 Latina
2973 2052 3419 2124 interpretatione

209 2139 592 2196 raconfcrantur
619 2157 748 2198 eum
776 2143 843 2198 iis
872 2159 993 2214 quae
1022 2145 1165 2214 apud
1197 2155 1434 2202 veterem
1467 2147 1735 2217 interpre—
1842 2148 2096 2218 notisque
2149 2145 2372 2202 Valesii.
2419 2146 2496 2202 Ad
2554 2147 2669 2202 haec
2722 2146 2931 2202 accedit
2979 2144 3419 2200 Commentarius

211 2235 287 2278 tvm
317 2227 699 2285 liueberianum
732 2230 920 2287 Graeco
967 2234 1135 2288 textui
1170 2237 1520 2306 respondent,
1548 2237 1733 2292 omnia
1845 2239 2092 2306 ejusdem
2121 2237 2393 2305 Bucherii,
2427 2255 2535 2309 quo
2568 2239 2750 2296 Canon
2779 2239 3137 2293 Anatolianus
3183 2238 3420 2293 maxime

211 2321 326 2385 plane
349 2318 630 2378 Ruﬁniana
663 2339 788 2381 csse
825 2324 1180 2396 perhibentur
1214 2346 1227 2382 :
1259 2337 1317 2382 ut
1354 2329 1579 2399 proinde
1612 2345 1725 2386 mc-
1850 2329 2172 2385 illustratur.

1900 911 2076 981 Atque
2101 911 2228 966 hinc
2262 910 2426 965 etiam
2456 911 2586 965 illud
2615 911 2966 965 emolumenti
2997 911 3224 975 accedit,
3261 909 3405 980 quod

1829 1021 1894 1059 ex
1931 1003 2239 1058 Eusebiano
2289 1013 2547 1073 excerpto
2600 1001 2904 1056 Ruﬁnianae
2951 1003 3220 1058 versionis
3254 1017 3406 1056 com-

1829 1095 2086 1166 probetur
2119 1095 2401 1166 integritas
2433 1114 2446 1150 :
2478 1107 2531 1148 et
2563 1111 2626 1149 ex
2667 1111 2729 1149 ea
2767 1111 2979 1149 rursum
3007 1095 3235 1149 Cononis
3265 1094 3410 1146 Ana-

1831 1187 2020 1242 toliani
2072 1187 2328 1240 αὑθεντίσ.
2379 1188 2770 1253 conﬁrmetur;
2819 1201 2982 1257 quam
3035 1197 3212 1240 tamen
3263 1182 3408 1236 nulta

1831 1281 2081 1337 codicum
2119 1297 2249 1336 mss.
2279 1282 2623 1347 auctoritate,
2654 1281 2817 1335 nullis
2869 1289 3110 1334 veterum
3161 1279 3410 1334 testimo-

1833 1374 1939 1430 niis
1968 1373 2238 1438 adductis,
2273 1375 2530 1444 nullaque
2561 1375 2770 1428 ratione
2821 1372 3048 1435 reddita,
3077 1370 3207 1441 quin
3240 1379 3294 1424 et
3323 1370 3410 1423 in-

1833 1465 1945 1519 vito
1983 1463 2219 1519 Eusebio
2243 1473 2405 1534 atque
2435 1464 2715 1519 obnitente
2743 1461 2957 1528 Ruﬁno,
2989 1461 3202 1515 elevare
3243 1473 3412 1512 ausus

1833 1565 1914 1609 est
1941 1552 2228 1623 Dupinius.
2262 1551 2330 1608 Ut
2354 1554 2483 1608 illud
2517 1555 2604 1608 hic
2625 1554 2962 1616 omittamus,
2997 1551 3248 1606 eumdem
3273 1549 3416 1602 Ana-

1837 1645 1952 1699 tolii
1987 1643 2253 1700 Cononem
2297 1644 2501 1714 passim
2537 1642 2746 1698 laudari
2795 1658 2824 1696 a
2873 1641 3014 1695 Beda
3045 1640 3114 1694 iis
3160 1640 3213 1693 in
3254 1638 3411 1701 locis,

1763 1785 1804 1838 Β
1835 1753 1958 1808 quae
1992 1736 2223 1793 inferius
2253 1752 2283 1790 a
2314 1735 2584 1791 Bucherio
2607 1734 2840 1790 excitata
2873 1733 3057 1788 videas
3084 1732 3218 1802 (15).

221 2509 3032 2544 W

693 2693 820 2820 S.
961 2694 1716 2824 ANATOLII
1817 2698 2908 2824 ALEXANDRINI

1137 2952 1624 3070 CANON
1707 2959 2482 3071 PASCHALIS

259 3174 502 3236 Eveteri
561 3195 683 3237 ms.
724 3192 1000 3253 primum
1057 3194 1119 3237 Ill
1178 3175 1386 3238 lucem
1433 3177 1648 3316 legditlns
1691 3186 1754 3266 et
1817 3176 1989 3316 brer
2055 3181 2513 3242 commentario
2573 3181 2931 3246 illustratus
2977 3183 3054 3242 ab
3100 3181 3353 3260 JEgidio

1484 3274 1748 3316 ueierto
1780 3259 1920 3316 Soc.
1997 3275 2137 3316 esu.

1484 3259 1748 3320 uclierio
1780 3259 1920 3317 Soc.
1959 3259 2137 3319 Jcsu.

209 3568 304 3652 (Ζιε.
332 3570 365 3652 l.
403 3571 605 3652 pix-crs:
636 3588 960 3627 utrcrsorunt
996 3575 1206 3652 circuli.
1243 3574 1516 3652 Hippolyti
1552 3577 1747 3648 cyclus.
1781 3585 1822 3640 ο
1859 3591 2054 3632 norum
2101 3573 2365 3632 circulum
2403 3583 2801 3643 computantes,
2844 3588 3122 3640 nunquam
3149 3573 3224 3626 ad-
3248 3588 3429 3628 veram

261 3639 488 3764 gt'rio’dus
541 3659 747 3696 Lxxxtv
811 3662 1091 3701 annorum.
1154 3639 1326 3700 Locus
1353 3639 1628 3718 'Origcnis
1687 3653 1724 3700 (Ι.

299 3725 518 3764 asciam.

1855 3666 2080 3722 Paschaa
2119 3664 2475 3735 computandi
2521 3664 2788 3717 rationem
2826 3674 3206 3732 pervenerunt.
3237 3661 3434 3717 Verum

299 3725 518 3768 ascitatc.
1951 3758 1964 3770 .
2247 3725 2286 3769 '.
2826 3725 2840 3732 '
3191 3756 3201 3765 .

1857 3773 2096 3828 majores
2121 3768 2312 3820 nostri,
2355 3755 2704 3811 Hebraeorum
2739 3765 2790 3808 ct
2820 3754 3134 3809 Graecorum
3169 3755 3434 3808 librorum

259 3845 320 3904 De
345 3850 550 3904 ratione
588 3850 957 3906 ordinationis
989 3861 1295 3922 temporum
1318 3869 1382 3908 ac
1413 3854 1750 3909 vicissitudi-
1856 3850 2168 3921 peritissimi
2193 3847 2504 3920 (lsidorum,
2527 3856 2581 3903 et
2608 3844 3433 3916 Hieronymum,etClementcm

210 3955 308 3995 num
349 3944 530 3998 mundi
589 3943 815 4006 dicturi,
884 3944 1230 3999 diversorum
1281 3945 1748 4014 computariorum
1855 3945 2025 4015 dico),
2062 3943 2187 3999 licet
2213 3940 2501 3998 dissimilia
2530 3939 2801 3994 mensium
2841 3939 3105 4007 principia
3134 3953 3232 4006 pro
3258 3937 3436 3991 diver-

209 4032 311 4086 scita
334 4050 617 4103 ponemus.
656 4033 759 4100 Qui
800 4034 940 4090 lunze
976 4037 1360 4090 tantummodo
1394 4052 1558 4091 cursu
1603 4050 1754 4091 cont-
1857 4039 2018 4094 sitate
2049 4038 2246 4108 linguae
2265 4036 2569 4098 senserint;
2597 4043 2776 4087 tamen
2804 4033 2871 4088 ad
2897 4048 3057 4086 unam
3083 4031 3439 4098 eamdemque

213 4133 381 4189 putato,
412 4127 552 4180 solis
583 4140 875 4179 ascensum
900 4127 1337 4198 descensumque
1363 4127 1752 4196 relinquentes,
1860 4130 2083 4186 Pascha:
2113 4128 2476 4186 certissimam
2515 4128 2779 4182 rationem
2799 4170 2812 4191 ,
2854 4127 2940 4180 die
2965 4134 3019 4180 et
3053 4125 3179 4179 Sulla
3212 4132 3266 4178 et
3303 4132 3438 4178 tent-

216 4212 416 4272 dirersos
444 4219 688 4272 circulos
727 4218 942 4288 sibique
982 4219 1322 4284 contrarios,
1370 4231 1425 4274 et
1461 4219 1514 4272 in
1545 4219 1716 4274 calcul

1862 4240 1995 4295 pore
2037 4222 2523 4286 convenientibus,
2557 4235 2771 4276 summa
2808 4219 3158 4275 veneratione
3199 4215 3441 4270 Domini-

215 4320 324 4362 ’ποτε
374 4309 808 4378 (ἒ()¹¹¹Ι)ιι¹³¹Ῐθ¹¹ἰ8
862 4326 1140 4381 ιιιιιιίιιιειιιι
1195 4311 1468 4377 inventos:
1526 4311 1756 4380 θάιοειίε
1863 4334 1938 4373 ca:
1998 4316 2436 4380 resurrectionis,
2497 4325 2912 4369 consenserunt.
2957 4310 3061 4366 Sed
3099 4319 3152 4364 et
3184 4309 3440 4379 Origenes

215 4403 496 4469 quibusdam
558 4404 992 4474 problematibus
1025 4445 1042 4470 ,
1113 4414 1574 4471 construxerunt,
1630 4420 1758 4460 cum
1863 4411 2109 4466 eximium
2144 4407 2585 4469 eruditissimus,
2621 4416 2674 4460 et
2704 4404 2896 4459 calculi
2933 4401 3292 4472 componendi
3321 4415 3442 4469 per-

215 4504 383 4549 certum
413 4497 506 4562 sit,
525 4493 956 4564 computationis
978 4495 1268 4560 rationem,
1299 4496 1506 4566 absque
1533 4495 1617 4551 his
1640 4511 1760 4549 aiii-
1863 4503 2277 4574 spicacissimus
2307 4501 2529 4570 (quippe
2555 4499 2646 4569 qui
2676 4506 2730 4551 ει
2758 4496 3056 4567 χαλκευτής
3075 4493 3343 4562 meatus),
3379 4492 3444 4545 ιί-

217 4586 355 4644 bobus
379 4591 543 4645 simul
579 4588 1062 4653 concurrentibus,
1105 4603 1217 4642 non
1239 4603 1361 4642 esse
1398 4589 1724 4657 probandam

1865 4597 2066 4652 bellum
2119 4594 2196 4649 De
2248 4592 2455 4647 Pascha
2503 4589 2932 4644 luculentissime
2969 4586 3156 4640 edidit.
3221 4583 3278 4638 ιιι
3333 4597 3443 4653 quo

215 4675 318 4733 Nam
344 4692 394 4735 et
425 4684 477 4736 in
505 4681 788 4736 veteribus
823 4679 1250 4748 exemplaribus,
1305 4679 1355 4733 id
1402 4690 1484 4734 est
1518 4678 1759 4734 llebrteis
1864 4687 2202 4743 annuntians
2222 4687 2290 4740 de
2323 4685 2413 4740 die
2443 4684 2684 4746 Pascbm,
2709 4695 2818 4734 non
2843 4679 3020 4734 solum
3055 4680 3189 4731 luna
3220 4689 3441 4731 cursum

213 4770 453 4828 etGrzecis
481 4773 893 4838 voluminibus.
931 4787 1041 4826 non
1085 4781 1295 4826 ῑειηῑυῐη
1329 4773 1472 4825 ιυιιω
1511 4788 1758 4836 cursui“.
1864 4790 1918 4836 et
1955 4778 2270 4849 aequinoctii
2316 4778 2604 4832 transitum
2649 4772 2990 4829 intuendum.
3059 4769 3151 4824 sed
3210 4776 3264 4822 et
3313 4765 3445 4820 solis

217 4865 285 4916 3‘5"
310 4878 463 4920 θιιειῐη
504 4866 643 4921 δοίίε
675 4882 783 4920 non
821 4865 996 4919 εοιυῐῐι
1035 4879 1275 4936 gressus,
1326 4865 1418 4918 Sed
1458 4873 1512 4919 ει
1545 4864 1760 4933 singula
1868 4882 2271 4935 transcensum,
2323 4871 2567 4925 omnium
2615 4875 2962 4926 tenebrarum
3015 4879 3181 4920 tetras
3223 4860 3447 4915 insidias

222 4969 270 5010 ac
303 4958 663 5012 minutissima
712 4958 972 5010 horarum
1049 4969 1319 5011 momenta
1345 4997 1360 5020 ,
1415 4971 1537 5025 tune
1576 4955 1628 5008 in
1661 4972 1722 5008 su

1871 4975 1925 5020 et
1956 4964 2283 5019 oﬁendicula
2323 4964 2646 5029 auferentis,
2690 4972 2745 5017 et
2783 4962 2921 5016 lucis
2955 4959 3243 5013 adventum
3278 4969 3342 5007 ac
3366 4962 3447 5005 to-

223 5058 462 5121 tcmpore,
500 5068 627 5107 cum
657 5053 795 5105 ratio
830 5049 1163 5120 poposcerit,
1200 5047 1575 5118 proferemus,
1609 5048 1724 5101 inve

1873 5059 1982 5113 tius
2010 5058 2196 5112 mundi
2233 5057 2629 5111 elementorum
2667 5057 2922 5109 virtutem
2951 5062 3004 5106 et
3029 5047 3446 5117 iuspirationem

223 5143 368 5200 nimus
396 5156 733 5214 computata.
794 5142 836 5196 E
871 5143 1074 5213 quibus
1114 5139 1433 5212 Hippolytus
1463 5155 1548 5194 xv:
1588 5155 1724 5193 anno

1874 5149 2171 5215 aﬁerentis,
2218 5165 2341 5204 esse
2373 5147 2742 5213 servandum,
2777 5147 2847 5200 ita
2883 5145 3008 5197 dicit
3051 5161 3064 5196 :
3115 5140 3178 5193 In
3212 5139 3332 5200 die,
3368 5137 3450 5189 in-

222 5248 316 5288 rtnn
356 5238 642 5292 circulum.
683 5236 1014 5305 quibusdam
1066 5235 1264 5304 ignotis
1319 5235 1461 5288 luna:
1511 5233 1724 5288 cursibu

1873 5243 2012 5312 quit,
2067 5241 2288 5296 Pascha:
2328 5257 2431 5294 non
2470 5241 2587 5294 dico
2616 5237 3000 5294 observandum
3029 5243 3085 5309 ut
3128 5233 3238 5286 dies
3270 5231 3452 5283 Domi-

221 5329 514 5396 eomposuit.
554 5328 656 5382 Alii
691 5343 794 5380 xxv
815 5369 830 5392 ,
861 5326 954 5381 alii
992 5343 1119 5392 xxx,
1161 5325 1406 5380 nonnulli
1436 5341 1634 5379 Lxxxtv
1663 5340 1724 5377 au

1875 5338 2332 5399 nicainveniatur,
2363 5345 2411 5388 et
2451 5335 2589 5388 luna:
2621 5349 2694 5386 vn
2726 5331 2839 5401 (l4)
2867 5329 2977 5382 dies
3011 5323 3338 5387 transeundi,
3363 5320 3450 5375 sed

275 5543 340 5610 (8)
378 5545 632 5610 Boeben,
661 5545 732 5599 De
752 5545 923 5598 doctr.
957 5556 1140 5612 temp.,
1172 5559 1226 5612 p.
1249 5543 1511 5598 459-449.
2103 5534 2312 5612 psset,
2351 5534 2503 5612 ξφα.
2528 5532 2591 5582 de
2801 5527 3101 5612 Ilntcrp.,c.
3141 5539 3193 5612 vi,
3223 5521 3389 5612 péubt).

276 5592 341 5684 itii
378 5592 636 5680 ἓῦἧῖεἷίιῖζ
661 5592 812 5671 nisi:
825 5592 1225 5684 ὶὲὶὶεὲῖῖἷτίίιιῖξ
1247 5592 1343 5667 tu):
1367 5592 1511 5677 ν’ξέζ
1537 5613 1624 5678 15,
1660 5612 1687 5683 §
1716 5613 1724 5666 ι

2102 5592 2492 5684 ιι-υιῑιμέηιιῖδι..
2521 5601 2646 5684 ecr‘l:
2676 5600 2874 5652 Euseb.
2911 5592 3002 5648 lib.
3037 5611 3130 5654 vtt.
3163 5610 3212 5649 c.
3245 5592 3334 5645 9-8.

223 5693 268 5747 ιι.
281 5671 398 5735 390.
625 5671 635 5680 ’
1095 5671 1106 5684 ’
1408 5671 1417 5677 ’
1612 5671 1622 5678 ’
1661 5671 1687 5683 ”

1948 5671 2056 5745 (l5)
2102 5675 2218 5730 Vid.
2253 5676 2375 5728 infr.
2413 5673 2516 5747 col.
2551 5671 2676 5747 ΕΙ.

281 5754 376 5826 ιω)
419 5757 624 5819 Παῦλε..
661 5758 802 5812 Hist.
831 5759 956 5812 τιτι.
997 5755 1196 5810 Euseb.
1240 5755 1331 5808 lib.
1365 5771 1460 5820 vn,
1493 5772 1540 5808 c.
1567 5754 1656 5808 25.
1947 5738 2058 5816 (Η)
2092 5747 2254 5800 ιιυιιε
2285 5761 2375 5798 vn.
2413 5742 2570 5797 Forte
2604 5742 2742 5795 (tota;
2775 5757 2882 5794 xlv.
2933 5738 3169 5792 lincncu.
