3918 6194
481 241 587 295 9ῐῦ

1606 246 1661 299 S.
1704 244 2025 300 ANATOLII
2062 241 2528 302 ALEXANDRINI

3612 252 3726 306 216

485 360 939 416 monstrationum
982 363 1213 437 ‘copiam
1279 365 1492 436 exigere
1556 367 2038 440 praetermittimus,

2147 368 2398 434 τοιαύτας
2443 368 2549 423 τῶν
2592 369 2920 436 ἀποδείξεων
2966 368 3098 436 ὕλας
3152 367 3400 422 ἁπαιτῶν
3458 369 3604 439 (25),
3648 363 3726 422 ὧν

482 454 682 524 quibus
710 457 949 512 velamen
980 456 1233 515 Mosaicae
1260 459 1391 530 legis
1421 459 1659 514 ablatum
1693 469 1776 515 est
1805 479 1817 514 :
1848 470 1902 514 et
1929 461 2053 531 qui-

483 546 587 602 bus
616 548 850 604 revelata
894 549 1008 618 jam
1070 550 1209 607 facie
1260 552 1560 614 Christum,
1610 552 1923 622 Christique
1955 554 2052 608 do-

481 641 713 694 ctrinam
741 649 793 695 et
829 643 1140 710 passionem
1172 651 1429 712 tanquam
1456 643 1509 696 in
1542 645 1763 713 speculo
1795 645 2048 713 deinceps

482 732 680 785 intueri
711 731 856 787 licet.
891 734 1159 788 Caeterum
1218 734 1453 802 primum
1489 751 1729 790 mensem
1759 735 1901 804 apud
1937 734 2044 789 He-

482 824 661 880 braeos
691 825 838 880 circa
868 827 1255 897 aequinoctium
1305 828 1541 897 incipere
1593 829 1877 883 manifeste
1921 844 2049 882 con-

483 918 736 979 vincitur,
771 921 855 975 vel
885 937 951 976 ex
1010 922 1076 976 iis
1105 925 1391 994 prmceptis
1421 939 1543 994 qua!
1576 924 1628 977 in
1692 923 1828 978 libro
1860 921 2046 976 Enoch

480 1008 753 1078 leguntur.

481 1216 569 1275 VI.
610 1217 822 1272 Pascha
869 1236 975 1276 non
1009 1221 1115 1274 nisi
1159 1231 1278 1288 post
1325 1230 1648 1275 transactum
1677 1219 2049 1289 wquinoctium

1041 1290 1429 1348 celebrandum.

551 1397 615 1450 Et
665 1398 786 1453 ideo
849 1399 904 1454 in
959 1399 1063 1455 hac
1132 1401 1552 1457 concordatione
1616 1402 1749 1456 solis
1805 1411 1860 1456 et
1906 1401 2049 1455 lunre

476 1487 686 1544 Pascha
716 1505 823 1544 non
849 1501 932 1546 est
967 1475 1387 1556 immolandum,
1425 1493 1554 1563 quia
1579 1492 1820 1562 quandiu
1854 1492 1907 1544 in
1943 1492 2046 1546 hoc

477 1597 641 1636 cursu
697 1582 1200 1652 deprehenduntur,
1255 1585 1601 1639 tenebrarum
1666 1593 1907 1654 potestas
1936 1598 2041 1637 non

475 1681 561 1726 est
594 1673 766 1740 victa;
811 1684 864 1728 et
910 1675 1150 1744 quandiu
1184 1677 1468 1745 aequalitas
1495 1676 1636 1730 inter
1657 1677 1830 1730 lucem
1862 1683 1916 1730 ct
1953 1685 2036 1728 te-

476 1767 675 1823 nebras
700 1768 978 1839 perdurat,
1005 1784 1108 1824 nec
1141 1784 1172 1823 a
1219 1768 1340 1823 luce
1365 1767 1652 1832 diminuta,
1693 1765 1902 1822 Pascha
1934 1783 2042 1820 non

474 1873 597 1914 esse
659 1859 1055 1914 immolandum
1095 1861 1420 1916 ostenditur.
1485 1860 1693 1916 Idcirco
1739 1875 1872 1930 ergo
1922 1869 2046 1929 post

474 1953 863 2022 aequinoctium
928 1952 1134 2008 Pascha
1196 1953 1467 2007 immolari
1529 1953 1862 2023 praecipitur,
1916 1953 2043 2021 quia

474 2059 564 2096 xlv
596 2044 724 2098 luna
750 2055 874 2098 ante
903 2044 1313 2112 aequinoctium,
1353 2054 1407 2098 et
1435 2044 1490 2098 in
1523 2044 1850 2114 aequinoctio
1879 2053 2044 2098 totam

477 2145 691 2189 noctem
728 2151 835 2189 non
883 2136 1089 2205 implet.
1142 2135 1273 2190 Post
1322 2137 1708 2205 aequinoctium
1749 2152 1882 2191 vero
1915 2137 2044 2191 luna

473 2239 566 2277 xlv
595 2240 702 2278 una
731 2225 818 2279 die
847 2225 1076 2295 adjecta,
1111 2227 1257 2295 quod
1293 2236 1376 2281 est
1405 2226 1716 2295 mquinoctii
1740 2239 2044 2297 transgres-

474 2330 590 2379 sus,
629 2315 756 2370 Iicet
802 2316 870 2370 ad
919 2331 1108 2370 verum
1142 2316 1346 2379 lumen,
1381 2317 1432 2371 id
1495 2325 1578 2372 est
1625 2325 1803 2371 ortum
1838 2317 1969 2371 solis
1991 2326 2046 2370 et

473 2406 580 2461 diei
630 2407 956 2478 principium
989 2422 1096 2461 non
1125 2408 1489 2476 pertenderit;
1516 2418 1696 2463 tamen
1727 2417 1850 2477 post
1876 2423 1935 2463 se
1960 2415 2042 2464 te-

475 2499 676 2554 nebras
728 2516 834 2554 non
885 2501 1240 2570 derelinquet.
1305 2499 1429 2559 Ideo
1489 2515 1619 2562 ergo
1670 2509 1875 2569 septem
1927 2499 2044 2554 dies

473 2606 789 2662 azymorum
824 2591 890 2646 ad
933 2592 1321 2647 immolandum
1375 2591 1585 2648 Pascha
1643 2591 1817 2664 Moysi
1864 2607 1894 2646 a
1946 2590 2046 2646 Do-

473 2682 622 2735 mino
651 2681 910 2737 custodiri
936 2681 1220 2752 jubentur,
1269 2690 1329 2737 ut
1363 2681 1416 2735 in
1452 2682 1588 2752 ipsis
1615 2681 1760 2736 nulla
1793 2681 2044 2736 tenebra-

474 2790 593 2828 rum
629 2783 866 2843 petestas
897 2774 1074 2828 lucem
1099 2773 1412 2843 supergredi
1457 2774 1781 2827 inveniatur.
1825 2771 1892 2826 Et
1921 2774 2045 2827 licet

2065 1147 2133 1158 ..-

2163 460 2487 533 περιῄρηται
2537 462 2634 532 μὲν
2690 463 2751 515 τὸ
2794 461 2887 514 ἐπὶ
2939 461 3032 515 τοῦ
3095 460 3371 526 Μωΰσέως
3428 461 3576 532 νόμῳ
3621 463 3730 515 κά-

2157 553 2368 624 λυμμαο
2419 554 2926 625 ἀνακεκαλυμμένῳ
2971 553 3027 607 δὲ
3087 551 3164 625 τῷ
3211 553 3484 625 προσώπῳ
3540 553 3732 608 λοιπον

2157 645 2255 714 ἤδη
2311 645 2546 718 Χριστὸν
2592 647 2688 699 καὶ
2732 646 2799 699 τὰ
2852 643 3088 717 Χριστοῦ
3142 645 3228 699 ἀεὶ⁸
3273 644 3731 719 κατοπτρίζεσθαι

2157 733 2455 806 μαθήματὰ
2494 752 2552 788 τε
2605 735 2700 788 καὶ
2751 734 3078 806 παθήματα.
3134 733 3239 788 Τοῦ
3284 735 3341 788 δὲ
3374 735 3464 788 τὸν
3509 735 3730 808 πρῶτον

2154 827 2283 896 παρ’
2351 824 2621 898 Ἑϐραίοις
2678 827 2823 898 μῆνα
2882 827 3010 898 περὶ
3067 826 3354 898 ἰσημερίαν
3413 823 3571 893 εἶναι,
3611 846 3728 882 πα-

2158 918 2456 987 ραστατικὰ
2525 917 2619 970 καὶ
2693 917 2765 971 τὰ
2834 919 2891 973 ἐν
2960 915 3037 989 τῷ
3117 917 3287 989 Ἑνὼχ
3359 917 3470 990 (26)
3543 919 3725 990 μαθή-

2156 1027 2321 1080 ματα.

2156 1222 2344 1267 etnon
2379 1219 2464 1265 est
2504 1208 2931 1264 communicatio
2976 1208 3084 1263 luci
3127 1225 3253 1264 cum
3282 1209 3539 1264 tenebris.
3577 1209 3645 1263 Et
3673 1211 3725 1267 si

2156 1304 2211 1357 in
2255 1303 2416 1358 tertia
2469 1302 2652 1372 vigilia
2710 1301 2836 1355 luna
2865 1302 3157 1366 scanderit,
3207 1317 3316 1358 non
3362 1315 3446 1357 est
3491 1303 3724 1358 dubium

2154 1395 2339 1449 lunam
2375 1410 2488 1449 χχιι
2517 1395 2601 1449 vel
2652 1409 2791 1448 ιιιιι
2837 1395 3021 1448 lunam
3072 1403 3340 1460 exortam,
3393 1396 3447 1449 in
3481 1411 3586 1465 qua
3625 1412 3725 1451 ve-

2153 1501 2275 1540 rum
2312 1484 2518 1540 Pascha
2555 1501 2662 1539 non
2695 1493 2780 1539 est
2811 1485 3067 1554 possibile
3117 1485 3410 1540 immolari.
3436 1484 3569 1541 Nam
3617 1488 3715 1557 qui

2151 1578 2253 1632 hac
2285 1587 2443 1632 aetate
2494 1578 2637 1632 luna:
2689 1576 2898 1632 Pascha
2930 1576 3198 1632 definiunt
3231 1593 3390 1647 posse
3431 1579 3723 1642 celebrari,

2145 1685 2255 1725 non
2285 1670 2460 1725 solum
2489 1670 2618 1723 illud
2640 1672 2962 1725 auctoritate
2997 1670 3195 1724 divina:
3239 1669 3536 1739 Scriptura:
3567 1671 3714 1726 amr-

2143 1775 2295 1815 mare
2327 1775 2435 1815 non
2470 1769 2721 1830 possunt,
2759 1762 2852 1816 sed
2885 1769 2940 1815 et
2971 1761 3242 1830 sacrilegii
3272 1771 3325 1815 et
3349 1763 3710 1817 contumacia:

2147 1855 2352 1910 crimen
2376 1893 2392 1915 ,
2426 1861 2482 1908 et
2511 1854 2817 1908 animarum
2863 1852 3164 1922 periculum
3206 1853 3528 1921 incurrunt;
3583 1855 3720 1910 dum

2147 1946 2420 2000 afﬁrmant
2471 1962 2652 2000 veram
2689 1947 2861 2000 lucem
2898 1963 3058 2016 posse
3119 1947 3392 2000 immolari
3441 1963 3563 2002 cum
3613 1949 3722 2003 ali-

2146 2051 2255 2105 qua
2287 2034 2658 2091 dominatione
2714 2035 3081 2103 tenebrarum,
3138 2052 3260 2106 quae
3307 2038 3564 2093 omnibus
3612 2040 3719 2094 do-

2149 2128 2411 2182 minetur.

2149 2242 2283 2298 VIII.
2327 2241 2524 2296 Contra
2556 2242 3030 2316 quos-damiGallia:
3073 2246 3433 2314 computistas,
3467 2247 3556 2316 qui
3588 2247 3720 2300 (una

2324 2329 2417 2366 χχι
2445 2323 2493 2366 et
2525 2328 2638 2366 ιιιι
2669 2312 2877 2367 Pascha
2906 2312 3196 2385 legitimum
3227 2312 3554 2372 sanciebant.

2215 2402 2382 2475 Igitur
2417 2420 2524 2458 non
2551 2413 2634 2459 est
2665 2404 2794 2459 huic
2843 2405 3132 2460 assertioni
3176 2407 3535 2472 contrarium,
3571 2407 3720 2462 sicut

2145 2496 2367 2568 quidam
2400 2496 2588 2551 Galliae
2621 2497 2792 2566 partis
2847 2497 3174 2566 computarii
3228 2497 3531 2564 aliirmant,
3578 2499 3716 2553 illud

2146 2589 2291 2658 quod
2325 2589 2379 2642 in
2412 2588 2598 2643 Exodo
2626 2589 2856 2657 legitur:
2897 2587 3082 2642 Primo
3106 2606 3298 2655 mense,
3335 2605 3425 2644 χιν
3454 2590 3539 2642 die
3570 2607 3718 2642 men-

2145 2679 2218 2731 sis
2246 2678 2403 2747 primi
2432 2678 2500 2731 ad
2553 2695 2819 2747 vesperum
2875 2679 3152 2732 comedetis
3186 2697 3394 2750 azyma,
3450 2697 3610 2751 usque
3645 2681 3716 2732 ad

2146 2770 2446 2824 vicesimum
2495 2771 2723 2840 primum
2771 2771 2911 2824 diem
2952 2775 3142 2826 mensis
3187 2775 3254 2826 ad
3283 2789 3568 2842 vesperum.
3617 2771 3716 2826 Se-

473 2875 709 2934 quatuor
734 2867 970 2922 noctium
998 2867 1213 2923 initium
1255 2868 1613 2931 tenebrescat,
1665 2869 1712 2922 id
1747 2876 1828 2922 est
1856 2883 1964 2920 xvu
1986 2877 2039 2922 et
2065 2875 2106 2932 c
2137 2871 2274 2932 ptem
2323 2860 2505 2914 diebus
2555 2861 2866 2931 fermentum
2890 2879 2992 2917 non
3039 2865 3332 2919 invenietur
3362 2867 3416 2919 in
3464 2867 3713 2921 domibus

472 2975 605 3012 xvm
636 2969 690 3014 et
720 2975 832 3025 ιιχ,
881 2970 933 3014 et
960 2976 1053 3023 xx,
1103 2973 1281 3015 tamen
1317 2961 1575 3030 vigesima
1603 2959 1731 3017 luna
1787 2963 2037 3018 tenebras

471 3050 689 3104 extendi
717 3065 893 3120 usque
940 3051 1007 3106 ad
1045 3053 1220 3108 noctis
1254 3053 1491 3107 medium
1529 3063 1655 3107 ante
1701 3064 1892 3109 exorta
1927 3069 2034 3108 non

472 3143 747 3209 permittit.

472 3253 582 3309 VII.
639 3254 848 3309 Pascha
901 3255 1170 3309 immolari
1212 3256 1339 3309 luna
1394 3271 1505 3310 χιιι
1547 3273 1649 3310 non
1695 3257 1802 3311 vult
1835 3258 2037 3312 Anato-

1177 3326 1299 3381 lius.

540 3416 706 3473 Nobis
757 3427 962 3482 autem,
1012 3419 1211 3486 quibus
1274 3418 1608 3487 impossibile
1667 3428 1749 3473 est
1805 3428 1863 3472 ut
1921 3420 2034 3474 hac

469 3510 652 3565 omnia
679 3525 788 3565 uno
815 3511 1119 3580 eodemque
1153 3519 1393 3579 tempore
1414 3521 1538 3579 apte
1579 3511 1817 3574 veniant,
1871 3511 1923 3565 id
1952 3520 2036 3565 est

471 3601 598 3652 luna
626 3614 714 3653 xtv
745 3608 800 3653 et
835 3599 951 3654 dies
990 3597 1294 3661 Dominica,
1345 3599 1675 3668 aequinoctio
1719 3608 2030 3666 transacto;

468 3701 522 3747 et
554 3706 694 3762 quos
748 3691 1045 3746 necessitas
1097 3689 1391 3744 Dominicae
1437 3689 1854 3762 resurrectionis
1900 3703 2034 3742 con-

469 3781 706 3852 stringit,
742 3790 803 3836 ut
852 3783 906 3836 in
949 3782 1037 3836 die
1078 3779 1360 3837 Dominica
1408 3780 1615 3834 Pascha
1656 3781 2032 3840 immolemus;

470 3875 789 3931 conceditur
816 3883 875 3928 ut
905 3889 1076 3942 usque
1128 3872 1194 3926 ad
1227 3872 1539 3926 vicesimam
1600 3870 1784 3924 lunam
1833 3869 2035 3940 princi-

472 3967 624 4035 pium
656 3976 858 4021 nostrae
892 3964 1252 4019 solemnitatis
1301 3963 1676 4017 extendamus.
1703 3959 1842 4028 Quia
1885 3961 2031 4015 vice-

471 4060 609 4114 sima
657 4060 784 4114 luna
807 4060 933 4116 licet
960 4069 1124 4115 totam
1159 4068 1371 4114 noctem
1420 4073 1528 4112 non
1576 4057 1815 4126 impleat,
1852 4066 2030 4111 tamen

469 4152 523 4205 in
557 4151 792 4205 secunda
843 4151 1025 4221 vigilia
1074 4159 1260 4205 exorta
1308 4149 1571 4217 majorem
1623 4147 1798 4201 noctis
1824 4156 2029 4216 partem

2145 2952 2326 3007 vestris
2353 2951 2394 3004 ¹.
2428 2949 2580 3006 Unde
2607 2950 2876 3006 allirmant
2901 2952 3107 3007 Pascha
3135 2954 3189 3008 in
3236 2955 3494 3010 vicesima
3531 2956 3708 3024 prima

2143 3043 2270 3097 luna
2301 3059 2461 3113 posse
2517 3043 2823 3110 immolari;
2880 3045 3265 3115 intelligentes,
3299 3047 3446 3116 quod
3498 3049 3545 3103 si
3579 3048 3707 3103 luna

2143 3151 2256 3189 χιιι
2288 3136 2496 3204 adjecta
2527 3133 2710 3200 fuerit,
2733 3153 2828 3190 vm
2855 3137 2974 3192 dies
2993 3153 3311 3209 azymorum
3339 3140 3711 3198 inveniantur.

2143 3228 2300 3295 Quod
2348 3231 2402 3282 in
2458 3227 2635 3283 Veteri
2701 3231 2920 3299 quidem
2968 3230 3318 3288 Testamento
3375 3250 3484 3289 non
3532 3245 3716 3306 potest

2142 3319 2494 3390 probabiliter
2523 3321 2774 3384 inveniri,
2821 3321 3052 3376 Domino
3102 3338 3196 3391 per
3230 3322 3471 3395 Moysem
3517 3327 3707 3394 przeci-

2141 3412 2373 3480 pientc:
2435 3407 2642 3480 Septem
2699 3411 2880 3464 diebus
2942 3414 3218 3467 comedetis
3275 3431 3465 3483 azyma
3511 3416 3552 3468 ’.
3590 3414 3709 3471 Nisi

2142 3503 2283 3558 forte
2313 3503 2382 3558 ab
2425 3504 2506 3559 eis
2557 3505 2802 3560 decimus
2829 3521 3054 3576 quartus
3079 3508 3196 3563 dies
3231 3509 3285 3563 in
3345 3511 3550 3580 azymis
3580 3528 3708 3566 cum

2144 3594 2364 3650 Pascha:
2417 3596 2788 3651 immolatione
2859 3614 2964 3652 non
3021 3613 3448 3668 annumeratur;
3517 3613 3708 3658 contra

2142 3687 2415 3759 Evangelii
2443 3689 2670 3755 dictum,
2701 3690 2966 3745 dicentis:
3009 3691 3190 3745 Prima
3221 3703 3397 3746 autem
3451 3696 3535 3749 die
3585 3713 3712 3766 azy-

2142 3796 2344 3832 morum
2384 3778 2712 3835 accesserunt
2765 3783 3012 3850 discipuli
3046 3784 3114 3836 ad
3145 3783 3324 3839 Jesum
3353 3787 3392 3840 ³.
3434 3787 3573 3853 Quin
3613 3789 3714 3841 du-

2141 3871 2289 3925 bium
2339 3887 2447 3926 non
2480 3883 2581 3939 est,
2611 3874 2740 3941 quin
2770 3891 2858 3928 xlv
2905 3875 3022 3930 dies
3079 3877 3168 3939 sit,
3218 3877 3271 3930 in
3309 3893 3418 3946 quo
3459 3879 3712 3948 discipuli

2143 3965 2430 4020 Dominum
2460 3967 2934 4038 interrogaverunt
2973 3968 3273 4022 secundum
3328 3985 3536 4024 morem
3563 3971 3711 4024 anti-

2141 4059 2324 4127 quitus
2383 4058 2485 4114 sibi
2536 4059 2890 4113 constitutum
2946 4078 2959 4113 :
3037 4058 3134 4113 Ubi
3187 4061 3262 4114 vis
3318 4078 3559 4131 paremus
3602 4064 3702 4116 tibi

2140 4151 2403 4204 comedere
2432 4151 2683 4205 Pascha?
2713 4149 2817 4204 Sed
2847 4151 2966 4205 ideo
3001 4151 3142 4206 hanc
3176 4153 3534 4222 adjectionem
3568 4153 3708 4208 aﬂir-

469 4241 760 4296 illuminat.
794 4240 955 4296 Certe
1017 4241 1064 4296 si
1100 4255 1273 4311 usque
1325 4241 1392 4294 ad
1442 4240 1672 4294 duarum
1725 4239 2030 4309 vigiliarum
2063 4234 2112 4293 Ι)
2140 4253 2310 4305 mant,
2336 4243 2428 4312 qui
2456 4242 2507 4295 in
2534 4242 2636 4296 hoc
2657 4257 2842 4296 errore
2873 4243 3235 4312 decipiuntur,
3267 4245 3394 4314 quia
3427 4248 3705 4312 nesciunt,

469 4333 782 4395 terminum,
826 4333 971 4402 quod
1022 4341 1106 4386 est
1153 4331 1328 4386 noctis
1371 4329 1631 4392 medium,
1683 4339 1836 4385 ortus
1889 4332 2030 4386 lunze

467 4423 795 4486 tardaverit,
849 4439 959 4477 non
1005 4423 1098 4477 lux
1131 4422 1400 4482 tenebras.
1443 4420 1538 4475 sed
1583 4421 1817 4494 tenebrae
1852 4422 2028 4476 lucem

468 4523 747 4581 superant.
779 4512 935 4578 Quod
959 4524 1164 4568 certum
1197 4522 1277 4568 est
1309 4512 1361 4566 in
1390 4511 1597 4566 Pascha
1628 4527 1733 4566 non
1757 4528 1880 4567 esse
1903 4528 2029 4582 pos-

469 4604 646 4667 sibile,
679 4613 738 4658 ut
767 4603 947 4674 aliqua
977 4620 1103 4674 pars
1135 4605 1480 4659 tenebrarum
1514 4603 1624 4657 luci
1675 4603 2025 4660 dominetur:

467 4695 595 4766 quia
622 4695 937 4751 solemnitas
975 4694 1272 4750 Dominicis
1320 4692 1739 4750 resurrectionis
1765 4694 1859 4749 lux
1900 4706 2023 4761 est;

539 4861 558 4893 ¹
584 4859 755 4915 Exod.
799 4874 898 4923 ιιι,
957 4857 1044 4923 18,
1101 4857 1186 4911 19.
1264 4858 1284 4888 ³
1315 4857 1446 4912 Ibid.
1502 4857 1608 4924 IS;
1644 4858 1813 4913 Levit.
1851 4875 2008 4925 ιιιιι,
2049 4860 2103 4915 6.

541 5052 652 5124 (25)
705 5053 896 5118 ’Ὕλας
951 5053 1052 5108 ἀπ’
1083 5053 1300 5108 αὐτῶν.
1355 5052 1536 5108 Nostri
1579 5053 1822 5124 quinque
1877 5053 2028 5124 codio

469 5141 560 5181 ccs
618 5122 726 5178 uno
774 5137 1046 5178 consensu
1117 5124 1378 5193 scriptum
1434 5124 1633 5177 habent
1688 5122 1820 5186 ὕλας
1855 5123 2032 5193 ἁπαι-

468 5195 611 5248 τῶν·
648 5193 741 5249 sed
792 5194 846 5248 in
899 5195 1085 5249 codice
1136 5192 1304 5263 Regio
1353 5193 1540 5248 eadem
1596 5209 1763 5263 manu
1803 5192 2031 5263 adnota-

469 5275 577 5324 tur,
631 5264 979 5320 scribendum
1030 5279 1152 5320 esse
1195 5261 1289 5318 ἄπ’
1319 5263 1519 5317 αὐτῶν.
1583 5261 1740 5318 Certe
1793 5264 1887 5316 ἀπ’
1933 5262 2032 5315 αὐ-

469 5335 576 5388 τῶν
606 5334 893 5405 legendum
939 5349 1080 5398 esse,
1133 5349 1199 5389 ex
1227 5334 1583 5405 sequentibus
1620 5342 1859 5403 apparet.
1911 5330 2026 5387 Nisi

471 5406 615 5458 enim
641 5403 713 5474 ita
740 5406 956 5474 legeris,
991 5421 1101 5474 quo
1153 5403 1357 5474 referes
1412 5419 1475 5459 ea
1496 5446 1527 5474 ,_
1563 5420 1684 5474 qua:
1724 5412 2029 5472 sequuntur

472 5474 656 5555 verba,
679 5467 752 5527 ὧν
785 5467 1135 5561 σῖτεριῄρτξταξ,
1164 5475 1309 5531 etc.?
1339 5473 1444 5530 Sed
1473 5467 1618 5560 n'it‘n‘c
1667 5489 1726 5560 re
1769 5467 2026 5561 attentius

471 5545 802 5607 examinata,
860 5543 1207 5601 scribendum
1258 5561 1453 5602 censeo
1502 5544 1632 5608 ὕλας
1659 5543 1935 5597 ἁπαιτῶν·
1983 5543 2027 5610 ᾧ

472 5612 818 5686 περιῄρηται.
842 5625 947 5670 etc.
979 5615 1142 5673 ldoue
1169 5626 1224 5672 et
1248 5632 1464 5686 sensus,
1489 5625 1543 5672 et
1571 5623 1860 5686 syntaxeos
1889 5614 2027 5670 ratio

470 5683 726 5758 postulat.
769 5683 965 5740 VALES.

2137 4351 2236 4387 xm
2269 4343 2323 4388 et
2373 4351 2483 4399 xlv,
2517 4350 2606 4387 xw
2637 4343 2691 4387 et
2736 4350 2825 4399 xv,
2854 4351 2923 4388 xv
2976 4344 3029 4389 et
3055 4352 3167 4403 χιιι,
3203 4353 3289 4390 xvt
3340 4346 3393 4391 et
3424 4353 3554 4402 xvn,
3590 4355 3706 4391 xvu

2134 4435 2189 4479 et
2221 4441 2352 4480 xvm
2375 4465 2388 4489 ,
2439 4441 2573 4481 xvm
2616 4435 2671 4481 et
2719 4442 2830 4490 χιχ,
2862 4443 2953 4481 χιχ
2980 4436 3033 4482 et
3057 4445 3147 4490 xx,
3176 4445 3244 4482 xx
3271 4438 3324 4482 et
3373 4444 3486 4492 ιιι,
3517 4431 3706 4483 lunam

2136 4519 2516 4586 probatissime
2565 4519 2620 4574 in
2655 4535 2763 4574 uno
2806 4520 2893 4574 die
2931 4520 3179 4575 inveniri.
3241 4520 3428 4577 Omnis
3467 4539 3707 4593 namque

2133 4608 2249 4662 dies
2273 4607 2326 4661 in
2356 4608 2498 4662 luna:
2521 4609 2943 4677 computatione,
2975 4626 3082 4664 non
3111 4611 3297 4665 eodem
3333 4627 3560 4666 numero
3589 4629 3705 4682 quo

2134 4714 2292 4754 mane
2307 4693 2582 4768 'initiatur,
2607 4702 2674 4760 ad
2705 4716 2986 4770 vesperum
3027 4701 3212 4760 tinitnr
3245 4720 3258 4756 :
3289 4704 3417 4772 quia
3441 4704 3558 4759 dies
3577 4721 3706 4774 qua:

2181 4863 2202 4894 ³
2237 4862 2426 4920 Matth.
2455 4881 2604 4928 χιιι,
2634 4865 2728 4930 I7;
2759 4863 2925 4920 Marc.
2950 4881 3059 4932 xw,
3090 4867 3194 4933 I2;
3233 4866 3367 4921 Luc.
3403 4881 3540 4931 xxtt,
3569 4867 3618 4919 7.

2208 5055 2321 5126 (26)
2384 5058 2481 5111 Ἐν
2511 5057 2591 5124 τῷ
2625 5055 2821 5126 Ἑνώχ.
2857 5056 3017 5112 Liber
3045 5056 3228 5112 Enoch
3278 5060 3476 5114 citatur
3501 5075 3530 5114 a
3559 5058 3701 5117 Juda

2137 5125 2188 5200 in
2220 5125 2459 5196 Epistola
2493 5125 2796 5200 canonica.
2833 5127 2960 5181 Erat
3011 5127 3146 5200 liber
3181 5131 3542 5200 apocryphus,
3595 5147 3704 5188 nec

2134 5195 2277 5251 inter
2327 5198 2621 5269 canonicos
2669 5196 3017 5252 Hebraeorum
3063 5195 3232 5252 libros
3282 5195 3556 5269 receptus.
3589 5201 3703 5257 Sed

2136 5275 2314 5348 tamen
2349 5267 2600 5348 apostoli,
2633 5283 2932 5348 eorumque
2964 5269 3210 5348 exemplo
3236 5267 3695 5348 antiquiPatt-es.

2133 5337 2441 5411 testimonia
2469 5353 2534 5391 ex
2565 5337 2889 5411 apocrypbis
2920 5337 3163 5411 proferre
3199 5354 3304 5393 non
3340 5337 3696 5411 dubitarunt:

2131 5421 2194 5460 ea
2219 5407 2446 5467 scilicet.
2480 5423 2602 5476 qua:
2643 5408 2709 5463 ad
2735 5407 3086 5463 astruendam
3118 5411 3399 5464 veritatem
3431 5409 3699 5477 facerent,

2132 5491 2200 5551 e_x
2261 5477 2330 5551 iis
2375 5478 2654 5551 eligentes.
2700 5477 2850 5551 _Vide
2917 5477 3208 5551 Georgium
3273 5477 3578 5551 Syncellum
3636 5481 3700 5537 in

2133 5545 2414 5614 Chronico,
2446 5545 2538 5602 ubi
2568 5547 2905 5606 luculentum
2952 5545 3330 5620 fragmentum
3354 5549 3513 5608 affert
3536 5565 3603 5606 ex
3625 5551 3702 5608 Ii-

2132 5617 2246 5674 bris
2271 5615 2476 5674 Enoch.
2512 5615 2586 5673 In.

2170 5633 2246 5674 I'IS
2271 5633 2476 5674 LHOCII.
2512 5633 2586 5673 ID.
