1959 3097
122 148 161 176 ΞΠ

123 217 183 238 ωε
194 210 213 235 in
225 208 294 237 luna.
310 207 388 234 idest
412 215 500 242 usque
516 207 548 235 ad
564 212 667 235 sextam
683 213 709 236 et
721 209 863 236 dimidium
880 213 901 239 Α

124 257 185 284 bon,
200 260 238 279 ιιιι
253 257 457 285 annumeratur,
485 253 579 280 eadem
608 254 641 280 ad
659 262 800 289 vesperum
819 264 862 282 xlv

122 301 232 329 invenitur.
254 298 330 326 Unde
351 306 415 334 ergo
431 304 458 326 et
472 298 576 326 Pascha
594 307 681 334 usque
711 301 745 327 ad
773 309 817 327 tm
836 301 862 328 in

119 353 225 381 rrsperum
245 344 351 371 extendi
372 345 543 380 prmcipitttr;
560 353 621 380 quae
649 354 730 373 mane
744 346 804 373 sine
814 347 864 374 du-

117 393 156 425 bio,
172 392 192 418 id
204 396 240 418 est
263 399 349 425 usque
362 391 393 418 ad
405 399 466 418 eum
482 400 563 426 quem
590 392 709 419 diximus
735 393 863 419 horarum

116 438 238 468 terminum,
262 445 297 463 xx
325 437 483 464 habebatur.
500 438 631 472 Computa
647 445 712 472 ergo
726 446 740 465 a
759 439 810 465 llne
826 447 863 465 xtl

115 486 172 515 luna,
186 483 249 517 quod
264 488 305 510 est
317 484 423 510 initium
434 492 489 515 xiv,
499 483 531 510 ad
542 485 621 511 tinem
635 484 780 518 vicesimae,
793 485 864 511 unde

112 536 175 557 emt
199 529 356 564 principium
383 530 543 563 inchoatur;
567 535 594 557 et
617 530 739 558 invenies
761 536 863 565 septem

112 582 189 603 tantum
213 576 269 602 dies
295 584 472 611 arymOrum,
501 577 527 603 in
557 577 658 611 quibus
689 577 863 604 verissimum

110 621 187 647 Pascha
203 620 305 647 Domini
323 621 422 648 ducatu
437 622 600 656 praeﬁnitum
613 627 655 649 est
667 622 804 649 immolari
818 623 865 649 de-

109 669 162 695 here.

108 723 139 751 IX.
156 724 245 752 Contra
267 733 312 751 eos
337 725 382 761 qui
400 730 452 752 tres
467 730 528 752 ante
542 725 658 753 Ctesaris
677 726 865 761 wquinoctium

348 766 393 786 ant
409 761 536 788 Paschati
552 761 618 788 dies.

131 803 171 831 Sed
188 804 248 838 quid
263 804 377 836 mirum,
389 805 412 831 si
433 805 460 832 in
482 813 526 832 ut
544 806 607 832 luna
627 805 787 837 erraverint,
818 804 865 838 qui

105 856 145 877 tres
156 850 307 877 addiderunt
337 851 394 878 dies
407 856 470 878 attte
495 851 698 885 aequinoctium,
717 851 743 878 in
766 851 865 885 quibus

105 896 182 923 Pascha
205 897 343 926 immolari
372 904 453 932 posse
482 897 633 924 deﬁniunt?
650 897 728 930 Quod
759 902 863 924 certum
882 892 902 919 Β

103 943 239 970 omnimodis
252 947 294 970 est
311 944 401 977 putari
421 944 580 976 absurdum,
598 951 660 970 cum
686 943 865 977 apertissimis

103 989 228 1015 ludaorum
243 989 484 1024 historiographis,
498 994 524 1016 et
547 989 618 1016 LXX
634 989 794 1016 Senioribus
811 990 865 1017 evi-

102 1033 174 1060 denter
198 1034 343 1061 deﬁnitum
370 1035 417 1066 sit,
435 1035 539 1063 Pascha
565 1035 592 1062 in
610 1035 776 1070 aequinoctio
792 1036 864 1063 cele-

103 1081 156 1107 brari
171 1088 219 1107 non
232 1089 328 1115 posse.

101 1136 126 1163 Χ.
141 1138 313 1164 Asiaticorum
342 1147 397 1165 mos
423 1137 527 1165 Pascha
550 1147 597 1165 xtv
623 1138 686 1166 luna
715 1138 865 1166 celebrandi

125 1174 200 1207 gnaris
216 1173 294 1206 feria,
320 1179 413 1200 contra
437 1174 509 1200 Petri
521 1179 545 1201 et
561 1174 642 1201 Pauli
667 1175 862 1201 auctoritatem.

131 1207 204 1235 l'irtor
217 1215 240 1235 et
254 1209 388 1236 lrena’us.

127 1254 168 1281 Sed
183 1255 232 1281 illis
256 1255 326 1281 nihil
354 1255 469 1282 arduum
491 1255 552 1287 fuit,
568 1256 668 1291 quibus
688 1256 790 1283 licitum
805 1260 865 1283 erat

101 1301 213 1330 omnibus.
229 1301 342 1336 quando
358 1309 404 1328 xlv
421 1302 484 1328 luna
504 1306 566 1336 post
581 1302 773 1335 aequinoctium
787 1304 864 1329 adve-

100 1347 174 1379 nisset,
198 1346 302 1374 Pascha
331 1348 479 1375 celebrare.
507 1348 628 1381 Quorum
651 1348 805 1383 exemplum
820 1356 864 1375 se-

99 1396 189 1425 quentes
202 1401 287 1427 usque
309 1393 390 1420 hodie
403 1401 497 1421 ontnes
513 1394 585 1421 Asiae
611 1394 730 1429 episcopi
753 1394 864 1429 (quippe

99 1438 133 1471 qui
147 1443 169 1465 et
184 1439 231 1473 ipsi
247 1439 283 1466 ab
297 1444 412 1466 auctore
428 1440 670 1474 irrcprehensibili,
687 1439 793 1467 Joanne
810 1440 864 1467 sci-

99 1483 145 1510 licet
159 1485 330 1519 evangelista,
346 1490 373 1512 et
384 1486 501 1520 pectoris
514 1485 619 1513 Domini
635 1486 804 1518 incubatore,
817 1486 864 1513 do-

99 1530 222 1557 ctrinarum
238 1534 299 1559 sine
315 1532 400 1558 dubio
411 1532 571 1566 spiritalium
593 1536 726 1566 potatore,
740 1532 861 1567 regulam

99 1577 273 1610 susceperunt),
299 1578 487 1605 indubitanter
506 1578 633 1606 ontnibus
650 1580 739 1611 annis,
754 1579 863 1614 quando

100 1622 193 1650 xtvluna
210 1624 358 1657 adfuisset,
381 1629 408 1652 et
429 1633 514 1660 agnus
529 1626 599 1660 apud
614 1625 722 1653 JudzL-os
738 1627 864 1653 immola-

99 1673 164 1701 retur,
180 1669 347 1704 aequinoctio
358 1671 542 1702 transvadato,
558 1670 661 1698 Pascha
673 1672 860 1699 celebrabant:

101 1721 140 1740 uon
163 1716 368 1750 acquiescentes
387 1717 541 1744 auctoritati
568 1718 760 1752 quorumdam,
776 1717 803 1745 id
822 1722 864 1745 est

100 1760 153 1787 Petri
165 1766 189 1788 et
204 1762 282 1789 Pauli
312 1770 520 1795 successorum;
539 1763 585 1797 qui
614 1771 710 1790 omnes
727 1763 863 1791 Ecclesias

100 1808 119 1834 in
129 1809 216 1843 quibus
231 1809 368 1843 spiritalia
384 1808 521 1844 Evangelii
546 1809 649 1836 semina
661 1814 800 1841 scverunt,
819 1817 863 1836 so-

100 1854 240 1882 lemnitatem
271 1855 483 1882 resurrectionis
507 1855 613 1882 Domini
635 1855 662 1882 in
690 1855 733 1882 die
756 1860 861 1883 tantum

100 1900 214 1929 Dominica
229 1909 315 1936 posse
343 1901 472 1928 celebrari
489 1901 651 1928 docuerunt.
668 1900 745 1928 Unde
756 1906 782 1928 et
796 1909 863 1928 con-

99 1949 163 1975 lentio
175 1949 298 1983 quaedam
312 1953 406 1975 exorta
420 1952 461 1974 est
484 1948 554 1974 inter
564 1955 657 1975 eorum
675 1956 860 1981 SUCCESSOI'CS,

100 1989 211 2019 Victorem
225 1992 336 2019 scilicet
351 1991 479 2019 Romanae
492 1992 567 2019 urbis
576 1999 608 2019 eo
623 1997 743 2027 tempore
758 1994 863 2028 episco-

98 2046 155 2072 pum,
165 2046 190 2067 et
201 2040 376 2076 Polycratem
393 2041 438 2076 qui
454 2045 519 2068 tunc
534 2041 560 2067 in
574 2041 709 2075 episcopis
724 2041 794 2068 Asia:
810 2042 862 2075 pri-

98 2090 179 2113 matum
191 2095 286 2122 gerere
301 2087 450 2114 videbatur.
462 2088 527 2121 Quae
536 2089 569 2115 ab
578 2088 678 2115 Irenaeo
692 2093 756 2114 tunc
769 2087 863 2115 Galliae

98 2132 163 2163 partis
184 2133 303 2167 praesule
334 2133 485 2161 rectissime
511 2138 606 2168 pacata
633 2139 691 2166 est;
719 2134 862 2168 utriusque

98 2178 197 2210 partibus
213 2180 239 2206 in
257 2187 310 2207 sua
330 2180 420 2213 regula
442 2180 688 2213 perseverantibus,
712 2187 761 2206 nec
776 2187 790 2205 a
805 2186 861 2206 cm-

99 2229 132 2257 pto
146 2226 312 2260 antiquitatis
326 2234 400 2252 more
416 2226 624 2253 declinantibus.
651 2225 690 2252 llli
707 2226 815 2260 quidem
834 2226 860 2252 in

99 2270 177 2296 mdie
192 2272 296 2298 mensis
322 2271 400 2305 primi
433 2271 504 2298 diem
528 2271 639 2299 Pascha:
670 2272 862 2304 observabant,

99 2316 224 2343 secundum
241 2316 431 2351 Evangelium,
449 2322 478 2344 ut
509 2318 651 2352 putabant,
667 2318 735 2344 nihil
752 2318 864 2344 omnino

99 2362 246 2389 extrinsecus
263 2362 403 2395 addentes,
421 2363 467 2390 sed
484 2363 543 2389 lidei
567 2363 687 2398 regulam
712 2371 759 2397 per
773 2365 864 2391 omnia

100 2413 282 2436 conservantes.
299 2408 331 2436 Hi
348 2414 439 2436 autem
457 2408 603 2437 Dominica:
626 2409 764 2444 passionis
792 2410 863 2437 diem

101 2456 260 2486 transeuntes,
283 2460 312 2482 ut
327 2456 434 2482 tristitia
452 2463 483 2482 ac
499 2464 616 2483 mcerore
638 2456 780 2490 repletum,
794 2464 862 2483 con-

100 2497 197 2532 ﬁrmant,
216 2509 249 2528 ne
267 2502 346 2529 liceat
360 2502 519 2535 aliquando,
543 2501 596 2528 nisi
616 2502 642 2528 in
660 2502 704 2530 die
720 2502 860 2529 Dominica

101 2544 120 2570 in
133 2554 179 2580 qua
193 2548 357 2574 resurrectio
369 2547 475 2574 Domini
491 2555 505 2574 a
523 2552 610 2574 morte
625 2547 696 2574 facta
709 2552 761 2580 est,
783 2552 810 2574 et
834 2548 861 2575 in

100 2597 140 2623 qua
161 2593 234 2620 nobis
265 2598 357 2620 exorta
385 2597 428 2620 est
453 2594 624 2628 sempiterna:
653 2601 736 2621 causa
751 2594 860 2625 laetitiae,

101 2634 249 2665 Dominicum
280 2638 390 2666 Pascha:
420 2639 557 2666 celebrare
583 2640 753 2675 mysterium.
780 2639 860 2666 Aliud

101 2684 156 2709 enim
169 2690 208 2711 est
220 2685 367 2712 secundum
393 2685 466 2719 quod
491 2685 525 2712 ab
539 2685 679 2720 Apostolo,
702 2686 758 2712 imo
774 2693 789 2712 a
804 2684 860 2711 Do-

102 2728 159 2755 mino
173 2736 329 2765 praeceptum
352 2736 405 2764 est,
425 2738 486 2758 cum
511 2731 670 2759 contristato
694 2732 859 2765 contristari,

102 2777 182 2801 etcum
195 2785 273 2803 cruce
288 2785 367 2812 passo
378 2778 508 2812 compati,
525 2778 584 2812 ipso
600 2779 706 2807 dicente
728 2788 735 2807 :
765 2778 860 2806 Tristis

879 2241 900 2267 Ι)

130 2862 139 2878 ⁸
157 2864 246 2893 Matth.
273 2876 350 2899 xxvr,
377 2868 421 2895 58.
460 2869 470 2884 ¹
497 2868 564 2897 Luc.
591 2877 643 2901 xv,
663 2869 680 2896 6

728 146 845 174 CANON
863 147 1065 175 PASCHALIS.

1646 147 1700 174 228

915 215 953 237 est
973 210 1064 237 anima
1077 218 1134 236 mea
1147 217 1230 244 usque
1253 209 1287 235 ad
1307 213 1416 236 mortem
1431 208 1459 241 ‘;
1486 207 1560 235 aliud
1583 215 1645 235 cum
1663 207 1703 234 vi-

917 261 992 283 ctore
1007 256 1147 282 inimicum
1164 256 1306 290 antiquum
1335 254 1530 288 triumphante,
1548 261 1580 280 ac
1594 261 1703 280 sumnto

918 302 1056 336 triumpho
1086 301 1191 328 devicto
1228 300 1384 328 adversario
1415 300 1522 327 uetante
1553 299 1702 331 collaatari,

918 348 1033 382 ipsomet
1061 347 1254 382 prmcipiente:
1282 346 1511 381 Congratulamini
1542 346 1618 378 mihi,
1641 345 1704 380 quia

918 393 1004 420 inveni
1021 402 1092 420 ovem
1106 401 1191 420 meam
1204 401 1282 428 quant
1307 392 1475 427 perdideram
1489 393 1509 418 ⁵.

918 449 963 476 XI.
995 449 1105 476 Gemina
1129 450 1192 476 luna
1220 458 1264 476 va
1287 455 1311 476 et
1337 457 1393 475 xvn
1411 449 1438 475 in
1461 448 1563 476 Christi
1587 455 1704 475 resurre-

1271 486 1363 511 ctione.

953 530 1019 557 lllud
1049 534 1139 557 autem
1164 530 1235 564 quod
1261 530 1342 557 modo
1372 529 1450 556 nobis
1475 529 1602 561 innuunt,
1630 528 1703 563 quod

919 580 1091 603 transeuntes
1108 575 1199 602 lunam
1218 583 1262 602 xiv
1277 575 1442 609 principium
1456 574 1567 602 Pascha:
1583 574 1702 601 lucidum

918 622 1055 649 celebrare
1082 628 1137 647 non
1161 628 1319 655 possumus,
1345 628 1396 647 nos
1419 628 1472 647 non
1497 624 1587 647 movet
1617 627 1705 654 neque

918 668 1072 695 conturbat.
1092 666 1167 695 Licet
1183 668 1266 699 enim,
1284 675 1372 701 usque
1394 667 1427 693 ad
1441 667 1598 694 vicesimam
1611 666 1704 692 lunam

918 714 1083 748 principium
1115 712 1227 740 Pascha:
1255 712 1375 744 extendi,
1405 712 1529 738 illicitum
1549 719 1610 738 esse
1635 710 1704 738 deti-

919 761 995 787 niant
1006 768 1013 793 ;
1025 765 1114 786 tamen
1131 767 1217 794 usque
1242 759 1275 787 ad
1301 767 1345 786 xv:
1362 763 1389 786 et
1401 767 1469 791 xvn,
1491 766 1553 793 quae
1567 758 1595 785 in
1610 757 1705 785 eadem

918 806 962 833 die
976 806 1104 833 eveniunt
1119 806 1146 832 in
1163 813 1217 840 qua
1229 805 1362 832 Dominus
1379 806 1528 832 resurrexit
1545 813 1560 832 a
1577 804 1704 836 mortuis,

920 852 1047 886 protelari
1058 852 1166 883 debere,
1183 859 1282 886 negare
1305 858 1359 878 non
1379 856 1505 886 possunt.
1524 850 1576 878 Sed
1591 858 1640 878 nos
1658 858 1705 878 us-

917 905 971 932 que
983 897 1016 925 ad
1032 905 1067 924 xx
1082 898 1174 924 lunam
1191 901 1301 932 propter
1328 897 1399 925 diem
1421 896 1590 924 Dominicam
1609 896 1705 923 melius

916 943 1024 970 extendi
1040 942 1144 970 Pascha
1159 942 1343 975 decernimus,
1369 950 1451 978 quam
1469 947 1578 977 propter
1592 949 1638 968 xtv
1665 941 1705 968 lu-

917 997 978 1016 nam
996 989 1067 1016 diem
1083 989 1252 1017 Dominicam
1275 989 1445 1023 anticipare;
1464 989 1491 1015 in
1509 996 1562 1023 qua
1583 988 1663 1015 nobis
1677 988 1704 1014 in

917 1034 1052 1069 principio
1075 1034 1132 1066 lux,
1154 1038 1181 1061 et
1207 1042 1280 1061 ttunc
1295 1034 1323 1061 in
1348 1034 1401 1061 line
1424 1034 1547 1060 ontniutn
1567 1034 1703 1060 bonorutn

916 1082 1090 1116 praesentium
1101 1081 1245 1109 commoda
1258 1086 1284 1108 et
1295 1081 1417 1116 auspicia
1429 1081 1582 1108 futurorum
1595 1086 1705 1108 ostensa

916 1132 989 1154 sunt.
1003 1127 1071 1160 Quia
1087 1135 1140 1154 non
1155 1127 1260 1154 minore
1272 1127 1351 1153 laude
1377 1125 1508 1153 Dominus
1519 1126 1590 1153 diem
1605 1126 1705 1153 vicesi-

916 1182 990 1200 mum
1024 1174 1209 1208 prosequitur,
1241 1181 1323 1208 quam
1349 1173 1484 1200 decimum
1517 1177 1657 1207 quartum.
1675 1171 1704 1199 in

915 1220 1036 1247 Levitico
1064 1227 1182 1254 namque
1202 1220 1254 1263 ‘ita
1279 1219 1434 1254 praecipitur
1453 1227 1460 1246 :
1498 1217 1586 1246 Mense
1607 1219 1704 1253 primo,

915 1266 1015 1292 decimo
1052 1271 1146 1300 quarto
1182 1266 1224 1292 die
1262 1266 1358 1292 mensis
1389 1265 1468 1299 hujus
1502 1265 1537 1291 ad
1572 1272 1704 1299 uesperum

915 1312 996 1346 phase
1021 1311 1129 1338 Domini
1144 1316 1192 1338 est.
1211 1310 1244 1337 Et
1255 1311 1356 1337 decimo
1379 1311 1471 1345 quinto
1486 1311 1529 1337 die
1545 1311 1641 1337 mensis
1656 1310 1704 1336 ltu-

911 1358 956 1392 jus
976 1357 1129 1384 solemttitas
1144 1365 1297 1392 azymorum
1311 1357 1419 1383 Domini
1431 1361 1480 1383 est.
1497 1356 1600 1391 Septem
1613 1356 1704 1382 diebus

916 1411 1012 1438 azyma
1027 1403 1178 1430 comedetis.
1197 1403 1258 1430 Dies
1285 1404 1386 1438 primus
1407 1404 1458 1430 erit
1473 1403 1543 1430 vobis
1568 1402 1704 1429 celeberri-

916 1457 973 1475 mus
983 1454 1008 1475 et
1022 1453 1139 1476 sanctus.
1157 1448 1239 1476 Omne
1252 1457 1316 1483 opus
1334 1449 1426 1476 servile
1441 1457 1493 1475 non
1509 1449 1611 1484 facietis
1626 1448 1654 1474 in
1661 1456 1703 1475 ca.

915 1494 978 1522 Dies
993 1500 1081 1521 autem
1097 1496 1222 1529 septimus
1235 1495 1286 1521 erit
1309 1494 1380 1522 vobis
1393 1494 1519 1521 celebrior
1535 1499 1559 1521 et
1574 1495 1702 1521 sanctior.

917 1541 999 1568 Omne
1015 1549 1080 1575 opus
1108 1541 1199 1568 servile
1223 1549 1276 1568 non
1292 1541 1397 1575 facietis
1414 1542 1441 1568 in
1455 1549 1484 1567 eo
1501 1541 1522 1567 ⁵.
1542 1540 1575 1567 Ει
1602 1540 1704 1568 idcirco

917 1587 1121 1618 confirmamus,
1142 1587 1209 1613 nihil
1225 1587 1311 1621 culpae.
1333 1587 1503 1614 contraxisse
1518 1593 1565 1613 eos
1578 1590 1641 1613 ante
1657 1586 1704 1612 tri-

916 1634 998 1661 bunal
1023 1633 1135 1665 Christi,
1163 1634 1209 1667 qui
1241 1633 1268 1659 in
1293 1633 1366 1660 hunc
1379 1633 1450 1660 diem
1480 1632 1588 1659 initium
1605 1632 1704 1659 solent-

917 1680 1011 1707 uitatis
1038 1679 1151 1707 Pasch-aa
1175 1679 1282 1706 extendi
1313 1679 1412 1706 debere
1441 1683 1619 1706 censuerunt.
1650 1677 1704 1704 Ma-

917 1726 988 1753 xime
1000 1733 1061 1753 cum
1081 1726 1167 1752 tribus
1196 1725 1329 1760 angttstiis
1356 1729 1545 1757 coarctamur;
1563 1723 1588 1750 id
1618 1727 1704 1750 estut

918 1771 944 1798 in
964 1771 1007 1798 die
1031 1770 1171 1798 Dominica
1203 1771 1403 1798 solemnitatem
1428 1770 1540 1798 Paschaa
1566 1777 1702 1797 veneran-

916 1822 973 1849 tes,
998 1817 1161 1852 aequinoctio
1179 1817 1362 1849 transvadato,
1388 1824 1424 1843 xx
1446 1816 1540 1843 lunam
1557 1823 1612 1843 non
1627 1823 1704 1842 cxce

916 1863 1024 1890 damus.

916 1919 974 1947 Xll.
996 1920 1178 1952 Quorumdam
1196 1919 1317 1954 objectio.
1340 1927 1391 1945 non
1406 1927 1480 1953 posse
1499 1919 1602 1945 Pascha
1616 1919 1703 1952 spatio

953 1963 998 1982 XIX
1027 1963 1156 1981 annorum
1176 1963 1276 1989 semper
1298 1955 1325 1981 in
1344 1954 1616 1980 Dominicainucniri.
1631 1956 1704 1980 Ana-

953 1991 1010 2017 tolii
1024 1991 1167 2024 responsio.

953 2047 1004 2074 Sed
1018 2048 1068 2074 ltoc
1086 2047 1120 2074 ab
1145 2047 1206 2074 aliis
1219 2046 1388 2082 sapientibus
1410 2050 1437 2072 et
1453 2045 1621 2073 acutissimis
1637 2045 1702 2073 \iris

917 2094 1085 2128 impossibile
1098 2101 1160 2121 esse
1173 2094 1309 2126 delinitur,
1332 2093 1404 2128 quod
1430 2093 1456 2119 in
1476 2093 1521 2119 illo
1547 2095 1662 2126 angusto
1675 2096 1702 2118 et

916 2139 1079 2167 brevissimo
1099 2148 1144 2166 xtx
1173 2147 1307 2166 annorum
1337 2137 1431 2166 circuli
1459 2138 1563 2173 spatio,
1594 2136 1701 2163 Pascha

916 2186 1101 2219 verissimum,
1119 2186 1145 2213 id
1161 2190 1202 2213 cst
1215 2187 1240 2212 in
1256 2186 1300 2212 die
1326 2185 1479 2218 Dominica,
1507 2184 1700 2219 :cquinoctium

917 2233 1118 2268 transgrediens
1146 2232 1308 2258 inveniatur.
1327 2230 1378 2258 Sed
1396 2239 1447 2258 nos
1473 2236 1502 2257 ut
1529 2230 1701 2257 manifestius

914 2279 961 2305 ﬁat
977 2279 1039 2310 ltoc,
1068 2277 1141 2312 quod
1164 2277 1219 2304 illis
1245 2277 1462 2304 incredulitatem
1493 2275 1607 2308 inducit,
1624 2275 1699 2301 illum

913 2330 992 2358 quem
1007 2322 1127 2349 diximus
1145 2329 1278 2348 annorum
1300 2322 1442 2353 circulum,
1468 2329 1530 2348 cum
1549 2322 1619 2347 lunae
1637 2328 1700 2347 cur-

913 2370 990 2396 sibus
1014 2376 1161 2403 ponemus;
1189 2369 1352 2403 computatis
1385 2374 1447 2395 ante
1471 2369 1576 2401 diebus,
1600 2368 1700 2402 quibus

914 2415 1063 2449 reciprocis
1092 2414 1218 2441 cursibus
1240 2414 1388 2442 involvitur
1409 2422 1514 2447 annus,
1546 2414 1572 2440 in
1596 2414 1700 2440 Kalen-

913 2461 966 2493 dis,
990 2465 1017 2487 ct
1043 2460 1144 2492 Idibus.
1169 2466 1196 2488 et
1211 2459 1306 2493 Nonis,
1330 2465 1357 2488 et
1375 2461 1441 2488 solis
1465 2468 1579 2488 ascensu
1597 2465 1625 2487 et
1649 2461 1698 2487 de-

913 2514 1010 2533 scensu
1015 2526 1022 2533 .

931 2551 1000 2579 Xlll.
1020 2551 1105 2579 Lunte
1119 2557 1185 2579 tetas
1211 2553 1236 2579 in
1252 2552 1416 2579 Kalcndario
1428 2551 1538 2579 Juliano
1552 2559 1692 2586 expansrm

946 2596 1092 2625 Januarius
1111 2598 1136 2624 in
1154 2597 1291 2630 Kalendis,
1305 2606 1358 2625 una
1375 2599 1444 2629 dies,
1468 2598 1532 2624 luna
1545 2598 1642 2632 prima.
1667 2598 1696 2624 lu

914 2642 999 2671 Nonis
1014 2645 1110 2679 quinta
1125 2644 1192 2677 dies,
1210 2644 1273 2671 luna
1289 2645 1359 2672 5.1a
1375 2644 1478 2676 Idibus,
1501 2645 1535 2671 i5
1550 2644 1619 2677 dies,
1633 2645 1698 2671 luna

915 2691 959 2717 15.
975 2689 1003 2717 In
1027 2690 1113 2726 pridie
1136 2689 1270 2718 Kalendas
1284 2690 1437 2723 Februarii,
1460 2691 1491 2718 51
1507 2691 1576 2724 dies,
1588 2691 1652 2717 luna
1670 2692 1695 2718 ί.

913 2735 943 2762 In
959 2735 1087 2763 Kalendis
1115 2735 1265 2768 Februarii,
1292 2737 1405 2767 S‘Zdies,
1423 2737 1487 2764 luna
1511 2736 1538 2764 2.
1560 2737 1586 2764 In
1601 2736 1694 2767 Nonis,

914 2780 948 2808 56
965 2781 1034 2814 dies,
1046 2782 1110 2809 luna
1123 2782 1150 2809 6.
1165 2782 1192 2809 ln
1210 2782 1311 2815 Idibus,
1333 2782 1369 2810 ιι
1381 2783 1449 2817 dies,
1466 2783 1529 2811 luna
1545 2783 1588 2811 14.
1599 2782 1628 2811 In
1641 2783 1697 2818 pri-

735 2870 745 2885 ⁶
772 2870 857 2899 ιω-ιι.
875 2879 953 2903 xxtn,
970 2869 1028 2896 5-7.
