3918 6194
461 262 566 318 219

1242 267 1301 319 S.
1339 259 1670 318 ANATOLII
1705 251 2168 316 ALEXANDRINI
2205 258 2439 316 CANON
2476 260 2863 321 PASCIIALIS

3601 261 3730 317 220

456 385 544 439 die
590 381 862 440 Kalendas
908 382 1110 452 Martii,
1163 385 1234 441 59
1275 385 1414 453 dies,
1452 385 1582 440 luna
1634 384 1726 441 29.
1780 382 2036 439 Kalendis
2063 386 2112 443 Α
2135 379 2330 450 Nonis,
2355 382 2461 439 248
2493 383 2631 448 dies,
2678 387 2804 440 luna
2833 383 2920 440 I2.
2958 383 3015 438 In
3045 383 3250 448 Idibus,
3279 382 3385 440 256
3408 383 3548 447 dies,
3582 386 3730 440 luna

457 476 658 542 Martii,
694 476 764 530 60
789 477 928 541 dies,
964 477 1094 531 luna
1125 477 1176 531 1.
1213 477 1268 532 111
1310 476 1502 545 Nonis,
1527 475 1595 532 66
1631 477 1767 544 dies,
1804 476 1936 531 luna
1977 474 2029 532 7.

457 569 514 624 In
545 571 750 635 Idibus,
799 570 868 623 74
917 571 1056 633 dies,
1109 571 1235 625 luna
1281 570 1367 626 15.
1425 570 1483 625 In
1536 570 1710 640 pridie
1764 568 2036 624 Kalendas

458 665 679 733 Apri-lis,
711 662 780 720 90
811 664 949 728 dies,
987 663 1112 717 luna
1145 663 1199 716 2.
1256 662 1512 718 Kalendis
1538 662 1762 732 Aprilis,
1798 661 1860 716 91
1893 660 2033 727 (1188,

462 757 582 810 luna
619 757 670 809 5.
715 756 767 808 In
805 753 995 819 Nonis,
1021 755 1091 810 95
1138 755 1278 816 dies.
1335 755 1461 809 luna
1513 754 1562 808 7.
1617 752 1676 808 In
1705 753 1910 816 Idibus,
1935 751 2038 806 I05

456 846 594 909 dies,
626 849 751 900 luna
788 848 872 902 I5.
930 847 982 900 In
1037 849 1207 917 pridie
1241 847 1524 908 Kalendas
1573 846 1719 914 Maii,
1771 845 1873 900 1-20
1895 845 2034 913 dies,

457 939 585 992 luna
621 938 673 991 5.
713 935 969 993 Kalendis
1003 937 1152 1003 Maii,
1185 937 1280 991 121
1317 939 1456 1002 dies,
1492 938 1620 992 luna
1666 938 1720 992 4.
1755 937 1812 992 In
1845 935 2036 1003 Nonis,

458 1029 561 1084 127
583 1029 723 1092 dies,
756 1029 883 1084 luna
919 1028 1002 1084 I0.
1041 1029 1097 1083 In
1125 1029 1329 1095 Idibus,
1368 1031 1472 1085 I55
1505 1031 1643 1099 dies,
1694 1031 1829 1090 .luna
1861 1031 1948 1085 18.
1980 1029 2038 1084 111

454 1121 632 1190 pridie
666 1119 938 1176 Kalendas
970 1119 1140 1188 Junii,
1192 1122 1286 1177 151
1321 1122 1461 1188 (1188,
1507 1123 1636 1177 luna
1693 1124 1746 1178 5.
1781 1122 2038 1178 Kalendis

455 1209 628 1275 Junii,
668 1211 773 1265 152
803 1211 942 1276 (1188,
971 1211 1101 1265 luna
1144 1210 1199 1265 5.
1250 1212 1312 1266 111
1355 1210 1549 1278 Nonis,
1587 1213 1686 1268 I55
1715 1213 1854 1278 dies,
1908 1214 2037 1269 luna

457 1301 510 1357 9.
543 1301 602 1356 In
646 1302 853 1366 Idibus,
883 1301 986 1357 I64
1007 1303 1146 1370 dies,
1180 1303 1310 1358 luna
1349 1305 1435 1358 17.
1471 1306 1529 1359 111
1572 1305 1744 1376 pridie
1767 1304 2038 1361 Kalendas

456 1393 609 1460 Julii,
660 1395 757 1449 181
790 1395 931 1462 (1188,
996 1395 1125 1450 luna
1155 1395 1208 1450 5.
1258 1395 1514 1453 Kalendis
1561 1395 1712 1464 Julii,
1751 1398 1855 1452 I82
1897 1399 2034 1464 dies,

457 1490 587 1544 luna
615 1488 668 1542 6.
711 1487 769 1542 In
811 1487 1002 1554 Nonis,
1059 1488 1162 1544 188
1211 1489 1348 1554 (1188,
1410 1490 1542 1545 luna
1599 1491 1685 1545 I2.
1722 1489 1781 1544 In
1831 1492 2036 1559 Idibus,

458 1580 562 1636 196
587 1581 725 1643 (1188,
758 1581 884 1634 luna
911 1581 1000 1636 20.
1036 1578 1096 1635 In
1130 1581 1305 1652 pridie
1358 1581 1629 1637 Kalendas
1659 1583 2038 1653 Augusti,2l2

456 1674 596 1737 dies,
628 1673 760 1728 luna
795 1673 848 1728 5.
880 1671 1137 1727 Kalendis
1189 1674 1444 1744 Augusti,
1499 1673 1606 1727 215
1633 1672 1774 1740 (1188,
1821 1674 1948 1728 luna
1983 1675 2033 1728 7.

2139 473 2230 529 20.
2274 473 2330 529 In
2360 475 2530 546 pridie
2573 476 2844 533 Kalendas
2873 475 3149 543 Octobris,
3189 476 3296 532 2-75
3329 478 3466 541 dies,
3493 477 3624 531 luna
3663 477 3730 532 8-

2140 567 2399 623 Kalendis
2421 566 2698 636 Octobris,
2739 569 2847 625 274
2879 570 3018 637 (1108,
3051 571 3179 624 luna
3208 569 3261 624 9.
3295 568 3351 622 In
3390 567 3579 634 Nonis,
3609 569 3733 625 280

2141 660 2283 727 dies,
2319 661 2445 715 luna
2471 661 2557 716 I5.
2591 661 2648 715 In
2675 661 2882 727 Idibus,
2909 663 3016 717 288
3049 663 3185 724 dies.
3215 663 3342 716 luna
3382 662 3473 716 25.
3514 663 3566 716 In
3606 663 3734 732 pri-

2139 751 2229 806 die
2263 750 2534 807 Kalendas
2587 751 2932 820 Novembris,
2963 751 3066 807 504
3100 752 3240 816 dies,
3271 752 3397 806 luna
3421 753 3475 808 9.
3515 752 3730 806 Kalen-

2140 845 2229 900 dis
2260 843 2602 909 Novembris,
2635 845 2739 900 505
2793 844 2930 911 dies,
2981 844 3106 898 luna
3144 844 3228 898 10.
3279 842 3337 898 111
3368 842 3557 911 Nonis,
3611 845 3730 900 509

2141 935 2278 1000 dies,
2303 936 2433 989 luna
2464 935 2549 989 I4.
2598 932 2656 989 In
2692 933 2896 1001 Idibus,
2923 935 3027 988 517
3071 934 3209 1001 (1188,
3245 935 3374 990 luna
3401 935 3492 990 22.
3520 934 3573 988 In
3600 937 3730 1004 pri-

2140 1028 2229 1082 die
2266 1027 2538 1082 Kalendas
2589 1027 2924 1093 Decembris,
2973 1027 3078 1082 554
3109 1028 3246 1093 dies,
3307 1027 3436 1082 luna
3480 1025 3566 1081 10.
3618 1026 3734 1081 Ka-

2141 1120 2318 1176 lendis
2350 1119 2681 1186 Decembris,
2718 1120 2826 1175 555
2857 1119 2995 1181 dies,
3032 1119 3160 1173 luna
3195 1119 3280 1173 11.
3306 1117 3363 1173 In
3391 1117 3582 1185 Nonis,
3609 1119 3729 1194 559

2140 1215 2278 1279 dies,
2311 1214 2443 1268 luna
2478 1214 2564 1268 15.
2603 1212 2660 1266 In
2695 1212 2898 1277 Idibus,
2953 1210 3057 1266 547
3091 1211 3230 1278 dies,
3261 1211 3388 1266 luna
3415 1212 3504 1266 25.
3537 1210 3731 1266 Pridie

2140 1306 2412 1361 Kalendas
2443 1305 2710 1370 Januarii,
2733 1305 2840 1360 565
2865 1305 3002 1372 dies,
3045 1303 3175 1358 luna
3220 1304 3307 1358 11.
3339 1303 3506 1359 Kalen
3528 1304 3599 1359 118
3627 1301 3734 1358 Ja-

2141 1401 2342 1464 nuarii,
2372 1398 2475 1454 566
2512 1399 2648 1463 dies,
2684 1398 2810 1452 luna
2851 1398 2937 1452 I2.

2434 1491 2576 1546 XIV.
2623 1490 2828 1544 Tabula
2851 1489 3118 1560 paschalis
3155 1488 3416 1543 Anatolii.

2211 1584 2367 1641 Nunc
2393 1593 2572 1639 autem
2604 1597 2726 1654 post
2759 1585 3223 1654 computationem
3263 1584 3473 1639 dierum
3503 1592 3556 1638 et
3576 1581 3736 1640 luna

2142 1693 2365 1732 cursum
2415 1685 2718 1742 ostensum,
2756 1675 2958 1747 quibus
3016 1675 3070 1730 in
3124 1677 3286 1730 linem
3335 1691 3509 1747 usque
3550 1677 3734 1731 volvi-

457 1763 518 1820 In
546 1762 739 1832 Nonis,
769 1764 876 1819 217
902 1764 1042 1830 (1188,
1069 1764 1196 1820 luna
1261 1765 1350 1819 I2.
1409 1763 1467 1818 In
1513 1763 1718 1832 Idibus,
1752 1765 1860 1822 225
1895 1766 2033 1834 dies,
2071 1745 2112 1801 Β
2144 1779 2234 1824 tur
2267 1779 2434 1834 totus,
2459 1784 2730 1822 annorum
2761 1745 2953 1823 circuli
2995 1769 3324 1838 principium
3353 1745 3732 1824 inchoandum

457 1859 588 1914 Iuna
638 1858 725 1914 I9.
752 1856 808 1912 In
839 1857 1012 1928 pridie
1056 1857 1326 1913 Kalendas
1370 1856 1728 1927 Septembris,
1757 1856 1864 1914 245
1893 1859 2034 1925 dies,

457 1954 587 2010 luna
608 1954 660 2010 7.
690 1952 948 2009 Kalendis
999 1951 1358 2021 Septembris,
1409 1950 1516 2005 244
1545 1952 1685 2017 dies,
1725 1952 1854 2007 luna
1888 1951 1943 2006 8.
1975 1955 2033 2007 In

846 2084 1245 2134 EQUINOCTIUI.
1662 2088 1821 2128 LUNA.

644 2195 698 2247 1.
928 2190 1184 2248 Sabbalo.
1637 2192 1826 2248 XXVI.

640 2289 698 2343 2.
918 2286 1226 2342 Dominica.
1632 2287 1745 2343 VII.

633 2386 689 2440 5.
907 2381 975 2437 II.
1018 2382 1203 2438 Feria.
1633 2383 1816 2442 XVIII.

634 2484 691 2538 4.
912 2479 1002 2536 III.
1040 2479 1222 2536 Feria.
1623 2479 1819 2536 XXIX.

635 2583 689 2637 5.
910 2581 1000 2637 IV.
1036 2581 1218 2636 Feria.
1627 2579 1696 2634 X.

636 2681 690 2736 6.
911 2678 979 2734 V.
1023 2679 1208 2734 Feria.
1624 2675 1770 2734 XXI.

640 2775 692 2828 7.
912 2775 1148 2831 Sabbalo
1181 2773 1316 2845 (27).
1633 2773 1696 2829 ll.

639 2873 695 2924 8.
914 2869 1216 2924 Dominica.
1631 2866 1772 2922 XIII.

638 2968 692 3020 9.
911 2963 974 3019 II.
1012 2964 1197 3020 Feria.
1628 2963 1818 3018 XXIV.

609 3061 702 3116 10.
919 3059 1007 3114 Ill.
1046 3059 1231 3114 Feria.
1636 3057 1700 3112 V.

607 3155 695 3208 11.
916 3151 1006 3207 IV.
1050 3151 1234 3207 Feria.
1632 3149 1771 3204 XVI.

608 3248 696 3301 12.
917 3245 980 3301 V.
1018 3244 1202 3301 Feria.
1630 3243 1844 3298 XXVII.

607 3339 696 3392 I5.
914 3333 1003 3390 VI.
1035 3333 1222 3389 Feria.
1633 3333 1766 3389 VIII.

610 3435 696 3486 11.
918 3429 1171 3485 Sabbato.
1625 3428 1744 3484 XX.

610 3531 697 3584 I5.
917 3527 1220 3583 Dominica.
1633 3529 1672 3580 l.

610 3625 697 3679 16.
913 3622 972 3678 II.
1015 3622 1199 3677 Feria.
1623 3622 1736 3678 XII.

609 3719 697 3773 17.
916 3717 1008 3774 IV.
1048 3717 1212 3774 Feria
1247 3719 1383 3791 (28).
1633 3718 1824 3777 XXIII.

611 3815 699 3868 18.
920 3813 988 3869 V.
1017 3812 1204 3872 Feria.
1631 3815 1728 3874 IV.

614 3909 702 3964 I9.
920 3907 1007 3962 VI.
1049 3909 1232 3965 Feria.
1641 3911 1762 3968 XV.

2142 1870 2246 1917 est.
2305 1860 2419 1914 Hoc
2456 1858 2665 1912 Pascha
2697 1876 2730 1912 a
2758 1874 2811 1913 VI
2841 1857 3114 1912 Kalendas
3147 1857 3371 1924 Aprilis,
3404 1874 3564 1929 usque
3584 1859 3641 1912 in
3673 1873 3738 1913 ιι

2145 1953 2418 2009 Kalendas
2445 1950 2600 2005 Maii.

2316 2087 2535 2126 PASCIIA.
3245 2085 3401 2124 LUNA.

2129 2195 2244 2250 XV.
2286 2194 2518 2248 Kalend.
2549 2192 2704 2259 Maii,
3238 2191 3425 2248 XVIII.

2118 2289 2385 2346 Kalendis
2419 2291 2638 2360 Aprilis.
3237 2290 3376 2346 XIV.

2121 2386 2214 2442 XI.
2255 2386 2531 2442 Kalendas
2560 2386 2712 2441 Maii.
3236 2386 3378 2443 XVI.

2121 2480 2312 2540 Idibus
2336 2483 2559 2554 Aprilis.
3239 2480 3382 2536 XI'X.

2120 2579 2212 2637 IV.
2256 2579 2486 2634 Kalend.
2515 2579 2718 2650 Aprilis
3237 2577 3378 2632 XIV.

2119 2677 2263 2733 XIV.
2305 2675 2537 2731 Kalend.
2566 2676 2728 2732 Maii.
3239 2673 3382 2730 XVI.

2123 2773 2217 2830 Vl.
2259 2772 2490 2828 Kalend.
2522 2772 2750 2843 Aprilis.
3238 2769 3405 2826 XVII.

2126 2867 2386 2923 Kalendis
2409 2867 2628 2938 Aprilis.
3241 2864 3359 2920 XX.

2124 2962 2315 3020 XVIII.
2355 2962 2591 3018 Kalend.
2627 2961 2781 3017 Maii.
3243 2961 3361 3016 XV.

2130 3059 2266 3114 VIII.
2313 3059 2444 3113 ldus
2475 3058 2695 3129 Aprilis.
3248 3057 3368 3115 XV.

2125 3150 2215 3207 IV.
2257 3149 2490 3205 Kalend.
2522 3150 2744 3220 Aprilis.
3240 3149 3362 3207 XX.

2123 3244 2212 3300 Ill.
2256 3244 2388 3300 Idus
2417 3245 2634 3316 Aprilis.
3241 3241 3366 3300 XV.‘

2126 3335 2215 3390 IIl.
2262 3333 2450 3390 Nonas
2481 3335 2703 3406 Aprilis.
3239 3333 3405 3390 XVII.

2124 3430 2219 3484 IX.
2264 3430 2498 3487 Kalend.
2530 3430 2684 3484 Maii.
3243 3429 3362 3486 XX.

2126 3527 2219 3583 Vl.
2257 3527 2394 3582 Idus
2418 3527 2644 3598 Aprilis.
3251 3524 3371 3580 XV.

2120 3625 2188 3681 II.
2235 3623 2478 3678 Kalend.
2511 3623 2735 3694 Aprilis.
3247 3621 3433 3680 XVIII.

2136 3720 2278 3776 XIV.
2323 3719 2556 3776 Kalend.
2588 3719 2747 3775 Maii.
3248 3717 3391 3775 XIX.

2132 3817 2199 3872 Il.
2244 3816 2431 3871 Nonas
2457 3814 2679 3885 Aprilis.
3247 3814 3388 3871 XIV.

2139 3911 2232 3967 Vl.
2274 3910 2505 3966 Kalend.
2536 3909 2762 3981 Aprilis.
3247 3909 3412 3966 XVII.

514 4019 634 4076 XV.
654 4021 1205 4093 Ccsariensis’synodi
1227 4024 1377 4079 limes
1395 4025 1457 4078 ab
1481 4027 1731 4080 Anatolio
1757 4029 2002 4096 rejectus.
2075 4045 2118 4105 ο
2152 4024 2367 4080 Domini
2403 4024 2653 4094 iussione
2702 4024 2972 4079 sancitum
3027 4033 3111 4080 est
3169 4035 3222 4080 et
3273 4025 3554 4082 catholica:
3605 4025 3734 4084 ﬁdei

544 4135 645 4193 IIic
676 4138 916 4194 circulus
943 4153 1037 4193 ιιι
1065 4152 1336 4192 annorum
1376 4154 1408 4194 a
1447 4139 1780 4208 quibusdam
1837 4140 2054 4197 Africa-

473 4233 561 4288 nis
591 4231 830 4286 rimariis
856 4231 949 4301 qui
985 4229 1281 4300 ampliores
1312 4232 1548 4287 circulos
1581 4235 2051 4304 conscripserunt,

474 4339 587 4379 non
611 4323 908 4392 probatur,
941 4324 1070 4395 quia
1100 4340 1292 4381 eorum
1347 4326 1809 4396 suspicationibus
1838 4343 1903 4383 ac
1934 4329 2055 4399 opi-

476 4414 738 4470 nionibus
770 4415 984 4470 videtur
1017 4417 1154 4474 satis
1181 4432 1304 4472 esse
1335 4421 1673 4476 contrarius.
1708 4419 1922 4492 Quippe
1957 4423 2055 4492 qui

475 4506 579 4561 has
632 4506 685 4560 in
742 4522 845 4562 suo
901 4525 1130 4565 numero
1184 4512 1423 4568 rationes
1457 4513 1873 4584 probatissimas
1902 4529 2058 4570 com-

475 4607 728 4670 ponunt,
791 4599 1123 4671 principium
1163 4605 1439 4675 quoddam
1492 4604 1716 4662 Pascha:
1781 4608 2058 4678 ﬁnemque

477 4697 892 4758 componentes,
942 4689 998 4746 id
1035 4700 1118 4747 est
1161 4709 1231 4748 ne
1290 4703 1418 4750 ante
1457 4709 1510 4748 si
1536 4693 1809 4750 Kalendas
1831 4694 2054 4765 Aprilis,

476 4797 580 4837 nec
613 4791 737 4852 post
784 4781 1098 4838 vicesimam
1143 4785 1375 4855 primam
1403 4786 1587 4841 lunam
1616 4796 1671 4842 et
1707 4803 1761 4841 xi
1788 4785 2059 4843 Kalendas

477 4873 631 4939 Maii,
659 4873 866 4932 Pascha
888 4873 1284 4932 immolandum
1306 4893 1447 4934 esse.
1483 4878 1634 4947 Quos
1660 4879 1924 4934 terminos
1947 4894 2056 4935 non
2131 4916 2136 4921 -

479 4969 661 5024 solum
701 4983 812 5023 non
845 4969 1154 5038 sequendos
1180 5012 1195 5038 ,
1249 4971 1346 5026 sed
1397 4974 1563 5026 etiam
1613 4971 1962 5028 detestandos
1995 4986 2060 5026 ac

480 5058 842 5118 succidendos
875 5075 1000 5116 esse
1043 5061 1411 5117 decernimus.
1445 5060 1582 5116 Cum
1634 5062 1690 5117 in
1731 5061 1902 5118 veteri
1933 5061 2060 5132 qui-

471 5155 599 5210 dem
639 5152 757 5225 Iege
793 5154 901 5210 1108
949 5154 1128 5210 solum
1161 5155 1432 5210 custodiri
1483 5154 1682 5211 debere
1723 5154 2058 5219 decernitur,

478 5248 557 5302 uti
588 5261 660 5303 ne
685 5255 812 5302 ante
836 5255 1239 5318 transgressum
1273 5247 1512 5303 vernalis
1535 5246 1847 5318 aequinoctii
1873 5245 1928 5300 in
1949 5259 2061 5315 quo
2105 5301 2107 5303 ,

478 5340 821 5397 autumnalis
850 5339 1148 5397 novissima
1177 5355 1308 5412 pars
1339 5340 1596 5405 vincitur,
1631 5339 1842 5395 decima
1867 5347 2060 5409 quarta

2160 4117 2496 4174 conveniens
2525 4118 2582 4172 in
2607 4116 2888 4182 omnibus,
2941 4117 3229 4188 anticipari
3262 4117 3508 4172 illicitum
3543 4134 3607 4174 ac
3643 4135 3745 4190 pe-

2160 4211 2460 4266 riculosum
2488 4224 2633 4275 esse,
2664 4211 2817 4264 omni
2859 4210 3095 4280 sapienti
3142 4225 3250 4265 non
3279 4211 3506 4267 dubium
3540 4223 3642 4268 est.
3675 4213 3748 4269 Et

2160 4303 2366 4359 idcirco
2391 4303 2499 4358 hoc
2525 4301 2702 4358 solum
2745 4303 2880 4357 satis
2912 4311 2997 4358 est
3043 4303 3537 4361 omnibustsanctis
3564 4316 3616 4361 et
3644 4322 3744 4362 ca-

2163 4395 2384 4451 tholicis
2442 4395 2574 4451 viris
2622 4395 2936 4462 custodire,
2983 4403 3043 4449 ut
3094 4397 3456 4466 plurimorum
3509 4399 3746 4455 diversis

2163 4488 2516 4558 opinionibus
2540 4488 2956 4558 praetermissis,
2992 4489 3132 4545 intra
3180 4490 3446 4545 terminos
3483 4506 3621 4560 quos
3653 4506 3742 4546 ex.

2161 4579 2487 4652 posuimus,
2522 4580 2922 4636 solemnitatem
2982 4578 3281 4637 Dominica:
3324 4584 3745 4640 resurrectionis

2163 4673 2510 4728 concludant.

2163 4785 2305 4841 XVI.
2332 4786 2408 4842 De
2445 4787 2574 4842 solis
2603 4803 2822 4841 ascensu
2843 4804 2906 4841 ac
2922 4787 3191 4842 descensu.
3217 4789 3461 4854 Quatuor
3481 4791 3606 4842 anni
3628 4805 3748 4843 car-

2220 4859 2366 4914 dines
2389 4874 2454 4912 es:
2470 4859 2708 4912 Anatolii
2729 4861 2990 4914 sententia
3010 4857 3335 4914 Caesarianis
3364 4867 3693 4930 respondent.

2236 4972 2505 5028 Caeterum
2533 4974 2679 5044 quod
2715 4983 2822 5029 tua:
2854 4974 3098 5044 epistolae
3148 4974 3481 5044 subjeceras,
3513 4983 3569 5027 ut
3613 4973 3746 5028 solis

2167 5081 2455 5122 ascensum
2482 5065 2917 5135 descensumque
2949 5066 3044 5137 qui
3072 5065 3127 5118 in
3150 5066 3510 5119 diminutione
3535 5065 3741 5118 dierum

2168 5172 2233 5212 ac
2294 5157 2539 5213 noctium
2592 5158 2916 5220 coniicitur,
2971 5157 3100 5210 huic
3156 5157 3421 5226 opusculo
3470 5157 3748 5210 insinuare

2167 5263 2433 5316 conarer,
2468 5248 2573 5304 hoc
2631 5249 2796 5304 modo
2845 5248 3141 5303 inchoatur
3187 5258 3350 5318 atque
3383 5250 3740 5304 consumitur.

2168 5343 2271 5399 Per
2303 5359 2372 5398 xv
2401 5343 2518 5399 dies
2545 5351 2601 5399 et
2631 5343 2783 5399 horae
2812 5341 3100 5398 dimidium
3146 5343 3260 5398 sole
3293 5343 3619 5397 ascendente
3653 5357 3747 5410 per

389 5463 400 5472 κ
480 5434 569 5490 (118
601 5438 810 5493 mensis
832 5439 1014 5509 primi,
1042 5440 1138 5510 qui
1179 5453 1291 5494 non
1345 5438 1455 5494 diei
1515 5438 1612 5494 sed
1656 5438 1800 5493 lunae
1847 5435 2066 5493 orsibus
2095 5415 2142 5470 D
2171 5436 2385 5507 singula
2411 5443 2710 5499 momenta,
2739 5434 2795 5489 id
2824 5445 2909 5490 est
2938 5451 3032 5506 per
3064 5451 3116 5489 ιν
3166 5435 3221 5488 111
3267 5451 3373 5489 una
3403 5434 3489 5489 die
3511 5474 3525 5498 ,
3556 5436 3624 5488 ab
3648 5449 3746 5488 vnt

483 5537 854 5598 computatur,
893 5529 1109 5588 Pascha
1162 5531 1492 5589 immoletur.
1537 5528 1691 5597 Quod
1724 5527 1966 5600 quidem,
2006 5535 2068 5583 ut
2178 5526 2451 5584 Kalendas
2483 5525 2773 5596 Januarii,
2835 5527 2892 5582 in
2934 5543 3031 5582 vm
3079 5524 3351 5583 Kalendas
3382 5527 3584 5598 Aprilis
3615 5526 3747 5580 hora

560 5643 964 5720 (2718000010.
1015 5647 1114 5706 1118
1155 5650 1390 5720 primum
1424 5648 1709 5706 Anatolius
1758 5646 2056 5706 bissextum

491 5715 741 5770 admittit.
773 5714 1005 5771 Bt‘cunn.

2242 5644 2357 5717 (28)
2388 5642 2429 5717 ΑΙ
2444 5642 2483 5697 γ
2522 5642 2704 5717 Feri'a.
2735 5643 3042 5702 Bisscxtum
3065 5645 3362 5700 secundum
3398 5643 3484 5700 hic
3509 5644 3750 5713 agnoscit

2185 5715 2490 5772 Anatolius.
2519 5715 2592 5770 In.
