3918 6194
205 333 277 393 22!
704 319 770 376 IN
808 318 866 374 S.
908 313 1232 372 ANATOLII
1265 307 1592 368 CANONEM
1631 302 1861 363 EGlDll
1894 298 2216 358 BL'CHERII
2256 288 2822 350 COMMENTARIUS.

1707 425 1756 480 Α
1782 417 1975 474 lendas
1992 412 2258 477 Januarii,
2283 409 2448 465 simili
2477 420 2704 461 numero
2733 404 2991 458 horarum
3021 415 3086 454 ac
3113 412 3354 452 momen-

206 449 459 506 dituiuntur,
476 437 526 491 in
552 451 658 505 qua
705 441 1104 490 consumuntur
1129 445 1211 484 xu
1252 428 1402 482 horae
1429 435 1483 480 et
1502 423 1672 487 assis,

206 542 244 597 id
268 551 324 594 est
344 535 481 604 prima
503 544 627 599 pars
650 543 712 581 ex
743 542 816 580 xu
845 523 1144 594 particulis.
1178 520 1233 573 ln
1256 535 1361 589 qua
1381 519 1468 571 die
1489 517 1554 570 ad
1588 529 1676 568 ve-

203 645 370 701 sperum,
385 624 420 678 si
438 624 549 675 luna
570 636 656 673 xiv
673 617 974 680 accidisset,
993 628 1166 685 agnus
1182 609 1324 680 apud
1340 609 1556 664 Judaaos
1575 607 1671 659 im-

201 698 438 774 uldahatur.
467 708 558 763 Sin
584 718 760 762 autem
786 704 1054 760 excedens
1077 717 1360 763 numerus,
1387 715 1456 754 xv
1482 698 1562 751 vel
1582 713 1671 751 xvt

200 814 281 860 luna
305 805 459 855 fuiSsel
483 800 715 859 inventa,
744 797 797 848 in
837 807 1062 863 vespere
1089 790 1332 859 ejusdem
1358 788 1463 841 diei
1492 787 1545 840 in
1583 800 1677 839 xtv

194 902 250 950 die
275 894 479 948 εεςιιηιιξε
509 891 650 943 lunae
691 888 880 941 eodem
919 899 1105 938 mense
1129 891 1269 936 natae
1297 881 1362 934 ad
1391 891 1674 947 vesperum

191 988 335 1042 Pascha
379 983 739 1037 celebrabatur
778 998 792 1045 ;
835 988 1038 1048 septem
1099 975 1292 1029 diebus
1329 969 1676 1026 comedentes

190 1094 338 1149 azyma,
361 1089 517 1143 usque
540 1073 608 1127 ad
639 1073 778 1126 diem
805 1086 896 1123 xxi
931 1069 984 1121 in
1013 1080 1320 1136 vesperum.
1353 1061 1521 1115 Nobis
1544 1072 1677 1128 ergo

188 1166 372 1221 uiliter
397 1162 437 1217 si
460 1163 694 1226 eveniat,
729 1168 788 1212 ut
821 1174 897 1212 vti
935 1155 1206 1210 Kalendas
1236 1154 1438 1222 Aprilis
1470 1159 1520 1204 et
1560 1149 1677 1204 dies

185 1255 398 1310 Dominica
430 1263 481 1306 et
531 1252 658 1306 luna
701 1266 791 1304 xiv
832 1249 1161 1311 inveniatur,
1205 1261 1298 1300 xtv
1342 1244 1554 1298 Pascha
1587 1257 1678 1298 ce-

185 1345 431 1402 lebrandum
472 1353 574 1398 est.
618 1341 721 1396 Sed
755 1350 808 1397 et
837 1342 884 1396 si
913 1356 980 1394 xv
1015 1339 1101 1393 vel
1151 1353 1276 1401 xvx,
1324 1345 1377 1391 et
1405 1353 1580 1406 usque
1609 1337 1678 1391 ad

183 1457 229 1493 xx
262 1440 364 1491 luna
408 1436 568 1490 fuerit
614 1437 834 1489 inventa
861 1477 876 1500 ,
917 1447 1014 1499 pro
1051 1430 1352 1485 reverentia
1383 1428 1680 1484 Dominica:

183 1529 524 1585 resurrectionis
554 1543 678 1597 quae
707 1527 760 1580 in
793 1526 883 1581 die
912 1523 1194 1578 Dominica
1229 1521 1369 1576 facta
1391 1530 1494 1584 est,
1521 1520 1680 1576 nobis

180 1622 369 1675 similiter
396 1619 776 1672 celebrandum
800 1627 920 1683 est;
955 1615 1024 1670 ita
1062 1623 1240 1668 tamen
1270 1622 1327 1665 ut
1352 1611 1679 1681 principium

181 1715 346 1770 Pascha:
363 1714 511 1768 linem
544 1712 911 1768 solemnitatis
936 1726 1148 1777 eorum,
1172 1710 1225 1764 id
1249 1718 1332 1764 est
1362 1709 1677 1764 vicesimam

179 1807 329 1869 lunam,
367 1819 467 1857 non
495 1803 745 1858 excedat.
784 1803 849 1857 Et
872 1803 994 1859 ideo
1018 1819 1124 1858 non
1162 1819 1353 1873 parum
1382 1801 1678 1872 deliquisse

177 1897 358 1952 diximus
384 1910 494 1960 eos,
523 1896 619 1964 qui
652 1894 952 1963 anticipare
984 1893 1065 1947 vel
1092 1892 1354 1948 excedere
1387 1892 1534 1948 hunc
1575 1907 1678 1946 nu-

179 2003 331 2040 merum
372 1986 562 2040 divinae
622 1986 886 2040 insertum
932 1986 1229 2056 Scriptura:
1279 1985 1398 2041 ausi
1426 1994 1574 2040 sunt.
1617 1983 1680 2039 Et

177 2080 225 2134 ab
245 2096 320 2133 rm
339 2077 600 2134 Kalendas
627 2080 830 2149 Aprilis
879 2079 934 2133 in
963 2094 1062 2133 vui
1092 2078 1364 2134 Kalendas
1387 2077 1560 2133 Julias
1588 2093 1682 2147 per

178 2188 224 2225 xv
261 2174 355 2227 dies
402 2174 532 2226 hora
565 2172 924 2238 diminuitur;
955 2187 1049 2242 per
1077 2172 1186 2226 duo
1215 2181 1487 2226 momenta
1515 2180 1570 2228 et
1601 2169 1680 2223 di-

176 2263 365 2327 midium,
397 2273 447 2316 et
485 2272 701 2317 sextam
747 2271 955 2332 partem
1006 2262 1301 2327 momenti,
1337 2260 1451 2316 sole
1493 2275 1684 2315 ascen-

177 2358 292 2409 dente
309 2372 392 2424 per
415 2356 660 2426 singulos
693 2355 832 2410 dies.
870 2353 934 2408 Et
973 2355 1040 2408 ab
1072 2370 1170 2408 vm
1205 2351 1476 2408 Kalendas
1509 2349 1682 2406 Julias

179 2449 216 2500 i
236 2464 308 2500 rut
334 2447 594 2503 Kalendas
637 2446 892 2503 Octobris
915 2447 1162 2502 similiter
1193 2462 1288 2515 per
1342 2461 1412 2499 xv
1443 2445 1580 2513 dies,
1628 2452 1683 2498 et

178 2549 353 2607 quatuor
386 2541 564 2606 horas,
609 2541 749 2595 hora
785 2540 1142 2606 diminuitur;
1179 2538 1540 2594 descendente
1568 2536 1685 2591 sole

178 2629 514 2702 iuuuaquaque
545 2633 636 2688 die
674 2649 771 2704 per
819 2633 1069 2688 eumdem
1102 2646 1390 2686 numerum
1440 2642 1688 2683 momen--

179 2733 340 2791 torum;
363 2737 411 2780 et
442 2725 684 2795 spatium
703 2724 849 2796 quod
876 2732 1148 2794 superest,
1171 2738 1346 2793 usque
1377 2721 1430 2775 in
1460 2736 1556 2775 vui
1585 2719 1688 2775 Ka-

3241 278 3348 333 2'72

3285 317 3312 331 ο

1783 520 1964 566 torum
1997 507 2201 562 ﬁnitur.
2233 504 2308 559 Ita
2357 509 2415 556 ut
2458 517 2553 554 vui
2586 497 2857 552 Kalendas
2885 493 3132 549 Januarii
3161 493 3352 546 horam

1782 615 1836 659 et
1873 603 2018 659 bone
2048 600 2330 654 dimidium
2365 598 2496 651 hora
2533 592 2748 646 habeat.
2783 589 2859 642 Eo
2893 601 3068 656 usque
3116 598 3354 652 namque

1781 699 1898 753 dies
1925 711 1978 752 et
2018 713 2121 750 nox
2155 695 2554 749 diminuuutur.
2608 691 2671 744 Et
2711 705 2784 742 xu
2820 688 2969 740 horae
2998 698 3118 753 qua:
3152 680 3204 733 in
3236 694 3352 731 ver-

1784 789 1892 844 nali
1941 787 2268 857 aequinoctio
2300 786 2351 837 in
2403 781 2670 852 principio
2709 775 2921 830 Domini
2951 768 3354 842 dispensatione

1781 884 2088 938 constitute
2123 892 2269 941 sunt,
2298 879 2352 932 in
2385 893 2478 929 vui
2529 873 2798 928 Kalendas
2828 869 2955 924 Julii
2991 876 3148 921 nocte
3191 864 3355 919 dimi-

1781 987 1947 1039 nutae,
1974 976 2088 1029 sole
2113 972 2437 1028 ascendente
2461 984 2554 1038 per
2583 965 2828 1036 singulos
2853 979 2994 1033 quos
3017 975 3180 1029 supra
3211 957 3355 1011 dixi-

1783 1086 1905 1125 mus
1957 1068 2158 1139 gradus
2205 1081 2383 1131 xvut,
2418 1064 2471 1117 in
2524 1061 2847 1116 duodecimo
2896 1054 3129 1126 longiori
3179 1053 3354 1122 spatio

1781 1162 2126 1232 reperiantur
2172 1159 2458 1228 adiunctae.
2494 1154 2560 1209 Et
2587 1155 2782 1208 iterum
2833 1166 2912 1204 xtt
2961 1150 3109 1204 hora
3151 1161 3273 1216 quae
3299 1146 3355 1198 in

1781 1254 2081 1310 autumnali
2109 1250 2434 1321 aequinoctio
2464 1249 2597 1304 solis
2629 1249 2899 1300 descensu
2927 1241 3263 1310 repleantur,
3299 1237 3355 1290 in

1781 1362 1878 1399 vui
1909 1344 2177 1399 Kalendas
2198 1341 2444 1397 Januarii
2471 1355 2566 1405 sex
2595 1341 2745 1393 hora:
2773 1337 2827 1391 in
2859 1350 2932 1390 xu
2977 1334 3165 1389 divisae
3199 1331 3352 1384 inve-

1782 1438 2001 1491 niantur
2029 1435 2337 1504 disjunctze,
2356 1440 2514 1486 nocte
2533 1446 2662 1485 xvut
2693 1430 2746 1483 in
2776 1443 2854 1482 xu
2888 1426 3091 1481 divisas
3114 1429 3353 1478 tenente.

1782 1527 1911 1595 Quae
1939 1529 1993 1582 in
2025 1543 2120 1582 vui
2143 1526 2412 1582 Kalendas
2433 1521 2563 1578 Julii
2590 1521 2840 1576 similiter
2862 1535 2914 1575 vi
2938 1519 2993 1573 in
3021 1532 3102 1572 xu
3133 1514 3359 1587 partitas

1785 1621 2021 1676 tenebat.

2194 1707 2357 1763 XVII.
2401 1705 2583 1774 Operi:
2615 1703 2903 1759 conclusio.

1710 1781 1752 1835 Β
1794 1875 1817 1879 η
1852 1800 2018 1856 XVll.
2055 1799 2169 1855 Hoc
2219 1809 2399 1855 autent
2431 1813 2538 1852 non
2593 1797 2811 1867 ignores
2837 1834 2852 1858 ,
2906 1790 3051 1862 quod
3082 1789 3186 1844 ista
3225 1803 3361 1856 qua-

1784 1875 1911 1950 tuor
1941 1909 2061 1964 quae
2099 1893 2338 1948 diximus
2390 1900 2696 1960 temporum
2728 1886 2998 1948 confinia,
3034 1883 3161 1937 licet
3210 1894 3362 1934 men-

1786 1988 1926 2043 sium
1963 1986 2305 2057 sequentium
2345 1983 2602 2038 Kalendis
2634 1981 3098 2053 approximentur,
3155 1989 3358 2030 unum-

1787 2079 2039 2150 quodque
2089 2088 2270 2132 tamen
2312 2075 2548 2130 medium
2601 2073 2891 2143 temporis,
2924 2072 2976 2125 id
3007 2079 3092 2124 est
3124 2068 3274 2124 verni
3309 2075 3364 2121 et

1789 2172 2017 2234 aestatis,
2057 2168 2306 2225 autumni
2335 2175 2390 2222 et
2435 2167 2631 2221 hiemis
2665 2173 2865 2220 teneat.
2914 2163 2980 2217 Et
3009 2177 3116 2215 non
3163 2161 3360 2215 exinde

1789 2273 2094 2331 temporum
2147 2259 2419 2332 principia
2474 2259 2840 2323 inchoantur,
2889 2255 3032 2310 unde
3090 2252 3362 2308 mensium

1787 2355 2040 2411 Kalendae
2074 2354 2380 2409 initiantur.
2423 2349 2528 2407 Sed
2566 2351 2638 2404 ita
2689 2347 3117 2418 unumquodque
3149 2355 3363 2414 tempus

1787 2447 2152 2502 inchoandum
2186 2454 2290 2509 est,
2315 2454 2375 2498 ut
2405 2460 2434 2498 a
2458 2443 2634 2513 prima
2665 2442 2753 2496 die
2784 2442 2931 2496 veris
2964 2450 3174 2509 tempus
3195 2437 3365 2507 tequi-

1789 2541 2032 2597 noctium
2068 2539 2310 2604 dividat;
2341 2546 2396 2592 et
2431 2537 2637 2591 aestatis
2671 2551 2771 2590 vut
2818 2533 3088 2588 Kalendas
3119 2529 3280 2594 Julii,
3309 2537 3364 2582 et

1792 2633 2040 2689 autumni
2068 2646 2162 2686 vut
2193 2629 2465 2684 Kalendas
2501 2628 2776 2688 Octchris,
2812 2636 2866 2681 et
2899 2625 3094 2681 hiemis
3124 2640 3221 2678 vut
3252 2620 3364 2676 Ka-

1793 2723 1984 2778 lendas
2018 2719 2266 2775 Januarii
2301 2718 2552 2773 similiter
2583 2718 2864 2773 dividitur.

180 2940 3343 2965 Μ

1197 3108 1617 3198 jEGlDll
1699 3103 2274 3196 BUCHERII

594 3309 666 3368 ιιι
695 3309 756 3370 S.
793 3304 1070 3366 Anatolii
1101 3303 1515 3367 Alexandrini
1549 3301 1868 3362 Cononem
1900 3298 2262 3363 Paschalem
2306 3297 2840 3362 Commentarios.

631 3621 856 3678 CAPUT
897 3620 1185 3677 PRIMUM.

187 3710 295 3767 Sim
333 3718 577 3786 genuinus
634 3718 871 3771 Anatolii
915 3717 1104 3770 Canuti
1152 3714 1463 3786 Paschalis,
1515 3712 1695 3767 Graece

233 3783 439 3853 scriptus,
473 3805 506 3840 a
552 3788 743 3856 Ruﬁno
779 3787 966 3842 Latine
1007 3785 1265 3841 redditus.
1304 3783 1552 3856 Rationes
1600 3802 1696 3837 cur

234 3857 450 3923 ejusmodi
508 3854 700 3913 Canon
749 3857 984 3912 Anatolii
1040 3873 1141 3908 non
1194 3856 1456 3909 videatur.
1512 3854 1693 3924 Ipsum

237 3930 444 3982 Anatolio
491 3929 733 3982 tribuunt
795 3927 1069 3987 Eusebius,
1121 3926 1289 3989 Beda,
1347 3924 1693 3989 Colntannus,

236 3994 502 4119 :l'ilfrirllu‘s.
535 3999 688 4052 Beda
716 4015 782 4053 ex
815 4000 910 4052 hoc
936 3996 1159 4052 Canone
1189 3998 1458 4066 complura
1484 3996 1552 4049 ad
1594 4013 1697 4049 uer-

261 4085 329 4119 ιιιι
349 4086 389 4119 σι
414 4090 441 4119 α
473 4109 487 4119 .

261 4085 329 4120 tun
349 4080 487 4123 alat.

238 4183 527 4248 Anatolium,
581 4200 774 4250 genere
805 4184 1230 4237 Alexandrinum
1256 4223 1271 4247 ,
1301 4182 1486 4239 Graece
1514 4181 1692 4237 Cano-

191 4267 271 4304 tn-nt
306 4271 445 4307 suum
495 4256 787 4324 scripsisse
848 4270 1005 4308 nemo
1059 4254 1290 4308 dubitat.
1349 4253 1413 4307 Et
1469 4253 1693 4308 dubium

191 4337 306 4393 omne
343 4327 518 4379 eximit
547 4323 832 4385 EtiSebius,
885 4325 978 4392 qui
1026 4325 1223 4378 bonam
1277 4323 1439 4392 hujus
1487 4335 1694 4393 partem

191 4389 325 4447 Grtete
346 4396 485 4449 citat.
516 4394 834 4449 Versionem
861 4389 1004 4449 hanc
1032 4393 1280 4448 Latinam
1311 4389 1509 4447 R'ulino
1543 4411 1698 4465 aeque

193 4468 688 4542 Omtwsascribunt,
743 4480 916 4542 eoque
966 4480 1161 4542 parum
1212 4474 1548 4542 accuratam,
1597 4481 1698 4520 nec

194 4533 286 4586 satis
309 4536 450 4588 ﬁdam
491 4533 841 4591 existimant.
866 4533 1008 4588 Sane
1035 4533 1243 4598 Gra‘ca,
1279 4550 1399 4602 qua:
1432 4534 1571 4589 libro
1600 4552 1696 4600 vu,

195 4603 361 4678 capiti
395 4607 517 4678 152)
573 4606 829 4678 Historiae
884 4622 996 4678 sua-
1041 4604 1412 4678 ecclesiasticte
1470 4604 1698 4660 feliciter

197 4673 369 4749 inseruit
395 4673 676 4749 Eusebius,
708 4685 770 4749 et
797 4673 1102 4749 Ruﬁnianis
1135 4675 1402 4749 uberiora
1450 4684 1596 4749 sunt,
1645 4687 1699 4749 et

196 4743 305 4795 aliter
345 4747 562 4801 subinde
588 4747 900 4814 clariusque
937 4746 1352 4814 concipiuntur;
1383 4746 1557 4815 utivel
1589 4747 1698 4815 pri-

200 4826 258 4889 ma
280 4819 654 4889 comparatione
695 4815 869 4889 cuivis
914 4817 1284 4889 perspicuum
1311 4825 1410 4889 est.
1451 4814 1564 4889 Hoc
1593 4814 1698 4870 uo-

198 4884 301 4959 mine
329 4902 421 4938 non
453 4904 606 4959 nego,
635 4887 809 4941 labem
840 4886 1154 4959 nonnullam
1189 4886 1241 4959 in
1273 4886 1498 4959 hujusce
1524 4884 1698 4940 Cano-

199 4957 254 5001 uia
281 4964 457 5009 textum
504 4957 739 5025 irrepere

203 5029 331 5100 tutus
366 5025 474 5086 iste.
513 5028 746 5100 seposita
788 5025 967 5080 Ruliui
1010 5041 1211 5100 parum
1244 5025 1390 5100 certa
1433 5027 1694 5100 interpre-

202 5096 656 5165 tatiotie,genuiiitts
701 5099 834 5152 alias
877 5112 940 5151 ac
969 5111 1130 5150 verus
1170 5096 1242 5150 sit
1265 5097 1497 5150 Anatolii
1534 5098 1697 5163 fetus,

203 5176 317 5239 quem
361 5163 610 5222 Eusebius
636 5169 901 5222 Cononem
937 5166 1000 5219 de
1021 5166 1302 5233 Pascltate,
1338 5165 1700 5239 Hieronymus

212 5226 406 5310 i'ulunten
439 5255 588 5305 super
611 5239 838 5310 Pascha,
871 5247 1085 5290 vocant.

253 5300 310 5354 Ex
339 5300 595 5374 principiis
637 5300 855 5377 quidem
897 5323 1027 5378 sane
1064 5308 1372 5375 paradoxis,
1402 5321 1703 5378 praeterque

207 5382 483 5430 communem
515 5395 699 5433 eorum
732 5380 825 5448 qui
858 5379 922 5432 de
947 5377 1213 5432 Pascliate
1237 5378 1546 5433 Christiano
1577 5377 1708 5434 scri-

209 5454 378 5518 Psr'tunt
421 5450 716 5515 opinionem
757 5449 1088 5508 constitutis,
1118 5465 1236 5517 qua-
1271 5448 1452 5503 Canon
1481 5451 1567 5503 hic
1595 5466 1705 5518 prae

209 5528 246 5589 se
275 5510 373 5574 lett,
408 5510 558 5570 tideri
592 5521 724 5572 forte
762 5520 933 5588 possit
965 5510 1302 5572 adulterinus
1333 5529 1382 5572 et
1413 5510 1706 5589 suppositi-

211 5583 315 5657 μυξη
349 5596 393 5638 ct
427 5590 640 5643 alterius
675 5583 852 5656 potius
879 5605 1041 5657 quam
1065 5588 1302 5644 Anatolii
1338 5599 1444 5643 tam
1481 5583 1704 5655 laudati,

212 5653 304 5737 3'97
327 5658 551 5737 calliultci
597 5653 911 5737 scriptoris;
940 5657 1017 5737 pt
1050 5675 1114 5737 ex
1137 5660 1454 5737 _multis_bic
1491 5653 1704 5715 interitu

213 5728 338 5782 Pauca
370 5729 570 5799 seligant
618 5749 630 5784 :
671 5729 891 5786 Paschte
936 5729 1274 5786 Duminicam
1335 5732 1461 5787 luna
1513 5742 1706 5801 quarta

1719 3623 1760 3680 (ζ
1793 3620 2002 3674 decima
2039 3617 2187 3671 nullo
2221 3618 2477 3684 scrupulo
2508 3615 2715 3679 indicit,
2757 3615 2808 3667 in
2841 3631 2950 3681 quo
2978 3631 3100 3668 cum
3135 3615 3370 3682 Quarta-

1794 3689 2124 3762 dccimanis,
2160 3702 2253 3742 seu
2283 3684 2877 3762 T_essar_eslxazdecatitis
2909 3687 2978 3739 ab
3009 3685 3250 3762 Ecclesia
3287 3703 3371 3740 re-

1790 3760 1968 3830 jectis,
2008 3758 2137 3813 facit
2180 3757 2337 3830 :_etsi
2373 3756 2424 3809 id
2477 3756 2553 3809 illi
2603 3766 2919 3830 perpetuum
2965 3772 3071 3810 non
3119 3757 3372 3830 sit;_nec

1795 3825 1900 3884 nisi
1943 3839 2022 3884 ter
2056 3838 2169 3882 toto
2201 3826 2678 3895 decemnovennali
2728 3827 2880 3895 cyclo
2914 3836 3178 3880 recurrat.
3226 3825 3370 3880 Prae-

1797 3912 1940 3955 terea
1996 3898 2239 3952 eamdem
2281 3895 2564 3950 Pascbatis
2607 3894 2946 3950 Dominicam
3003 3912 3030 3948 a
3066 3912 3161 3949 xttt
3219 3896 3368 3958 luna,

1796 3971 1984 4025 saltem
2029 3978 2290 4028 exeunte,
2327 3967 2380 4020 in
2424 3983 2492 4020 xx
2530 3966 2792 4019 duntaxat
2827 3966 3106 4029 diffundit;
3155 3968 3371 4019 tametsi

1798 4040 2103 4110 Scriptura,
2137 4047 2193 4092 et
2217 4053 2342 4092 cum
2373 4053 2435 4092 ea
2450 4036 2793 4090 Alexandrini
2826 4037 2966 4092 inter
2999 4051 3137 4110 quos
3167 4036 3374 4110 studuit

1795 4106 2096 4174 Anatolius,
2130 4125 2161 4163 a
2194 4125 2283 4162 xiv
2319 4110 2371 4162 in
2407 4123 2500 4162 χιι
2534 4117 2714 4175 aperte
2747 4115 3074 4176 propagent;
3104 4106 3281 4159 Latini
3317 4106 3372 4161 in

1795 4183 2112 4236 vicesimam
2155 4195 2373 4248 quoque
2418 4179 2711 4248 secundam
2759 4177 3059 4248 extendere
3096 4177 3229 4230 nihil
3274 4192 3370 4230 ve-

1798 4263 2036 4306 reantur.
2071 4250 2153 4304 Ad
2177 4246 2307 4304 baac
2339 4249 2548 4302 litteras
2582 4246 2942 4303 Dominicales
2971 4257 3024 4300 et
3050 4247 3372 4314 bissextum,

1797 4323 1969 4377 aliave
2018 4322 2275 4391 pleraque
2307 4332 2414 4374 tam
2453 4320 2680 4391 confuse
2717 4320 3020 4391 constituit,
3051 4329 3110 4372 ut
3141 4334 3246 4372 non
3275 4318 3376 4371 do-

1798 4394 1868 4448 cti
1918 4387 2150 4459 alicujus
2187 4387 2256 4445 ἐι
2312 4389 2483 4444 sancti
2537 4387 2736 4459 Patris,
2791 4390 3005 4456 qualem
3061 4395 3377 4459 supponunt

1799 4479 1989 4517 omnes
2034 4457 2384 4524 Anatolium;
2437 4459 2531 4513 sed
2579 4458 2732 4513 rudis
2777 4469 2829 4513 et
2877 4459 3070 4529 ignari,
3126 4457 3377 4528 forteque

1798 4550 1826 4587 a
1860 4534 2082 4588 veritate
2125 4531 2392 4586 catholica
2426 4529 2566 4583 devii
2613 4530 2892 4597 scriptoris
2935 4531 3116 4598 potius
3145 4545 3266 4585 esse
3294 4529 3376 4582 vi-

1797 4603 2008 4657 deatur.
2046 4602 2121 4656 De
2145 4617 2255 4671 quo
2284 4603 2440 4671 plura
2476 4614 2601 4653 mox
2631 4602 2806 4669 capite
2834 4601 3016 4655 tertio.

1870 4670 2202 4730 Germanum
2254 4670 2612 4740 nihilominus
2640 4671 2876 4725 Anatolii
2921 4681 3137 4740 partum
3181 4670 3376 4726 fortius

1800 4747 1915 4799 haec
1950 4744 2226 4799 evincunt.
2271 4740 2454 4794 Primo
2483 4739 2702 4795 Eusebii
2736 4739 3090 4796 Casariensis
3125 4743 3216 4809 qui
3250 4756 3372 4794 eum

1801 4815 1981 4868 videre
2014 4816 2207 4882 potuit,
2235 4811 2555 4874 auctoritas,
2586 4812 2788 4882 quique
2837 4827 2944 4866 non
2975 4814 3114 4866 exile
3144 4811 3376 4866 Cononis

1803 4881 2034 4954 hujusce
2059 4882 2417 4954 fragmentum
2446 4881 2680 4954 Anatolii
2714 4882 3192 4954 nomineprofert,
3218 4882 3378 4954 plane

827 4957 1050 5010 otuisse.
1096 4954 1201 5008 Sed
1246 4951 1475 5026 quaestio
1512 4965 1596 5010 est
1629 4974 1696 5012 an
1734 4970 1775 5023 ι)
1804 4951 1929 5009 huic
1970 4953 2235 5024 opusculo
2282 4951 2584 5026 conforme,
2622 4952 2850 5026 nisi_u_bi
2888 4952 3264 5026 l‘idesvaeillat
3295 4951 3379 5026 in_-

1806 5021 2073 5094 terpretis.
2120 5026 2259 5077 Idem
2291 5021 2419 5077 facit
2452 5034 2505 5076 et
2535 5022 2699 5088 Beda,
2732 5023 2888 5076 initio
2921 5023 3081 5075 libelli
3112 5021 3378 5094 Demadi-

1807 5090 1980 5150 noétio
2003 5105 2050 5148 et
2076 5095 2138 5148 de
2162 5094 2365 5147 ratione
2395 5103 2705 5163 temporum,
2735 5095 2908 5162 capite
2935 5102 3147 5161 quarto.
3180 5090 3378 5163 Deinde

1805 5168 2140 5222 Colmaunus
2193 5162 2504 5218 Scotorum
2537 5165 2855 5232 episcopus,
2924 5163 3064 5229 apud
3124 5162 3374 5215 eumdem

1809 5237 2005 5291 Bedam
2038 5237 2176 5291 libro
2209 5251 2264 5288 ιιι
2297 5233 2550 5289 Historia:
2577 5235 2860 5303 Anglorum
2883 5233 3248 5286 ecclesiastica:
3293 5247 3378 5284 ca-

1849 5311 1918 5362 ite
1957 5308 2048 5372 ΞΒ,
2083 5307 2390 5360 Anatolium
2427 5306 2624 5366 virum,
2681 5314 2738 5356 tit
2782 5309 2878 5366 ait,
2925 5313 3174 5356 sanctum
3222 5311 3275 5355 et
3320 5305 3373 5354 iit

1831 5379 2039 5433 iistoria
2091 5377 2458 5431 ecclesiastica
2509 5375 2975 5437 laudatissimum,
3029 5373 3096 5425 ab
3131 5389 3217 5426 xiv
3252 5374 3376 5425 luna

1810 5451 1874 5504 ad
1908 5465 1978 5501 xx
2005 5447 2212 5502 Pascha
2245 5447 2626 5500 celebrandum
2659 5443 2945 5498 tradidisse
2974 5443 3186 5498 asserit.
3221 5443 3376 5507 Quod

1811 5521 1973 5573 etiam
2030 5517 2330 5572 catholicus
2382 5515 2678 5583 Anglorum
2744 5516 3023 5584 presbyter
3073 5513 3374 5576 Wilfridns,

1812 5599 1998 5659 contra
2041 5588 2401 5643 Colmaunum
2434 5602 2529 5659 pro
2551 5584 2819 5659 Pascbate
2846 5583 3228 5659 Alexandrino
3261 5589 3376 5636 dis-

1815 5656 2009 5726 putans
2042 5701 2056 5724 ,
2090 5675 2195 5712 non
2228 5659 2386 5710 modo
2417 5656 2669 5716 admittit,
2707 5657 2798 5709 sed
2851 5664 2904 5709 et
2934 5656 3154 5726 insuper
3181 5656 3251 5709 ab
3281 5669 3375 5706 χιιι

1816 5731 1944 5785 luna
1983 5733 2050 5786 ad
2078 5744 2363 5796 vesperum
2399 5727 2626 5783 subinde
2654 5726 2861 5784 Pascha
2891 5727 3083 5785 Sc0tos
3123 5726 3378 5781 inchoare
