3918 6194
211 285 284 341 223

207 397 381 457 Anatolii
406 403 586 448 textum
633 393 695 464 ad
725 392 918 464 synodi
950 392 1273 464 sententiam
1305 394 1508 464 saltem
1547 408 1675 462 pro-
1704 400 1750 454 Α

209 476 316 525 xime
347 475 603 520 revocaret.
656 460 928 517 Posterius
958 464 1134 531 priore
1170 460 1385 516 facilius
1431 471 1484 516 et
1517 460 1675 517 acce-

205 544 312 610 ptius
343 531 692 610 credidit._Nec
736 534 1100 610 vero_des_uut
1144 534 1442 610 etiamnum
1493 534 1678 610 aliqua

205 601 484 674 corruptionis
517 604 679 674 illatae
703 602 952 674 vestigia.
995 601 1130 655 Nam
1165 602 1334 674 codex
1376 601 1680 656 manuscri-

203 690 286 748 ptus
312 670 362 730 ex
389 690 486 742 quo
517 673 633 726 haec
668 670 1076 748 exscripsimus,
1100 688 1194 724 vm
1219 670 1486 748 Kalendas
1520 674 1678 748 Apri-

199 743 264 808 la,
285 763 333 798 et
358 760 462 797 vera
513 759 575 796 ac
603 744 774 812 prima
819 744 1068 807 lectione,
1107 758 1210 794 nou
1240 758 1313 806 χι,
1351 745 1497 797 clare
1527 743 1680 796 exhi-

197 821 268 871 bet.
296 814 499 867 Tametsi
534 828 649 866 xxii
678 812 854 884 Dystri
888 813 1028 866 diem
1055 827 1118 865 ex
1147 828 1312 880 prava
1340 815 1678 868 correctione

194 890 379 941 retineat.

234 957 444 1009 Ceterum
470 969 567 1006 cur
591 951 879 1017 Eusebius,
913 962 1006 1005 aut
1049 952 1092 1005 si
1122 952 1246 1019 quis
1281 951 1440 1014 alius,
1475 953 1679 1005 Anato-

188 1028 277 1079 lium
317 1024 562 1092 corrigere
610 1029 920 1092 aggressus,
975 1038 1086 1074 χχιι
1138 1023 1353 1089 potius,
1391 1037 1553 1090 quam
1585 1038 1674 1074 xxt

188 1096 333 1158 Martii,
373 1090 461 1162 pro
504 1109 607 1145 xxv
653 1090 1016 1157 stibstituerit,
1061 1107 1166 1162 non
1215 1093 1348 1145 satis
1396 1092 1672 1159 pervideo.

184 1166 336 1219 Nicena
373 1159 646 1229 siquidem
697 1164 936 1231 synodus
998 1162 1062 1215 ad
1108 1159 1283 1214 Martii
1317 1177 1408 1214 xxi
1457 1176 1549 1214 seu
1578 1177 1675 1222 xu,

183 1249 256 1289 non
281 1249 321 1286 xi
345 1231 597 1285 Kalendas
627 1233 836 1300 Apriles
871 1233 1254 1300 aequinoctium
1298 1231 1484 1294 aflixit,
1517 1241 1569 1285 et
1603 1233 1676 1285 ita

181 1309 368 1372 deinceps
390 1301 622 1356 Ecclesia
662 1302 904 1355 retinuit.
933 1301 1072 1367 Quin
1102 1302 1417 1372 itaquoque
1439 1303 1678 1356 sensisse

179 1370 332 1426 vitietur
369 1373 680 1434 Anatolius,
749 1372 966 1440 quando
1013 1372 1129 1440 ipsa
1174 1370 1350 1424 Martii
1392 1387 1520 1433 xxv,
1567 1387 1675 1439 qua

179 1459 290 1499 suum
325 1442 400 1495 ille
436 1442 594 1496 civile
637 1442 751 1511 figit
776 1443 1186 1510 aequinoctium,
1215 1441 1386 1495 solem
1416 1441 1468 1494 in
1500 1442 1676 1510 primo

177 1512 522 1566 dodecatemorii
579 1521 884 1581 segmento,
937 1522 1185 1580 quartam
1231 1511 1343 1580 jam
1380 1513 1520 1565 diem
1556 1511 1676 1564 δια-

177 1584 463 1651 πυρευόμενον
485 1596 581 1635 seu
631 1594 1070 1650 praetergressum
1119 1597 1240 1634 esse
1291 1597 1354 1636 ac
1390 1595 1678 1649 superasse

176 1663 306 1721 aperte
338 1653 531 1713 scribit,
588 1652 824 1704 inu‘ucus
871 1653 1114 1720 quintam
1166 1661 1293 1704 tunc
1337 1666 1673 1720 percurrere.

174 1723 306 1810 {irque
331 1721 636 1810 satisfaciet,
668 1723 771 1810 qui.
791 1722 934 1775 dicet
957 1721 1224 1810 gtoletttuzi
1255 1723 1562 1810 op'ilulouem
1593 1721 1673 1801 vi-
1709 1757 1750 1810 Β

172 1790 250 1845 deri
287 1801 504 1846 secutum
556 1792 894 1844 Anatolium.
956 1790 1066 1844 Cur
1100 1792 1246 1845 enim
1297 1792 1403 1854 ille,
1452 1791 1496 1845 si
1541 1792 1675 1846 sori-

175 1863 294 1931 ptoris
336 1861 521 1917 ethnici
573 1871 632 1915 et
687 1862 786 1914 l50
825 1862 982 1914 annis
1028 1863 1317 1916 anterioris
1362 1861 1674 1930 opinionem

171 1943 437 2000 seipieretur,
471 1933 645 1985 Solem
684 1949 788 1984 xxv
818 1931 991 1985 Martii
1021 1942 1269 2000 quartam
1303 1932 1677 1985 dodecatemo-

172 2004 215 2054 rii
241 2005 366 2070 primi
398 2011 601 2071 partem
651 2003 762 2072 jam
795 2003 1137 2069 percurrisse,
1177 2012 1228 2054 et
1263 2018 1369 2055 non
1404 2003 1584 2070 potius
1607 2018 1672 2055 ex

170 2075 349 2139 ejusdem
398 2087 554 2126 sensu
607 2087 912 2140 percurrere
952 2072 1226 2126 dixisset?
1268 2072 1348 2125 Au
1386 2080 1569 2126 tantus
1595 2072 1675 2124 vir

171 2145 206 2196 in
236 2154 320 2195 tam
349 2144 448 2195 acri
488 2144 676 2195 studio
721 2143 786 2195 ad
823 2142 943 2196 cceli
972 2152 1025 2195 et
1050 2142 1452 2210 horologiorum
1493 2151 1674 2196 motus

169 2228 242 2266 non
263 2213 555 2266 attenderit?
585 2211 788 2266 Verum
831 2212 1093 2280 quidquid
1129 2213 1196 2266 de
1221 2214 1324 2265 hoc
1350 2211 1526 2266 subsit
1557 2217 1675 2280 (pa-

170 2298 252 2334 rum
285 2287 404 2335 enim
456 2283 731 2351 interest),
781 2293 986 2336 certum
1018 2291 1102 2336 est
1133 2281 1447 2335 Anatolium
1481 2297 1588 2334 non
1617 2283 1671 2334 in

171 2355 296 2418 primo
331 2356 475 2420 primi
534 2353 806 2422 segmenti
857 2355 1025 2421 gradu
1079 2352 1464 2420 aequinoctium
1517 2351 1673 2407 civile

175 2422 460 2487 oilistituere;
508 2424 605 2477 sed
637 2423 724 2476 vel
758 2424 808 2476 in
839 2424 1048 2491 quinto,
1086 2434 1142 2475 ut
1167 2436 1267 2476 nos
1294 2423 1513 2490 quidem
1548 2438 1673 2490 pro-

174 2492 342 2545 habilius
368 2494 780 2557 existimamus;
815 2494 894 2550 vel
921 2502 1088 2553 certe.
1120 2501 1178 2544 ut
1216 2493 1332 2557 alii,
1363 2493 1416 2546 in
1441 2505 1669 2560 quarto;

171 2563 269 2613 sicut
309 2562 558 2616 Caesarem
604 2573 662 2616 et
703 2562 967 2616 Metonem
1023 2563 1078 2614 in
1127 2573 1356 2627 octavo,
1413 2571 1466 2614 et
1490 2561 1672 2616 Eudo-

172 2646 259 2683 tum
284 2647 335 2686 ex
357 2630 562 2686 Gemini
589 2634 860 2687 sententia
899 2633 952 2685 iu
981 2641 1134 2686 sexto
1166 2632 1540 2690 constituisse.
1576 2648 1671 2686 su-

171 2715 236 2772 pra
253 2701 294 2754 in
317 2712 536 2756 tractatu
570 2703 648 2756 De
687 2701 1000 2756 Judaeorum
1022 2718 1158 2755 anno
1184 2704 1359 2772 Capite
1391 2703 1548 2755 tertio
1577 2704 1664 2756 de-

171 2771 452 2826 claravimus.

217 2839 491 2911 Priusquam
540 2851 710 2912 caput
761 2842 866 2897 hoc
913 2842 1066 2908 finio,
1100 2843 1406 2897 consideret
1434 2842 1522 2896 hic
1551 2857 1666 2898 me-

170 2925 256 2963 cum
292 2913 474 2976 lector,
544 2929 682 2967 num
744 2912 1114 2967 Alexandrinae
1169 2913 1368 2968 schola:
1418 2913 1671 2968 doctores

170 2983 480 3049 equinoctiutu
512 2983 680 3038 civile
704 2983 758 3037 in
791 2983 965 3038 Martii
990 2999 1095 3036 xxv
1119 2983 1226 3038 huc
1249 2998 1419 3052 usque
1449 2997 1558 3037 non
1585 2998 1671 3038 re-

173 3054 381 3123 linuerint,
407 3055 649 3122 quando,
687 3053 779 3123 qui
808 3053 949 3108 inter
995 3069 1089 3108 eos
1130 3068 1237 3106 non
1292 3053 1512 3107 intimus
1552 3062 1669 3107 erat

171 3121 555 3181 Anatolius,’tam
614 3121 878 3178 tenaciter
923 3137 988 3178 eo
1037 3123 1128 3178 die
1175 3123 1412 3189 retinet;
1456 3123 1670 3178 tametsi

171 3191 307 3255 quinto
336 3194 535 3261 (saltem
565 3197 786 3262 quarto)
828 3193 988 3262 primi
1018 3193 1437 3248 dodecatemorii
1479 3194 1669 3261 gradui

171 3264 423 3327 respondere
451 3264 756 3332 pervident.
794 3263 950 3329 Quod
978 3264 1023 3316 si
1051 3274 1156 3325 est,
1185 3273 1313 3317 tunc
1341 3279 1560 3331 quoque
1587 3264 1670 3316 di-

171 3335 336 3403 cendum
360 3334 783 3387 Alexandrinum
815 3333 1176 3402 patriarcliatu
1212 3333 1547 3403 Dionysium,
1579 3334 1670 3387 vix

172 3401 355 3454 ululecim
401 3406 556 3458 annis
611 3415 736 3457 ante
788 3401 925 3456 hanc
957 3404 1194 3456 Anatolii
1235 3401 1666 3457 lucubratioucm

171 3470 497 3532 latolunctum,
521 3474 908 3528 octaeteridem
936 3490 1089 3526 suam
1112 3475 1415 3541 pasclialein
1435 3475 1499 3526 ad
1525 3474 1670 3526 hunc

168 3542 404 3605 alainuctti
443 3544 763 3606 Caesariani,
801 3561 905 3598 nou
955 3543 1157 3596 Nic-mni
1202 3554 1295 3596 aut
1328 3542 1664 3604 Ptolemaici,

169 3610 549 3683 diemadaptasse
575 3631 590 3667 :
621 3613 884 3681 siquidem
914 3623 1039 3666 ante
1065 3615 1448 3681 aequinoctium
1475 3625 1528 3666 et
1553 3615 1668 3683 ipse

173 3675 320 3734 Pascha
346 3675 603 3737 cide-brari
640 3675 746 3736 non
782 3685 916 3749 vult,
949 3695 1007 3737 ut
1033 3675 1195 3752 sup-ta
1227 3685 1558 3738 monuimus.

706 3795 932 3851 CAPUT
972 3795 1061 3852 lli.

171 3878 339 3959 Termini
359 3890 630 3956 paschales
657 3900 706 3942 el
741 3890 937 3959 aliquot
960 3891 1236 3959 paradoxa
1265 3891 1521 3944 Anatolii.
1557 3892 1662 3946 Pa-

212 3955 369 4025 radoxa
399 3961 448 4012 in
472 3963 620 4021 sole;
645 3962 698 4012 in
727 3955 916 4014 litteris
954 3955 1371 4014 Dominicalibus
1387 3978 1406 4025 ,'
1432 3965 1485 4014 in
1512 3962 1660 4016 luna.

213 4022 488 4099 frincipiunt
513 4031 652 4099 cycli
683 4031 826 4084 illius
855 4033 1114 4084 diversum
1128 4047 1146 4094 ;
1171 4035 1293 4084 item
1315 4022 1484 4084 saltus
1501 4039 1658 4087 lunaz.

211 4093 409 4151 Diversus
436 4093 720 4153 auréorum
741 4117 1074 4153 numerorum
1100 4093 1232 4154 situs
1251 4117 1270 4164 ;
1292 4103 1496 4155 diversa
1519 4104 1660 4157 luna:

215 4176 327 4221 mas.
357 4170 486 4233 Quid
535 4172 623 4222 hic
657 4169 799 4223 Beda
844 4173 1049 4239 opinari
1085 4173 1340 4224 videatur.
1386 4172 1660 4226 Diversum

214 4248 330 4310 caput
349 4253 391 4291 et
416 4243 536 4307 ﬁnis
573 4242 763 4293 mensis
789 4242 947 4310 primi
989 4257 1079 4294 seu
1105 4243 1386 4310 paschalis.
1425 4243 1660 4296 Anatolii

217 4304 442 4361 ﬂaminica
470 4311 738 4376 paschalis
762 4304 799 4362 α’
817 4327 902 4364 χνι
935 4311 1062 4364 luna
1083 4304 1151 4363 ad
1171 4328 1260 4365 xx.
1287 4311 1503 4364 Putavit
1524 4317 1661 4366 Ana-

214 4377 332 4451 tolius
363 4384 506 4433 annis
541 4397 632 4433 xix
666 4394 720 4432 ut
760 4385 962 4442 lunam,
995 4383 1069 4433 ita
1097 4391 1146 4434 ct
1190 4383 1520 4435 Dominicnm
1570 4400 1661 4451 pa-

215 4447 392 4520 scha/em
423 4455 472 4503 in
496 4467 552 4505 se
581 4452 788 4503 revolvi.
816 4451 1005 4520 Cyclas
1032 4453 1266 4504 Anatolii
1287 4468 1405 4503 cum
1434 4447 1662 4506 Alexan-
1693 4454 1736 4508 D

215 4514 437 4571 drinorum
485 4514 898 4590 Latinorumque
945 4522 1104 4590 cyclts
1149 4524 1382 4574 aureisue
1427 4525 1657 4578 numeris

217 4591 496 4665 conmortuus.
535 4590 682 4660 (Συειὲ
710 4592 1018 4645 Anatoliani
1048 4593 1100 4645 in
1131 4590 1458 4645 Kalendario
1484 4594 1660 4663 dispa-

216 4667 324 4711 uno.

219 4724 449 4803 Acateris
482 4733 844 4801 compotistis,
870 4742 978 4786 tam
1003 4732 1210 4786 Latinis
1233 4747 1395 4800 quam
1420 4731 1657 4803 Alexan-

174 4790 308 4862 drinis,
331 4800 374 4852 in
402 4804 510 4856 sole
537 4813 587 4856 et
609 4790 749 4856 'luua
784 4790 1009 4856 inultum
1041 4804 1217 4857 differt
1247 4790 1544 4858 Anatolius.

218 4862 259 4942 ln_
276 4870 374 4942 sole
398 4874 607 4940 quidem
645 4891 658 4926 :
694 4881 745 4942 t°
762 4874 885 4940 quia
917 4875 1303 4942 aequinoctium
1332 4873 1508 4942 civile,
1547 4889 1653 4929 nou

175 4942 213 4983 ut
243 4935 544 5013 Alexandrini
590 4953 644 4996 et
690 4935 904 5013 Nic-aena
949 4935 1211 5013 simodus,
1247 4944 1298 4996 iu
1331 4941 1507 4996 Martii
1539 4960 1652 5008 xxt,

174 5013 306 5081 anno}
327 5007 484 5065 Latini
515 5014 674 5081 prisci
705 5029 828 5066 cum
859 5007 1077 5074 iud-mis,
1101 5015 1151 5065 in
1179 5029 1328 5077 xvui,
1353 5013 1444 5066 sed
1472 5013 1525 5066 in
1551 5007 1654 5067 xxv

175 5086 255 5152 futn
275 5076 458 5152 Caesare
489 5076 750 5142 decernit,
789 5095 845 5136 ut
869 5084 980 5152 jam
1012 5085 1262 5137 vidimus.
1308 5082 1414 5136 Nec
1442 5092 1566 5136 ante
1591 5085 1654 5138 il-

178 5139 355 5223 ludnec
393 5151 604 5223 iuAillo,
650 5139 747 5207 sed
793 5139 891 5206 nec
936 5155 1194 5223 postridie
1238 5155 1454 5221 quidem
1509 5154 1653 5208 illius

177 5207 603 5291 liscliacelebrari
649 5223 765 5276 vult
799 5241 811 5275 :
842 5207 989 5276 lania
1036 5207 1186 5277 inest
1225 5207 1298 5276 illi
1340 5207 1650 5291 aequinoctii

174 5289 284 5360 utan}
304 5290 455 5360 civilis
475 5303 619 5347 certo
655 5294 994 5348 transiliendi
1029 5294 1360 5347 sollicitudo.
1401 5289 1650 5358 Ouundiu

179 5353 241 5413 (³η
263 5353 286 5426 ᾗ
305 5358 348 5432 β)
377 5364 636 5432 ωᾳιωίὶιαε
671 5365 809 5416 inter
841 5365 1006 5417 lucem
1034 5374 1084 5417 et
1110 5363 1348 5418 tenebras
1374 5353 1646 5430 par-durat,

179 5427 394 5498 malure
415 5427 686 5498 diminuta,
720 5433 929 5489 Pascha
972 5450 1077 5487 non
1115 5450 1224 5487 esse
1267 5427 1647 5488 immolandum

181 5497 407 5576 funditur.
434 5503 635 5556 Idcirco
675 5497 804 5576 ergo
847 5513 962 5574 post
1013 5505 1385 5576 (equinoctium
1438 5503 1648 5558 Pascha

183 5567 370 5645 ξιξυισιατί
395 5576 708 5643 pracipilur,
740 5567 883 5644 'qui'a
937 5591 1025 5629 ιιν
1070 5567 1210 5628 ἰιιηα
1262 5587 1384 5628 ante
1412 5582 1646 5645 (equino-

185 5639 306 5715 ξξιιηι,
335 5639 459 5715 etin
498 5639 803 5715 wéuiccti'o
841 5654 1006 5699 totam
1048 5657 1249 5698 noctem
1292 5662 1392 5698 non
1434 5639 1634 5714 implet.

191 5694 268 5756 Ροιι
288 5694 1162 5784 manus;naniam,ita;
1171 5694 1264 5769 ιιι,
1289 5694 1640 5786 aii-mina;

1699 3099 1740 3156 C

1075 273 1140 327 IN
1178 273 1234 329 S.
1275 273 1596 329 ANATOLII
1632 269 1957 329 CANONEM
1993 271 2424 327 PASCHALEM.

3236 314 3238 317 -
3255 275 3362 334 226

1779 392 1855 460 ta)
1881 391 2021 463 quod
2050 399 2130 463 est
2168 391 2472 460 cequinoctii
2491 401 2892 463 transgressus;
2933 391 3054 463 licet
3086 391 3154 444 ad
3186 408 3363 448 rerum

1785 461 1980 526 lumen,
2011 462 2067 514 id
2089 471 2168 515 est
2191 471 2365 514 ortum
2397 462 2546 524 solis,
2573 471 2623 513 et
2647 461 2751 513 diei
2773 462 3093 530 principium
3122 478 3223 514 non
3244 479 3364 531 per-

1786 534 2032 597 tenderit,
2065 543 2240 585 tamen
2271 542 2384 599 post
2421 548 2476 584 se
2510 533 2747 584 tenebras
2777 547 2879 602 non
2913 530 3250 602 derelinquil.
3286 532 3361 588 Ita

1784 601 1902 666 ille;
1936 603 2136 672 quibus
2185 603 2423 656 citimam
2476 616 2630 655 suam
2681 601 2990 672 paschalem
3021 600 3360 658 Dominieam

1785 670 2002 742 nonnisi
2047 673 2287 725 secundo
2333 673 2402 724 ab
2430 670 2757 742 aequinoctio
2789 672 3084 726 commisso
3109 672 3216 738 die,
3264 688 3363 730 seu

1783 740 1961 795 Martii
1997 758 2162 803 xxvu,
2195 742 2497 796 constituit.

1853 811 1909 864 2°
1972 811 2203 865 Litteras
2254 809 2618 866 Dominicales
2663 821 2713 865 et
2761 811 2998 866 bissexta
3049 812 3208 880 longe
3255 813 3363 870 alia

1784 882 1996 935 ratione
2028 883 2322 949 dispensat.
2355 880 2488 935 Nam
2539 897 2568 935 e
2619 883 2992 935 novemdecim
3050 885 3209 938 annis
3244 884 3359 938 bis-

1783 955 2005 1006 sextilcs
2033 952 2295 1005 duntaxat
2321 953 2460 1005 duos
2489 952 2663 1021 ponit,
2696 967 2770 1003 vn
2811 951 3018 1006 scilicet
3049 962 3103 1007 et
3130 967 3264 1019 xvu,
3303 963 3364 1008 ut

1783 1023 1837 1074 iu
1871 1022 2053 1076 tabula
2085 1022 2203 1089 ejus
2237 1022 2477 1089 paschali
2510 1021 2692 1075 videre
2731 1029 2832 1075 est.
2866 1022 3029 1090 Atqui
3066 1037 3160 1076 xtx
3203 1027 3363 1080 annis

1782 1103 2038 1158 quatuor,
2061 1101 2118 1143 ut
2149 1091 2453 1156 minimum,
2472 1091 2702 1145 subinde
2728 1092 2970 1160 quinque
2998 1095 3358 1149 conveniunt.

1782 1159 2029 1231 Cumque
2075 1163 2416 1230 septuaginta
2468 1177 2565 1216 sex
2612 1159 2770 1215 annis
2806 1161 3112 1216 bissextiles
3139 1165 3363 1220 cumino

1785 1248 1877 1286 XIX
1907 1233 2262 1300 imputeutur,
2289 1248 2351 1285 ex
2380 1233 2500 1300 ejus
2533 1232 2778 1284 doctrina
2810 1232 3028 1286 nonnisi
3062 1241 3186 1287 octo
3211 1249 3363 1288 eom-

1783 1299 2046 1370 peterent.
2082 1299 2157 1355 lta
2188 1318 2389 1354 annum
2416 1299 2670 1356 'solarem
2719 1302 2787 1355 ab
2821 1301 3038 1355 Juliano
3082 1304 3359 1360 diversum

1784 1381 2042 1441 tantoque
2064 1371 2366 1425 breviorem
2403 1372 2530 1426 facit
2559 1413 2570 1424 .
2601 1387 2664 1425 ac
2689 1373 2915 1440 proinde
2937 1373 3220 1440 paschales
3251 1373 3360 1428 Do-

1782 1443 2012 1496 minicas
2060 1442 2201 1495 veris
2250 1441 2548 1502 dilformes,
2585 1457 2814 1510 qumque
2845 1444 3044 1510 saepius
3089 1443 3140 1496 in
3193 1444 3359 1501 ferias

1782 1511 2056 1580 simplices
2105 1511 2414 1583 incurrunt,
2465 1512 2929 1583 instituit._(1erte
2973 1514 3189 1568 nonnisi
3223 1531 3361 1583 qua-

1782 1590 1908 1635 tuor
1953 1581 2227 1650 prioribus
2272 1581 2820 1636 euneadecaeteridos
2872 1597 2985 1635 suae
3018 1586 3198 1646 annis,
3227 1581 3355 1640 item

1781 1652 2017 1720 septimo
2046 1661 2100 1703 et
2131 1660 2322 1705 octavo
2351 1667 2474 1706 cum
2500 1652 2728 1705 veritate
2753 1653 3046 1718 consentit,
3087 1653 3193 1708 nisi
3219 1655 3359 1710 forte

1782 1737 1912 1776 casu
1946 1721 2186 1790 juvetur.

1851 1791 1904 1844 ln
1951 1788 2081 1844 luna
2133 1803 2262 1861 vero
2303 1788 2475 1861 magis
2523 1789 2923 1861 etiamdilfert
2955 1805 2967 1841 :
3005 1790 3056 1843 l°
3088 1789 3224 1856 Quia
3261 1794 3358 1861 qui

1776 1859 2320 1914 euneadecacteridos
2367 1860 2575 1928 primus
2623 1859 2725 1928 ipsi
2763 1871 2844 1914 est
2887 1876 3086 1920 annus,
3121 1859 3356 1918 Alexau-
3389 1863 3391 1870 ⁵

1777 1931 1949 1985 όιίιιίε
1975 1941 2059 1984 est
2088 1932 2430 1992 undecimus,
2466 1929 2675 1984 Latinis
2702 1940 2754 1983 et
2784 1929 3025 1984 Victorio
3054 1943 3238 1986 nostro
3265 1949 3357 1988 se-

1775 2001 2008 2055 cundus.
2035 2000 2118 2053 Ab
2159 2014 2302 2053 anno
2346 2000 2612 2069 siquidem
2641 2000 2881 2070 vulgaris
2906 2001 3107 2054 Christi
3135 2005 3357 2071 epoelne

1775 2072 1880 2124 276
1914 2071 2123 2141 cyclum
2156 2086 2315 2124 suum
2351 2071 2585 2130 orditur,
2619 2079 2744 2141 octo
2773 2082 2898 2124 ante
2925 2071 3354 2129 Alexandrinum

1777 2140 1958 2206 annis,
1994 2153 2053 2194 ut
2080 2141 2358 2209 deinceps,
2385 2155 2451 2194 ac
2483 2140 2785 2210 praesertim
2822 2142 3000 2209 capite
3042 2141 3076 2195 4
3123 2143 3354 2198 demon-

1775 2221 2037 2267 stramus.

1844 2281 1901 2334 2°
1938 2280 2126 2335 Diﬂ‘crt
2167 2279 2221 2334 in
2257 2279 2395 2335 saltu
2449 2279 2611 2334 lunae.
2644 2278 2801 2337 Hunc
2826 2282 2970 2335 enim
2999 2282 3355 2338 Alexandrini

1774 2367 1918 2406 anno
1949 2351 2084 2422 cycli
2121 2351 2206 2404 sui
2235 2349 2748 2422 decemnovenualis
2777 2368 2890 2407 xix.
2921 2354 3013 2421 qui
3042 2361 3125 2406 est
3150 2351 3355 2407 Roma-

1774 2421 2391 2475 norumhodiernorum
2423 2421 2652 2489 primus,
2691 2423 3063 2485 constituunt;
3092 2422 3268 2476 Latini
3301 2432 3358 2478 et

1773 2490 2050 2546 Victorius
2081 2506 2170 2544 xw
2204 2505 2326 2553 suo,
2355 2490 2472 2558 ipse
2505 2507 2604 2561 xiv
2631 2493 2756 2546 item
2792 2508 2891 2545 suo
2940 2502 2997 2546 ut
3026 2508 3092 2546 ex
3126 2494 3245 2561 ejus
3273 2502 3354 2547 ta-

1774 2562 1899 2616 bula
1931 2570 2110 2630 patet;
2140 2575 2262 2629 quae
2296 2575 2360 2614 eo
2391 2575 2535 2614 anno
2563 2560 2630 2614 ab
2663 2578 2756 2615 vm
2794 2561 2845 2614 in
2879 2579 2946 2616 xx
2978 2560 3174 2630 saltum
3201 2562 3349 2617 facit.

1773 2631 1848 2686 De
1877 2629 1989 2701 quo
2022 2633 2183 2686 etiam
2217 2630 2452 2702 Cyrillus
2483 2631 2686 2700 aliquid
2717 2630 2744 2702 §
2773 2632 2806 2684 ιι
2837 2641 2892 2686 et
2937 2633 2966 2682 7
2995 2633 3080 2686 sui
3112 2629 3350 2702 Prologi,

1772 2700 1991 2756 tametsi
2037 2716 2332 2770 suppresso
2379 2700 2613 2770 Anatolii
2667 2700 2909 2766 nomine,
2942 2702 3215 2767 insinuat;
3253 2700 3352 2756 eit-

1771 2774 2014 2842 pressius
2045 2769 2224 2842 autem
2254 2770 2402 2842 Beda
2415 2769 2489 2824 De
2518 2772 2720 2825 ratione
2748 2782 3064 2842 temporum,
3099 2788 3218 2840 cap.
3239 2774 3306 2825 i0
3332 2791 3346 2827 :

1775 2840 2030 2911 Denique,
2057 2842 2154 2906 ait,
2185 2840 2491 2906 Anatolius,
2528 2842 2617 2911 qui
2649 2841 2913 2895 verissime
2951 2842 3004 2894 in
3038 2845 3350 2911 a'quinoctio

1769 2929 1925 2966 uerno
1955 2913 2168 2966 initium
2205 2912 2460 2964 mensium
2490 2920 2538 2965 et
2569 2921 2727 2981 caput
2757 2912 2944 2964 circuli
2977 2913 3137 2981 totius
3168 2917 3350 2967 termi-

1772 2999 1995 3052 numque
2022 2982 2275 3046 decernit,
2311 2998 2427 3052 non
2437 2983 2545 3049 ipse
2569 2980 2702 3036 hanc
2733 2983 2788 3034 in
2817 2984 3008 3051 capite,
3037 2991 3093 3034 ut
3117 2980 3346 3036 Romani

1773 3050 1998 3115 sciliéet,
2022 3052 2100 3106 vel
2126 3052 2248 3121 ﬁne,
2283 3062 2340 3104 ut
2363 3050 2626 3122 Egyptii,
2655 3053 2738 3116 sui
2768 3050 2954 3105 circuli
2981 3054 3348 3107 decemnovcn-

1779 3125 1938 3188 nalis,
1962 3122 2049 3176 sed
2081 3124 2131 3175 in
2161 3138 2247 3193 xlv
2276 3122 2390 3190 ejus
2414 3138 2574 3187 anno,
2603 3125 2693 3191 qui
2721 3133 2797 3176 est
2822 3124 3040 3176 ultimus
3069 3124 3347 3193 ogdoadis,

1777 3195 2120 3246 mulationem
2153 3192 2292 3245 luna:
2316 3193 2490 3260 posuit
2517 3207 2536 3244 :
2564 3193 2762 3260 faciens
2798 3193 2948 3244 illam
2977 3192 3252 3247 ascrendere
3284 3196 3349 3247 a'e

1775 3278 1871 3316 vttt
1905 3264 1959 3316 in
1997 3280 2084 3316 xx.
2117 3262 2242 3316 ilazc
2275 3266 2381 3315 ille.
2420 3261 2556 3316 Hinc
2583 3264 2659 3326 lit,
2692 3274 2749 3316 ιιι
2777 3263 2926 3316 aurei
2958 3264 3168 3317 numeri
3202 3267 3350 3318 Aua-

1777 3334 1967 3386 toliaui
2001 3349 2032 3387 a
2065 3349 2150 3386 xvr
2185 3333 2251 3385 ad
2291 3349 2380 3385 xix
2427 3348 2646 3387 sursum
2682 3349 2790 3386 uno
2821 3334 2906 3386 die
2936 3333 2987 3386 iu
3017 3331 3350 3390 Kalendario

1773 3401 1988 3472 Julianu
2016 3412 2460 3472 promoveantur.

1844 3474 1899 3526 5"
1941 3471 2173 3528 Dissidet
2207 3473 2260 3526 in
2298 3473 2415 3541 ipso
2467 3488 2757 3526 aureorum
2808 3487 3162 3526 numerorum
3214 3474 3344 3538 situ,

1775 3553 1848 3606 et,
1869 3545 2014 3612 quod
2041 3543 2164 3596 inde
2191 3544 2454 3612 sequitur,
2475 3543 2526 3595 in
2558 3553 2714 3596 artato
2740 3544 2880 3596 lunre
2914 3545 3344 3598 dctertniuamla.

1779 3611 1914 3667 Nam
1943 3629 2066 3668 cum
2102 3628 2206 3666 xxx
2239 3611 2412 3665 Martii
2448 3614 2534 3666 die
2566 3615 2775 3682 cyclum
2808 3630 2966 3666 suum
2997 3615 3230 3681 primum
3265 3617 3346 3669 bis

1772 3698 2028 3752 expresse
2055 3683 2349 3751 componit,
2373 3687 2748 3754 semelitcxtus
2779 3684 2861 3738 sui
2893 3682 2922 3754 §
2952 3684 3042 3749 ll,
3069 3701 3261 3738 rursus
3291 3686 3344 3738 in

1772 3754 1968 3808 tabula:
1995 3768 2107 3824 sua:
2129 3769 2272 3806 anno
2308 3754 2498 3824 primo.
2538 3753 2642 3817 Qui
2683 3769 2805 3807 cum
2841 3753 3163 3822 respondeat
3191 3756 3344 3824 cyclo

1769 3823 2256 3877 Alexandrinorum
2292 3837 2368 3884 x1,
2399 3821 2716 3876 Latinorum
2768 3821 3028 3889 secundo,
3061 3821 3344 3877 illum'tri-

1770 3896 1896 3955 duo,
1925 3893 2089 3946 biduo
2122 3892 2267 3946 hunc
2298 3902 2581 3960 prtrvertat
2629 3907 2910 3947 necessum
2957 3903 3060 3948 est.
3103 3892 3246 3948 Idem
3277 3896 3345 3948 de

1769 3965 1978 4018 caeteris
2013 3963 2170 4016 annis
2211 3963 2472 4029 judicium
2519 3972 2635 4026 est;
2682 3978 2917 4032 quorum
2953 3964 3090 4018 situs
3129 3974 3183 4018 et
3208 3973 3340 4018 antas

1769 4043 1878 4087 tam
1908 4049 1972 4087 ex
2006 4035 2412 4100 comparatione
2460 4048 2582 4086 cum
2638 4035 2812 4102 pri-mo
2835 4033 2946 4101 jam
2976 4034 3142 4096 dicto,
3174 4049 3338 4102 quam

1766 4117 1832 4158 ex
1879 4103 2075 4157 tabula:
2108 4099 2380 4171 paschalis
2425 4099 2659 4156 Anatolii
2693 4099 2853 4156 versu
2903 4099 3340 4172 perpendic‘ulari

1765 4186 1960 4242 quarto
1991 4183 2045 4227 et
2075 4175 2266 4227 ultimo
2297 4173 2516 4242 perinde
2544 4174 2853 4242 colligitur;
2891 4174 3030 4228 saltu
3067 4183 3241 4227 tamen
3270 4174 3339 4228 ad

1764 4245 2092 4312 posteriores
2117 4259 2211 4296 sex
2240 4243 2466 4296 canonis
2502 4258 2674 4297 annos
2701 4243 2976 4312 adjuncto.
3012 4243 3131 4308 Quo
3171 4245 3250 4305 lit,
3279 4255 3340 4298 ut

1763 4315 2000 4367 Anatolii
2027 4314 2167 4367 luna:
2184 4314 2580 4367 Alexandrinas
2602 4315 2919 4382 plerumque
2947 4315 3108 4367 biduo
3132 4315 3337 4368 triduo-

1764 4399 1848 4448 ve,
1878 4383 2097 4437 Latinas
2126 4398 2235 4437 uno
2265 4383 2455 4436 saltem
2483 4384 2590 4447 die,
2616 4399 3003 4452 nonnunquam
3036 4384 3220 4446 biduo,
3249 4400 3337 4437 ra-

1766 4454 1980 4508 rissime
2009 4454 2184 4507 triduo
2215 4462 2563 4521 prmcurrant.
2585 4452 2733 4520 Cycli
2749 4453 2964 4522 quidem
2982 4453 3218 4507 Anatolii
3237 4469 3335 4517 xu,

1765 4539 1854 4577 xnv
1877 4533 1929 4577 et
1958 4539 2046 4586 xv,
2083 4532 2190 4576 tam
2218 4523 2453 4586 tertium,
2484 4523 2755 4591 quintum,
2784 4533 2835 4577 et
2867 4534 3078 4578 sextum
3106 4525 3338 4578 Alexan-

1763 4593 2066 4654 drinorum,
2099 4607 2263 4662 quam
2305 4591 2623 4645 Latinorum
2672 4609 2790 4656 xm,
2829 4609 2892 4645 xv
2921 4603 2974 4647 et
3004 4609 3111 4658 xvr,
3149 4597 3332 4648 triduo

1763 4664 2082 4733 anticipant.
2121 4665 2189 4716 At
2224 4679 2275 4716 ix
2308 4673 2361 4733 et
2392 4677 2499 4714 xvu
2528 4663 2786 4728 Anatolii,
2820 4663 3214 4718 Alexandrinos
3239 4679 3332 4718 xix

1761 4742 1816 4787 et
1843 4731 2275 4802 vuiquatriduo,
2308 4731 2530 4785 Latinos
2580 4748 2611 4785 x
2655 4743 2708 4786 et
2756 4748 2886 4786 ιιι-ιιι
2927 4736 3142 4787 nonnisi
3166 4735 3335 4787 biduo

1760 4812 2109 4871 praevertunt,
2141 4813 2198 4857 ιιι
2241 4813 2426 4872 nostra
2461 4807 2526 4855 ad
2556 4804 2749 4871 capitis
2785 4803 3007 4872 hujusce
3054 4803 3213 4856 finem
3258 4811 3336 4856 ta-

1761 4873 1886 4926 bula
1909 4874 2264 4927 demonstrat.
2296 4871 2507 4940 Magua,
2535 4872 2724 4937 fateor,
2756 4871 3077 4941 disparitas;
3110 4883 3160 4926 et
3189 4873 3328 4926 ditii-

1761 4943 1964 4996 cilioris
1998 4941 2065 4995 de
2114 4952 2265 4996 tanto
2312 4943 2430 4996 viro
2461 4944 2601 4997 lidei.
2635 4942 2737 4996 Sed
2767 4943 2907 4997 luua‘
2939 4953 3069 4997 aetas
3101 4945 3329 5010 singulis

1760 5015 1956 5066 tabulae
2004 5011 2340 5066 Anatoliana:
2366 5015 2525 5067 annis
2558 5014 2940 5083 bisexprcssa,
2977 5015 3134 5066 fidem
3168 5016 3326 5066 istam

1758 5083 1843 5137 vel
1873 5085 1941 5136 ab
1965 5083 2146 5136 invitis
2178 5094 2484 5151 extorqueu

1832 5153 1974 5208 Beda
2008 5153 2222 5222 quidem
2273 5153 2348 5205 Dc
2382 5154 2583 5206 ratione
2609 5163 2919 5220 temporum,
2958 5166 3007 5205 c.
3036 5151 3090 5217 4,
3122 5166 3342 5206 anuum'

1757 5225 1891 5294 cycli
1918 5223 2230 5276 Anatoliaui
2261 5239 2350 5276 xrv
2383 5238 2504 5276 cum
2535 5224 2725 5276 ultimo
2755 5222 3032 5294 ogdoa‘dis.
3063 5224 3112 5274 id
3140 5229 3325 5294 est._ut

1757 5291 1900 5358 reor,
1933 5305 2123 5348 octavo
2167 5294 2678 5354 Alexandrinorum,
2710 5301 2766 5344 ut
2801 5291 2972 5359 paulo
3007 5305 3132 5345 ante
3165 5292 3326 5344 audi-

1755 5365 1957 5425 vimus,
2007 5380 2071 5418 ac
2111 5365 2335 5432 proinde
2372 5363 2606 5432 primum
2638 5363 2771 5432 cycli
2801 5363 2943 5415 illius
2975 5365 3323 5432 cumborum

1756 5450 1844 5488 Xiv
1872 5431 2149 5502 compOnit
2170 5453 2182 5486 :
2202 5431 2460 5503 atque’ita
2489 5433 2645 5485 lunas
2675 5431 2911 5503 Anatolii
2938 5447 3062 5485 cum
3082 5431 3324 5503 Alexan-

1754 5505 1927 5559 drinis
1973 5501 2026 5557 et
2080 5501 2289 5558 Latinis
2336 5518 2472 5572 pene
2521 5517 2730 5555 cozevas
2773 5502 3028 5572 instituit.
3074 5501 3178 5556 Sed
3227 5519 3324 5555 cur

1754 5575 1936 5628 minus
1976 5574 2052 5627 illi
2080 5576 2317 5639 credam,
2338 5571 2415 5626 fut
2445 5572 2678 5626 maxime
2712 5571 2924 5636 vellem,
2958 5573 3057 5626 tria
3084 5573 3322 5628 obstant.

1754 5644 1808 5697 1ο
1836 5643 2042 5698 Saltum
2072 5660 2212 5698 tuna:
2240 5643 2380 5697 Beda
2422 5643 2535 5710 ipse
2563 5657 2684 5696 cum
2711 5641 2930 5712 Cyrillo,
2965 5653 3019 5696 ttt
3045 5643 3157 5712 jam
3188 5643 3321 5707 dixi,

1753 5717 1807 5771 in
1849 5730 1937 5770 xiv
1980 5715 2114 5785 cycli
2143 5714 2376 5768 Anatolii
2420 5727 2562 5766 anno
2588 5727 2842 5782 expresse
2875 5715 3081 5768 statuit.
3115 5715 3169 5768 td
3197 5730 3318 5768 cum
