3918 6194
475 268 582 326 2‘27

1511 267 1742 324 EGlDll
1777 263 2102 326 BUCHER“
2140 260 2700 325 COMMENTARIUS

3633 271 3752 325 228

475 397 650 450 altero
675 400 820 451 stare
848 388 1063 456 nequit;
1098 387 1176 441 sic
1207 386 1351 441 enim
1386 387 1526 441 lunae
1545 387 1726 440 saltus
1753 387 1818 440 ad
1854 401 2056 439 annum
2088 385 2134 440 A
2163 387 2377 441 riuntur
2411 406 2422 440 :
2449 386 2748 441 dummodo
2781 401 2878 441 nec
2904 383 3042 439 infra
3075 400 3164 439 xlv
3190 398 3288 438 nec
3311 398 3474 452 supra
3501 401 3566 439 xx
3599 387 3756 442 luna:

474 465 675 523 tabulae
708 459 1044 514 Anatolianae.
1075 475 1164 511 xw
1191 458 1294 512 rite
1329 461 1560 526 positus,
1587 458 1639 510 in
1668 457 1912 525 ejusdem
1942 471 2052 510 xvn

477 537 604 607 (qui
634 549 757 588 cum
791 529 1159 607 Alexandrino
1187 544 1284 607 viil
1321 528 1555 607 primum
1587 527 2056 607 concurriticon-

475 596 558 666 tra
605 602 1033 673 suppositionem
1086 596 1492 673 transferendus
1546 596 2056 673 esset._2°_0b_stat

477 691 608 733 aetas
641 669 806 732 lunae,
855 682 962 725 tam
999 679 1212 724 exserte
1253 669 1349 722 abs
1378 669 1662 731 Anatolio,
1698 669 1813 723 sive
1845 669 1898 721 in
1937 669 2055 737 ipso

476 745 789 818 aequinoctii
810 740 1120 818 die,_Ma‘rti_i
1145 756 1268 818 xxv,
1297 739 1410 793 sive
1441 740 1492 818 in
1521 738 1802 818 Paschatis
1833 738 1924 818 die
1950 752 2054 790 no-

477 807 619 879 taia;
677 829 797 886 qua:
845 814 972 866 huic
1003 811 1161 886 Beda:
1188 810 1510 886 dicio‘iluua
1545 811 1755 886 ratione
1782 807 2056 886 quadrare

477 879 770 963 potest,_'i_tt
795 899 889 963 per
909 898 968 963 se
994 883 1189 963 liquet.
1228 883 1282 963 5°
1314 879 1545 963 Obstant
1580 881 1770 961 littera:
1806 879 2052 933 Domini-

476 949 642 1021 cales,
669 949 763 1010 bis
794 949 919 1008 item
958 954 1042 1006 hic
1072 953 1318 1021 signatae.
1353 949 1486 1005 Nam
1517 951 1767 1020 quamvis
1795 965 1888 1004 eas
1919 965 2056 1003 non-

477 1032 582 1088 nisi
630 1028 825 1083 tabulae
869 1023 1142 1094 prioribus
1191 1023 1382 1082 annis,
1414 1023 1540 1075 item
1586 1038 1656 1075 vn
1688 1029 1742 1074 et
1771 1037 1864 1074 Vlll
1896 1035 2054 1094 veras

479 1113 796 1172 agnoscam,
827 1091 950 1172 ai'iis
992 1109 1206 1161 semper
1237 1107 1533 1172 euri-aneaS'2
1569 1108 1662 1147 eas
1695 1102 1874 1172 iamen
1903 1091 2054 1158 ejus-

479 1163 624 1226 modi
653 1167 970 1239 planissime
1001 1163 1604 1239 manuscriptuscodex
1628 1163 1876 1239 exhibet_:
1897 1177 2054 1239 pror-

478 1260 575 1300 sus
610 1230 671 1295 ut
713 1240 796 1291 vel
843 1238 987 1290 hunc
1031 1235 1115 1287 vel
1158 1230 1351 1289 Bellum
1404 1233 1513 1287 falli
1558 1248 1780 1288 necesse
1814 1230 1912 1286 sit.
1944 1230 2054 1301 Ego

477 1313 650 1370 codici
693 1309 868 1378 magis
899 1307 1192 1378 assentior,
1221 1315 1290 1378 et
1305 1320 1399 1373 per
1428 1320 1488 1378 se
1513 1305 1624 1378 fido
1650 1303 2054 1378 constantique,

478 1394 533 1438 et
564 1373 836 1450 expressis
873 1376 1108 1450 Anatolii
1147 1375 1326 1430 verbis
1351 1373 1734 1450 iconl‘ormiori.
1767 1373 1865 1450 liic
1908 1374 2054 1450 enim

483 1455 512 1527 ς
535 1456 568 1508 6
593 1443 718 1514 line,
743 1460 797 1504 et
818 1447 1206 1527 :equinoclium
1233 1455 1290 1526 et
1305 1446 1672 1527 plenilunium
1706 1445 1758 1497 in
1789 1443 2057 1527 Paschate

479 1515 640 1595 plane
676 1515 1094 1595 transmittenda
1132 1515 1338 1595 sciscit,
1370 1525 1430 1595 ut
1459 1515 2054 1595 omqemuieneb‘rarnm

479 1584 800 1665 potestatem
839 1592 931 1665 lux
979 1596 1219 1655 superet.
1253 1586 1407 1665 Quod
1459 1603 1515 1665 et
1559 1586 1794 1656 Cyrillus
1840 1584 2054 1665 Prologi

477 1657 564 1721 sui
591 1665 619 1736 §
651 1666 684 1718 4
711 1663 924 1736 innuit;
974 1675 1099 1714 cum
1131 1667 1238 1712 tam
1272 1660 1345 1736 de
1362 1657 1679 1711 Latinorum
1720 1671 1883 1736 quam
1911 1657 2058 1708 Ana-

2163 457 2306 512 diem
2361 458 2717 528 contingant;
2769 456 2934 526 idque
2983 457 3097 510 sive
3147 456 3412 510 terminus
3444 458 3755 525 paschalis,

2161 528 2256 597 qui
2282 537 2364 582 est
2396 545 2485 582 xiv
2517 529 2668 591 luna,
2694 528 3079 596 :equinoctium
3110 535 3428 597 praecurrat.
3461 528 3573 580 sive
3612 531 3756 582 διιιι-

2163 595 2445 666 sequatur,
2472 599 2587 654 sive
2622 599 2676 652 in
2724 595 2858 652 illud
2901 598 3166 651 incurrat.
3199 595 3274 648 En
3317 596 3438 666 ejus
3471 600 3662 659 verba,
3699 612 3754 652 et

2163 669 2322 722 unica
2351 669 2640 737 omnisque
2671 669 2897 738 regula:
2937 667 3049 721 Hoc
3091 667 3295 738 Pascha
3330 686 3368 738 (ι
3389 683 3442 722 vr
3473 667 3754 724 Kalendas

2161 739 2363 808 Aprilis
2400 781 2414 796 .
2455 756 2615 809 usque
2661 741 2716 792 in
2742 737 2803 794 ιιι
2833 737 3103 792 Kalendas
3148 737 3302 809 Maii.
3335 737 3477 809 Ergo
3507 739 3758 795 Domini—

2162 825 2281 864 cam
2316 825 2472 863 suam
2506 807 2814 878 paschalem
2856 812 3096 864 citimam
3129 825 3181 862 γι
3214 807 3482 864 Kalendas
3513 809 3752 879 Aprilis,

2164 895 2258 934 seu
2295 879 2473 935 Martii
2509 896 2657 934 xxvtt
2689 897 2946 948 expresse
2973 880 3158 950 alligit,
3191 895 3334 933 anno
3364 881 3498 951 cycli
3536 884 3616 934 sui
3652 899 3754 937 xix

2164 966 2258 1005 seu
2292 953 2507 1013 ultimo,
2537 953 2714 1006 littera
2743 951 3064 1006 Dominicali
3095 965 3193 1004 sua
3226 965 3399 1020 eaque
3428 968 3655 1006 erronea
3686 954 3751 1018 B,

2165 1022 2290 1075 luna
2344 1023 2470 1077 item
2525 1039 2624 1076 sua
2667 1039 2799 1076 xvn.
2836 1021 3280 1076 Remotissimam
3311 1031 3515 1084 autent,
3552 1039 3604 1076 ιιι
3640 1023 3756 1077 Ka-

2164 1093 2353 1147 lendas
2408 1093 2553 1157 Maii,
2583 1109 2678 1148 seu
2732 1093 2936 1162 Aprilis
2988 1109 3144 1155 xxiii,
3187 1092 3363 1146 littera
3423 1091 3754 1149 Dominicali

2163 1179 2390 1235 erronea
2431 1165 2497 1227 A,
2527 1179 2672 1218 anno
2701 1165 2837 1235 cycli
2867 1164 2960 1235 sui
2994 1180 3104 1226 xiv,
3148 1164 3275 1235 luna
3309 1179 3406 1218 sua
3439 1181 3528 1218 xx.
3563 1163 3756 1231 Quare

2167 1232 2584 1289 Dominicalium
2639 1232 2975 1302 paschalium
3029 1234 3301 1288 cancellos
3350 1235 3544 1288 diebus
3571 1252 3754 1292 xxvnt

2164 1305 2432 1359 duntaxat
2476 1305 2772 1368 concludit,
2805 1321 2835 1359 a
2870 1304 3046 1359 Martii
3083 1319 3230 1358 xxvu
3257 1305 3323 1358 ad
3355 1303 3553 1369 Aprilis
3580 1323 3753 1371 xxm,

2164 1384 2329 1448 atque
2384 1375 2520 1448 adeo
2574 1375 2784 1448 Pascha
2836 1377 2889 1448 in
2950 1377 3066 1448 solo
3093 1390 3304 1448 Amense
3361 1374 3760 1448 Egyptiorum

2163 1444 2508 1511 Pharmuth'i,
2556 1448 2637 1501 al
2677 1447 2799 1514 ejus
2839 1447 2948 1511 die,
2993 1447 3057 1499 ad
3086 1445 3177 1512 28,
3211 1444 3572 1514 nunquahiin
3602 1448 3757 1504 Pha-

2167 1518 2387 1570 menoth
2414 1517 2672 1573 admittit.
2706 1517 2821 1572 Nisi
2840 1517 2993 1571 'forte
3017 1518 3141 1586 quis
3163 1526 3418 1584 praeterea
3442 1518 3584 1574 diem
3613 1521 3760 1574 Mars

2165 1587 2224 1640 tii
2259 1603 2405 1653 xxvr,
2437 1589 2530 1656 qui
2564 1598 2647 1643 est
2675 1589 2902 1643 ultimus
2927 1603 3020 1643 seu
3036 1585 3358 1642 tricesimus
3383 1585 3756 1654 Phamenoth,

2165 1673 2325 1730 quem
2377 1659 2688 1727 aequinoctii
2741 1668 3146 1727 transgressum
3200 1659 3269 1712 ab
3312 1673 3377 1712 eo
3425 1661 3602 1714 vocari
3630 1661 3758 1730 jam

480 1725 619 1790 toliiv
646 1735 786 1790 saltu
836 1747 1022 1807 agens,
1062 1731 1512 1807 supputationem
1567 1743 1758 1807 eorum
1811 1725 2058 1807 incon_ve-
2096 1749 2138 1807 Β
2166 1725 2588 1807 dixi_mus,huic
2617 1731 2781 1807 etiam
2809 1725 2973 1807 _limi_t_i
3010 1731 3244 1799 quadam
3295 1731 3505 1807 ratione
3555 1725 3760 1786 accen-

480 1807 718 1863 nientem
766 1796 911 1865 esse,
943 1796 1202 1871 nimisque
1230 1815 1534 1870 properare,
1562 1799 1720 1869 plane
1763 1812 1831 1853 ex
1859 1796 2062 1852 codicis

479 1877 654 1934 nostri
683 1876 950 1929 sententia
985 1873 1286 1940 subjungit.

548 1948 667 2002 Non
729 1961 866 2014 nego
912 1937 1118 2004 tamen,
1155 1937 1302 2014 visos
1349 1939 1654 2014 aliquando
1692 1937 1826 2014 mihi
1869 1953 2065 1994 aureos

479 2019 720 2074 Anatolii
765 2010 1043 2074 numeros,
1078 2014 1130 2066 in
1164 2010 1359 2066 Martio
1404 2021 1458 2065 et
1500 2010 1752 2065 Paschali
1796 2025 2001 2074 mense,
2032 2025 2062 2063 a

479 2090 707 2144 librario
752 2102 862 2140 uno
909 2099 1128 2138 sursum
1167 2085 1255 2137 die
1283 2084 1420 2136 male
1451 2091 1770 2150 protrusos;
1803 2081 1966 2149 idque
1996 2096 2062 2134 ex

483 2160 514 2233 ᾗ
544 2167 807 2214 tractatus
833 2156 954 2225 ejus
989 2156 1044 2207 ll
1076 2155 1212 2233 satis
1247 2153 1427 2222 colligi
1455 2151 1951 2233 posse-videbaiur,
1971 2152 2061 2204 ubi

480 2221 682 2285 aureus
714 2221 977 2281 numerus
1010 2226 1219 2294 primus
1239 2239 1363 2277 cum
1389 2221 1572 2292 primo
1603 2221 1779 2277 Martii
1803 2222 1890 2294 die
1915 2236 2065 2294 comf

481 2301 722 2371 ponitur.
753 2297 981 2371 Ac‘iicet
1012 2293 1085 2349 ex
1119 2296 1261 2348 luna:
1290 2303 1447 2371 aetate
1481 2295 1717 2371 _xxv1_ad
1752 2293 2062 2371 aequinoctii

481 2363 792 2425 Anatoliani
821 2368 964 2422 diem
1000 2376 1204 2425 notata,
1239 2380 1363 2419 cum
1397 2364 1590 2418 ultimo
1626 2363 1928 2426 Februarii,
1953 2378 2064 2416 uno

481 2442 691 2497 scilicet
717 2440 880 2495 citius
905 2438 1013 2502 die,
1043 2439 1296 2505 componi
1333 2436 1601 2499 videatur,
1631 2436 1735 2489 hoc
1758 2443 1939 2505 tamen
1968 2447 2065 2503 po-

483 2514 594 2568 tius
637 2510 957 2566 mcndosum
996 2503 1194 2562 docent
1222 2507 1290 2561 59
1321 2506 1459 2570 dies,
1489 2521 1630 2576 quos
1657 2503 1965 2576 Anatolius,
2005 2513 2064 2557 ut

481 2583 685 2645 caeteri,
735 2597 765 2634 a
806 2582 984 2650 primo
1015 2577 1260 2632 Januarii
1293 2577 1358 2631 ad
1390 2574 1638 2650 ultimum
1674 2574 1961 2650 Februarii
1979 2590 2065 2628 re-

481 2665 569 2710 cte
603 2645 885 2715 numerat;
913 2665 1035 2720 qua:
1059 2650 1204 2719 justa
1237 2657 1320 2703 est
1346 2650 1580 2720 duorum
1612 2648 1755 2702 lunae
1791 2645 2060 2720 mensium

481 2725 780 2795 quantitas.
815 2717 952 2776 Hinc
999 2717 1224 2795 quoque
1250 2719 1463 2795 rectius
1499 2734 1697 2795 aureus
1727 2717 2057 2795 numerus}

481 2787 537 2851 iii
564 2794 739 2850 Martii
775 2787 1102 2864 primum'et
1132 2787 1380 2864 ultimum
1415 2789 1556 2864 diem
1586 2787 1955 2864 devolvendus
1982 2787 2064 2840 vi-

480 2866 740 2931 debatur;
775 2858 836 2919 iit
879 2865 1008 2917 luna
1054 2863 1170 2917 haec
1218 2861 1346 2915 anui
1401 2862 1581 2926 tertia,
1619 2858 1910 2931 trieenaria
1953 2871 2060 2912 non

481 2938 666 2992 minus
689 2929 854 3006 quam
883 2935 1078 3004 prima,
1108 2935 1263 3006 ju_x_ta
1297 2933 1597 3006 naturalem
1621 2929 2058 3006 alternationem,

481 3022 605 3062 esse
639 3001 840 3077 possit;
887 3001 999 3077 non
1053 3001 1121 3057 ad
1155 3003 1345 3077 Martii
1377 3019 1526 3077 _xxx.
1563 3001 2060 3077 seu__penuiti_mutn

2165 1799 2592 1871 sendumiputet.
2619 1800 2709 1871 Sic
2733 1801 2880 1854 enim
2905 1801 3023 1855 dies
3049 1816 3180 1854 xxix
3204 1801 3757 1871 conﬁcientur,quod

2165 1884 2273 1942 non
2329 1869 2602 1942 existimo.
2642 1870 2843 1927 Verum
2914 1881 3022 1925 tam
3091 1871 3269 1942 Latini
3345 1874 3509 1939 prisci
3580 1869 3754 1942 quam

2165 1940 2540 2013 Alexandrini,
2593 1959 2656 1996 ex
2713 1953 2906 1997 natura
2953 1941 3052 2006 rei,
3096 1941 3316 2012 triginta
3369 1940 3645 2013 quinque;
3695 1955 3760 1998 et

2166 2008 2442 2082 Victorius
2473 2014 2690 2082 triginta
2718 2023 2955 2082 quatuor
2978 2008 3240 2082 assignat,
3274 2008 3398 2064 tota
3413 2008 3759 2069 hebdomade

2165 2080 2504 2149 diﬂusiores;
2549 2080 2697 2153 quos
2741 2080 2860 2152 ipse
2908 2080 3131 2152 proinde
3173 2083 3366 2151 rejicit.
3402 2082 3515 2138 lmo
3549 2102 3616 2140 ne
3642 2085 3759 2139 Pa-

2169 2161 2311 2206 trum
2354 2154 2571 2222 quidem
2611 2155 3028 2208 Caasariensium
3067 2154 3312 2216 limitem,
3361 2159 3574 2209 tametsi
3616 2173 3755 2212 xxxt

2165 2224 2378 2277 dierum
2411 2225 2716 2290 duntaxat,
2764 2227 3049 2279 admittere
3082 2225 3216 2287 vult,
3245 2241 3368 2277 cum
3405 2224 3432 2295 ᾗ
3465 2228 3527 2280 l5
3564 2229 3636 2280 ita
3672 2230 3760 2279 lo-

2166 2295 2350 2361 quitur
2380 2315 2393 2348 :
2433 2295 2666 2359 Quidam
2696 2297 2941 2365 Africani
2974 2296 3185 2348 rimarii
3213 2297 3308 2349 has
3335 2296 3387 2348 in
3412 2313 3508 2350 suo
3540 2298 3755 2352 calculo

2166 2366 2396 2418 rationes
2451 2369 2708 2436 probant,
2743 2368 3062 2439 principium
3106 2367 3373 2434 quoddam
3411 2367 3637 2439 Pascha:
3682 2371 3720 2439 fi

2167 2450 2385 2507 nemque
2417 2448 2814 2507 componentes;
2850 2438 2905 2490 id
2933 2447 3032 2502 est,
3072 2452 3163 2488 nec
3205 2449 3327 2490 ante
3371 2454 3423 2491 xt
3469 2437 3754 2495 Kalendas

2165 2504 2396 2579 Apriles,
2433 2504 2542 2562 nec'
2571 2518 2687 2578 post
2735 2525 2828 2562 XXI
2883 2509 3065 2563 lunam
3103 2520 3151 2560 et
3205 2526 3260 2563 ιιι
3308 2507 3581 2564 Kalendas
3615 2511 3759 2565 .llaii

2168 2576 2377 2631 Pascha
2411 2576 2792 2632 immolandum
2821 2596 2952 2634 esse.
2985 2580 3128 2643 Quos
3165 2581 3411 2632 terminos
3451 2597 3553 2633 non
3577 2581 3757 2636 solum

2167 2663 2270 2700 non
2315 2651 2622 2720 sequendos,
2669 2652 2758 2703 sed
2803 2660 2851 2704 et
2900 2649 3235 2703 detestanda:
3292 2667 3354 2703 ac
3401 2655 3752 2708 succidendos

2165 2735 2277 2772 esse
2304 2720 2653 2775 decernimus.
2698 2721 2773 2774 ιω
2805 2723 2938 2790 ipse.

2237 2791 2302 2846 5°
2345 2790 2533 2846 Dillert
2584 2795 2636 2846 in
2693 2794 2834 2846 luna:
2881 2801 3038 2847 aetate
3065 2791 3361 2848 Dominicze
3389 2795 3626 2862 paschali
3659 2814 3755 2852 as-

2166 2861 2452 2933 signanda.
2503 2863 2682 2917 Latini
2735 2862 3073 2918 Dominicam
3113 2862 3336 2918 Pasclne
3367 2867 3606 2920 citimam
3637 2885 3752 2923 non

2166 2943 2294 2988 ante
2326 2933 2510 2988 lunam
2541 2950 2693 2989 suam
2725 2950 2836 3000 xvr,
2866 2934 3217 2988 Alexandrini
3248 2950 3354 2988 non
3386 2947 3511 2989 ante
3538 2954 3628 3002 xv,
3660 2942 3752 2992 in-

2166 3005 2375 3059 dicunt.
2411 3005 2529 3074 Ipse
2558 3007 2722 3060 etiam
2759 3007 2887 3058 luna
2919 3021 3011 3058 xiv
3041 3007 3297 3069 admittit,
3330 3015 3387 3060 ut
3415 3015 3560 3074 patet
3587 3010 3753 3064 anuis

482 3070 876 3154 relinquenda;
906 3076 1032 3154 iicet
1071 3085 1124 3154 et
1154 3074 1208 3127 in
1235 3070 1722 3154 ‘tabulapaschali,
1755 3083 1808 3125 et
1839 3070 1957 3154 §_il
1994 3085 2059 3154 ex
2092 3092 2138 3154 ρ
2168 3076 2313 3154 cycli
2340 3070 2510 3154 ipsi-us
2552 3091 2619 3154 t_|_,_
2647 3093 2676 3127 v
2704 3083 2757 3154 et
2782 3091 2936 3139 xvut,
2971 3078 3036 3154 in.
3072 3093 3194 3154 quo
3230 3093 3354 3154 cuin
3391 3070 3756 3154 Quariadeci-

480 3141 864 3212 parte-sciscat
892 3146 1197 3198 Anatolius.
1223 3141 1527 3198 Accedebat
1551 3153 1830 3212 praeterea,
1850 3141 1950 3195 his
1975 3141 2068 3195 ad-

481 3209 692 3283 inissis,
713 3218 824 3287 jam
859 3218 1016 3270 lunas
1052 3214 1285 3268 Anatolii
1311 3209 1638 3287 Latinorum
1662 3223 1722 3287 et
1741 3211 2066 3267 Alexandri-

483 3303 684 3346 norum
715 3284 884 3342 —lunis
936 3287 1237 3355 coaeviores
1282 3295 1559 3355 utcunque
1612 3284 1747 3355 lieri,
1779 3297 1889 3336 uno
1923 3293 2068 3336 certe

483 3369 669 3416 minus
702 3362 789 3414 die
822 3373 1175 3427 prazcurrere.
1209 3353 1408 3421 Quare,
1441 3353 1500 3408 ut
1546 3355 1620 3408 ita
1659 3353 1919 3427 facerem,
1949 3368 2067 3407 om-

483 3447 618 3488 nmo
647 3425 966 3502 pendebant.
1009 3428 1208 3502 Verum
1257 3427 1464 3502 adverti
1499 3441 1584 3480 me
1619 3434 1733 3502 tum
1756 3425 1840 3502 .in
1890 3427 2068 3493 majus

483 3495 894 3560 incommodum
945 3500 1265 3569 impingere.
1312 3495 1497 3553 Lunas
1549 3495 1834 3566 paschales
1872 3510 1957 3548 xiv
1989 3505 2068 3569 ter

481 3571 771 3628 Anatolius
803 3570 972 3625 ternis
1006 3567 1118 3625 sua:
1145 3569 1341 3623 tabulae
1372 3568 1551 3632 armis,
1581 3583 1640 3631 ll,
1672 3583 1702 3620 ν
1728 3576 1780 3622 et
1809 3581 1944 3619 xvm
1975 3567 2067 3620 de-

485 3645 678 3699 ﬁnivit.
713 3642 768 3698 Si
801 3656 1000 3696 aureos
1029 3642 1149 3709 ejus
1175 3654 1432 3693 numeros
1462 3654 1572 3693 uno
1595 3639 1681 3692 die
1702 3638 2064 3709 devolvimus,

485 3731 562 3771 eae
605 3716 716 3785 jam
777 3728 886 3785 non
943 3708 1173 3785 decimze
1211 3721 1440 3785 quartae,
1476 3711 1576 3785 sed
1626 3709 1851 3785 decimae
1897 3708 2068 3761 tertia:

484 3777 682 3846 eruiit;
717 3783 862 3854 quod
913 3783 1032 3852 ejus
1079 3777 1382 3838 rationibus
1423 3783 1761 3854 adversatur.
1797 3777 1942 3854 idem
1985 3785 2068 3832 est

485 3857 554 3912 de
606 3850 775 3912 ternis
820 3850 1042 3924 quoque
1083 3854 1359 3908 vicesimis
1385 3853 1734 3924 paschalibus
1767 3851 1887 3924 ejus
1923 3850 2066 3924 lunis

481 3929 772 3997 judicium.
792 3919 968 3979 Priori
992 3925 1153 3997 igitur
1171 3919 1452 3997 sententiae
1477 3925 1654 3992 potius
1679 3919 2065 3997 insistendum,

486 3994 540 4053 et
580 3998 870 4052 dicendum
902 3994 1214 4050 Anatolium
1244 3998 1328 4051 sui
1358 3995 1445 4049 hic
1487 3997 1542 4048 in
1587 4004 1694 4047 tam
1729 3994 1981 4045 intricata
2008 4006 2067 4044 re

486 4070 717 4122 oblitqu
768 4067 914 4138 (nisi
948 4067 1087 4138 forte
1115 4066 1424 4133 librarium,
1457 4066 1604 4136 quod
1639 4077 1746 4117 non
1785 4066 1958 4132 puto)
2007 4075 2068 4115 se

487 4137 857 4208 lectoremque
887 4137 1242 4193 confundere.

557 4211 613 4264 4°
653 4205 1156 4283 DillértAnatolius
1181 4209 1234 4261 in
1255 4208 1443 4283 capite
1467 4215 1523 4261 et
1549 4205 1655 4283 i‘mc
1701 4205 1861 4283 primi
1909 4217 2066 4283 men:

487 4281 594 4346 sis;
628 4297 789 4350 quem
839 4280 1019 4334 Latini
1051 4296 1082 4350 a
1111 4276 1290 4334 Martii
1335 4276 1427 4333 dic
1474 4279 1693 4350 quinto,
1713 4276 2065 4350 Alexandrini

484 4353 556 4406 ab
579 4345 771 4406 octavo
806 4351 1015 4404 ineunt.
1048 4349 1166 4420 Ipse
1205 4351 1449 4404 omnium
1485 4345 1792 4420 tardissime
1823 4347 1892 4399 ab
1915 4345 2064 4420 deci-

487 4438 598 4485 mo,
619 4424 745 4491 quia
771 4416 1086 4475 tardissime
1103 4437 1320 4492 quoque
1344 4422 1458 4491 tigit
1479 4416 2063 4492 aequinoctiumLAnno

485 4485 738 4562 cycli'sui
777 4509 827 4545 xi
859 4485 1196 4562 Dominicam
1228 4485 1754 4562 pasch'alemindicit
1785 4504 1836 4541 tv
1867 4485 2064 4540 Kalen-

485 4561 585 4615 das
619 4563 849 4631 Apriles,
883 4579 976 4615 seu
1013 4561 1186 4616 Martii
1227 4561 1354 4617 xxix
1399 4563 1548 4623 luna,
1581 4575 1680 4615 sua
1721 4576 1812 4624 xx,
1842 4574 1906 4612 ac
1938 4570 2065 4626 pro-

489 4632 614 4686 inde
639 4634 822 4686 lunam
851 4635 1008 4686 istam
1039 4639 1105 4686 ab
1130 4649 1163 4686 ι
1191 4634 1370 4688 Martii
1401 4634 1632 4688 orditur.
1660 4631 1819 4684 Anno
1842 4631 2062 4700 quidem

485 4703 622 4774 cycli
653 4720 744 4774 xix
776 4705 1018 4757 citimam
1058 4707 1381 4774 paschalemi
1411 4719 1566 4758 suam
1597 4701 1933 4774 Dominicam
1963 4713 2064 4752 no-

489 4771 566 4828 tat
589 4791 642 4828 vt
665 4772 934 4828 Kalendas
964 4771 1185 4844 Aprilis,
1215 4791 1309 4830 seu
1334 4773 1513 4828 Martii
1541 4771 1916 4827 xxvu.Verum
1939 4784 2061 4824 cmn

491 4846 674 4899 lunam
710 4846 869 4899 istam
905 4843 1025 4899 xvtt
1050 4846 1314 4900 duntaxat
1346 4852 1614 4909 numeret,
1648 4845 1808 4913 plane
1834 4843 2064 4910 primam

491 4917 707 4971 nonnisi
737 4932 766 4970 a
791 4916 966 4985 Martii
1008 4932 1061 4970 χι
1096 4917 1334 4982 deducit,
1367 4915 1628 4985 postridie
1655 4915 1893 4968 ineuntis
1926 4914 2066 4985 luna:

482 4986 595 5056 jam
623 4989 800 5041 dictae.
836 4984 936 5041 Ubi
967 4987 1020 5041 id
1053 4983 1548 5046 notandum—venit.
1571 4986 1881 5039 Anatolium
1914 4983 2062 5056 illam

490 5053 981 5112 Alexandrinorum
1016 5067 1069 5112 et
1104 5059 1358 5112 Ecclesia:
1397 5057 1676 5111 hodiernae
1708 5055 1951 5126 regulam
1983 5053 2065 5104 ni-

489 5127 568 5182 hil
599 5129 820 5194 morari,
861 5130 1170 5198 paschalem
1198 5144 1318 5182 eam
1349 5142 1472 5181 esse
1497 5134 1749 5196 quartam
1773 5125 2062 5198 decimam,

489 5215 611 5266 qua:
660 5202 743 5253 vel
787 5196 1060 5268 iit—ipsum
1097 5199 1507 5268 arquinoctium,
1538 5200 1618 5252 vel
1669 5196 1912 5266 proxime
1945 5201 2066 5262 post

488 5269 668 5340 ipsum
717 5271 968 5324 incurrit.
1018 5268 1151 5324 Nam
1198 5270 1589 5340 aequinoctium
1638 5268 1754 5340 ipse
1799 5280 1923 5320 cum
1960 5279 2064 5318 xxv

488 5339 669 5411 Martii
706 5343 1001 5411 componit.
1038 5340 1152 5395 lmo
1188 5337 1357 5395 unum
1391 5350 1648 5408 praeterea
1671 5337 1836 5402 diem,
1873 5349 2064 5411 nempe

488 5409 667 5483 Martii
699 5407 1051 5483 xxiii—(quem
1081 5407 1404 5482 atquinoctii
1440 5422 1842 5483 transgressum
1881 5407 2064 5483 appel-

491 5479 610 5548 lat),
653 5491 780 5536 ante
823 5479 1453 5552 legitimam'Paschatis
1504 5479 1676 5537 citimi
1725 5479 2060 5552 {unctionem

490 5553 786 5606 transmitti
837 5550 970 5620 vult,
1001 5566 1060 5610 ut
1109 5565 1260 5609 tanto
1296 5555 1548 5609 tenebras
1593 5554 1685 5607 lux
1721 5562 1958 5620 superet.
1987 5550 2063 5604 Ita

492 5622 638 5675 nulla
671 5623 744 5676 illi
777 5635 870 5679 aut
896 5627 1149 5694 perexilis
1173 5633 1257 5680 est
1282 5628 1691 5680 neomeniarum
1718 5632 1773 5676 et
1805 5623 2064 5675 termino-

491 5707 611 5746 rum
647 5696 980 5764 paschalium
1018 5698 1175 5764 ratio,
1210 5698 1306 5750 sed
1343 5697 1748 5752 Dominicarum
1778 5696 2061 5759 duntaxat,

490 5779 612 5834 qua:
641 5763 669 5820 ει
700 5763 876 5821 Martii
918 5784 1061 5823 χχιιι
1091 5763 1168 5824 adi
1189 5767 1391 5837 Aprilis
1428 5784 1561 5822 xxm
1596 5767 1860 5825 inclusive
1904 5780 2060 5836 repe-

2171 3148 2348 3199 manis
2377 3146 2522 3201 facit.
2559 3147 2696 3200 Hinc
2720 3147 2777 3199 tit
2804 3157 2861 3199 ut
2883 3147 3128 3200 eamdem
3162 3147 3383 3201 Pascha:
3408 3149 3753 3205 Dominicam

2171 3233 2449 3286 nunquam
2506 3218 2644 3272 ultra
2699 3233 2769 3270 xx
2819 3217 3004 3270 lunam
3038 3218 3322 3277 dill‘undat,
3359 3235 3482 3272 cum
3511 3223 3757 3275 Alexan—

2167 3288 2309 3359 drini
2344 3290 2410 3341 ad
2447 3304 2559 3353 xxx,
2605 3287 2779 3341 Latini
2823 3289 2890 3340 ad
2933 3303 3048 3339 XX“
3078 3291 3240 3342 etiam
3283 3301 3596 3359 propagent.
3635 3293 3756 3346 Cur

2171 3359 2222 3412 id
2263 3358 2445 3432 faciat,
2476 3361 2740 3432 igtionem
2781 3359 2895 3432 ipse
2925 3359 3158 3432 reddere
3197 3358 3504 3432 conatur,’§
3543 3374 3756 3416 ll'al'la"

2171 3438 2259 3483 tus
2285 3431 2372 3483 sui
2404 3431 2456 3482 8.
2484 3429 2548 3484 Et
2580 3433 2632 3483 in
2658 3431 2761 3482 hoc
2791 3429 2939 3483 Secti
2975 3429 3134 3498 prisci
3163 3445 3289 3483 cum
3322 3447 3386 3484 eo
3417 3429 3750 3498 sentiebant,

2168 3500 2214 3553 si
2245 3499 2401 3554 Beda;
2436 3501 2587 3564 ﬁdes,
2618 3501 2709 3554 lii).
2739 3515 2799 3552 ιιι
2840 3497 3096 3552 Historia:
3122 3503 3406 3568 Anglorum
3429 3497 3750 3568 ecclesiast.,

2168 3585 2286 3640 cap.
2321 3569 2410 3626 25.
2455 3569 2508 3624 1η
2557 3572 2749 3625 ultimo
2790 3570 2985 3624 tabula:
3029 3570 3264 3623 Anatolii
3313 3575 3753 3640 perpendiculari

2168 3656 2330 3696 versu
2378 3643 2472 3711 qui
2522 3643 2663 3696 luna:
2694 3649 2907 3695 aetatem
2965 3643 3018 3693 in
3070 3642 3308 3710 paschali
3342 3641 3624 3698 Dominica
3653 3647 3758 3698 de-

2170 3713 2368 3780 signat,
2410 3724 2519 3768 tres
2562 3713 2711 3778 anni,
2755 3727 2947 3780 nempe
2979 3727 3095 3774 vm,
3138 3727 3192 3764 xt
3228 3725 3281 3765 et
3313 3729 3425 3777 xlv,
3459 3716 3642 3768 lunam
3674 3732 3754 3770 xx

2167 3783 2448 3849 exhibent,
2489 3785 2672 3837 nullus
2702 3799 2796 3837 xxi
2823 3795 2918 3836 aut
2953 3798 3089 3836 xxn.

2239 3854 2302 3905 6°
2342 3853 2583 3929 Denique
2613 3854 2793 3908 dilfert
2826 3855 3109 3907 Anatolius
3135 3853 3187 3929 in
3219 3853 3334 3929 ipsa
3359 3855 3627 3929 paschalis
3655 3874 3754 3929 (y-

2167 3925 2236 3978 cli
2269 3927 2638 3990 rcvolutione;
2671 3941 2835 3994 quam
2886 3940 3009 3978 cum
3067 3924 3282 3977 nou'nisi
3329 3929 3486 3979 annis
3519 3927 3623 3981 552
3648 3924 3753 3982 an-

2169 3997 2304 4049 solvi
2339 4006 2546 4050 certum
2597 3999 2688 4057 sit,
2721 3997 2896 4048 lunari
2945 3997 3098 4064 cyclo
3147 3995 3355 4049 scilicet
3403 3997 3456 4049 in
3508 4001 3750 4055 solarem

2166 4069 2352 4131 ducto,
2385 4081 2482 4120 seu
2517 4081 2609 4119 xu:
2641 4068 2798 4120 annis
2830 4068 2880 4117 in
2915 4081 3106 4128 xxvnt,
3142 4067 3258 4134 ipse
3292 4075 3472 4120 tamen
3503 4085 3621 4122 eam
3648 4086 3754 4123 an-

2170 4153 2363 4190 norum
2406 4154 2496 4191 xtx
2527 4137 2812 4210 intervallo
2844 4138 3160 4210 concludit;
3202 4145 3373 4200 ratus,
3399 4139 3612 4206 opinor,
3649 4157 3754 4210 pa—

2169 4224 2257 4262 rcs
2285 4223 2409 4263 esse
2435 4209 2968 4277 quartadecnnarum
2999 4217 3052 4259 et
3083 4207 3488 4261 Dominicarum
3521 4207 3757 4278 pascha-

2169 4279 2299 4332 lium
2355 4281 2742 4348 revolutiones,
2793 4292 2914 4348 quae
2965 4286 3077 4330 toto
3101 4279 3241 4330 caelo
3286 4280 3560 4334 dill'erunt.
3608 4281 3755 4338 Hinc

2169 4349 2337 4421 ipse§
2372 4349 2439 4402 12
2471 4368 2484 4404 :
2518 4347 2621 4403 Sed
2664 4349 2782 4421 hoc,
2823 4350 3018 4421 inquit,
3055 4348 3118 4400 ab
3162 4351 3283 4421 aliis
3327 4351 3651 4416 sapientibus
3693 4364 3754 4406 et

2171 4419 2490 4474 acutissimis
2508 4423 2632 4474 viris
2654 4419 2974 4488 impossibile
2995 4435 3104 4472 esse
3123 4420 3406 4488 deﬁnitur;
3423 4424 3558 4489 quod
3581 4425 3631 4475 in
3651 4425 3754 4476 illo

2094 4511 2139 4565 ι)
2172 4502 2395 4565 angusto
2448 4508 2510 4544 ac
2543 4492 2844 4565 brevissimo
2881 4506 2996 4565 x1x_
3022 4506 3280 4565 annorum
3321 4492 3505 4565 circuli
3548 4496 3749 4560 spatio,

2172 4563 2378 4615 Pascha
2409 4565 2768 4625 verissimum,
2794 4563 2846 4614 id
2871 4570 2948 4613 est
2980 4561 3033 4612 in
3065 4561 3150 4614 die
3174 4561 3472 4622 Dominica,
3505 4566 3749 4633 (equino-

2166 4635 2329 4686 ctium
2362 4633 2749 4704 transgrediens
2779 4633 3113 4704 inveniretur.
3143 4633 3244 4686 Sed
3282 4649 3398 4698 nos,
3427 4644 3482 4684 ut
3527 4637 3757 4704 manife-

2165 4705 2300 4757 stius
2329 4706 2446 4774 ﬁat,
2473 4702 2613 4774 quod
2635 4702 2744 4755 illis
2766 4703 3187 4756 incredulitatem
3213 4704 3434 4766 inducit,
3458 4717 3561 4758 etc.
3597 4702 3750 4760 Rur-

2167 4791 2287 4847 sum
2329 4775 2357 4847 §
2399 4777 2464 4828 l3
2493 4792 2504 4825 :
2529 4774 2631 4827 Hic
2662 4774 2892 4827 circulus
2924 4789 3016 4847 Xlx
3061 4790 3324 4847 annorum,
3359 4792 3390 4827 a
3425 4776 3752 4847 quibusdam

2168 4845 2437 4914 Africanis
2461 4848 2718 4908 rimariis,
2743 4847 2832 4915 qui
2855 4846 3135 4913 ampliores
3163 4845 3336 4916 (nota)
3359 4846 3582 4898 circulos
3616 4864 3743 4900 con—

2166 4918 2508 4986 scripserunt,
2533 4933 2634 4969 non
2659 4920 2932 4986 probatur,
2955 4917 3079 4984 quia
3098 4930 3277 4970 eorum
3295 4918 3748 4984 suspicationibus

2167 4985 2372 5040 videtur
2421 4989 2554 5041 satis
2599 4985 2708 5041 esse
2756 4987 3075 5040 contrarius.
3115 4985 3312 5041 Verum
3360 4991 3404 5041 si
3449 4987 3749 5044 Africanos

2169 5059 2300 5112 istos
2329 5059 2581 5112 rimarios
2605 5068 2827 5113 secutus
2858 5057 3070 5120 fuisset,
3097 5058 3408 5112 bissextiles
3442 5073 3616 5113 annos
3649 5075 3751 5112 ra—

2167 5129 2338 5184 riores
2376 5129 2694 5193 admittere,
2736 5129 3148 5197 litterarumque
3191 5126 3608 5182 Dominicalium
3656 5145 3752 5184 se-

2169 5201 2301 5253 riem
2333 5201 2405 5254 ita
2437 5201 2718 5254 succidere
2747 5213 2811 5252 ac
2834 5197 3166 5253 confundere
3199 5210 3422 5254 coactus
3449 5215 3557 5253 non
3603 5198 3750 5254 fuis-

2167 5279 2283 5336 set;
2329 5272 2550 5340 quando
2596 5285 2719 5326 vere
2765 5270 2857 5323 illa
2903 5277 3016 5323 tam
3059 5270 3209 5325 brevi
3253 5271 3458 5325 circulo
3487 5272 3751 5326 concludi

2167 5355 2272 5394 non
2302 5350 2502 5412 potest.

2237 5411 2362 5467 Haec
2387 5411 2570 5466 omnia
2605 5411 2840 5467 Anatolii
2862 5411 3079 5482 placita,
3102 5427 3266 5482 quam
3299 5414 3574 5483 paradoxa
3607 5413 3744 5476 siut,

2166 5501 2328 5539 nemo
2359 5499 2466 5538 non
2490 5484 2631 5555 videt
2657 5502 2670 5537 :
2696 5499 2762 5537 ex
2782 5483 2886 5538 illis
2903 5484 3119 5553 quidem
3147 5499 3396 5555 magnam
3435 5487 3486 5539 in
3515 5485 3751 5555 lectons

2165 5556 2440 5610 intellectu
2469 5554 2846 5609 confusionem
2874 5555 3005 5608 oriri
3048 5554 3332 5610 necessum
3365 5565 3467 5611 est.
3501 5554 3744 5610 Prorsus

2166 5639 2224 5680 ut
2263 5642 2331 5679 an
2360 5626 2596 5679 Anatolii
2627 5627 2760 5680 tanti
2791 5626 2896 5680 viri
2930 5639 3052 5680 esse
3076 5628 3437 5694 possinthnon
3465 5627 3745 5680 immerito

2165 5697 2600 5766 quaesiverimus.
2633 5695 2738 5752 Sed
2772 5707 2853 5750 tot
2878 5695 3039 5756 Bedae
3063 5697 3305 5766 adeoque
3331 5697 3548 5751 Eusebii
3583 5699 3742 5750 testi-

2168 5771 2371 5835 monia,
2400 5783 2522 5839 qua:
2550 5768 2738 5824 eadem
2769 5769 2931 5824 verba
2962 5767 3220 5836 referunt,
3255 5777 3306 5823 et
3333 5769 3746 5837 manuscriptus
