3918 6194
459 267 548 321 251
1587 283 1642 337 S.
1687 284 2007 342 ANATOLII
2047 287 2520 344 ALEXANDRINI

2037 379 2089 466 Ἀ
2119 409 2343 464 cedente
2358 410 2460 463 276
2477 409 2803 463 ordiendum
2829 409 3147 478 opinamur:
3172 406 3224 478 Ρ
3249 405 3384 478 Quia
3415 407 3691 478 Anatolia-

1044 395 1271 453 CAPUT
1327 400 1412 453 IV.

457 549 494 604 Α
525 569 626 637 quo
645 555 922 637 hodierna;
948 555 1145 637 Christi
1167 563 1370 637 epochw
1396 581 1532 616 anno
1563 564 1799 637 Canonis
1823 567 1905 618 sui
1927 567 2020 619 du-

526 634 609 703 cat
638 630 1180 703 initiuiu_Ar_tat_olius_.
1216 630 1522 686 Hert-artius
1555 635 1754 703 cyclum
1781 636 2016 691 Anatolii

525 694 590 746 ab
640 713 787 769 attito
831 695 1028 769 Christi
1078 701 1279 769 vulgari
1313 703 1414 755 277
1457 694 1684 758 inchoat.
1722 705 1904 760 Potius
1951 708 2014 761 ab

525 781 662 817 anno
689 765 813 819 276.
849 765 1184 837 Argumentis
1220 770 1488 827 Hervartii
1519 777 1875 844 respondetur.

521 901 622 956 Vix
647 903 812 954 ullum
839 903 1376 978 dubitareexistimo,
1403 909 1534 978 quin
1560 909 1821 964 Cononem
1853 926 2013 964 suum

453 973 1000 1027 deeemnOvennalem
1071 976 1357 1033 Anatolius
1423 973 1550 1033 ante
1613 981 2014 1035 Alexandrinos

452 1043 697 1118 ediderit.
737 1042 870 1118 Quis
915 1046 1056 1118 enim
1084 1047 1185 1098 sibi
1236 1051 1577 1116 persuadeat,
1613 1051 1855 1118 potuisse
1903 1060 2010 1105 tam

452 1112 742 1187 confusum
783 1114 961 1175 edere.
993 1115 1035 1168 si
1071 1125 1178 1168 tam
1225 1112 1897 1187 ordinatutn,'c'ujusmodi
1931 1131 2015 1176 est

452 1183 874 1254 Alexandrinus,
907 1196 1031 1238 ante
1069 1187 1258 1240 oculos
1290 1190 1608 1242 habuisset?
1638 1183 1806 1254 Adde,
1843 1189 2014 1245 Euse-

452 1254 627 1326 bium,
658 1252 1022 1326 Timotheum.
1055 1256 1334 1326 Cyrillum,
1369 1257 1688 1319 Victorium,
1723 1252 1922 1314 Bedam
1960 1271 2013 1316 et

451 1325 591 1446 alios|
616 1324 670 1404 id
713 1325 930 1393 scriptis
962 1327 1078 1380 suis
1103 1324 1256 1382 satis
1285 1330 1510 1385 innuere
1544 1349 1556 1384 :
1609 1346 1842 1399 moxque
1868 1332 2012 1387 clare

451 1404 572 1446 nate
598 1405 674 1446 ut.

451 1404 674 1463 patebit.

521 1462 1073 1540 GeorgiusAHervart,
1111 1466 1275 1540 Νουω
1316 1469 1680 1540 Chronologiw
1730 1486 1850 1538 cap.
1880 1471 2006 1534 256,

451 1532 678 1608 ραηοηξε
709 1535 902 1608 _h_u_jus_
933 1536 1240 1608 Anatoliani
1287 1540 1498 1594 initium
1544 1532 1822 1608 avvulgar'i
1866 1532 2011 1594 anno

448 1603 650 1677 Christi
702 1605 827 1668 277,
889 1605 1043 1659 Probi
1092 1608 1435 1676 imperatoris
1483 1603 1742 1677 secundo:
1771 1612 2007 1676 deducit,

447 1675 694 1740 duasque
733 1677 967 1750 rationes
995 1675 1198 1750 profert
1225 1691 1238 1725 :
1264 1681 1460 1744 Primo,
1503 1682 1627 1750 quia
1674 1675 1748 1735 tot
1779 1683 2010 1735 diversa-

450 1760 566 1796 rum
606 1746 834 1809 gentium
880 1747 1005 1798 anni
1039 1756 1146 1800 tam
1188 1751 1402 1811 diversi,
1433 1746 1665 1804 aii-eum
1711 1769 1904 1804 annum
1956 1755 2010 1805 in

450 1812 664 1892 Eusebii
676 1815 984 1892 _Ch_ronic‘o_
999 1819 1246 1886 appositi,
1279 1836 1414 1872 anno
1449 1822 1658 1892 indubie
1686 1823 1855 1891 primo
1878 1823 2011 1892 cycli

447 1884 713 1952 paschalis
747 1887 984 1939 Anatolii
1031 1884 1153 1940 sunt
1189 1892 1594 1943 accommodati.
1633 1884 1761 1945 Post
1807 1884 2013 1946 enu'me-

448 1957 703 2007 rationent
725 1957 861 2007 enim
888 1959 1073 2008 horum
1099 1974 1355 2011 annorum
1386 1977 1506 2014 mox
1527 1962 1581 2013 in
1611 1960 1823 2015 Eusebii
1846 1963 2012 2015 Chro-

446 2024 572 2100 nico
618 2024 987 2100 subsequitur;
1028 2027 1308 2100 Anatolius
1348 2029 1672 2084 Laodiceam
1713 2035 2007 2100 episcopus,

445 2093 870 2168 philosophorum
914 2097 1206 2165 disciplinis
1257 2101 1517 2168 eruditus,
1569 2093 1853 2156 multorum
1890 2093 2010 2156 'ser;

448 2179 597 2216 mone
625 2164 936 2217 celebratur.

521 2234 778 2311 Secundo,
806 2236 992 2311 scribit
1023 2236 1303 2311 Anatolius
1339 2256 1478 2292 anno
1520 2240 1656 2309 cycli
1695 2242 1778 2294 sui
1817 2242 2007 2311 primo,

447 2306 636 2381 utea-sis
659 2305 1157 2381 primiiteolneniam
1183 2325 1298 2381 qua:
1316 2313 1472 2363 totius
1490 2305 2008 2366 enneadecaeteridos

445 2373 792 2450 initiantuest,
821 2375 875 2426 in
916 2373 1240 2450 Phamenoth
1288 2397 1434 2441 xxvn,
1465 2381 1646 2450 Dystri
1683 2391 1856 2434 autem
1896 2398 2006 2436 xxu

445 2450 494 2493 et
514 2441 697 2496 Martii
729 2460 885 2510 xxiii,
920 2447 1201 2501 incurrere.
1234 2450 1298 2502 Id
1328 2463 1498 2503 autem
1514 2441 1810 2504 Secundum
1835 2463 2009 2505 astro-

446 2513 705 2565 uomicam
729 2517 1022 2590 ceritatem
1056 2534 1192 2570 anno
1223 2519 1421 2573 Christi
1466 2521 1590 2590 277,
1631 2522 1815 2574 melius
1847 2539 2005 2590 quam

445 2592 563 2658 octo
613 2585 772 2658 annis
805 2587 1242 2658 tardiustnempe
1271 2607 1409 2643 anno
1453 2589 1650 2644 Christi
1712 2585 2008 2658 285,'con-

444 2652 703 2726 venitJta
734 2654 995 2726 Georgius
1030 2652 1272 2712 Hervart.

517 2725 622 2778 Sed
652 2741 752 2781 nos
778 2741 843 2780 ex
882 2725 995 2798 jam
1022 2728 1202 2794 dietis,
1237 2731 1548 2784 necessario
1581 2732 1650 2785 ab
1679 2746 1824 2784 anno
1860 2742 2008 2786 ante-

3572 287 3682 340 252

2126 496 2255 532 num
2276 481 2393 546 eius
2416 481 2540 534 anni
2560 479 2768 534 Pascha
2797 477 2877 532 ita
2895 477 3150 546 postulat,
3171 477 3283 529 sive
3301 477 3540 530 lunarem
3569 477 3694 530 sive

2126 551 2357 633 solarem
2379 551 2522 632 illius
2548 551 2757 633 cyclum
2783 548 3126 633 consideres;
3144 546 3331 633 eodem
3358 561 3547 633 nemp'e
3572 547 3689 628 die2

2123 620 2324 688 Aprilis
2366 638 2455 675 xvi
2487 615 2771 683 indictum,
2803 635 2912 688 quo
2943 627 2994 671 et
3035 617 3385 688 Alexandrini
3415 625 3469 669 et
3505 615 3692 688 Latini

2125 686 2392 759 indicunt,
2435 692 2646 746 tametsi
2679 686 2870 744 omnes
2898 689 2950 759 in
2983 689 3125 742 lunae
3151 697 3308 742 aetate
3337 686 3688 759 dissentiant.
3783 755 3788 759 _

2124 758 2239 813 Non
2264 771 2347 814 est
2370 771 2548 816 autem
2572 760 2884 821 verisimile,
2917 758 3227 812 Anatolium
3257 766 3400 810 recte
3427 756 3478 808 in
3508 757 3692 824 primo

2123 845 2268 884 anno
2300 831 2566 886 deviasse.
2606 832 2663 884 2ο
2696 829 3037 883 Conveniunt
3061 838 3114 882 et
3142 829 3302 881 trium
3335 828 3576 896 proxime
3605 843 3695 882 se-

2121 901 2401 968 quentium
2431 918 2696 955 annorum
2731 901 2921 968 littera:
2949 898 3332 958 Dominicales,
3361 907 3418 950 ut
3439 909 3693 968 etianno-

2122 967 2242 1042 rum
2290 973 2503 1042 septimi
2547 981 2601 1026 et
2653 972 2848 1025 octavi.
2883 967 3042 1042 Quod
3091 970 3137 1023 si
3171 967 3691 1042 paschalesDonti:

2122 1041 2256 1096 nica:
2284 1037 2513 1096 subinde
2547 1043 2773 1096 diversae
2815 1049 2958 1102 sunt,
2994 1040 3044 1093 id
3089 1054 3151 1093 ex
3176 1037 3419 1092 diversis
3449 1037 3689 1090 Anatolii

2121 1112 2332 1178 placitis
2357 1113 2570 1167 oritur:
2604 1112 2753 1167 verbi
2789 1110 2978 1178 gratia,
3015 1110 3158 1179 quod
3195 1110 3320 1163 luna
3353 1124 3438 1179 xlv
3475 1106 3690 1179 Pascha

2120 1181 2394 1251 legitimus
2416 1183 2647 1248 sanciat;
2666 1183 2808 1248 quod
2835 1178 3216 1248 aequinOctium
3236 1190 3359 1233 ante
3377 1178 3552 1232 Martii
3578 1194 3689 1232 xxv

2120 1261 2173 1304 et
2198 1253 2436 1307 citimam
2454 1253 2674 1308 Pascha:
2697 1252 3026 1306 Dominicam
3056 1262 3180 1305 ante
3207 1266 3353 1303 xxvii
3384 1263 3491 1303 non
3522 1263 3690 1317 agno-

2120 1333 2268 1386 seat;
2300 1324 2442 1390 quod
2471 1323 2783 1378 neomenias
2815 1331 2938 1375 ante
2967 1320 3104 1375 alios
3135 1321 3353 1382 indicat,
3375 1328 3429 1373 ct
3460 1317 3684 1390 similia.

2119 1390 2184 1463 _Et
2207 1389 2386 1447 tamen
2415 1394 2590 1463 adhuc
2615 1408 2759 1463 anno
2785 1392 2919 1463 cycli
2942 1391 3027 1463 sui
3051 1401 3265 1463 quarto,
3283 1405 3405 1463 cum
3439 1389 3686 1463 utrisque

2118 1461 2458 1516 Dominicum
2486 1461 2692 1517 Pascha
2725 1459 2906 1516 Idibus
2935 1461 3136 1531 Aprilis
3167 1461 3270 1516 rite
3297 1459 3498 1514 sciscit.

2187 1531 2296 1586 Nec
2343 1532 2606 1586 Hervartii
2668 1527 2998 1600 argumenta
3045 1532 3198 1584 valde
3251 1540 3522 1599 premunt.
3576 1527 3684 1594 Qui

2115 1605 2262 1656 enim
2290 1619 2434 1657 anno
2464 1602 2568 1656 277
2595 1603 2798 1666 ﬂoruit,
2828 1603 3003 1666 potuit
3033 1610 3087 1654 et
3115 1600 3221 1655 276
3265 1601 3535 1659 ﬂoruisse.
3571 1600 3686 1651 imo

2119 1680 2248 1727 tunc
2284 1674 2518 1728 maxime
2547 1674 2798 1742 cmpisse.
2831 1669 2898 1725 Et
2939 1671 3032 1741 qui
3065 1673 3276 1743 cyclum
3309 1685 3453 1743 anno
3477 1669 3589 1743 277
3624 1670 3680 1722 in

2051 1781 2088 1834 Β
2119 1740 2733 1834 ¹εξοςπη.ςιξιίιξὲ.ιι.εοέιυε
2761 1740 3273 1834 dimiserat:
3293 1740 3685 1834 arietiset

2121 1815 2420 1868 racteribus
2450 1810 2703 1884 insignit;
2730 1814 2864 1868 nihil
2901 1815 3100 1873 obstat,
3138 1812 3276 1884 quin
3307 1812 3428 1878 ejus
3463 1810 3681 1884 initium

2118 1885 2186 1937 ab
2228 1884 2500 1938 anteriore
2544 1880 2705 1938 etiam
2754 1898 2897 1937 anno
2943 1884 3079 1937 bene
3115 1880 3381 1936 deducere
3414 1881 3604 1948 possit.
3637 1880 3683 1933 si

2119 1954 2354 2009 rationes
2391 1955 2462 2007 ita
2494 1953 2630 2008 forte
2658 1955 2895 2022 exigant.
2943 1952 3183 2022 Denique
3213 1961 3440 2021 possunt
3481 1951 3681 2022 diversi

2118 2025 2206 2078 isti
2237 2025 2574 2078 diversarum
2605 2021 2841 2094 gentium
2876 2025 3003 2077 anni
3035 2040 3132 2092 pro
3158 2022 3540 2094 Manichreana:
3564 2021 3682 2094 ba:-

2116 2108 2298 2150 reseos
2326 2103 2470 2158 ortu,
2506 2089 2678 2164 quiin
2709 2109 2912 2148 annum
2959 2089 3120 2148 istum
3148 2093 3252 2146 277
3285 2107 3313 2145 a
3338 2092 3542 2164 sanctis
3574 2089 3682 2143 Pa-

2116 2165 2292 2219 tribus
2323 2164 2422 2219 rite
2452 2163 2750 2226 confertur,
2780 2174 2929 2218 tanto
2960 2165 3130 2233 magis
3162 2163 3432 2227 adnotari,
3457 2170 3682 2233 quanto

2115 2249 2177 2288 ea
2213 2233 2524 2305 confusiore
2566 2235 2802 2290 Anatolii
2829 2235 2979 2305 cyclo
3005 2230 3399 2305 celebriorest.
3442 2230 3596 2298 Quod
3627 2241 3682 2285 et

2115 2319 2181 2357 ex
2227 2315 2380 2374 parte
2424 2304 2664 2375 Scaliger
2689 2314 2813 2359 ante
2840 2301 2939 2358 nos
2987 2304 3234 2375 advertit.
3272 2301 3456 2372 Neque
3487 2317 3678 2375 verum

2113 2371 3162 2439 esu—Anatolium'enneadecaeteridos'
3191 2389 3299 2428 suae
3349 2371 3678 2442 principium

2115 2444 2168 2496 in
2196 2460 2333 2505 xxn,
2365 2447 2457 2499 sed
2489 2446 2669 2512 potius
2699 2446 2752 2498 in
2784 2462 2886 2498 xxv
2919 2456 2972 2499 et
3002 2460 3126 2497 xxVI
3154 2443 3326 2497 Martii
3355 2441 3684 2512 referreaut

2113 2522 2259 2582 patet
2283 2531 2348 2567 ex
2381 2510 2555 2584 capite
2578 2515 2816 2570 secundo
2849 2515 3008 2584 hujus
3041 2514 3455 2576 Counmentarii,
3483 2521 3536 2584 et
3565 2510 3682 2565 cla-

2115 2585 2228 2637 rius
2261 2587 2422 2638 etiam
2448 2582 2523 2638 ex
2565 2587 2680 2654 ipsa
2716 2582 2946 2638 Anatolii
2977 2586 3158 2638 tabula
3192 2584 3454 2654 paschali,
3487 2582 3597 2654 imo
3625 2591 3682 2634 et

2112 2669 2178 2706 ex
2204 2657 2375 2722 ipsius
2403 2651 2731 2720 textufcum
2763 2657 2920 2725 primi
2946 2657 3149 2711 mensis
3173 2651 3512 2709 neomeniam
3539 2651 3684 2704 Ma;-

2113 2725 2173 2778 tii
2213 2740 2322 2778 xxx
2353 2726 2557 2796 deligit.

447 2923 3597 2948 Μ

1705 3089 2430 3181 FRAGMENTA

1199 3286 1290 3345 Ex
1341 3284 1617 3344 Anatolii
1683 3282 2098 3344 Alexandrini
2137 3285 2318 3345 libris
2352 3283 2899 3347 Arithmeticorum

1003 3436 1221 3497 (Fanum.
1269 3432 1561 3485 Bibliotheca
1583 3435 1774 3492 (ἔνευσα,
1803 3435 1880 3482 ed.
1925 3433 1998 3482 HA

2116 3441 2276 3492 ..,tom.
2309 3434 2393 3494 Ill,
2415 3434 2698 3499 Hamburgi,
2726 3436 2860 3499 1793,
2886 3453 2929 3500 ρ.
2960 3439 3088 3502 462.)

504 3715 646 3784 Quid
674 3717 746 3773 sit
773 3716 1191 3772 mathematica?

505 3810 818 3866 Aristoteles
862 3810 1161 3868 consistere
1203 3822 1417 3863 omnem
1485 3806 1884 3877 philosophiam
1942 3807 1995 3860 in

433 3905 643 3959 theoria
697 3913 752 3958 et
807 3904 1043 3974 practica
1086 3902 1376 3972 Opinatur,
1438 3901 1730 3970 practicam
1777 3901 1993 3971 quidem

434 3998 680 4052 dividens
709 4000 764 4052 in
789 3998 1023 4052 ethicam
1053 4006 1106 4049 et
1134 3995 1407 4064 politicam
1429 4036 1444 4060 ,
1477 3995 1741 4049 theoriam
1781 4009 1912 4048 vero
1943 3995 1994 4048 in

433 4086 778 4157 theologiam,
806 4086 1079 4156 physicam
1110 4093 1164 4138 et
1194 4084 1626 4138 mathematicam
1651 4101 1665 4150 ;
1695 4084 1997 4139 clarissime

433 4190 486 4234 et
516 4179 830 4234 doctissime
863 4176 1216 4247 philosophia:
1259 4186 1462 4246 partem
1497 4191 1619 4231 esse
1649 4177 1997 4231 mathemati-

432 4283 550 4322 cam
581 4267 993 4322 demonstravit.

502 4358 658 4424 Quod
715 4359 957 4414 Chaldaei
1009 4358 1226 4429 quidem
1272 4359 1692 4421 astronomiam,
1751 4358 1991 4431 Egyptii

429 4463 560 4505 vero
591 4452 936 4512 geometriam
971 4461 1024 4506 et
1051 4451 1446 4506 arithmeticam
1479 4450 1941 4524 (iuvenerunt)....

499 4542 546 4595 A
569 4558 677 4611 quo
704 4543 1082 4599 mathematica
1109 4545 1187 4599 sic
1215 4545 1494 4600 nominata
1523 4544 1662 4599 fuit?

502 4635 840 4704 Peripatetici
869 4635 1086 4706 quidem
1117 4637 1386 4692 aﬂirmant
1423 4639 1479 4692 in
1522 4638 1794 4693 rhetorica
1815 4679 1830 4704 ,
1857 4652 1988 4707 poe-

427 4726 556 4791 tica,
580 4729 1004 4797 summatimque
1047 4728 1256 4782 musica
1300 4729 1508 4797 vulgari
1543 4746 1814 4800 quemque
1830 4746 1989 4800 posse

427 4819 654 4883 versari,
673 4819 922 4888 quamvis
937 4835 1046 4874 non
1069 4819 1350 4876 didicerit:
1373 4839 1492 4890 qua:
1521 4833 1700 4877 autem
1724 4825 1988 4895 appellata

425 4921 554 4966 sunt
586 4911 987 4976 mathematica,
1017 4911 1284 4966 neminem
1323 4914 1605 4967 scientiam
1653 4915 1868 4970 illorum
1905 4915 1989 4969 ul-

426 5002 534 5056 lam
581 5017 771 5071 capere
814 5017 1006 5070 posse,
1059 5003 1165 5058 nisi
1206 5004 1357 5073 prius
1392 5005 1657 5061 didicerit.
1696 5005 1984 5077 Pr0pterea

2023 3719 2064 3772 C
2169 3714 2234 3767 Τί
2262 3716 2378 3767 ἐστι
2445 3716 2839 3789 μαθηματικῆς

2187 3809 2558 3881 Ἀριστοτέλης
2588 3809 2906 3863 συνεστάναι
2943 3810 3039 3880 τὴν
3068 3811 3246 3864 πᾶσαν
3273 3811 3587 3880 φιλοσοφίαν
3613 3815 3678 3868 ἐκ

2104 3901 2333 3973 θεωρίας
2364 3903 2456 3956 καὶ
2488 3902 2735 3974 πράξεως
2763 3903 3023 3974 οἰόμενος,
3060 3906 3152 3956 καὶ
3187 3903 3282 3974 τὴν
3314 3904 3411 3973 μὲν
3438 3920 3676 3974 πρακτι-

2105 3993 2202 4066 κὴν
2236 3994 2457 4065 διαιρῶν
2490 3997 2570 4059 εἰς
2599 3995 2793 4066 ἠθικὴν
2842 3995 2936 4048 καὶ
2970 3995 3266 4067 πολιτικὴν,
3306 3995 3402 4064 τὴν
3440 3996 3495 4048 δὲ
3529 3996 3673 4050 θεω-

2103 4087 2224 4159 ρίαν
2242 4089 2321 4151 είς
2341 4088 2400 4140 τὸ
2417 4087 2714 4156 θεολογικὸν
2732 4089 2824 4142 καὶ
2844 4089 2902 4140 τὸ
2923 4090 3149 4158 φυσικὸν
3177 4088 3344 4141 καὶτὸ
3364 4089 3504 4160 μαθη
3515 4107 3676 4158 ματι-

2101 4181 2214 4246 κὸν,
2242 4181 2386 4252 μάλα
2416 4182 2600 4251 σαφῶς
2626 4183 2718 4234 καὶ
2754 4181 3012 4252 ἐντέχνως
3047 4181 3359 4252 φιλοσοφίαν
3383 4178 3548 4235 οὖσαν
3570 4182 3673 4253 τὴν

2102 4272 2482 4345 μαθηματικὴν
2513 4274 2874 4327 ἀποδείκνυσι.

2171 4367 2290 4418 Ὅτι
2320 4365 2572 4419 Χαλδαῖοι
2598 4368 2692 4437 μὲν
2724 4367 3104 4438 ἀστρονομίαν,
3132 4365 3412 4434 Αἰγύπτιοι
3438 4365 3493 4418 δὲ
3524 4383 3671 4435 γεω-

2101 4457 2325 4527 μετρίαν
2359 4457 2452 4510 καὶ
2500 4457 2865 4528 ἀριθμητικὴν
2906 4457 3279 4529 (ἐξεῦρον).....

2181 4547 2310 4600 Ἀπὸ
2359 4547 2501 4611 τίνος
2549 4547 2606 4600 δὲ
2641 4547 2993 4618 μαθηματικὴ
3034 4547 3322 4618 ὠνομάσθη

2166 4640 2229 4692 Οἱ
2281 4639 2380 4710 μὲν
2429 4640 2536 4694 ἀπὸ
2568 4639 2658 4691 τοῦ
2688 4639 2994 4709 Περιπάτου
3035 4640 3331 4709 φάσκοντες
3364 4639 3669 4712 ῥητορικῆς

2100 4731 2196 4801 μὲν
2226 4732 2319 4783 καὶ
2339 4731 2648 4802 ποιητικῆς,
2678 4733 2924 4802 συμπᾶσι
2948 4749 3007 4783 τε
3033 4732 3130 4802 τῆς
3166 4731 3443 4802 δημώδους
3472 4749 3668 4802 μουσι-

2097 4823 2199 4893 κῆς
2233 4822 2492 4877 δύνασθαί
2534 4841 2653 4875 τινα
2685 4826 2918 4876 συνεῖναι
2953 4824 3045 4877 καὶ
3075 4822 3148 4894 μὴ
3195 4823 3445 4894 μαθόντα.
3491 4823 3572 4876 Τὰ
3609 4825 3669 4878 δὲ

2096 4913 2401 4984 καλούμενα
2428 4913 2532 4966 ἴδια
2567 4912 2860 4984 μαθήματα
2881 4912 3089 4976 οὐδενὸς
3112 4914 3311 4984 εἴδησιν
3343 4913 3664 4984 λαμϐάνειν,

2100 5005 2172 5076 μὴ
2231 5005 2291 5058 οὐ
2343 5006 2603 5078 πρότερον
2682 5005 2740 5058 ὲν
2788 5005 3018 5076 μαθήσει
3087 5005 3375 5075 γενόμενον
3435 5005 3661 5058 τούτων.

424 5095 653 5149 istarum
679 5095 1032 5150 scientiarqu
1058 5095 1318 5150 theoriam
1335 5100 1517 5152 vocari
1547 5100 1983 5155 mathematicam

2116 5075 2188 5152 ιιὰ
2235 5075 2395 5152 τοῦτον
2431 5075 2812 5169 μαθηματικὴν
2848 5096 3127 5149 καλεῖσθαι
3166 5097 3266 5166 τὴν
3303 5095 3667 5168 περὶτούτων

422 5187 828 5240 existimabant.
842 5184 1176 5256 Pythagorici
1195 5201 1373 5240 autem
1392 5187 1717 5257 imposuisse
1731 5190 1986 5244 dicuntur

422 5273 527 5331 hoc
539 5292 732 5331 nomen
747 5277 959 5346 proprie
972 5277 1070 5331 soli
1085 5278 1386 5346 geometria:
1395 5287 1447 5330 et
1458 5278 1826 5332 arithmeticae.
1840 5278 1987 5333 Anti-

420 5368 604 5437 quitus
614 5368 780 5433 enim,
799 5370 1088 5439 separatim
1105 5383 1299 5437 cuique
1311 5383 1469 5422 suum
1491 5384 1685 5423 nomen
1705 5372 1980 5440 proprium

419 5468 566 5524 erat;
596 5475 883 5515 commune
908 5473 1084 5516 autem
1111 5475 1306 5516 nomen
1331 5461 1536 5514 nullum
1555 5471 1671 5514 erat
1697 5461 1978 5516 ambabus.

420 5550 570 5621 Quas
584 5554 798 5622 quidem
817 5555 897 5610 sic
914 5555 1305 5610 mathematica:
1319 5555 1539 5609 nomine
1553 5555 1766 5609 vocavit
1784 5555 1982 5625 Archy-

419 5653 522 5708 tas,
555 5644 699 5712 quod
727 5644 1004 5699 scientiam
1043 5647 1336 5706 hominum.
1359 5647 1537 5716 captui
1574 5645 1976 5700 accommodato

419 5737 473 5792 in
501 5737 602 5791 illis
641 5735 980 5803 inveniebat;
1009 5754 1132 5793 nam
1167 5740 1310 5795 circa
1337 5751 1560 5804 aeterna,
1594 5739 1974 5804 immutabilia,

2093 5191 2323 5260 θεωρίαν
2372 5190 2767 5260 ὑπελάμϐανον.
2828 5189 3025 5242 Θέσθαι
3069 5189 3126 5241 δὲ
3176 5188 3422 5258 λέγονται
3470 5189 3530 5240 τὸ
3562 5189 3663 5258 τῆς

2093 5284 2476 5356 μαθηματικῆς
2508 5284 2675 5352 ὄνομα
2701 5283 2983 5354 ἱδιαίτερον
3000 5283 3090 5335 ἐπὶ
3126 5283 3289 5353 μόνης
3320 5282 3662 5352 γεωμετρίας

2091 5377 2184 5430 καὶ
2213 5375 2577 5448 ἀριθμητικῆς
2601 5377 2648 5427 oi
2678 5374 2784 5428 ἀπὸ
2817 5374 2909 5427 τοῦ
2941 5375 3274 5446 Πυθαγόρου.
3308 5376 3378 5429 Τὸ
3415 5377 3521 5448 γὰρ
3555 5377 3660 5430 πά-

2087 5466 2176 5520 λαι
2209 5467 2374 5538 χωρὶς
2412 5466 2644 5536 ἑκατέρα
2665 5465 2867 5519 τούτων
2891 5466 3216 5536 ὠνομάζετο.
3253 5467 3441 5521 Κοινὸν
3487 5467 3541 5521 δὲ
3568 5469 3663 5524 οὐκ

2087 5557 2175 5610 δὲν
2205 5555 2272 5629 ἦν
2305 5560 2503 5629 ἀμφοῖν
2529 5558 2716 5628 ὄνομα.
2758 5557 3009 5610 Ἐκάλεσε
3031 5558 3086 5611 δὲ
3114 5557 3430 5630 (Ἀρχύτας)
3458 5558 3655 5623 οὕτως,

2085 5649 2166 5701 ὃτι
2213 5650 2272 5702 τὸ
2314 5649 2728 5719 ἐπιστημονικὸν
2770 5650 2863 5702 καὶ
2905 5649 3041 5721 πρὸς
3077 5649 3309 5720 μάθησιν
3335 5649 3654 5720 ἐπιτηδείως

2085 5739 2204 5808 ἔχον
2248 5741 2512 5809 εὑρίσκων
2543 5743 2600 5794 ὲν
2631 5739 2854 5805 αὐταῖς,
2897 5741 3023 5810 περὶ
3050 5740 3155 5810 γὰρ
3187 5739 3329 5794 ἀΐδια
3369 5741 3459 5794 καὶ
3490 5739 3651 5812 ἄτρε-
