3918 6194
226 244 303 298 233

1098 232 1517 291 FRAGMENTA
1562 234 1654 289 EX
1695 234 1923 289 LIBRIS
1959 234 2403 291 ARITHMEFIC.

3268 241 3375 300 ττι

225 385 306 420 τιτι
343 362 416 417 ui
452 357 702 431 είλικρινῆ
732 358 859 411 ὄντα
904 358 1374 430 ἀναστρεφομένας
1420 358 1625 429 ἑώρων,
1659 359 1716 411 ὲν

1834 372 2064 426 puraque
2092 373 2185 413 eas
2220 358 2447 423 versari,
2476 359 2727 413 videbam
2753 359 3118 432 Pythagorici,
3160 364 3213 418 in
3256 368 3376 435 qui-

225 454 286 519 0’4
309 456 407 525 μόνα
432 453 725 522 ἐπιστήμην
760 451 1026 522 ἐνόμιζον.
1069 453 1130 503 Οἱ
1166 452 1220 503 δὲ
1260 449 1507 522 νεώτεροι
1554 468 1711 522 περι-

228 551 408 601 έστασαν
442 544 526 597 ἐπὶ
554 543 734 595 πλεῖον
762 545 859 614 τὴν
896 542 1284 614 προσηγορίαν,
1309 544 1369 595 οὐ
1402 544 1560 614 μόνον
1584 545 1712 617 περὶ

224 644 293 709 τήν
322 636 578 705 ἀσώματον
621 636 710 689 xui
750 636 946 707 νοητὴν
991 634 1122 706 ὓλην
1154 634 1426 699 ἀξιοῦντες
1456 654 1712 707 πραγμα-

221 729 403 785 τεὲσθαι
432 728 519 780 τὸν
556 727 962 798 μαθηματικὸν,
998 728 1131 781 ἀλλὰ
1166 729 1255 781 καὶ
1290 730 1418 801 περὶ
1450 730 1546 800 τὴν
1578 731 1712 798 ἐφα-

217 822 427 890 πτομένην
451 820 546 889 τῆς
577 821 891 890 σωματικῆς
923 822 1014 873 xui
1045 820 1309 890 αἰσθητῆς
1335 822 1541 886 οὐσίας.
1572 824 1715 877 Θεω-

214 913 381 983 ρητικὸς
399 910 498 981 γὰρ
528 911 730 978 ὀφείλει
764 909 919 973 εἶναι,
953 912 1042 965 καὶ
1069 915 1238 982 φορᾶς
1263 913 1475 985 ἄστρων
1507 917 1599 968 xui
1623 916 1715 969 τά·

210 1022 301 1074 pa;
324 1003 479 1055 αὐτῶν
516 1004 766 1072 μεγέοων
808 1021 866 1057 τε
900 1004 995 1057 xui
1023 1006 1315 1076 σχημάτων
1354 1009 1447 1062 xui
1481 1010 1716 1080 ἀποστη-

209 1097 364 1165 μάτων.
400 1095 511 1146 Ἔτι
560 1095 618 1147 δὲ
665 1098 1047 1161 ἐπισκεπτικὺς
1093 1099 1200 1154 τῶν
1247 1101 1387 1154 κατὰ
1426 1102 1525 1166 τὰς
1567 1103 1717 1171 ὄψεις

208 1187 347 1240 παθῶν
368 1227 380 1247 ,
412 1187 645 1256 ἐρευνῶν
670 1188 769 1251 τὰς
796 1191 971 1253 αἰτίας
1004 1191 1069 1243 δι’
1099 1192 1163 1256 ἃς
1194 1195 1288 1247 xui
1312 1195 1409 1265 οὐχ
1433 1196 1592 1251 ὁποῖα
1623 1200 1715 1252 καὶ

205 1280 361 1347 πηλίκα
400 1278 466 1331 τὰ
512 1280 849 1351 ὑποκείμενα
900 1282 1123 1338 τοιαῦτα
1164 1286 1255 1339 καὶ
1302 1288 1599 1359 τηλικαῦτα
1654 1294 1716 1344 ἐκ

204 1371 355 1431 triti;
388 1370 746 1440 διαστήματος
794 1373 1097 1445 Θεωρεῖται,
1142 1377 1409 1447 τηροῦντα
1453 1380 1549 1450 μὲν
1593 1382 1715 1445 τοὺς

202 1464 301 1530 .12.,-
326 1462 511 1531 ἄλληλα
556 1463 783 1532 λόγους,
817 1466 1027 1533 ψευδεῖς
1066 1467 1122 1521 δὲ
1156 1470 1452 1537 φαντασίας
1485 1472 1575 1525 καὶ
1616 1474 1717 1543 τῆς

200 1552 355 1615 τάξεως
378 1554 466 1605 xui
508 1555 611 1623 τῆς
652 1555 853 1619 Θέσεως
876 1558 1221 1628 ἐμποιοῦντα.
1272 1561 1438 1617 Τοῦτο
1470 1565 1565 1633 μὲν
1596 1568 1715 1618 κατ’

197 1643 373 1710 οὐρανὸν
414 1644 503 1695 xui
534 1646 697 1715 ἀέρα,
732 1645 887 1699 τοῦτο
917 1647 974 1700 δὲ
1009 1650 1066 1701 ὲν
1093 1650 1416 1722 κατόπτροις
1453 1653 1546 1707 xui
1584 1656 1715 1708 πᾶσι

196 1739 278 1797 vi;
304 1735 463 1799 λείοις,
507 1737 615 1789 κὰν
657 1741 766 1803 τοῖς
789 1738 1065 1807 διαφανέσι
1085 1742 1142 1795 δὲ
1175 1743 1280 1795 τῶν
1304 1746 1594 1816 ὁρωμένων
1622 1749 1717 1801 xui
1750 1772 1788 1825 Β

194 1829 566 1898 τοιοποτρόποις
612 1830 844 1900 σώμασι.
886 1833 1028 1903 Πρὸς
1059 1834 1265 1900 τούτοις
1301 1838 1598 1909 μηχανικὸν
1640 1836 1716 1893 εἷ-

196 1918 349 1970 νειτδν
374 1919 540 1990 ἄνδρα
568 1921 683 1973 δεῖν
716 1921 885 1991 ᾤοντο
917 1926 1009 1978 xui
1039 1927 1304 1998 γεωδέτην
1344 1930 1437 1983 xui
1478 1931 1711 2000 λογικόν.

197 2010 284 2060 ⁹ιῑτι
316 2008 366 2061 δὲ
395 2010 484 2062 καὶ
529 2013 665 2082 περὶ
698 2014 796 2077 τὰς
828 2016 1004 2080 αἰτίας
1036 2021 1136 2091 τῆς
1174 2022 1443 2090 ἐμμελοῦς
1474 2025 1723 2096 κράσεως

193 2098 271 2150 τῶν
298 2100 529 2170 ’.ρΘόγγων
552 2104 655 2157 xui
677 2105 775 2175 τῆς
800 2109 927 2180 περὶ
948 2112 1106 2181 μέλος
1141 2115 1439 2181 συνθέσεως
1467 2119 1721 2190 ἀσχολού-

194 2206 333 2256 μενον,
362 2191 498 2264 ἅπερ
530 2192 770 2265 σώματά
794 2198 959 2265 ὲστιν,
987 2201 1018 2271 ἦ
1041 2204 1139 2273 τήν
1165 2221 1226 2272 γε
1254 2206 1485 2279 ἐσχάτην
1517 2210 1716 2279 ἀναφο-

194 2284 267 2352 ρὰν
290 2285 367 2337 ἐπὶ
396 2287 490 2359 τὴν
522 2290 797 2364 αἰσθητὴν
830 2292 959 2365 ὕλην
989 2300 1233 2352 ποιεῖται.

241 2439 293 2491 Τί
309 2441 413 2493 ἐστι
447 2444 812 2519 μαθηματική

240 2534 591 2609 Μαθηματική
622 2540 768 2594 ἐστιν
803 2542 1075 2616 ἐπιστήμη
1106 2546 1406 2623 θεωρητικὴ
1436 2552 1512 2623 τῷ
1542 2556 1721 2626 νοήσει

190 2637 232 2673 τε
280 2626 356 2677 καί
400 2628 654 2699 αἰσθήσει
710 2633 1242 2709 καταλαμϐανομένῳ
1298 2643 1431 2712 πρὸς
1483 2644 1577 2715 τὴν
1614 2647 1722 2699 τῶν

194 2717 555 2774 ὑποπιπτόντων
579 2723 752 2779 δόσιν.
782 2728 915 2797 Ἤδη
940 2728 995 2779 δὲ
1012 2732 1475 2803 χαριεντιζόμενος
1509 2753 1591 2800 τις
1607 2737 1722 2807 ἅμα

193 2810 261 2911 κρῖ
277 2810 355 2863 τοῦ
396 2816 599 2868 σκοποῦ
641 2820 921 2889 τυγχάνων
966 2822 1484 2911 μθηματικὴνιέφη
1521 2831 1722 2904 ταύτην

193 2915 315 2965 um,

270 3038 309 3088 τ’
345 3039 509 3122 (μίγη
539 3041 672 3122 μέτε
690 3043 887 3122 πρῷτα
914 3048 1289 3122 κορύσσεται·
1316 3053 1503 3122 αὐτὰρ
1524 3057 1724 3112 ἔπειτα

195 3110 391 3180 θέρανῴ
415 3111 702 3180 ἐστήριξε
730 3113 879 3181 κάρα
914 3110 1012 3169 καὶ
1047 3119 1145 3171 ἐπὶ
1176 3123 1343 3187 χθονὶ
1364 3110 1582 3188 βαίνει.

676 3202 817 3258 lion.
849 3204 1017 3262 Iliad.
1047 3225 1120 3275 tv,
1154 3212 1259 3266 442
1286 3223 1339 3269 et
1365 3217 1491 3271 445.

196 3351 406 3421 ’Δρχεται
455 3358 560 3425 μὲν
600 3358 712 3427 γὰρ
752 3356 860 3409 ἀπὸ
894 3358 1119 3429 σημείου
1156 3363 1249 3415 xui
1280 3348 1576 3436 γραμμῆς,
1610 3363 1726 3422 εἶτα

274 3447 356 3514 τὴν
400 3447 639 3519 οὐρανοῦ
696 3448 791 3500 καὶ
848 3451 1177 3520 συμπάντων
1223 3453 1528 3525 ἀσχολεῖται
1590 3476 1729 3531 πρα-

196 3554 389 3605 ῖμιτων.

249 3630 369 3684 ΙΙόσα
395 3633 533 3704 μέρη
585 3620 975 3704 μαθηματικῆς
995 3652 1010 3699 ἶ

248 3724 336 3793 Tn;
369 3728 461 3795 μὲν
513 3727 851 3797 τιμιωτέρας
909 3729 1003 3780 καὶ
1045 3727 1266 3801 πρώτης
1308 3731 1729 3807 ὁλοσχερέστερα

201 3817 306 3886 μέρη
333 3819 417 3870 δύο
455 3818 799 3889 ἀριθμητικὴ
839 3820 934 3871 xui
966 3823 1293 3892 γεωμετρία.
1348 3824 1459 3895 Τῆς
1503 3826 1562 3879 δὲ
1607 3833 1736 3898 περὶ

196 3910 244 3959 τὶ
267 3910 472 3980 αἰσθητὰ
504 3910 910 3981 ἀσχολουμένης
934 3910 1073 3983 ἒξ·ὴ
1106 3913 1413 3987 λογιστικὴ,
1447 3920 1709 3983 γεωδεσία

197 3999 368 4071 ὀπτικὴ,
401 4002 700 4072 κανονικὴ,
738 4004 1045 4075 μηχανικὴ,
1091 4006 1479 4079 ἁστρονομική.
1525 4010 1643 4063 ’Ότι
1678 3982 1733 4063 δέ

198 4093 241 4143 τὸ
256 4096 481 4148 τακτικὸν
508 4094 846 4166 καλούμενον
868 4096 989 4150 οὔτε
1020 4098 1078 4150 τὸ
1112 4100 1570 4169 ἀρχιτεκτονικὸν,
1604 4102 1728 4155 οὗτε

198 4184 241 4234 τὸ
261 4186 479 4256 ὁημὼδες
508 4187 843 4259 μουσικὸν.ἢ
878 4189 936 4241 τὸ
960 4190 1087 4259 περὶ
1115 4190 1211 4254 τὰς
1245 4191 1454 4259 φύσεις,
1478 4194 1591 4246 ἀλλ’
1615 4196 1734 4248 οὐδὲ

201 4276 242 4325 τι
256 4278 534 4350 ὁμωνύμως
557 4280 885 4351 καλούμενον
914 4284 1231 4352 μηχανικὸν,
1252 4284 1325 4348 ὡς
1346 4285 1543 4339 οἴονταί
1568 4306 1729 4351 τινες,

204 4368 311 4437 μέρη
341 4371 723 4442 μαθηματικῆς
767 4374 893 4436 εἰσι,
938 4374 1213 4443 προίόντος
1236 4375 1327 4429 τοῦ
1360 4377 1518 4445 λόγου
1549 4379 1732 4449 σαφῶς

203 4472 243 4508 τε
265 4463 341 4514 καὶ
366 4463 680 4533 ἐμμεθὸδως
709 4463 969 4534 δείξομεν.

256 4684 353 4737 Ὀτι
381 4688 407 4738 ὁ
439 4687 637 4751 κύκλος
666 4688 773 4758 ἕχει
805 4692 1027 4761 στερεᾶς
1056 4693 1152 4763 μὲν
1179 4699 1247 4762 η’,
1291 4692 1518 4747 ἐπίπεδα
1550 4693 1605 4747 δὲ
1637 4694 1717 4761 ἓξ,

206 4776 361 4839 γωνίας
386 4778 439 4830 δὲ
470 4779 543 4831 δ’.

257 4866 367 4919 Τίνα
398 4871 503 4922 τίσι
530 4872 878 4941 προσεγγίζει
903 4872 1010 4925 τῶν
1046 4874 1411 4947 μαθημάτωνς

257 4953 539 5024 Συνεγγὶζει
572 4962 768 5031 μᾶλλον
795 4965 859 5033 τῇ
895 4964 992 5032 μὲν
1025 4966 1346 5038 ἀριθμετικῇ
1374 4971 1404 5038 ή
1441 4967 1725 5041 λογιστικὴ

208 5046 277 5095 ni
300 5049 326 5115 ἡ
353 5056 621 5125 κανονικήο
654 5056 747 5107 καὶ
779 5056 886 5126 γὰρ
918 5055 1055 5126 αὕτη
1088 5060 1143 5110 ἐν
1178 5062 1433 5131 ποσότητι
1481 5062 1725 5116 λαϐοῦσα

210 5138 511 5211 καταλόγους
534 5186 549 5209 ,
599 5147 863 5217 ἀριθμοὺς
889 5149 981 5201 καὶ
1022 5150 1305 5218 ἀναλογίας
1354 5154 1616 5224 πρόσεισι.
1645 5156 1721 5225 Τῇ

210 5226 251 5317 r32
275 5238 555 5309 γεωμετρίᾳ
590 5241 622 5309 ἡ
649 5241 845 5311 ὀπτικὴ
874 5244 965 5294 xui
988 5245 1019 5314 ἡ
1042 5246 1318 5313 γεωδεσία.
1368 5247 1725 5317 ’Λμφοτέραις

209 5332 249 5365 (ιε
275 5324 350 5374 καὶ
372 5326 457 5377 ἐπὶ
486 5328 638 5382 πλέον
664 5332 695 5400 ή
730 5334 999 5405 μηχανικὴ
1025 5336 1116 5387 xui
1144 5339 1175 5406 ἡ
1214 5336 1593 5406 ἀστρολογικὴ.

265 5412 411 5486 ὐτιὴ
443 5420 789 5491 μαθηματικὴ
812 5423 909 5485 τὰς
940 5424 1110 5495 ἀρχὰς
1147 5428 1241 5496 μὲν
1275 5427 1386 5498 ἔχει
1432 5430 1487 5494 ἐξ
1531 5429 1725 5481 ὑπόθε-

217 5514 318 5565 πως
339 5509 419 5560 καὶ
454 5512 574 5580 περὶ
604 5512 874 5567 ὑπόθεσιν.
898 5516 1125 5583 Λέγεται
1152 5518 1205 5571 δὲ
1236 5520 1486 5582 ὑπόθεσις
1521 5521 1721 5592 τριχῶς

533 5646 800 5712 Ριτιιυι..
854 5649 969 5713 Gn.
1020 5654 1100 5714 Χ.

1752 3154 1795 3211 C

1816 449 1919 505 bus
1942 451 2282 505 solummodo
2326 451 2626 507 consistere
2678 454 2958 507 scientiam
2991 456 3374 524 opinabantur.

1816 543 2164 599 Reeentiores
2202 560 2331 597 vero
2365 544 2670 613 philosophi
2720 545 2822 599 hoc
2863 562 3057 600 nomen
3100 550 3382 607 extensius

1814 636 2129 701 dilatavere,
2162 636 2234 689 ita
2260 645 2316 689 ut
2342 653 2449 691 non
2486 648 2690 690 tantum
2740 637 2884 691 circa
2926 638 3297 707 incorpoream
3326 651 3379 693 et

1816 727 2147 794 spiritualem
2186 728 2542 781 substantiam
2576 728 2780 781 versari
2817 729 3256 783 mathematicum
3281 746 3381 783 vo-

1816 818 2034 881 luerint,
2098 818 2191 871 sed
2225 818 2384 872 etiam
2429 820 2572 873 circa
2620 820 2977 873 substantiam
3014 836 3287 889 corporeae
3326 830 3380 877 et

1816 910 2059 965 sensibili
2087 912 2322 964 materia:
2344 911 2665 979 proximam.
2692 910 2857 965 Debet
2882 912 3025 965 enim
3051 916 3382 968 nossetheo-

1818 1000 1951 1053 riam
2009 1000 2245 1055 siderum
2291 1016 2505 1065 cursus,
2558 1000 2895 1066 velocitatis,
2945 1004 3380 1071 magnitudinum

1817 1091 2115 1145 formarum
2145 1107 2208 1145 ac
2234 1091 2644 1155 distantiarum;
2674 1092 2831 1146 debet
2873 1092 3035 1146 etiam
3068 1094 3383 1149 examinare

1817 1185 2088 1253 quomodo
2127 1184 2314 1244 oculos
2366 1183 2597 1237 alliciant
2650 1192 2817 1248 astra,
2872 1185 3243 1254 investigando
3282 1201 3382 1241 cur

1816 1293 1938 1331 cum
1961 1276 2162 1346 qualia,
2196 1286 2288 1330 aut
2318 1284 2519 1345 quanta
2568 1276 2673 1328 sint
2708 1276 2884 1329 sidera
2919 1276 3225 1339 observata,
3271 1292 3381 1331 non

1818 1371 1939 1424 talia
2000 1379 2255 1437 tantaque
2294 1383 2359 1421 ex
2419 1368 2565 1421 omni
2631 1368 2886 1421 distantia
2942 1368 3379 1437 conspiciantur.

1816 1478 1939 1517 eum
1978 1462 2093 1517 haec
2134 1471 2278 1515 astra
2328 1460 2541 1530 quidem
2576 1471 2791 1514 servent
2839 1470 3055 1516 mutuas
3106 1462 3379 1525 rationes,

1816 1553 1909 1608 sed
1947 1554 2233 1607 mendaces
2267 1562 2517 1621 aspectus
2539 1552 2650 1606 sive
2689 1552 2917 1615 ordinis,
2962 1553 3074 1607 sive
3121 1552 3382 1621 positura.

1815 1643 2068 1698 etliciant.
2096 1644 2359 1711 Aspectus
2386 1643 2521 1695 tales
2542 1642 2799 1707 siderum,
2824 1643 2985 1697 modo
3009 1643 3127 1697 ωειὶ
3155 1652 3209 1696 et
3238 1642 3384 1699 aeris

1817 1746 1991 1792 status
2027 1736 2377 1801 determinat,
2422 1737 2583 1791 modo
2625 1738 2863 1805 specula,
2910 1745 3005 1791 aut
3057 1738 3235 1791 omnis
3286 1753 3383 1791 su-

1820 1829 2065 1898 perlicies
2086 1828 2271 1897 polita,
2297 1829 2379 1883 vel
2406 1829 2810 1893 translucentia,
2829 1828 2911 1882 vel
2937 1828 3039 1882 alia
3071 1828 3382 1898 hujusmodi

1821 1935 2046 1988 corpora
2075 1922 2430 1975 constituunt.
2462 1920 2829 1976 Machinarum
2860 1921 3083 1989 insuper
3109 1920 3381 1973 hominem

1820 2012 2050 2080 peritum
2081 2025 2201 2065 esse
2228 2011 2481 2065 volebant
2522 2026 2621 2065 nec
2665 2025 2772 2063 non
2815 2019 3140 2079 geometram
3174 2025 3238 2064 ac
3262 2010 3382 2063 dia-

1820 2102 2102 2166 lecticum;
2130 2100 2261 2170 quin
2293 2102 2458 2155 etiam
2498 2101 2832 2172 symphoniae
2864 2115 3079 2165 vocum,
3122 2116 3185 2156 ac
3230 2115 3382 2155 com-

1820 2192 2107 2263 positionis
2156 2191 2395 2247 musices
2437 2192 2618 2247 causis
2666 2208 2885 2261 operam
2930 2192 3239 2262 impendere
3290 2191 3386 2245 de-

1821 2285 1947 2352 bet;
1992 2300 2113 2353 qua:
2150 2285 2368 2354 quidem
2410 2285 2592 2339 omnia
2636 2299 2863 2354 corpora
2907 2296 3055 2350 sunt,
3106 2285 3190 2339 vel
3234 2300 3385 2339 sum-

1825 2392 1969 2432 mam
2000 2377 2216 2447 quidem
2245 2392 2369 2432 cum
2395 2376 2638 2433 sensibili
2671 2378 2895 2432 materia
2938 2377 3251 2432 relationem
3283 2376 3385 2431 ba-

1825 2472 1972 2525 bent.

1894 2560 2035 2628 Quid
2059 2562 2129 2618 sit
2163 2561 2622 2617 mathematbica?

1894 2652 2271 2708 Mathematica
2293 2662 2373 2708 est
2402 2653 2622 2708 scientia
2646 2652 2881 2708 theorica
2900 2669 3078 2708 rerum
3096 2669 3217 2723 quae
3232 2653 3388 2708 intel-

1826 2745 2057 2816 ligentiae
2070 2753 2125 2799 et
2138 2760 2394 2799 sensuum
2414 2753 2571 2813 captu
2591 2737 3177 2808 percipiuntur,earum
3192 2754 3249 2799 ut
3266 2745 3387 2799 aliis

1827 2836 2016 2891 n0titia
2048 2837 2309 2890 tradatur.
2346 2834 2576 2890 Facetus
2606 2835 2856 2904 quidam,
2888 2850 3143 2890 successu
3188 2836 3385 2903 elatus,

1828 2926 2269 2981 mathematicam
2302 2925 2433 2979 dicit
2461 2938 2581 2979 esse
2612 2925 2751 2978 hanc
2777 2924 3058 2978 scientiam
3081 2964 3097 2991 ,
3128 2940 3249 2993 qua:

1899 3059 2076 3113 Parva
2111 3068 2250 3111 metu
2276 3057 2465 3126 primo,
2496 3072 2617 3110 mox
2644 3073 2751 3111 sese
2780 3056 2972 3109 attollit
3004 3058 3058 3110 in
3083 3074 3242 3111 auras
3267 3100 3283 3122 ,

1901 3129 2300 3201 Ingrediturque
2324 3127 2457 3192 solo,
2489 3138 2537 3180 et
2571 3138 2725 3197 caput
2752 3129 2889 3181 inter
2911 3127 3091 3180 nubila
3117 3130 3315 3182 coudit.

2451 3218 2628 3289 (Vino.
2667 3219 2883 3275 Αέηεὶά.
2911 3235 2984 3287 tv,
3018 3222 3140 3287 176,
3174 3220 3317 3291 177).

1896 3380 2090 3449 Incipit
2111 3382 2254 3435 enim
2279 3394 2309 3432 a
2333 3387 2532 3447 puncto
2554 3388 2607 3434 et
2629 3378 2791 3446 linea,
2822 3395 2947 3435 mox
2982 3380 3181 3437 caelum
3213 3383 3390 3453 ipsum

1828 3487 1891 3528 ac
1917 3474 2099 3527 omnia
2135 3472 2497 3543 amplectitur.

1900 3660 2041 3726 Quot
2068 3662 2458 3717 mathematicae
2490 3663 2709 3734 partes?

1900 3751 2191 3807 Nobilioris
2216 3754 2433 3821 quidem
2466 3763 2516 3807 et
2540 3755 3166 3823 prioris-mathematica
3212 3768 3395 3828 partes

1834 3848 2116 3915 praecipuae
2132 3848 2248 3900 duae
2263 3856 2417 3901 sunt:
2445 3847 2776 3905 arithmetica
2799 3852 3003 3907 scilicet
3018 3854 3391 3921 etgeomeuia.

1833 3934 2222 3990 Mathematica:
2234 3950 2363 3990 vero
2379 3952 2498 4005 qua:
2514 3938 2788 3992 sensibilia
2804 3941 3147 4010 amplectitur
3163 3958 3253 3996 sex
3274 3958 3397 4010 par-

1836 4035 1915 4079 tes
1958 4025 2182 4089 adsunt,
2221 4025 2425 4080 scilicet
2469 4030 2836 4096 computatio,
2878 4032 3159 4101 geodesia,
3197 4036 3393 4101 optica,

1835 4117 2061 4182 musica,
2090 4118 2424 4179 mechanica,
2446 4121 2814 4185 astronomia;
2845 4123 2989 4191 quod
3026 4134 3203 4178 autem
3224 4141 3397 4194 neque

1835 4208 2053 4270 tactica,
2085 4222 2258 4277 neque
2289 4208 2670 4275 architectura,
2702 4227 2876 4281 neque
2902 4213 3135 4282 vulgaris
3167 4216 3396 4281 mnsiia,

1837 4314 2009 4368 neque
2035 4298 2273 4369 physica,
2304 4314 2479 4367 neque
2504 4301 2664 4353 etiam
2696 4317 2786 4356 ars
2810 4302 2900 4356 illa
2924 4318 3044 4372 qum
3076 4311 3397 4375 homonyme

1837 4399 2060 4444 vocatur
2104 4388 2449 4453 mechanica,
2502 4392 2894 4447 mathematica:
2936 4394 3045 4448 sint
3091 4405 3301 4463 partes,
3343 4404 3397 4449 ut

1765 4493 1805 4546 ι)
1835 4484 2052 4552 quidam
2092 4481 2353 4547 credunt,
2402 4481 2541 4536 infra
2582 4484 2852 4539 sermonis
2893 4485 3102 4540 lucidus
3134 4488 3268 4541 ordo
3307 4488 3395 4541 dc-

1832 4576 2175 4628 monstrabit.

1898 4689 2053 4756 Quod
2082 4690 2317 4743 cirenlus
2350 4688 2510 4743 habet
2552 4688 2723 4743 solida
2758 4698 2901 4754 octo,
2936 4692 3251 4760 superﬁcies
3281 4709 3398 4760 sex,

1828 4783 2055 4851 angulos
2077 4791 2424 4850 quatuor.....

1902 4870 2036 4936 Quze
2060 4872 2257 4940 quibus
2284 4871 2679 4925 mathematica:
2701 4872 2942 4939 partibus
2968 4872 3214 4941 proxima
3238 4872 3262 4926 ?

1904 4964 2271 5019 Arithmetica:
2314 4964 2591 5033 propiores
2640 4972 2767 5018 sunt
2816 4966 3147 5033 computatio
3191 4975 3245 5021 et
3282 4981 3388 5020 mu-

1834 5055 1984 5123 sica;
2018 5058 2133 5111 haec
2162 5057 2306 5111 enim
2342 5056 2662 5125 quantitatis
2682 5057 2955 5125 particeps
2978 5058 3275 5111 secundum
3312 5075 3381 5113 ra-

1837 5150 2031 5212 tiones,
2054 5166 2307 5205 numeros
2329 5163 2381 5204 et
2401 5150 2704 5219 analogiam
2726 5150 2799 5203 illi
2822 5152 3237 5221 appropinquat.
3256 5152 3387 5207 Geo-

1836 5244 2044 5297 metriua
2077 5260 2203 5298 vero
2232 5243 2517 5297 viciniores
2542 5242 2717 5311 eptica
2747 5252 2800 5294 et
2823 5243 3092 5310 geodesia.
3121 5242 3399 5302 Ainbabus

1834 5349 2013 5391 autem
2054 5337 2311 5405 proxima:
2350 5335 2661 5389 mechanica
2695 5341 2747 5386 et
2782 5334 3096 5403 astrologia.

1904 5428 2059 5492 Quod
2100 5427 2480 5480 mathematica
2514 5424 2776 5493 principia
2812 5423 2969 5476 habet
3003 5427 3070 5477 ab
3114 5426 3391 5495 hypothesi

1835 5526 1883 5572 et
1922 5519 2066 5572 eirea
2106 5518 2448 5590 hypothesin.
2478 5515 2681 5571 Dicitur
2705 5516 3019 5585 hypothesis
3050 5518 3240 5587 triplex
3263 5560 3276 5584 ,
3312 5522 3393 5574 vel

3069 5655 3107 5716 8
