3950 6210
476 230 581 284 255

1539 228 2044 285 TllEOGNOSTUS
2078 230 2631 290 ALEXANDRINUS.

3595 229 3706 284 256

475 353 638 407 etiam
699 351 999 422 multiplex.
1055 351 1214 406 Juxta
1278 351 1515 420 primum
1579 351 1800 406 modum
1868 353 2032 422 hypo-

2149 353 2174 423 ἢ
2209 355 2300 407 καὶ
2335 356 2633 426 πολλαχῶς.
2679 355 2816 409 Καθ’
2853 353 2948 408 ἕνα
2977 354 3076 426 μὲν
3101 353 3300 425 τρόπον
3331 351 3364 424 ἡ
3398 349 3711 424 δραματικὴ

477 446 697 499 theseon
749 444 1044 498 dramatica
1099 444 1357 513 peripetia
1421 453 1503 499 est
1554 461 1564 495 :
1614 445 1693 498 sic
1761 442 2036 513 Euripidis

476 534 753 605 tragoediae
813 535 1140 606 hypotheses
1197 550 1318 590 esse
1378 534 1653 590 dicuntur.
1717 534 1875 589 Juxta
1951 550 2035 591 se-

473 626 704 680 cundam
750 625 1197 695 signlﬁcationem
1246 626 1300 680 in
1351 625 1618 680 rhetorica
1643 627 1905 695 reperitur
1950 642 2036 682 re-

474 734 592 773 rum
628 719 680 772 in
705 719 882 788 specie
911 718 1240 788 disquisitio,
1275 718 1570 773 secundum
1593 734 1756 788 quam
1779 721 2035 789 sephistze

472 812 659 866 dicunt
702 811 1003 881 ponendam
1043 825 1164 866 esse
1213 810 1560 881 hypothosin.
1611 810 1773 865 Juxta
1819 812 2030 866 tertiam

474 901 920 972 signiﬁcationem
969 901 1279 972 hypothesis
1327 901 1530 956 dicitur
1571 902 1895 970 principium
1943 902 2036 956 de-

474 993 905 1059 monstrationis,
924 994 1112 1063 petitio
1129 1009 1307 1048 rerum
1332 995 1384 1048 in
1412 995 1785 1064 probationem
1809 993 2037 1063 alicujus

472 1084 798 1154 argumenti.
845 1083 972 1148 Sic,
1020 1093 1079 1138 ut
1123 1083 1436 1152 perhibent,
1486 1084 1824 1141 Democritus
1871 1086 2037 1156 hypo-

475 1175 611 1230 thesi
642 1190 775 1230 usus
796 1183 899 1238 est.
921 1177 1119 1232 atomis
1145 1177 1350 1231 scilicet
1371 1184 1424 1230 et
1455 1191 1660 1239 vacuo;
1695 1175 2036 1245 Asclepiades

471 1267 696 1322 materia
727 1277 780 1322 et
809 1268 990 1337 poris;
1037 1266 1417 1323 mathematica
1451 1282 1580 1338 ergo
1619 1267 1774 1337 juxta
1818 1267 2033 1322 tertium

471 1373 690 1412 sensum
719 1358 1086 1429 hypotheseon
1118 1359 1402 1428 accipitur.

542 1451 696 1516 Quod
734 1451 1128 1506 arithmeticam
1157 1467 1266 1507 non
1308 1454 1456 1508 solus
1490 1452 1660 1508 coluit
1684 1450 2036 1524 Pythagoras,

471 1538 564 1592 sed
596 1538 759 1592 etiam
792 1538 1131 1593 celeberrimi
1157 1539 1277 1609 ejus
1305 1541 1579 1612 discipuli,
1607 1541 1699 1611 qui
1735 1541 1913 1598 dicere
1941 1557 2035 1598 so-

471 1632 654 1695 lebant
683 1649 697 1685 :

577 1722 769 1775 Omnia
804 1724 1110 1778 conveniunt
1143 1738 1448 1776 numerem.

537 1809 690 1878 Quod
714 1812 874 1868 ﬁnem
901 1814 1118 1883 quidem
1145 1815 1308 1869 habet
1329 1813 1635 1884 proximum
1664 1816 2032 1886 principaliter

468 1902 810 1984 arithmetica
843 1906 1192 1961 scientiarum
1227 1905 1517 1969 theoriam,
1553 1921 1658 1976 qua
1695 1908 1877 1962 nullus
1908 1908 2031 1962 ﬁnis

468 1995 643 2065 major
669 2005 762 2050 aut
793 1997 1072 2065 pulchrior
1094 2005 1195 2054 est.
1229 1997 1580 2067 Consequens
1605 2008 1783 2053 autem
1803 1998 1926 2055 ﬁnis
1949 2009 2033 2056 est

467 2088 718 2158 colligere
746 2089 909 2143 simul
934 2089 1196 2159 quidquid
1223 2089 1278 2143 in
1301 2089 1604 2145 substantia
1626 2091 1844 2147 deﬁnita
1883 2093 2032 2148 inve-

465 2181 631 2235 nitur.

536 2271 672 2339 Quis
693 2271 896 2340 aliquid
921 2270 1128 2326 invenit
1156 2271 1294 2326 inter
1330 2272 1777 2328 mathematicos?

538 2363 604 2420 Ut
634 2363 905 2420 Eudemus
932 2375 1138 2432 narrat,
1166 2364 1219 2419 in
1251 2363 1551 2436 Astrologia
1583 2381 1702 2430 sua,
1725 2363 2030 2436 (Euopides

463 2453 671 2511 invenit
721 2456 932 2527 primus
989 2457 1196 2514 zodiaci
1243 2457 1530 2525 circulum,
1577 2469 1630 2514 et
1673 2460 1816 2515 anni.
1848 2461 2028 2529 magni

461 2549 910 2615 conversionem;
960 2547 1157 2606 Thales
1210 2549 1342 2605 solis
1375 2550 1616 2621 eclipsim
1651 2593 1667 2618 ,
1707 2561 1760 2606 et
1808 2567 2028 2608 cursum

461 2640 582 2712 ejus
614 2640 755 2696 inter
784 2641 1040 2711 tr0picos,
1069 2656 1284 2712 semper
1320 2641 1404 2697 sui
1431 2642 1780 2711 dissimilem;
1828 2642 2028 2699 Anaxi-

462 2733 690 2788 mander
718 2743 918 2788 terram
960 2748 1082 2789 esse
1122 2748 1321 2804 corpus
1366 2734 1622 2790 libratum
1671 2737 1728 2792 in
1772 2750 1928 2802 aere,
1977 2744 2032 2792 et

463 2823 608 2879 circa
650 2824 836 2879 mundi
881 2839 1038 2880 axem
1076 2826 1313 2892 moveri;
1364 2825 1726 2882 Anaximenes
1769 2827 1952 2882 lunam
1998 2843 2028 2882 a

463 2917 578 2971 sole
617 2916 798 2970 lumen
855 2917 1143 2986 accipere,
1201 2925 1257 2972 et
1313 2916 1534 2972 modum
1587 2917 1825 2974 defectus
1875 2919 2024 2988 ejus;

465 3009 643 3062 caeteri
667 3021 796 3062 vero
825 3007 913 3062 his
950 3007 1081 3062 olim
1122 3008 1357 3065 inventis
1385 3007 1604 3064 inventa
1651 3009 1755 3064 alia
1805 3010 2027 3067 addide-

465 3107 611 3153 runt.

535 3190 688 3256 Quod
714 3191 889 3261 primo
915 3191 1092 3247 sidera
1118 3192 1226 3247 ﬁxa
1261 3202 1548 3248 moventur
1581 3194 1728 3250 circa
1753 3209 1906 3250 axem
1934 3210 2030 3266 per

2143 448 2480 515 περιπέτεια,
2507 446 2627 500 καθ’
2653 447 2711 500 ὃν
2737 447 2980 516 λέγονται
3005 441 3143 499 εἶναι
3170 445 3450 506 ὑποθέσεις
3467 441 3574 495 τῶν
3597 442 3710 495 E6-

2143 536 2348 608 ριπίδου
2393 538 2700 609 δραμάτων.
2747 537 2883 592 Καθ’
2921 538 3105 607 ἕτερον
3136 537 3194 591 δὲ
3233 535 3629 608 σημαινόμενον
3675 533 3710 603 ἠ

2140 630 2197 681 ὲν
2235 631 2492 700 ῥητορικῇ
2523 629 2631 682 τῶν
2661 630 2751 682 ἐπὶ
2777 630 2973 701 μέρους
2997 628 3247 700 ζήτησις,
3284 627 3403 679 καθ’
3432 626 3490 678 ὃν
3517 624 3711 693 λέγουο

2143 736 2223 772 σιν
2250 722 2300 772 οἱ
2329 721 2577 789 σοφισταὶ
2605 721 2782 774 θετέον
2807 720 3076 773 ὑπόθεσιν.
3111 718 3266 771 Κατὰ
3289 718 3345 770 δὲ
3360 716 3545 787 τρίτην
3573 717 3713 768 ὑπο-

2138 812 2297 884 ϐολὴν
2327 811 2582 876 ὑπόθεσις
2615 813 2830 880 λέγεται
2865 813 2897 883 ἡ
2945 811 3206 884 ἀρχὴτῆς
3237 807 3585 871 ἀποδείξεως,
3624 807 3709 859 αῐ-

2136 922 2295 976 τησις
2326 900 2460 958 οὖσα
2495 905 2832 976 πραγμάτων
2865 906 2943 966 εἰς
2972 903 3315 973 κατασκευήν
3355 918 3515 963 τινος.
3548 898 3708 952 Οὕτω

2141 996 2239 1066 μὲν
2283 995 2498 1065 λέγεται
2544 996 2879 1067 Δημόκριτον
2919 995 3170 1048 ὑποθέσει
3214 993 3448 1065 χρῆσθαι
3480 991 3708 1062 ἀτόμοις

2139 1086 2230 1138 καὶ
2267 1086 2428 1157 κενῷ,
2459 1086 2550 1140 καὶ
2603 1085 2997 1156 Ἀσκληπιάδης
3031 1085 3212 1153 ὄγκοις
3255 1085 3350 1136 καὶ
3376 1084 3579 1154 πόροις.
3641 1083 3708 1134 Ἠ

2139 1171 2232 1228 οὖν
2249 1175 2601 1248 μαθηματικὴ
2631 1176 2760 1248 περὶ
2786 1176 2882 1247 τὴν
2906 1175 3094 1247 τρίτην
3127 1174 3351 1244 εἵληται.

2213 1445 2334 1496 ’Ότι
2369 1442 2468 1514 τὴν
2493 1441 2854 1514 ἀριθμητικὴν
2886 1441 2944 1495 οὐ
2977 1441 3136 1512 μόνος
3163 1441 3324 1512 ἐτίμα
3361 1441 3710 1513 Πυθαγόρας,

2143 1533 2275 1589 ἀλλὰ
2303 1534 2396 1588 καὶ
2420 1535 2469 1587 οἱ
2499 1534 2686 1587 τούτου
2718 1533 2982 1604 γνώριμοι
3014 1532 3366 1600 ἐπιλέγοντες·

2346 1623 2576 1696 ,ἀριθμῶ
2600 1624 2668 1678 δὲ
2693 1643 2756 1678 τε
2785 1627 2954 1679 παιδῖ
2991 1625 3281 1678 ἐπέοικεν.

2209 1828 2326 1880 ’Ὁτι
2351 1826 2502 1889 τέλος
2540 1826 2636 1896 μὲν
2668 1824 2780 1895 ἔχει
2813 1822 3099 1878 ἀκόλουθον
3141 1823 3470 1895 ἀριθμητικὴ
3501 1822 3714 1894 κυρίως

2145 1920 2262 1990 μὲν,
2295 1919 2392 1988 τὴν
2423 1916 2850 1988 ὲπιστημονικὴν
2883 1915 3112 1987 θεωρίαν
3139 1910 3207 1987 ἦς
3234 1915 3381 1968 οὐδὲν
3404 1915 3555 1979 τέλος
3581 1916 3712 1970 οὒτε

2141 2009 2324 2079 μεῖζον
2351 2006 2475 2060 οὔτε
2505 2006 2718 2060 κάλλιόν
2755 2007 2920 2059 ἐστιν.
2962 2005 3269 2074 Ἐπομένως
3298 2005 3374 2068 δὲ,
3404 2005 3714 2077 συλλήϐδην

2137 2098 2462 2154 καταλαϐεῖν
2493 2097 2632 2150 πόσα
2651 2099 2714 2168 τῇ
2747 2095 3021 2168 ὡρισμένῃ
3053 2095 3211 2166 οὐσίᾳ
3233 2095 3593 2167 συμϐέϐηκεν.

2207 2277 2300 2341 Τίς
2333 2294 2386 2329 τι
2407 2267 2562 2347 εὗρεν
2586 2275 2644 2327 ὲν
2668 2273 3093 2344 μαθηματικοῖς;

2205 2370 2452 2439 Εὔδημος
2481 2367 2681 2436 ἱστορεῖ
2715 2365 2772 2416 ὲν
2797 2366 2915 2427 ταῖς
2941 2365 3342 2436 ἀστρολογίαις,
3373 2362 3454 2414 ὅτι
3481 2363 3702 2415 Οἰνοπί-

2135 2463 2231 2533 δης
2261 2454 2382 2532 εὗρε
2413 2457 2629 2530 πρῶτος
2655 2455 2752 2525 τὴν
2781 2453 2875 2507 τοῦ
2905 2453 3167 2520 ζωδιακοῦ
3201 2452 3450 2518 διάξωσιν
3482 2453 3573 2506 καὶ
3605 2453 3712 2524 τὴν

2135 2552 2227 2606 τοῦ
2290 2550 2520 2622 μεγάλου
2574 2545 2818 2600 ἐνιαυτοῦ
2877 2546 3211 2618 περίστασιν.
3255 2544 3433 2616 Θαλῆς
3462 2545 3517 2597 δὲ
3549 2546 3709 2615 ἡλίου

2135 2643 2365 2714 ἔλλειψιν
2414 2642 2507 2696 καὶ
2536 2638 2634 2710 τὴν
2665 2637 2803 2691 κατὰ
2846 2636 3052 2708 τροπὰς
3094 2635 3256 2690 αὑτοῦ
3304 2636 3568 2707 περίοδον,
3629 2637 3712 2700 ὡς

2135 2737 2232 2790 οὐκ
2268 2734 2356 2805 ἴση
2384 2735 2470 2788 ἀεὶ
2497 2729 2808 2803 σμμϐαίνει.
2857 2726 3268 2798 Ἀναξίμανδρος
3297 2727 3353 2780 δὲ
3377 2728 3458 2780 ὅτι
3492 2727 3643 2780 ἐστὶν
3673 2729 3711 2798 ἡ

2135 2828 2206 2899 γῆ
2235 2827 2502 2898 μετέωρος
2527 2823 2622 2878 καὶ
2655 2823 2882 2876 κινεῖται
2911 2819 3040 2890 περὶ
3069 2818 3128 2870 τὸ
3154 2817 3247 2870 τοῦ
3277 2817 3477 2888 κόσμου
3513 2817 3703 2887 μέσον.

2148 2919 2498 2990 Ἀναξιμένης
2532 2916 2621 2981 δὲ,
2673 2915 2754 2967 ὃτι
2790 2915 2823 2982 ή
2859 2911 3054 2982 σελήνη
3097 2912 3161 2963 ὲκ
3196 2909 3290 2963 τοῦ
3315 2909 3468 2980 ἡλίου
3500 2908 3614 2978 ἔχει
3646 2909 3712 2961 τὸ

2138 3012 2253 3082 φῶς
2280 3011 2374 3064 καὶ
2402 3009 2526 3062 τίνα
2559 3006 2796 3059 ἐκλείπει
2821 3005 3041 3076 τρόπον.
3080 3003 3144 3055 Οἱ
3171 3001 3228 3055 δὲ
3263 3001 3436 3057 λοιποὶ
3475 3000 3710 3071 ἐξευρη-

2051 3113 2094 3172 C
2129 3105 2314 3177 μένοις
2341 3101 2546 3162 τούτοις
2571 3095 2835 3160 ἐπέταξαν
2860 3095 3041 3166 ἕτερα.

2203 3199 2324 3250 Ὀτι
2348 3196 2397 3248 οἱ
2427 3192 2682 3253 ἀπλανεῖς
2709 3188 2978 3260 κινοῦνται
3000 3186 3126 3259 περὶ
3158 3184 3248 3238 τὸν
3273 3183 3361 3238 διὰ
3388 3183 3494 3236 τῶν
3525 3183 3710 3238 πόλων

465 3284 620 3353 polos
667 3293 1070 3349 transeuntem;
1115 3284 1354 3342 secundo
1385 3287 1531 3355 quod
1572 3287 1812 3341 errantia
1853 3287 2029 3343 sidera

2149 3289 2294 3355 ἱξονα
2322 3285 2569 3356 μένοντα,
2601 3284 2648 3335 οἱ
2675 3281 2730 3334 δὲ
2753 3276 3090 3350 πλανώμενοι
3116 3276 3242 3348 περὶ
3260 3275 3351 3329 τὸν
3377 3275 3470 3329 τοῦ
3509 3275 3712 3340 ζωδια-

467 3374 612 3429 circa
648 3376 1144 3445 perpendicularem
1182 3393 1336 3433 axem
1375 3378 1583 3434 zodiaci
1621 3394 1742 3434 sese
1778 3378 2027 3450 fugiunt;

466 3467 611 3536 quod
649 3468 865 3524 demum
908 3469 1137 3524 ﬁxorum
1175 3478 1230 3526 et
1265 3470 1562 3525 errantium
1601 3471 1836 3525 siderum
1875 3471 2030 3535 axis,

467 3559 885 3630 penledecagoni
929 3561 1070 3618 latus
1110 3571 1213 3626 est,
1257 3561 1402 3634 quod
1431 3561 1592 3618 habet
1617 3562 1818 3634 gradus
1844 3562 2031 3633 viginti

466 3658 718 3717 quatuor.

2132 3377 2230 3433 κοῦ
2262 3377 2395 3449 πρὸς
2415 3375 2576 3447 ὀρθὰς
2605 3374 2732 3426 ὄντα
2754 3371 2916 3438 ἄξονα
2941 3367 3086 3439 αὐτῷ
3117 3368 3408 3438 ἀπέχουσιν
3435 3367 3707 3438 ἀλλήλωνο

2131 3471 2213 3523 ὅτι
2251 3467 2341 3520 τὸν
2387 3465 2494 3519 τῶν
2524 3463 2776 3520 ἀπλανῶν
2831 3461 2924 3516 καὶ
2978 3459 3084 3513 τῶν
3133 3457 3494 3529 πλανωμένων
3538 3457 3710 3522 ἄξονα

2138 3555 2702 3626 πεντεκαιδεκαγώνου
2733 3552 2969 3623 πλευρὰν
2999 3549 3054 3603 οἴ
3074 3550 3178 3602 είσι
3204 3551 3382 3621 μοῖραι
3406 3549 3709 3602 εἰκοσιτέσ-

2139 3666 2318 3722 σαρες.

477 3812 3697 3842 m

1613 3981 1796 4024 CIBCA
1836 3980 2063 4024 ANNUM
2121 3978 2350 4023 DOMINI
2405 3979 2563 4021 CCLX

576 4117 1980 4277 THEOGNOSTUS

2141 4117 3367 4274 ALEXANDRIN
3375 4110 3612 4272 US

1813 4510 2416 4629 NOTITIA

1209 4701 1498 4764 (Gutum,
1545 4698 1836 4752 Bibliotheca
1874 4705 2084 4751 veterum
2105 4697 2331 4758 Patrum,
2360 4693 2449 4756 Ill,
2478 4694 2674 4756 Proles.
2703 4707 2813 4757 pag.
2843 4694 2990 4758 χιιι.)

469 4952 508 5010 ι.
557 4953 670 5032 Cur
714 4952 1023 5027 Theognosti
1073 4957 1212 5011 haud
1260 4960 1588 5013 meminerint
1644 4960 1903 5018 Eusebius
1952 4973 1999 5016 et
2049 4961 2422 5032 Hieronymus.
2487 4959 2620 5030 Ejus
2660 4969 2834 5014 tamen
2885 4957 3120 5014 meminit
3171 4971 3288 5010 cum
3343 4953 3502 5008 laude
3535 4952 3716 5008 Atha.

545 5027 749 5080 uasius.

474 5094 558 5170 ll._
587 5093 794 5151 Schola:
837 5095 1211 5170 Alexandrina:
1257 5098 1470 5170 prajfuit
1518 5112 1632 5168 post
1677 5098 1934 5154 Pieriam.
1988 5100 2064 5154 De
2092 5112 2315 5169 tempore
2357 5117 2457 5170 quo
2485 5100 2714 5159 claruit,
2755 5099 3057 5170 disseritur.
3111 5093 3396 5170 Sacrorum
3445 5093 3709 5170 librorum

542 5168 879 5240 interpretem
920 5167 1043 5236 egit.
1099 5164 1321 5238 Scripsit
1349 5164 1762 5240 l'lypot'yposeon
1808 5170 1972 5222 libros
2003 5185 2099 5237 vu,
2140 5164 2254 5239 jam
2284 5164 2483 5224 dudum
2511 5170 2828 5239 deperditus.
2884 5167 3087 5222 Horum
3119 5165 3410 5220 summaria
3437 5164 3615 5231 capita
3639 5178 3711 5214 ea:

547 5235 736 5305 Phintia
761 5235 1051 5305 proposita.

477 5302 574 5381 lll._
611 5302 802 5376 Iniqua
817 5302 916 5381 _de
965 5307 1285 5377 Theognosto
1327 5309 1505 5365 Photii
1553 5325 1798 5381 censura
1822 5308 2070 5381 diluitur.
2123 5310 2360 5381 Gregorii
2394 5307 2624 5381 A’ysseni
2671 5309 2734 5363 de
2766 5308 2944 5362 eodem
2973 5307 3219 5381 scriptore
3246 5305 3388 5381 locus
3419 5316 3708 5381 expensus.

548 5373 574 5427 Ι
582 5384 666 5428 nte

548 5393 570 5427 ι
582 5393 763 5496 ntegra

542 5445 661 5497 exlti
700 5448 796 5501 ita.

545 5586 586 5639 l.
628 5585 698 5639 De
744 5585 1091 5660 Theognosto
1137 5591 1503 5648 Alexandrino
1554 5591 1689 5646 nihil
1747 5591 2035 5658 Eusebius,

475 5674 608 5729 nihil
661 5675 786 5732 item
833 5677 1209 5752 Hieronymus.
1273 5683 1338 5739 Et
1378 5682 1765 5756 Hieronymum
1819 5684 2034 5755 quidem

704 5374 763 5452 ra
816 5374 1124 5449 Theognosti
1169 5381 1297 5450 ﬁdes
1340 5381 1682 5449 prwdicatur.
1729 5379 1864 5448 Ejus
1907 5374 2326 5452 Hypotyposéon
2376 5374 2674 5450 fragmenta
2703 5395 2767 5433 ea:
2793 5393 2980 5449 magno
3020 5376 3310 5431 Athanasio
3353 5374 3623 5440 descripta
3657 5382 3711 5424 et

2145 5599 2408 5647 tacentem
2443 5591 2588 5646 haud
2621 5591 2808 5645 mirari
2833 5590 3011 5646 subit:
3039 5590 3131 5658 qui
3157 5589 3401 5644 videliCet
3424 5589 3597 5642 decem
3619 5605 3713 5640 ec-

2145 5681 2451 5737 clesiastica
2477 5681 2724 5736 Historitc
2750 5681 2910 5736 libros
2935 5682 3003 5738 ab
3030 5680 3260 5737 Eusebio
3290 5679 3709 5750 Pamphilicon-
