3918 6194
225 276 299 329 9'37

224 397 400 463 srriptos
422 393 641 445 maxime
668 392 765 445 sibi
792 394 1096 463 adjumento
1132 397 1294 467 fuisse
1320 398 1603 467 proﬁtetur
1638 396 1713 467 (l)
1747 397 1787 451 A

224 490 268 544 iu
304 489 351 541 iis
383 486 497 540 viris
535 486 837 541 illustribus
882 491 1264 558 recensendis,
1313 493 1407 562 qui
1447 502 1571 547 ante
1622 509 1719 548 sua

224 592 405 649 tempora
450 580 502 632 in
532 578 771 635 Ecclesia
797 579 1062 649 ﬂoruere;
1117 593 1175 637 ut
1212 594 1493 655 propterea
1530 586 1722 643 silente

220 674 394 728 Eusebio
436 673 643 728 siluerit
700 682 753 728 et
788 675 980 730 doctor
1027 677 1317 732 maximus.
1372 679 1442 732 At
1484 680 1720 750 episcopi

215 766 504 820 Ctsauensis
569 778 881 836 suspectum
952 768 1168 822 videtur
1221 785 1343 825 esse
1400 771 1717 837 silentium;

210 859 375 928 quippe,
390 858 474 926 qui
495 858 822 913 Arianorum
854 859 1034 914 fautor
1059 877 1123 916 ac
1145 871 1428 932 patronus,
1448 865 1721 934 przeterire

208 949 489 1004 consueverit
515 965 645 1019 qua:
676 950 823 1005 illius
859 961 1019 1006 sectae
1042 953 1296 1023 dogmata
1332 963 1609 1024 utcunque
1637 956 1720 1009 in-

206 1041 388 1108 fringere
423 1041 750 1109 potuissent,
797 1052 858 1097 ut
901 1045 1154 1112 superius
1192 1060 1257 1099 ex
1290 1044 1485 1100 Photio
1516 1046 1592 1117 (2)
1624 1048 1719 1102 de-

204 1130 609 1197 monstravimus;
649 1132 893 1202 adeoque
922 1134 1195 1190 immerito
1216 1136 1396 1191 Caveo
1428 1140 1503 1208 (5)
1531 1150 1583 1195 et
1615 1140 1721 1194 Fa-

202 1222 331 1274 bricio
352 1220 420 1290 (ι)
446 1221 623 1276 visum
653 1232 737 1278 est
766 1224 1011 1293 iniquum
1040 1225 1260 1282 Baronii
1291 1229 1581 1298 judicium,
1608 1249 1718 1301 quo

199 1309 436 1366 Eusebium
468 1309 824 1384 TheOgnosti,
850 1316 1225 1388 theologorum
1245 1320 1599 1388 celeberrimi,
1620 1339 1719 1378 no-

196 1419 287 1456 men
313 1414 359 1457 et
383 1405 577 1474 scripta
610 1406 738 1462 dolo
761 1408 905 1464 malo
930 1412 1341 1480 praetermisisse
1394 1418 1714 1484 pronuntia-

196 1498 508 1568 vit(5);quod
535 1500 798 1555 nimirum
829 1501 923 1557 τοῦ
940 1505 1224 1575 ὁμοουσίου
1251 1515 1504 1563 strenuus
1525 1508 1718 1565 fuisset

194 1600 401 1643 assertor.
450 1589 584 1660 Ejus
634 1600 815 1648 tamen
850 1610 972 1649 cum
1019 1598 1243 1653 honoris
1284 1599 1597 1668 praefatione
1630 1619 1715 1657 se-

196 1682 273 1735 mel
315 1682 607 1753 iterumque
651 1687 900 1741 meminit
948 1703 1179 1758 magnus
1210 1689 1573 1758 Athanasius;
1627 1695 1713 1748 cui

192 1774 343 1827 dicitur
374 1774 445 1842 (6)
487 1775 631 1846 ἀνὴρ
660 1776 857 1844 λόγιος,
890 1778 967 1831 vir
995 1778 1243 1844 disertus,
1280 1791 1333 1834 et
1362 1781 1439 1850 (7)
1464 1781 1708 1851 Θεόγνω-

194 1878 285 1925 ετος
319 1865 343 1916 ὁ
372 1864 668 1933 Θαυμάσιος
693 1868 785 1921 καὶ
819 1868 1120 1934 σπουδαῖος,
1156 1870 1498 1926 admirandus
1527 1873 1617 1928 ille
1649 1892 1710 1929 ac

191 1955 405 2009 studiosus
437 1954 816 2026 Theognostus.

242 2044 289 2097 ll.
325 2044 526 2101 Schola:
574 2048 924 2103 catecheticae
965 2049 1344 2107 Alexandrina:
1394 2053 1707 2123 praefectum

192 2135 321 2192 fuisse
343 2138 748 2210 Theognostum
784 2152 908 2212 post
938 2141 1200 2208 Pierium,
1257 2160 1320 2199 ex
1347 2144 1593 2216 Philippo
1625 2146 1708 2201 Si—

190 2228 280 2281 dete
305 2228 367 2295 (8)
396 2231 802 2299 comperimus;
863 2233 1106 2303 adeoque
1134 2249 1231 2303 pro
1258 2233 1509 2289 Dodwelli
1548 2239 1709 2292 ratio-

192 2318 313 2371 nibus
350 2320 422 2386 (9)
458 2318 607 2375 Caro
659 2321 960 2391 imperante
1007 2325 1270 2381 claruisse
1312 2327 1456 2381 circa
1504 2344 1706 2383 annum

190 2424 412 2465 ccuuu.
469 2410 728 2483 Origenis
760 2431 891 2470 vero
940 2417 1117 2486 ipsum
1147 2416 1317 2474 fuisse
1358 2419 1707 2489 discipulum,

191 2502 254 2554 vel
290 2504 463 2557 saltem
498 2506 624 2575 ejus
657 2522 881 2576 operum
916 2509 1403 2580 studiosissimum,
1455 2516 1587 2571 satis
1620 2516 1706 2570 in-

189 2607 316 2645 noere
360 2593 583 2651 Pbotius
632 2599 847 2653 videtur
894 2601 1023 2672 (l0).
1094 2600 1347 2659 Proxime
1396 2616 1541 2660 certe
1585 2617 1709 2677 post

188 2682 419 2755 Origenem
442 2691 728 2745 exstitisse
760 2691 1162 2765 'I‘heognostum
1194 2711 1261 2752 ex
1291 2712 1356 2753 eo
1380 2700 1705 2771 colligimus,

188 2783 297 2843 quod
347 2791 563 2836 sanctus
622 2784 957 2841 Athanasius
1007 2798 1297 2860 utrumque
1349 2792 1705 2863 conjungens,

189 2870 399 2935 παλαιοὺς
435 2874 662 2947 ἄνδρας.
692 2878 891 2946 priscos
915 2880 1075 2943 viros,
1110 2883 1340 2951 appellat
1384 2886 1517 2955 (11).

240 2963 437 3033 Scripsit
481 2978 673 3022 autem
724 2977 914 3024 auctor
951 2979 1131 3026 noster
1172 2974 1332 3041 plena
1374 2975 1608 3032 dictione
1641 2992 1708 3034 ac

187 3053 294 3123 ston
318 3059 597 3127 perspicuo
625 3061 793 3118 libros
823 3078 898 3116 vn
950 3065 1355 3122 lustitutionum
1379 3069 1707 3142 theologica-
1731 3088 1773 3146 ρ

188 3159 294 3207 rum,
330 3147 433 3213 jam
479 3150 574 3204 diu
628 3152 970 3222 deperditus;
1025 3173 1258 3226 quorum
1295 3162 1701 3232 inscriptionem

188 3236 239 3289 ita
261 3236 399 3293 refert
431 3241 571 3296 idem
602 3242 830 3302 Photius
862 3248 972 3317 (12)
1002 3268 1016 3302 :
1042 3249 1145 3303 Τοῦ
1180 3254 1448 3323 μακαρίου
1466 3255 1705 3323 Θεογνώ-

188 3341 280 3379 στου
301 3330 681 3405 Ἀλεξανδρέως
705 3338 799 3390 καὶ
826 3338 1704 3411 ἐξηγητοῦ,⁹Υποτυταὶ›ςεις.Βειιιί

188 3416 461 3493 Tlteognosti
505 3428 882 3493 Alexandrini,
932 3450 1203 3487 sacrarunt
1252 3436 1505 3490 librorum
1540 3439 1703 3492 inter-

185 3516 736 3589 pretis,llypotyposes.
776 3521 841 3576 Et
888 3522 1034 3577 illam
1086 3527 1301 3594 quidem
1348 3544 1533 3583 vocem
1576 3530 1699 3603 ἐξη-

186 3606 311 3672 γητοῦ
359 3611 558 3665 scholae
611 3613 951 3669 eatechetica:
974 3620 1344 3685 praefecturam
1366 3621 1704 3693 docendique

1748 1733 1788 1789 Β

186 3709 340 3751 munus
390 3703 673 3769 publicum
720 3706 995 3774 denotare,
1046 3710 1333 3781 ipsumque
1368 3715 1545 3782 operis
1576 3718 1703 3770 titti-

186 3784 266 3878 |_um
294 3796 336 3847 Ἰ
352 3798 698 3861 meo-rubeat;
726 3813 756 3852 a
785 3799 1059 3857 Clemente
1092 3804 1375 3860 decessore
1402 3810 1701 3878 sumpsisse

184 3875 567 3955 Tbeognostum,
598 3905 721 3945 cum
750 3890 1025 3949 DodWello
1052 3897 1450 3954 existimamus.
1504 3875 1698 3973 Singu-A

183 3973 317 4033 lorum
343 3998 465 4039 vero
491 3987 764 4043 librorum
793 4003 1129 4060 argumenta,
1176 3997 1364 4051 eodem
1390 3976 1580 4053 Photio
1611 4016 1696 4054 re-

184 4082 422 4140 censente,
469 4088 605 4133 sunt
634 4079 921 4148 ejusmodi.
977 4081 1161 4139 Primo
1203 4085 1341 4141 libro
1374 4088 1441 4142 de
1466 4087 1571 4143 Deo
1596 4087 1696 4143 Pa-

182 4166 242 4213 tre
265 4164 373 4233 egit,
400 4183 644 4238 eumque
667 4186 787 4226 esse
816 4188 995 4229 rerum
1026 4176 1297 4246 opiﬁcem,
1330 4194 1505 4249 neque
1536 4192 1696 4235 mate-

182 4254 284 4309 riam
325 4259 392 4313 illi
434 4272 773 4318 comternam
808 4283 926 4321 esse
980 4268 1393 4325 demonstravit.
1453 4271 1700 4327 Secundo

183 4351 510 4407 necessitatem
543 4355 846 4411 existentiaa
874 4356 994 4412 Filii
1021 4364 1275 4417 escendit.
1317 4361 1497 4419 Tertio
1526 4363 1700 4433 Spiri-

183 4442 265 4490 tum
286 4456 521 4498 sanctum
555 4461 693 4510 esse,
719 4453 1049 4518 argumentis
1070 4454 1249 4509 evicit.
1281 4454 1485 4521 Quarto
1511 4429 1579 4511 de
1602 4472 1698 4510 an-
1730 4429 1772 4482 D

182 4529 279 4594 gelis
319 4546 369 4589 et
408 4537 755 4596 daemonibus
801 4547 1160 4612 pertractavit.
1222 4546 1425 4610 Ouiuto
1458 4559 1512 4604 et
1546 4560 1697 4605 sexto

232 4731 292 4810 ll)
328 4733 567 4810 llicron.,
596 4742 748 4810 praef.
783 4743 845 4797 ad
875 4746 967 4800 lih.
1003 4745 1075 4800 De
1103 4748 1227 4801 viris
1258 4748 1453 4801 illustr.

232 4801 291 4881 (ἓ)
326 4806 497 4881 [’hot.,
516 4801 803 4881 _Bibl.cod.
841 4815 961 4871 127.
1143 4874 1149 4881 ,

230 4874 289 4957 (ξ)
321 4876 444 4957 ρεγ.
468 4879 757 4957 neque.
780 4886 851 4957 ad
874 4902 963 4939 an.
993 4886 1117 4957 283,
1143 4874 1256 4941 tom
1282 4887 1322 4948 l,
1350 4905 1468 4957 pag.
1498 4892 1616 4946 M7.

329 4932 572 5028 EahricJ

328 5016 518 5099 {larum
545 5012 769 5099 adﬁann.
798 5025 918 5091 109,
1008 5028 1095 5082 59.

235 5090 293 5151 (6)
328 5090 517 5144 Athan.
540 5135 554 5158 ,
592 5092 664 5145 De
697 5094 897 5150 Decret.
932 5090 1053 5152 Nic.
1084 5114 1200 5167 syn.
1232 5115 1381 5153 num.
1416 5100 1519 5165 25,
1550 5100 1686 5171 Opp.

184 5158 284 5227 ίῢῐη.
305 5153 340 5216 1,
366 5173 497 5227 part.
522 5182 567 5225 ι,
604 5179 721 5227 pag.
751 5168 876 5220 250.

268 5198 284 5213 .
307 5182 340 5216 ι,
366 5182 497 5225 part.
522 5182 567 5225 ι,
604 5182 721 5225 pag.
751 5182 876 5220 zstu.

200 5179 284 5213 υιιι.
307 5179 340 5216 ι,
366 5179 497 5227 part.
522 5182 567 5225 ι,
604 5179 721 5232 pag.
751 5179 876 5220 2:30.

198 5225 293 5315 ⁴’(7)
425 5234 658 5315 epist}
680 5277 694 5299 ,
744 5240 810 5291 ad
847 5238 1127 5308 Serapion.
1151 5278 1167 5305 ,
1196 5256 1345 5294 num.
1380 5241 1445 5305 9,
1479 5251 1610 5295 tom.
1644 5240 1683 5306 Ι,

186 5306 286 5373 (θεῖε.
317 5308 369 5360 ll,
396 5317 514 5373 pag.
550 5304 670 5359 702.

220 5365 295 5441 l8)
328 5365 491 5451 Ptiij
510 5374 648 5439 Sid..
701 5374 842 5451 llis}.
890 5375 1062 5435 Serm.
1105 5380 1176 5435 21
1222 5383 1363 5451 apud
1398 5381 1584 5438 Dodw.
1620 5383 1686 5438 ad

189 5431 365 5496 Desert.
392 5444 523 5500 lreu.
558 5431 679 5518 pag.
704 5446 826 5504 488.

1616 268 1915 325 NOTITIA.

3276 278 3381 333 238

1818 393 1882 445 de
1932 393 2307 449 luem-natione
2349 393 2476 459 Dei,
2532 410 2761 465 eamque
2807 397 3116 467 possibile-ni
3148 414 3268 452 esse
3298 416 3386 453 ar-

1822 486 1956 554 guit.
2010 484 2269 541 Ultimum
2313 487 2545 552 denique
2584 489 2647 541 de
2673 488 2769 541 Dei
2794 490 3056 541 creatione
3087 490 3382 558 inscripsit.

1893 576 1978 633 lll.
2020 578 2187 634 Porro
2236 582 2351 635 haec
2399 596 2639 635 reterens
2696 579 2943 645 Photius,
2997 581 3384 650 complura,iu

1822 670 2169 742 Theognosto
2212 674 2586 743 reprehendit;
2639 672 2780 742 quod
2814 672 3100 740 Origenem
3145 684 3384 728 assecta-

1825 778 1931 835 tus,
1964 770 2104 823 haud
2136 786 2306 839 pauca
2338 788 2399 824 ex
2435 772 2553 839 ejus
2582 770 2733 823 libris
2764 768 2903 836 Περὶ
2949 769 3150 837 ἀρχῶν
3189 770 3385 823 hause-

1822 862 1921 926 rit,
1975 877 2203 917 erronea
2234 864 2393 931 plane
2423 873 2585 932 atque
2614 880 2644 917 a
2670 863 2892 916 veritate
2934 862 3128 914 aliena.
3184 860 3381 915 Verum

1820 952 1889 1005 ab
1932 952 2033 1006 hac
2071 950 2331 1006 Photiana
2369 969 2600 1007 censura
2644 957 2961 1021 scriptorem
2991 964 3237 1005 nostrum
3267 952 3386 1007 viu-

1818 1041 2072 1096 dicarunt
2121 1043 2222 1096 viri
2277 1043 2453 1104 «loeti,
2506 1041 2770 1112 Georgius
2813 1042 2997 1096 Bullus
3028 1043 3135 1112 (15)
3171 1050 3223 1094 et
3248 1040 3386 1095 Pru-

1820 1131 2037 1186 dentius
2088 1131 2341 1187 Maranus
2372 1133 2483 1202 (l4)
2522 1151 2534 1186 :
2566 1150 2795 1202 quorum
2849 1133 2996 1202 prior
3038 1142 3091 1187 et
3125 1133 3253 1187 illud
3290 1134 3386 1187 ad-

1819 1228 1999 1293 vertit,
2040 1226 2291 1282 Photium
2344 1242 2453 1297 pra:
2504 1227 2769 1282 acerrimo
2807 1227 3066 1280 adversus
3097 1224 3383 1295 Origenem

1819 1319 1966 1387 odio,
2019 1328 2072 1373 et
2100 1321 2153 1373 in
2183 1318 2586 1388 Theognostum
2618 1318 2735 1388 ejus
2761 1318 3022 1372 asseclam
3054 1327 3107 1372 et
3136 1318 3383 1373 defenso-

1820 1428 1931 1466 rem
1972 1412 2141 1467 fuisse
2173 1413 2450 1481 iniquum;
2509 1422 2899 1480 proptereaque
2943 1410 3142 1479 scripta
3172 1410 3294 1479 ejus
3327 1410 3381 1464 in

1821 1503 2014 1556 malam
2045 1511 2252 1573 partem
2278 1503 2551 1572 accepisse
2571 1545 2583 1568 ,
2621 1518 2714 1557 seu
2758 1502 2936 1572 potius
2963 1501 3030 1555 ab
3060 1502 3183 1556 aliis
3209 1503 3381 1573 accipi

1818 1597 2073 1652 voluisse.

1888 1687 2004 1741 Non
2037 1689 2208 1743 solum
2252 1704 2377 1743 vero
2401 1689 2452 1742 in
2483 1688 2659 1743 Photii
2690 1687 3162 1756 reprehensionem
3196 1688 3382 1741 incidit

1819 1778 2216 1851 Tbeoguostus,
2255 1781 2346 1835 sed
2374 1781 2426 1834 in
2459 1797 2523 1835 eo
2551 1780 2807 1833 nonnulla
2834 1795 3050 1848 quoque
3075 1779 3381 1847 diSplicuis-

1817 1889 1877 1927 se
1900 1872 2161 1943 Gregorio
2184 1874 2427 1944 Nysseno
2447 1882 2782 1942 compertum
2811 1872 3091 1925 habemus.
3121 1870 3376 1924 Siceuim

1817 1963 1905 2016 ille
1956 1973 2143 2017 contra
2179 1961 2506 2017 Eunomium
2541 1964 2783 2018 scribens
2814 1962 2925 2032 (l5)
2954 1980 2966 2016 :
2998 1961 3188 2014 Κοιὶοὺ
3221 1961 3378 2031 μόνος

1817 2057 1873 2107 ὲν
1904 2054 2073 2124 τούτῳ
2114 2054 2452 2126 πεπλάνηται
2483 2055 2623 2109 κατὰ
2663 2054 2759 2125 τὴν
2806 2052 3031 2108 ἀτοπίαν
3060 2052 3152 2105 τοῦ
3181 2052 3381 2122 δόγμα-

1814 2164 1903 2210 τος
1949 2148 2229 2218 Εὑνὸμιος,
2278 2148 2390 2202 ἀλλ’
2425 2147 2539 2201 ἔστι
2578 2147 2668 2200 καὶ
2706 2149 2762 2199 ὲν
2793 2149 2903 2209 τοῖς
2935 2144 3261 2214 Θεογνώστῳ
3286 2161 3380 2197 πε-

1816 2243 2135 2311 πονημένοις
2175 2243 2235 2295 τὸ
2276 2242 2386 2295 ἴσον
2414 2243 2613 2312 εὑρεῖν,
2642 2241 2699 2303 ὃς
2730 2240 2858 2309 φησὶ
2885 2240 2975 2292 τὸν
3000 2238 3131 2291 Θεὸν
3170 2234 3289 2288 τόδε
3321 2238 3381 2290 τὸ

1815 2336 1921 2387 πᾶν
1951 2335 2371 2397 κατασκευάσαι,
2419 2334 2632 2404 πρῶτον
2671 2333 2761 2385 τὸν
2790 2332 2914 2385 Υξὸν
2940 2321 3049 2384 οἶόν
3076 2348 3196 2383 τινα
3226 2330 3381 2383 κανό-

1814 2440 1879 2474 να
1908 2422 2439 2494 προῡποστήσασθαι.
2483 2423 2537 2476 ld
2572 2431 2691 2477 est:
2738 2441 2756 2473 ι
2788 2422 2972 2491 Neque
3020 2421 3072 2474 in
3107 2422 3206 2475 hoc
3233 2422 3383 2475 solus

1814 2512 2086 2566 aberravit
2115 2513 2181 2566 ad
2209 2513 2502 2567 absurdam
2554 2512 2876 2566 sententiam
2905 2509 3236 2575 Eunomius;
3284 2511 3381 2565 sed

1815 2602 1954 2657 idem
2003 2606 2164 2658 etiam
2221 2604 2456 2673 reperire
2505 2612 2585 2658 est
2636 2604 2689 2658 in
2718 2604 2871 2658 libris
2899 2603 3248 2674 Theognosti,
3284 2605 3379 2674 qui

1813 2695 2008 2750 Filiutn
2033 2711 2064 2749 a
2102 2697 2231 2758 Deo,
2270 2711 2394 2750 cum
2426 2696 2525 2749 hoc
2557 2695 2882 2749 universum.
2910 2694 3240 2749 constituere
3264 2694 3379 2748 vcl-

1816 2788 1920 2853 let,
1976 2788 2246 2858 primum,
2296 2787 2464 2841 veluti
2510 2787 2801 2857 quamdam
2859 2786 3057 2855 opilieii
3106 2802 3377 2853 normam,

1752 2936 1753 2939 η
1813 2878 2269 2949 praesuppositum
2303 2878 2472 2933 fuisse
2503 2877 2653 2933 dicit.
2692 2895 2712 2927 ι
2756 2875 2823 2930 Et
2852 2875 2966 2931 haec
2989 2876 3205 2945 quidem
3238 2877 3377 2947 Nys-

1812 2970 1930 3024 seni
1964 2984 2194 3023 censura
2227 2968 2403 3038 potior
2446 2967 2711 3023 Photiaua
2750 2966 3109 3023 existimanda
3145 2968 3373 3021 videtur.

1811 3061 1878 3114 At
1924 3060 2072 3114 illam
2118 3058 2277 3113 diluit
2314 3059 2451 3112 alter
2491 3058 2663 3113 nostri
2707 3059 3000 3112 catechetw
3027 3056 3377 3112 Alexandrini

1808 3162 2071 3223 patronus
2099 3152 2212 3221 (16)
2247 3171 2259 3205 ;
2297 3162 2409 3206 tum
2453 3155 2579 3221 quia
2626 3149 3007 3221 Theoguostus
3035 3151 3103 3205 ab
3132 3150 3377 3204 Athana-

1806 3247 1888 3299 sio
1932 3254 1991 3300 ut
2020 3242 2503 3300 Consubstantialis
2550 3242 2804 3297 defensor
2848 3251 2901 3297 et
2943 3243 3117 3303 testis,
3173 3244 3377 3295 cita:us

1802 3348 1920 3405 est;
1971 3346 2084 3392 tum
2118 3339 2245 3408 quia
2270 3337 2448 3407 ipsum
2477 3335 2608 3389 illud
2635 3335 3007 3389 testimonium
3038 3333 3182 3403 quod
3215 3334 3378 3388 refert

1803 3429 2118 3500 Gregorius,
2163 3428 2401 3483 Verbum
2429 3422 2709 3493 deseribit,
2740 3435 2800 3481 ut
2822 3427 2999 3481 ideam
3044 3426 3189 3479 illam
3214 3438 3268 3478 et
3290 3441 3375 3479 re-

1802 3525 2003 3593 gulam,
2034 3523 2191 3592 cujus
2215 3522 2283 3575 ad
2312 3521 2587 3589 exemplar
2620 3522 2803 3575 omnia
2832 3520 3057 3575 creavit.

1875 3615 1999 3680 Sed,
2032 3623 2091 3668 ut
2115 3615 2257 3668 dicta
2289 3614 2509 3668 demum
2543 3613 2954 3677 concludamus,
2982 3628 3105 3684 qua:
3128 3612 3369 3669 nonnulli

1804 3718 2043 3763 veterum
2080 3709 2135 3761 in
2168 3705 2515 3776 Theognosto
2562 3706 2982 3775 reprehensione
3033 3706 3192 3771 digna
3220 3716 3376 3774 puta-

1801 3809 1951 3863 runt,
1985 3798 2119 3853 nihil
2148 3798 2215 3852 de
2243 3797 2501 3867 praeclaro
2524 3796 2705 3865 magni
2733 3795 3016 3850 Athanasii
3039 3796 3248 3865 judicio
3274 3797 3370 3849 de-

1801 3893 2016 3947 trahere
2040 3891 2253 3957 valent;
2289 3889 2383 3960 qui
2412 3889 2557 3943 hunc
2588 3890 2788 3943 sellula:
2820 3889 3202 3943 Alexandrina:
3228 3904 3371 3958 prae-

1800 3987 2000 4041 fectum
2031 3986 2200 4039 uirum
2230 3982 2602 4038 admirandum
2633 3982 2886 4052 appellat,
2914 3982 3157 4051 adeoque
3182 3983 3368 4052 appri-

1801 4096 1887 4133 me
1911 4079 2275 4133 orthodoxum
2324 4076 2496 4132 fuisse
2526 4076 2797 4146 perhibet.
2842 4073 2918 4128 Ea
2947 4075 3225 4130 enimvero
3253 4092 3373 4144 qua:

1799 4189 1865 4226 ex
1905 4171 2024 4240 ejus
2066 4170 2221 4225 libris
2266 4169 2604 4239 deprompsit
2647 4178 2871 4223 sanctus
2899 4168 2987 4222 ille
3014 4169 3213 4238 praasul
3246 4169 3372 4224 Ale~

1800 4265 2122 4328 xandrinus,
2153 4278 2381 4334 quaeque
2406 4278 2470 4317 ex
2500 4277 2567 4317 eo
2597 4261 2865 4329 descripta
2902 4276 3002 4315 suo
3029 4261 3148 4314 loco
3176 4268 3368 4331 protu-

1801 4359 1983 4422 limus,
2032 4358 2290 4413 evincunt
2314 4357 2432 4427 ejus
2460 4356 2770 4411 testimonio
2796 4354 2965 4424 premi
2997 4354 3252 4417 Arianos,
3288 4355 3371 4424 ip-

1803 4466 2033 4521 sumque
2079 4452 2255 4519 palam
2302 4448 2679 4519 praedicantem
2723 4445 2919 4500 Filium
2958 4444 3240 4499 ὁαοούσιον
3273 4444 3368 4500 de-

1804 4551 2127 4599 monstrant.

1876 4751 2214 4874 L('9)5:)lodw.,
2258 4752 2295 4803 l.
2341 4766 2390 4803 c.
2438 4751 2491 4803 in
2536 4756 2653 4801 not.
2702 4748 2767 4802 ad
2814 4746 3004 4819 fragm.
3040 4746 3181 4801 Phil.
3217 4746 3358 4808 Sid.,

1836 4839 1920 4877 ae.
1954 4822 2074 4875 511.

1798 4839 1920 4892 pag.
1954 4839 2074 4875 an.

1871 4892 1979 4961 (t0)
2020 4891 2174 4945 Phot.
2213 4888 2352 4943 Bibl.
2381 4889 2499 4943 eod.
2538 4887 2659 4961 196.

1868 4958 1978 5032 (ll)
2019 4962 2241 5032 Albam,
2274 4961 2308 5014 Ι.
2340 4975 2389 5013 c.
2422 4975 2540 5029 pag.
2573 4958 2689 5013 702.

1869 5033 1978 5099 (ιο)
2018 5031 2173 5085 Phot.
2205 5032 2242 5084 ι.
2275 5046 2324 5083 c.

1869 5096 1978 5171 (15)
2020 5103 2195 5165 Bull.,
2253 5100 2458 5169 Defens.
2498 5099 2594 5168 fid.
2641 5097 2764 5153 Nic.
2811 5108 2939 5154 sect.
3004 5114 3062 5164 ll,
3111 5112 3230 5165 cap.
3291 5096 3356 5146 10

1904 5174 2012 5236 7-9,
2050 5190 2167 5241 pag.
2207 5172 2325 5231 155,
2369 5187 2481 5239 seq.

1799 5174 1860 5246 §§
1904 5174 2012 5236 7-9,
2050 5190 2167 5241 pag.
2207 5174 2325 5231 155,
2369 5187 2481 5239 seq.

1866 5245 1974 5309 (14)
2015 5244 2255 5306 Marum,
2298 5242 2474 5295 Dicin.
2514 5239 2569 5293 J.
2602 5239 2663 5293 C.
2701 5240 2793 5293 lib.
2827 5255 2913 5304 tv,
2943 5251 3077 5307 fcap.
3121 5237 3189 5288 ‘21
3230 5235 3292 5307 ξς
3328 5236 3351 5288 1

1792 5327 1845 5369 et
1874 5316 1929 5373 2.
1961 5330 2081 5383 pag.
2120 5313 2247 5383 551,
2277 5328 2393 5373 Seu.

1863 5378 1976 5451 (15)
2011 5378 2168 5453 Greg.
2206 5382 2388 5452 Nyss.,
2423 5382 2513 5434 lib.
2549 5398 2613 5453 ut
2662 5390 2837 5453 contr.
2871 5378 3102 5453 Euugm.

1864 5447 1974 5523 (16)
2014 5447 2219 5509 Maran.
2252 5447 2287 5507 l.
2319 5469 2367 5507 c.
2397 5468 2515 5521 cap.
2550 5452 2620 5506 25
2651 5450 2677 5521 ἓ
2710 5451 2759 5513 1,
2798 5466 2916 5519 pag.
2952 5447 3078 5502 557.
