3950 6210
224 291 306 348 285
1614 295 1769 350 FRM

1874 293 2048 348 BNTA.

233 415 354 477 εἰξει.
399 410 836 482 Ύποόεσηκέναι
862 413 974 483 γὰρ
1000 413 1131 466 αὐτὸ
1161 414 1256 484 τῆς
1294 412 1386 466 τοῦ
1420 414 1629 485 [ἰατρὸς
1673 416 1769 468 καὶ
1797 449 1838 502 Α

232 502 330 556 ι’ἱοῦ
349 503 654 570 ama-axe:
691 502 868 574 δόξης.
929 504 1080 573 Ἔχει
1105 503 1161 555 δὲ
1192 504 1384 574 χρῆσιν
1432 508 1509 568 εἰς
1544 505 1634 557 τὸν
1663 505 1766 559 Λό-

231 613 298 661 γον
319 595 442 665 (l0),
463 592 523 650 οὗ
553 599 587 667 ἠ
623 596 925 666 ἐπιγραφὴ,
950 598 1052 662 Εἰς
1077 596 1142 649 τὸ
1185 597 1334 650 κατὰ
1367 596 1642 660 Λουκᾶν,
1694 596 1761 650 δι’

223 682 272 758 ξς
295 687 398 738 ἐστι
435 688 709 758 παριστᾷν
731 702 744 716 ⁶
777 687 859 738 ὅτι
891 685 1049 757 ήτῆς
1075 687 1278 750 εἰκόνος
1332 686 1465 757 τιμὴ
1513 686 1607 738 καὶ
1642 686 1761 738 ἀίει-ς

220 777 315 846 μία,
359 775 455 829 τοῦ
511 777 871 848 πρωτατύπου
924 777 1042 830 ἐστὶ
1085 777 1215 849 τιμὴ
1261 778 1292 848 ἢ
1345 777 1504 831 πάλιν
1546 777 1758 847 ἀτιμία.

225 867 603 922 ’Υπαινξττεται
643 868 696 922 δὲ
742 863 916 934 οὗτος,
949 869 1090 922 κατὰ
1118 869 1207 922 τὸν
1251 869 1554 940 Ὠριγένους
1584 868 1759 932 ὕθλον,

217 960 290 1012 ml
326 959 674 1030 προῦπαρξιν
715 960 926 1030 ψυχῶν.
967 961 1118 1030 Ἔχει
1156 960 1212 1013 δὲ
1249 961 1342 1014 καὶ
1381 962 1436 1013 ὲν
1465 959 1544 1030 τῷ
1594 961 1674 1023 εἰς
1703 960 1764 1012 τὸ

216 1052 380 1121 Πάσχα
403 1051 617 1105 καὶτὸν
658 1053 815 1123 Ὠσηὲ
848 1052 1010 1122 λόγῳ,
1052 1053 1179 1124 περί
1197 1070 1257 1106 τε
1293 1053 1402 1106 τῶν
1433 1053 1761 1124 ποιηθέντων

216 1144 453 1215 (spaqu
476 1144 556 1214 τῷ
586 1146 830 1208 Μωῠσεί,
869 1146 964 1198 καὶ
988 1147 1114 1217 περὶ
1138 1147 1235 1216 τῆς
1264 1147 1359 1200 τοῦ
1404 1145 1596 1200 Ἰακὼὸ
1630 1148 1760 1220 στήέ

214 1246 294 1305 λης
321 1235 456 1304 (Η)-
492 1238 555 1287 ὲν
598 1231 680 1300 οἷς
722 1237 823 1307 τὴν
869 1238 966 1307 μὲν
998 1237 1210 1308 ποίησιν
1255 1238 1432 1291 αὐτῶν
1477 1238 1760 1309 ὁμολογεῖ,

214 1325 501 1394 οἰκονομίας
527 1323 586 1377 δὲ
628 1325 773 1396 λόγῳ
802 1325 1218 1398 συγχωρηθῆναι
1265 1327 1610 1398 ματαιολογεῖ
1632 1368 1647 1393 ,
1689 1328 1764 1391 ὼς

215 1415 344 1468 δὺδὲν
383 1411 526 1485 ἦσαν
558 1416 636 1480 ὡς
664 1416 829 1488 ἕτερα
872 1416 940 1470 τὰ
987 1419 1325 1490 γεγενημένα
1354 1419 1463 1491 (1‘2)
1485 1436 1498 1450 ο
1539 1420 1616 1484 ὼς
1643 1419 1762 1472 οὐδὲ

212 1504 361 1558 τύπον
385 1506 546 1560 ἄλλον
574 1507 740 1578 ἔφερε
793 1509 1023 1578 μορφῆς,
1085 1509 1220 1564 ἀλλὰ
1270 1510 1430 1582 μόνον
1476 1511 1762 1582 πτερύγων

213 1597 468 1666 κενολογεῖ
500 1598 692 1669 φέρειν
725 1598 864 1654 αὐτὰ
902 1600 1106 1671 σχῆμα.

3331 293 3434 348 9.-Ξῦ

1869 427 1990 466 esse
2013 411 2216 481 gloriae,
2242 428 2406 482 quam
2438 412 2506 467 sit
2537 411 2716 478 Pater,
2750 421 2802 466 et
2828 411 3016 474 Filius,
3051 411 3299 464 allirmat.
3327 409 3436 463 lla-

1870 504 1958 558 bet
1978 503 2105 558 item
2139 505 2509 560 testimonium
2547 504 2818 574 quoddam
2856 504 2912 557 in
2953 517 3019 557 eo
3049 503 3189 557 libro
3219 505 3310 573 qui
3350 505 3436 556 in-

1868 597 2126 652 scribitur
2155 593 2224 648 In
2250 594 2592 666 Evangelium
2621 594 2799 661 Lucae,
2825 611 2892 649 ex
2925 611 3036 665 quo
3063 597 3438 651 demonstrare

1867 689 2013 751 licet,
2042 685 2291 755 imaginis
2321 687 2581 740 honorem
2615 695 2669 742 et
2707 687 3112 742 irreverentiam
3168 687 3436 757 prototypi

1868 794 1989 834 esse
2009 779 2295 842 honorem,
2327 775 2441 830 sive
2469 776 2899 831 irreverentiam.
2927 777 3222 832 Obscurius
3244 777 3436 831 deinde

1869 871 2029 925 etiam
2066 869 2174 936 hic,
2219 869 2516 925 secundum
2563 868 2812 939 Origenis
2856 885 3050 940 nugas,
3087 868 3286 923 indicat
3319 867 3434 922 ani-

1871 976 1990 1016 mas
2019 960 2415 1031 praeexsistere.
2450 958 2507 1013 In
2542 975 2607 1014 eo
2646 974 2775 1014 vero
2812 960 2974 1026 libro,
3029 975 3190 1029 quem
3226 959 3280 1013 in
3329 957 3436 1013 Pa-

1869 1052 2001 1106 scha
2036 1061 2089 1106 et
2112 1049 2307 1106 Oscam
2333 1052 2649 1121 prophetam
2683 1051 2920 1120 scripsit,
2959 1051 3067 1120 agit
3110 1066 3328 1121 quoque
3369 1050 3437 1106 de

1868 1145 2149 1200 cherubim
2191 1157 2222 1197 a
2263 1142 2444 1213 Moyse
2493 1143 2670 1208 factis,
2717 1143 2868 1197 etde
2909 1139 3092 1195 Jacobi
3128 1142 3321 1211 lapide,
3345 1141 3437 1196 ubi

1869 1235 2040 1291 factos
2071 1235 2291 1305 quidem
2327 1236 2445 1290 illos
2493 1235 2712 1302 fatetur,
2759 1243 2814 1288 at
2848 1233 3046 1288 divina:
3068 1243 3275 1287 tantum
3311 1248 3438 1302 pro-

1869 1327 2121 1382 videntiae
2173 1327 2382 1380 ratione
2428 1326 2597 1382 fuisse
2652 1339 2940 1381 concessus
2978 1332 3244 1394 nugatur;
3281 1324 3438 1394 quasi

1834 1497 1836 1499 _
1868 1429 1963 1473 aut
1993 1419 2129 1472 nihil
2178 1417 2399 1483 fuerint,
2441 1429 2533 1474 aut
2588 1418 2732 1473 aliud
2761 1417 3043 1487 quidpiam
3073 1417 3306 1487 ,fuerint,
3344 1426 3440 1473 aut

1869 1509 2014 1564 aliud
2051 1508 2262 1581 [saltem
2303 1511 2394 1564 illa
2433 1508 2656 1581 fuerint]
2703 1524 2822 1579 quae
2871 1507 3013 1564 facta
3070 1518 3217 1577 sunt,
3261 1523 3441 1579 neque

1866 1603 2044 1668 enim,
2071 1603 2266 1674 inquit,
2306 1603 2592 1674 vestigium
2647 1602 2792 1656 aliud
2816 1601 3175 1672 praeferebant
3208 1602 3440 1672 alicujus

212 1689 781 1762 formae,[coucessum
807 1708 930 1748 esse
957 1704 1212 1764 nugatur,
1262 1695 1376 1750 haec
1425 1695 1480 1748 in
1522 1693 1667 1747 nulla
1710 1709 1769 1748 re
1806 1695 2083 1751 exstitisse
2117 1696 2344 1751 aliorum
2389 1696 2582 1760 instar,
2623 1709 2744 1764 qua:
2772 1692 2911 1747 facta
2950 1703 3108 1760 sunt;
3173 1709 3296 1748 cum
3322 1707 3436 1764 ,ηοε-

209 1799 304 1854 que
325 1783 555 1852 effigiem
586 1782 752 1836 aliam
781 1798 893 1854 prae
925 1799 985 1841 se
1012 1782 1217 1840 ferrent
1245 1783 1491 1858 formze;]
1535 1785 1630 1841 sed
1663 1787 1873 1840 alarum
1899 1785 2163 1841 duntaxat
2188 1788 2423 1859 speciem
2461 1785 2738 1842 fabulatur
2759 1785 2881 1843 illos
2909 1785 3073 1842 ferre.

213 1961 448 2041 legendis
463 1961 589 2029 ejus
615 1961 982 2041 v_ersati_sint.
1139 1961 1252 2041 ipse
1292 1971 1472 2017 tamen
1510 1961 1772 2041 origenes
1803 1970 1845 2025 Β
1873 1977 1995 2041 qua!
2021 1971 2268 2028 vocatur,
2297 1978 2478 2041 sacra;
2507 1963 2800 2041 Scriptura:
2827 1964 2881 2018 in
2911 1979 3074 2019 renus
3114 1963 3300 2041 procul
3336 1962 3441 2041 du-

212 2032 264 2102 in_
285 2032 542 2100 operibus
574 2033 712 2096 suis,
768 2033 973 2086 utinam
1021 2031 1184 2087 Pierii
1229 2048 1446 2102 quoque
1487 2031 1766 2086 volumina

210 2100 270 2172 ad
299 2117 396 2156 nos
430 2103 836 2172 pervenissent,
883 2117 989 2172 non
1027 2100 1410 2172 tantum‘saepe
1454 2103 1520 2157 de
1562 2102 1767 2172 Spiritu

213 2169 585 2253 ‘conjuncte
619 2171 987 2253 cumnduabus
1017 2173 1203 2228 alteris
1245 2169 1360 2253 τῆξ
1393 2169 1770 2253 τεροσκυνητῇς

210 2239 411 2310 Triadis
447 2241 702 2310 personis
733 2242 926 2310 (ipsius
955 2257 1116 2298 voces
1145 2252 1273 2297 sunt
1302 2239 1356 2296 in
1391 2239 1678 2297 Cbmmeni.
1714 2239 1769 2295 in

209 2309 261 2364 S.
285 2309 459 2364 Joan.’
482 2310 715 2379 Erang.)
745 2309 958 2367 lacutus
983 2322 1084 2373 est.
1124 2327 1312 2366 verum
1353 2313 1513 2366 etiam
1544 2314 1599 2366 in
1627 2313 1767 2375 loco,

208 2397 352 2446 quem
382 2381 475 2435 hic
506 2381 826 2452 designabo,
857 2382 916 2434 τὸ
949 2383 1229 2452 νσυναῖδιον
1273 2381 1510 2452 Spiritus
1562 2382 1764 2436 docuit.

207 2453 361 2506 Cons.
393 2452 658 2520 Origenis
685 2451 790 2504 loc.
819 2451 958 2520 apud
994 2452 1192 2507 Euseb.
1228 2451 1324 2506 lib.
1376 2469 1413 2516 ι,
1457 2453 1576 2506 adv.
1616 2452 1768 2504 Mar-

207 2523 405 2593 cellam,
441 2519 587 2593 c.74,
619 2536 674 2589 p.
705 2521 775 2574 22
807 2519 905 2593 ed._
926 2519 1101 2593 Paris.
1149 2521 1417 2593 Notabilia
1455 2530 1582 2593 sunt
1609 2522 1771 2593 verba

206 2590 444 2660 Origenis
471 2591 540 2645 de
583 2593 788 2662 sanctis
828 2590 1128 2662 principiis,
1165 2592 1280 2662 sive
1325 2592 1674 2647 sermonibus
1704 2590 1772 2645 de

207 2662 391 2715 divinis
418 2662 697 2730 personis,
735 2661 790 2714 in
822 2661 1016 2730 homil.
1042 2663 1098 2729 5,
1135 2662 1189 2716 in
1219 2661 1418 2717 Jerem.

270 2731 387 2800 (l0)
423 2729 674 2800 Εὶςῖτὸν
705 2733 916 2800 Λόγον.
955 2729 1019 2786 Η.
1062 2748 1112 2787 e.
1150 2748 1319 2786 unum
1357 2749 1423 2787 ex
1446 2731 1610 2787 tomis
1653 2729 1771 2798 ejus

211 2801 339 2865 libri,
363 2799 457 2870 qui
487 2817 518 2854 a
549 2799 746 2855 Photio
774 2799 944 2872 lectus
969 2810 1080 2868 est;
1122 2802 1373 2872 idemque
1412 2803 1560 2856 venit
1587 2801 1773 2855 dicen-

211 2879 325 2924 dum
353 2873 421 2925 de
444 2881 678 2924 tractatu
708 2873 762 2924 in
788 2870 925 2928 Osce
951 2874 1129 2928 statim
1159 2870 1301 2942 post'
1320 2881 1639 2935 memorato,
1670 2872 1773 2942 etsi

213 2943 271 2994 de
294 2943 415 3002 hoc,
448 2950 708 3012 tanquam
741 2943 786 2997 si
820 2952 1102 3012 separatus
1145 2941 1198 2996 et
1231 2943 1414 3010 justus
1450 2943 1672 3012 quidam
1709 2941 1776 2994 li-

213 3012 297 3063 her
318 3020 486 3076 esset,
522 3011 895 3082 Hieronymus
922 3015 975 3066 in
1007 3013 1145 3067 libro
1170 3013 1246 3066 De
1269 3013 1396 3067 viris
1434 3013 1515 3067 ill.
1562 3011 1775 3067 locutus

212 3091 301 3136 εει.

275 3151 382 3221 (Η)
410 3221 418 3222 7
449 3153 810 3222 Χερουϐὶμ...
852 3151 962 3218 τῆς
997 3153 1105 3208 τοῦ
1153 3153 1359 3207 Ἰακὼϐ
1399 3151 1652 3220 στήλης.
1702 3151 1777 3207 De

213 3221 482 3293 cherubim
537 3221 712 3291 opere
753 3223 954 3293 Moysis
999 3224 1086 3278 adi
1132 3239 1285 3293 capp.
1323 3240 1466 3277 xxxv
1497 3232 1550 3277 et
1589 3239 1775 3278 xxxvn

222 3291 401 3354 Exodi,
434 3295 504 3346 de
552 3294 728 3362 lapide
764 3291 891 3347 vero
934 3309 965 3347 a
1011 3291 1212 3348 Jacobo
1237 3291 1430 3363 posito
1467 3303 1589 3362 post
1625 3296 1772 3349 visos

218 3363 280 3415 ab
303 3378 364 3415 eo
397 3363 625 3431 angelos
662 3365 1012 3418 ascendentes
1047 3373 1101 3418 et
1130 3365 1538 3428 descendentes,
1569 3379 1772 3418 consu-

220 3432 424 3484 lendum
463 3444 694 3503 estcap.
724 3449 896 3487 xxvm
932 3434 1175 3490 Genesis.
1207 3433 1321 3488 Hac
1367 3435 1420 3487 in
1462 3450 1519 3489 re
1552 3450 1770 3503 quoque

221 3503 448 3574 imitatus
471 3502 824 3574 eratPierius
844 3503 1150 3574 Origenem,
1185 3506 1322 3559 duos
1355 3505 1474 3558 illos
1499 3502 1767 3574 seraphim

219 3573 346 3639 apud
370 3573 572 3626 Isaiam
599 3573 840 3629 indicare
863 3572 1140 3629 Christum
1173 3584 1226 3629 et
1253 3575 1513 3644 Spiritum
1553 3572 1630 3628 S.
1657 3585 1770 3630 sta-

219 3649 482 3720 tuentern;
533 3643 780 3720 quinimo
829 3645 1098 3698 interdum
1152 3643 1471 3720 allegorias,
1525 3656 1587 3720 ut
1639 3646 1764 3699 alibi

218 3711 343 3778 dixi,
394 3716 467 3769 ita
513 3711 740 3770 vecordc
787 3723 1104 3779 sectantem,
1153 3725 1211 3771 ut
1244 3711 1521 3771 feritatem
1556 3717 1766 3783 litterae,

1874 2033 1964 2103 bio
2010 2049 2135 2088 vere
2176 2035 2341 2103 gestis
2391 2035 2686 2089 subvertat.
2740 2033 2851 2089 Hoc
2889 2043 3068 2088 tamen
3118 2033 3196 2089 an
3251 2033 3442 2089 fecerit

1870 2102 2083 2157 Pierius
2114 2102 2433 2172 magistrum
2463 2119 2622 2158 suum
2651 2114 2892 2168 secutus,
2921 2119 2988 2157 an
3018 2112 3206 2159 contra
3237 2104 3290 2156 in
3318 2121 3441 2172 pcr-

1871 2174 2166 2244 scrutando
2225 2173 2480 2244 mystico,
2543 2190 2638 2229 seu
2689 2175 2994 2244 spirituali,
3034 2175 3438 2244 nonnullarum

1869 2253 2017 2314 certe
2050 2243 2450 2314 Scripturarum
2492 2259 2679 2314 sensu,
2722 2243 2810 2314 pie
2853 2259 2918 2300 ac
2968 2243 3146 2298 sobrie
3191 2253 3442 2299 versatus

1870 2313 2063 2385 fuerit.
2083 2311 2286 2367 nescio.
2321 2311 2612 2385 Sedetiam
2637 2311 3020 2385 Hieronymum
3048 2314 3206 2385 video
3228 2324 3441 2369 tantum

1871 2383 2181 2453 insaniiss‘e,
2215 2392 2277 2437 ut
2318 2384 2580 2438 scriberet
2607 2386 2671 2438 ad
2717 2383 3074 2453 Nepetianum
3115 2384 3167 2437 in
3209 2385 3437 2453 epistola

1877 2401 2181 2445 Insanusse,
2215 2401 2277 2437 ut
2318 2401 2580 2438 scriberet
2607 2401 2671 2438 ao
2717 2401 2793 2438 ne
2833 2401 3074 2438 ouanum
3115 2401 3167 2437 ll]
3209 2401 3437 2453 episrota

1877 2452 1948 2506 De
1977 2455 2082 2506 vita
2106 2453 2434 2517 clericorum,
2463 2454 2743 2508 historiam
2789 2401 3007 2508 gavidis
3036 2465 3090 2509 et
3121 2454 3302 2508 Abisa:
3335 2453 3438 2507 Su-

1873 2523 2094 2592 namitis
2130 2523 2432 2592 ﬁgmentum
2479 2539 2588 2576 esse
2624 2523 2687 2577 de
2736 2525 2894 2576 mimo
2947 2524 3021 2577 vel
3073 2523 3438 2577 Atellanarum

1872 2591 2099 2655 ludicro,
2131 2591 2185 2646 si
2210 2592 2452 2662 sequeris
2475 2593 2732 2649 litteram.
2756 2594 2938 2662 Apage
2960 2609 3090 2646 vero
3113 2594 3275 2647 hasce
3303 2594 3437 2647 alle-

1872 2663 2196 2733 goristarum
2226 2678 2420 2733 nugas,
2441 2663 2641 2730 quibus
2672 2673 2890 2732 propter
2915 2663 3172 2717 nonnulla
3197 2678 3320 2717 vere
3352 2675 3440 2733 ty-

1872 2732 1992 2801 pica
2026 2733 2082 2785 in
2117 2748 2273 2788 sacra
2309 2731 2610 2800 Scriptura,
2643 2731 2695 2787 et
2715 2731 2820 2787 alia
2851 2733 3094 2802 quaedam
3125 2733 3210 2785 vel
3235 2731 3440 2800 tropice

1873 2803 2101 2870 prolata,
2137 2804 2220 2857 vel
2271 2803 2538 2870 ambigam
2569 2803 3048 2870 interpretationis,
3094 2803 3274 2871 magni
3306 2803 3441 2855 alio-

1914 2873 1966 2926 ui
1987 2872 2254 2937 viri,dum
2285 2873 2666 2942 alios_captare
2705 2875 2977 2933 volebant.
3016 2888 3167 2927 suam
3197 2873 3439 2942 ipsorum

1899 2941 2075 3013 amam
2107 2944 2378 2997 laeserunt.
2429 2940 2744 3013 MySterium
2789 2954 2966 2997 autem
3001 2940 3313 3012 hujusmodi
3347 2960 3440 2997 cx-

1874 3012 2163 3093 positionis
2189 3014 2368 3093 videas
2391 3014 2458 3093 ab
2482 3012 2718 3093 .Origene
2740 3014 2995 3093 traditum
3015 3029 3144 3093 eum
3173 3013 3298 3093 alibi
3326 3021 3438 3067 tum

1877 3083 1933 3137 in
1959 3083 2054 3137 lib.
2087 3101 2139 3154 tv
2181 3083 2257 3137 De
2313 3083 2776 3154 principiis,_cap.
2816 3085 2870 3154 ᾖ,
2918 3083 2945 3154 §
3009 3084 3094 3150 15,
3153 3083 3268 3138 sive
3315 3100 3434 3154 cap.

1878 3155 2056 3224 primo
2081 3152 2409 3224 Philocalim,
2431 3169 2555 3224 pag.
2587 3152 2653 3206 12
2689 3155 2774 3207 ed.
2810 3152 3089 3222 Speiiceri.

1953 3224 2065 3308 (12)
2246 3220 2617 3308 οὺδρφίῇὸάν
2640 3224 2719 3308 ὡς
2752 3220 2924 3308 ἕτερα
2953 3224 3025 3308 ςὰ
3054 3221 3436 3308 γεγενημένα.

1881 3291 2221 3366 ῌοὲεοῇβιίιιε
2278 3295 2395 3348 vult
2459 3291 2631 3366 legere
2665 3295 2739 3358 ὼς
2782 3295 2933 3348 οὐδὲν
2967 3291 3440 3366 ἦσάνζῲςᾲὲτερον

1876 3362 2048 3438 ἦεςσινι
2065 3365 2140 3430 ὡς
2159 3367 2340 3438 ἕτερα,
2374 3362 2530 3438 τεγξ
2551 3364 2726 3434 Atque
2763 3362 3002 3438 additur
3026 3365 3191 3438 istud,
3225 3362 3440 3438 disjece-

1879 3432 1969 3508 ῥον
2010 3432 2198 3508 ἦσαν,
2234 3432 2285 3508 ill
2326 3432 2801 3508 coriiCibus,‘quos
2834 3435 2986 3490 affert
3026 3436 3079 3489 in
3124 3435 3269 3508 uotis
3311 3433 3440 3508 Ha;-

1876 3505 2132 3561 SChelius.
2168 3507 2272 3560 Sed
2318 3505 2547 3560 fortasse
2600 3506 2749 3560 locus
2797 3521 2963 3560 sanus
2995 3515 3098 3571 est,
3146 3506 3302 3575 cujus
3338 3505 3440 3558 ibi-

1875 3576 1996 3630 dem
2055 3576 2302 3630 Latinam
2344 3575 2526 3630 addidi
2571 3575 3092 3644 iuterprctationem.
3155 3575 3210 3628 In
3260 3577 3438 3630 verbis

1875 3646 2247 3716 sequentibus,
2298 3645 2372 3709 ὡς
2415 3645 2534 3698 οὐδὲ
2583 3645 2770 3710 τύπον,
2814 3646 3136 3716 particulam
3186 3645 3260 3710 ὡς
3298 3647 3440 3702 delet

1875 3715 2236 3781 ilteschelius,
2263 3731 2384 3785 quae
2415 3717 2569 3770 abest
2587 3731 2617 3770 a
2656 3715 2886 3786 quatuor
2910 3717 3208 3773 codicibus.
