3918 6194
524 527 3754 568 mm

1665 690 1850 756 Cinea
1892 715 2115 758 mnus-1
2154 713 2379 759 possm
2413 715 2598 758 ceu.

1636 887 2618 1073 MALCHIO

986 1201 1586 1292 ECCLESI/E
1655 1201 2482 1296 ANTIOCHENJE
2560 1208 3291 1300 PRESBYTER.

2114 1428 2182 1438 .—

1807 1573 2456 1688 NOTITIA.

1247 1792 1532 1855 (Gtcun.,
1570 1789 1865 1844 Bibliotheca
1884 1798 2093 1844 veterum
2118 1793 2344 1852 Patrum,
2379 1794 2465 1855 Ill,
2490 1794 2688 1859 Proleg.
2713 1809 2762 1859 p.
2787 1796 2984 1861 nux.)

509 2110 560 2166 1.
605 2109 908 2185 .‘llalchion.
936 2113 1016 2185 vir
1050 2113 1463 2178 disertissimus,
1488 2130 1588 2184 quo
1615 2122 1841 2185 tempore
1883 2116 2096 2171 claruit.
2133 2116 2384 2172 Doctrina
2417 2126 2465 2172 et
2495 2118 2787 2172 eruditione
2804 2114 3096 2182 praestans.
3135 2109 3384 2185 Ecclesia
3415 2112 3758 2185 Antiocheam

577 2181 843 2256 presbyter
876 2182 1172 2256 ordinatur.
1220 2185 1422 2240 Acriter
1453 2181 1688 2254 disputat
1718 2181 1976 2242 adversus
2021 2187 2249 2240 Paulum
2290 2188 2714 2244 Samosatenum.
2748 2181 2880 2256 Ejus
2917 2185 3168 2238 memoria
3202 2183 3256 2237 in
3297 2183 3597 2238 Graecorum
3638 2184 3756 2240 Μι-

575 2251 799 2320 nologiis
831 2252 1098 2306 recolitur.

506 2319 614 2395 ll._
639 2318 859 2395 Tempus
890 2322 1177 2392 inquiritur
1206 2341 1308 2395 quo
1338 2323 1599 2395 celebrata
1628 2323 1731 2392 fuit
1767 2327 2026 2394 posterior
2056 2325 2290 2393 synodus
2327 2329 2683 2395 Antiochena,
2725 2326 2814 2380 ubi
2853 2324 3035 2378 habita
3079 2323 3396 2379 Malchionis
3436 2323 3753 2392 disputatio.

576 2391 856 2445 Pearsonii
880 2391 1138 2446 sententia
1161 2391 1228 2449 de
1255 2413 1357 2450 uno
1380 2393 1601 2449 concilio
1629 2391 1947 2450 Antiocheno
1971 2391 2239 2450 evertitur.

506 2460 628 2516 111.
673 2460 966 2533 Epist_olaat
999 2465 1305 2532 synodicant
1327 2465 1589 2520 Malchion
1614 2464 1805 2519 litteris
1828 2468 2161 2533 consignasse
2188 2469 2507 2532 perhibetur.
2537 2467 2652 2533 Quo
2675 2483 2813 2521 anno
2841 2467 2988 2520 illam
3013 2465 3374 2533 perscripserit
3401 2474 3603 2519 auctor.
3635 2461 3755 2517 Ea-

570 2533 690 2586 dem
711 2525 775 2586 ἐκ
802 2525 1300 2591 ΕειδεὺὶοέπΙιὶὺὶια.
1336 2535 1661 2606 Fragmenta
1685 2551 1750 2590 ea;
1780 2536 1926 2591 Actis
1956 2525 2329 2607 disputationis
2365 2525 2770 2593 Malchioniance
2801 2525 3059 2606 subjectit.

572 2671 614 2725 1.
643 2669 1035 2734 Malehion,vir
1055 2668 1467 2734 disertissimus,
1493 2668 1668 2741 inquit
1689 2667 1955 2726 Eusebius
1977 2669 2074 2742 (l),
2105 2675 2148 2732 Α
2181 2672 2295 2728 haec
2322 2672 2582 2742 temporis
2623 2673 2831 2726 notatio
2872 2686 2940 2726 ex
2987 2670 3214 2741 epistola
3261 2670 3502 2740 ejusdem
3534 2673 3754 2728 concilii

500 2761 640 2833 ἀνηρ
669 2761 739 2815 τά
775 2778 834 2814 τε
864 2759 998 2814 ἄλλα
1030 2759 1226 2829 λόγιος,
1260 2761 1406 2816 circa
1433 2760 1638 2817 Christi
1671 2777 1874 2816 annum
1902 2777 2072 2818 ccux

501 2857 764 2910 claruisse
785 2855 1136 2924 comperitur.
1169 2852 1482 2908 Graecorum
1510 2853 1703 2910 litteris
1727 2855 2074 2910 vehementer

499 2948 772 3012 excultus,
803 2947 1003 3002 scholae
1033 2946 1346 3014 sophistica:
1376 2945 1517 3015 apud
1551 2945 1896 3001 Antiochiam
1936 2963 2074 3016 prae-

500 3040 636 3106 fuit,
676 3040 822 3105 sive,
860 3047 919 3093 ut
956 3038 1199 3108 loquitur
1231 3037 1589 3109 Hieronymus
1636 3041 1746 3108 (2),
1791 3041 1846 3093 in
1888 3041 2071 3094 eadem

499 3131 625 3184 urbe
673 3130 990 3183 rltetoricam
1043 3129 1413 3196 ﬂorentissime
1461 3129 1659 3183 docuit.
1713 3128 1897 3200 Neque
1940 3145 2071 3186 vero

497 3221 746 3277 doctrina
784 3220 961 3276 solum
1000 3229 1055 3274 et
1093 3221 1401 3275 eruditione
1432 3222 1679 3276 saeculari
1707 3223 1960 3278 escelluit
1989 3225 2071 3276 vir

495 3310 776 3382 egregius,
808 3311 900 3365 sed
934 3311 1096 3364 etiam
1136 3309 1208 3364 ob
1235 3309 1559 3364 eminentem
1593 3310 1916 3367 Christianae
1947 3312 2066 3368 fidei

498 3405 866 3461 sinceritatem
887 3444 902 3470 ,
937 3405 1254 3476 presbyterii
1289 3405 1554 3460 honorem
1596 3405 1651 3459 in
1684 3405 1803 3474 ejus
1831 3405 1934 3460 loci
1966 3407 2066 3462 Ec-

497 3498 662 3553 clesia
695 3507 780 3552 est
816 3507 1183 3553 consecutus:
1226 3495 1300 3549 Οὑ
1338 3495 1442 3568 μὴν
1485 3496 1621 3550 ἀλλὰ
1662 3498 1756 3551 καὶ
1785 3498 1854 3550 δι’
1886 3499 2068 3574 ,ὑπερ-

499 3588 795 3644 ϐάλλουσαν
812 3590 917 3662 ’τῆς
943 3592 1024 3654 εἰς
1041 3588 1272 3661 Χριστὸν
1287 3588 1521 3652 πίστεως
1549 3590 1903 3663 γνησιότητα,
1935 3608 2068 3662 πρε-

497 3682 779 3754 σσυτερεου
811 3683 913 3754 τῆς
943 3682 1130 3737 αὐτόθι
1157 3682 1446 3754 παροικίας
1469 3681 1785 3753 ἠξιωμένος.

569 3777 788 3851 Synodo
815 3777 1167 3832 Antiochentn
1195 3774 1516 3845 posteriori,
1546 3790 1710 3844 quam
1740 3759 2065 3846 postremam

494 3880 655 3926 vocat
685 3869 954 3925 Eusebius
979 3869 1091 3940 (5),
1123 3868 1442 3931 τελευταίας
1497 3868 1957 3940 συγκροτηθείσης
1998 3899 2068 3908 _

495 3964 748 4028 συνόδου,
808 3963 1054 4018 interfuit
1103 3961 1408 4030 Malchion;
1477 3963 1530 4016 in
1580 3976 1754 4031 eaque
1808 3963 2066 4017 adversus

2175 2762 2434 2836 Dionysio
2483 2763 2724 2835 pontiﬁci
2776 2762 3021 2818 Romano
3061 2763 3321 2832 inscripta
3351 2803 3366 2828 ,
3403 2762 3495 2818 sed
3542 2764 3754 2820 reddita

2174 2855 2334 2911 Felici
2379 2855 2498 2926 ejus
2540 2856 2842 2912 successori
2868 2896 2883 2920 ,
2920 2855 3066 2925 quod
3109 2855 3198 2908 ille
3238 2869 3550 2923 supremum
3602 2856 3753 2909 diem

2174 2947 2372 3003 nbierit
2403 2947 2506 3002 sub
2537 2947 2696 3002 linem
2731 2947 3044 3002 Decembris
3075 2946 3316 3016 ejusdem
3357 2946 3484 2999 anni
3522 2962 3706 3001 ccutx
3732 2987 3754 3012 ,

2173 3048 2234 3093 ut
2277 3038 2530 3107 superius
2572 3047 2852 3094 ostensum
2889 3037 2989 3108 (5).
3029 3037 3194 3107 quue
3242 3037 3440 3091 iterum
3486 3039 3752 3092 astruitur

2171 3146 2240 3184 ex
2279 3131 2443 3184 citata
2485 3129 2712 3200 epistola
2761 3130 3019 3200 synodica
3045 3171 3059 3195 ,
3088 3129 3179 3183 ubi
3216 3129 3405 3184 Patres
3442 3129 3509 3184 de
3553 3127 3752 3183 Firmi-

2171 3219 2317 3274 liano
2355 3219 2707 3290 Cappadociae
2755 3220 2999 3274 antistite
3037 3219 3199 3274 verba
3239 3218 3498 3274 facientes
3529 3237 3542 3272 :
3590 3217 3755 3274 Nunc

2169 3327 2370 3382 quoque
2389 3350 2404 3375 ,
2447 3311 2697 3380 inquiunt
2725 3310 2823 3380 (6).
2853 3320 3100 3364 venturus
3137 3319 3250 3363 erat
3281 3307 3661 3375 Firmilianus;
3687 3320 3751 3364 et

2161 3401 2280 3470 jant
2310 3401 2532 3456 Tarsum
2561 3418 2722 3470 usque
2749 3411 3071 3472 pervenerat.
3103 3399 3204 3456 Sed
3235 3418 3352 3454 cum
3376 3417 3468 3455 nos
3491 3401 3606 3470 jam.
3628 3417 3752 3454 con-

2169 3495 2482 3548 venissemus
2503 3534 2518 3558 ,
2543 3495 2745 3548 interea
2773 3493 2874 3546 loci
2911 3495 3036 3546 dum
3058 3493 3210 3547 illum
3244 3495 3556 3547 accersintus
3577 3535 3592 3560 ,
3617 3493 3750 3547 dum

2168 3585 2281 3654 ejus
2334 3586 2609 3638 adventum
2656 3595 3055 3654 exspectamus,
3114 3585 3243 3638 abiit
3300 3601 3327 3638 e
3389 3586 3515 3639 vita.
3578 3586 3749 3656 Atqui

2169 3677 2340 3732 Graeci
2373 3677 2427 3730 in
2467 3676 2770 3748 ltlenologio
2815 3677 2903 3732 die
2937 3692 3108 3732 xxvm
3151 3677 3403 3732 Octobris
3447 3676 3502 3731 S.
3542 3675 3749 3731 Firmi—

2168 3762 2300 3818 liani
2328 3763 2588 3818 Caesareae
2631 3763 2686 3817 in
2721 3762 3061 3833 Cappadocia
3095 3762 3332 3832 episcopi
3367 3761 3562 3817 festum
3595 3761 3746 3816 diem

2168 3863 2353 3924 agunt.
2400 3853 2608 3921 Quare,
2639 3862 2699 3909 ut
2739 3853 2861 3924 jure
2895 3854 3074 3924 arguit
3111 3851 3309 3923 Pagius
3342 3851 3440 3922 (7),
3471 3854 3517 3907 si
3556 3868 3621 3908 eo
3654 3853 3750 3908 die

2167 3943 2520 4000 Firmilianus
2557 3945 2623 4000 ad
2661 3960 2890 4014 superos
2924 3945 3174 4010 transiit,
3205 3952 3332 4000 tunc
3364 3945 3478 4015 jam
3509 3961 3747 4016 congre-

495 4055 726 4111 Paulum
785 4053 1204 4110 Samosatenum
1257 4054 1352 4123 qui
1407 4051 1663 4109 Ecclesiae
1716 4053 2067 4109 Antiochense

2178 4047 2290 4109 gata
2319 4048 2436 4092 erat
2468 4038 2706 4108 synodus
2736 4037 3094 4092 Antiochena.

494 4145 784 4217 episcopus
818 4143 1128 4199 Artemonis
1164 4144 1413 4198 haeresim
1462 4145 1828 4211 instaurat-at,
1872 4144 2070 4199 acriter

493 4239 820 4308 disputavit,
846 4238 1238 4308 excipientibus
1271 4244 1470 4292 cuneta
1507 4238 1774 4304 notariis;
1810 4238 2068 4309 solusque

493 4329 738 4385 omnium
778 4330 1022 4384 occultos
1057 4329 1296 4386 hominis
1334 4345 1528 4386 sensus
1565 4344 1629 4384 ac
1667 4328 1883 4386 fraudes
1920 4330 2071 4386 dete-

492 4435 619 4491 gere
664 4421 854 4474 valuit.
904 4417 1022 4485 Qua
1071 4420 1288 4490 quidem
1339 4435 1405 4474 ex
1450 4419 1820 4476 confutatioue
1861 4431 2065 4476 tantam

493 4508 723 4580 gloriam
773 4512 958 4565 retulit
996 4523 1185 4566 noster
1221 4520 1431 4576 auctor,
1474 4511 1653 4580 inquit
1685 4510 1933 4568 Valesius
1967 4514 2065 4585 (4),

494 4610 555 4656 ut
583 4617 648 4656 ea
686 4603 753 4656 de.
788 4619 951 4659 causa
991 4604 1044 4658 in
1077 4604 1391 4675 Menologiis
1419 4604 1732 4660 Graecorum
1766 4607 1855 4662 die
1897 4623 2062 4662 xxvm

493 4692 742 4751 Octobris
773 4697 1080 4750 consecrari
1103 4699 1381 4752 meruerit.

560 4785 625 4840 ll.
669 4785 749 4840 Ex
799 4787 903 4842 hac
949 4796 1130 4842 autem
1181 4789 1234 4842 in
1273 4789 1472 4844 tabulis
1511 4789 1712 4845 Grzecis
1747 4791 2064 4861 consignata

490 4876 815 4932 Malchionis
845 4879 1140 4945 memoria,
1170 4880 1592 4935 existimaverim
1633 4881 1882 4950 equidem
1920 4883 2062 4937 cele-

492 4967 707 5024 bratam
734 4969 917 5024 fuisse.
937 4969 1078 5025 hanc
1103 4971 1370 5040 synodum
1402 4987 1546 5027 anno
1571 4987 1762 5027 ccutx
1783 4973 2064 5028 desinente

492 5071 659 5132 atque
715 5063 1034 5132 insequente
1080 5071 1446 5134 prorogatam.
1514 5063 1882 5121 Contirmatur
1933 5082 2062 5122 vero

565 5258 644 5331 (l)
683 5259 908 5331 Euseb.,
945 5257 1085 5313 Hist.
1117 5259 1276 5320 eccl.,
1313 5259 1405 5314 lib.
1431 5275 1545 5326 vn,
1574 5276 1691 5330 cap.
1725 5261 1812 5317 29.

562 5328 641 5396 t2)
683 5329 924 5394 Hieron.,
961 5331 1038 5383 De
1061 5331 1160 5384 vir.
1185 5333 1411 5398 illustr.,
1437 5347 1557 5400 cap.
1599 5328 1683 5386 7i.

586 5400 641 5468 5)
682 5400 902 5463 Euseb..
929 5403 965 5457 l.
1001 5420 1050 5457 (ε.

581 5471 641 5535 ιι)
680 5469 859 5526 Vales.
894 5473 946 5526 in
986 5479 1099 5526 not.
1128 5469 1194 5525 ad
1226 5469 1457 5534 Euseh.,
1482 5470 1518 5524 l.
1553 5486 1603 5527 c.

666 5539 1006 5613 ιρι-01880111..
1033 5557 1150 5610 cap.
1185 5541 1280 5613 12;
1319 5541 1346 5613 ᾗ
1382 5542 1432 5613 1.

490 5607 641 5733 Ιςώϐ)
682 5607 864 5680 Ερὶειῖ
893 5628 1046 5668 conc.
1087 5607 1366 5677 Antiochi,
1411 5610 1439 5683 ς
1489 5612 1538 5667 l.
1569 5611 1688 5672 Vid.
1740 5612 1888 5682 infr.,
1935 5631 2056 5688 pag,

561 5746 638 5820 (7)
677 5745 828 5818 Pagi,
853 5747 987 5805 Crit.
1025 5751 1090 5807 ad
1120 5767 1248 5808 ann.
1279 5751 1405 5818 271,
1436 5751 1542 5825 ᾖξ’..

2247 4146 2428 4215 Atque
2465 4160 2531 4200 ex
2559 4146 2647 4200 his
2678 4145 2958 4199 enimvero
2995 4144 3154 4214 longo
3189 4142 3471 4198 aberrasse
3518 4140 3754 4198 Pearso-

2174 4235 2325 4288 nium
2351 4234 2678 4305 colligimus,
2710 4235 2803 4304 qui
2837 4234 3056 4288 unicum
3090 4243 3298 4288 tantum
3328 4232 3615 4287 concilium
3639 4233 3756 4285 An-

2175 4326 2482 4382 tiochenum
2507 4329 2560 4382 in
2577 4343 2743 4383 causa
2766 4325 3105 4384 Samosateni
3123 4336 3369 4384 coactum
3396 4342 3541 4380 anno
3555 4342 3750 4381 ccuvl

2173 4420 2458 4490 agnoscit;
2491 4437 2521 4475 a
2557 4436 2666 4490 quo
2699 4432 2981 4491 propterea
3027 4422 3220 4475 merito
3250 4420 3515 4475 dissident
3549 4420 3627 4473 vel
3658 4421 3751 4474 sui

2171 4516 2528 4582 contribules,
2574 4515 2764 4571 Bullus
2807 4514 2882 4586 (8)
2927 4523 2982 4570 et
3019 4514 3309 4570 Dodvellus
3337 4513 3437 4584 (9),
3481 4523 3538 4568 ut
3581 4511 3754 4566 Tille-

2171 4604 2814 4678 montium(l0)aliosque
2837 4606 3171 4661 omittamus.
3196 4605 3379 4676 Neque
3405 4605 3637 4659 advertit
3665 4604 3751 4658 vir

2173 4706 2366 4752 caetera
2390 4699 2602 4763 doctus,
2633 4699 2774 4753 hanc
2795 4699 3061 4772 synodum
3089 4715 3195 4769 qua
3224 4699 3290 4753 de
3315 4697 3546 4768 agimus,
3577 4695 3753 4750 Euse-

2172 4788 2264 4843 bio
2295 4798 2611 4858 postremam
2637 4799 2921 4860 eapropter
2953 4791 3152 4846 dictam
3187 4799 3246 4844 ut
3279 4789 3442 4844 modo
3469 4787 3748 4852 vidimus,

2170 4881 2315 4952 quod
2379 4882 2568 4950 prima:
2623 4883 2870 4938 videlicet
2927 4883 3265 4937 meminisset
3321 4881 3452 4952 (ll),
3513 4879 3568 4934 in
3630 4896 3748 4949 qua

2173 4973 2400 5027 maxime
2433 4975 2760 5029 eminuerunt
2785 4973 3135 5028 Firmilianus
3167 4974 3422 5030 Ccesarea:
3456 4972 3749 5042 Cappado-

2171 5081 2291 5118 cum
2343 5065 2644 5135 episcopus,
2703 5067 2982 5137 Gregorius
3028 5066 3450 5137 Thaumaturgus
3497 5064 3747 5134 aliique;

2234 5271 2307 5341 (8)
2347 5269 2510 5334 Bull.,
2554 5267 2734 5323 Judic.
2780 5266 2927 5322 Eccl.
2964 5269 3124 5333 cath.,
3159 5283 3278 5337 cap.
3319 5268 3376 5332 5,
3414 5266 3445 5341 §
3492 5267 3558 5336 7,
3603 5282 3737 5339 pag.

2088 5355 2130 5412 ε
2162 5341 2253 5396 28.

2171 5481 2198 5552 ἕ
2231 5411 2312 5534 ἐξ)
2350 5409 2560 5532 Βοόνιςῆ
2593 5407 2816 5463 Dissert.
2855 5408 2996 5479 sing.
3039 5408 3107 5462 ad
3139 5423 3264 5479 opp.
3297 5406 3484 5464 Pears.
3514 5422 3637 5477 cap.
3678 5407 3738 5472 6,

2301 5521 2315 5540 ν
2350 5496 2486 5552 P18:
2573 5518 2586 5532 ο
2974 5549 2981 5552 _
3576 5547 3588 5552 _

2241 5546 2627 5623 (10)"l"i_llem.,
2675 5548 3028 5623 Mém.__ec_cl.,
3081 5564 3212 5604 tom.
3263 5546 3354 5614 lV,
3405 5557 3518 5603 not.
3565 5547 3596 5602 ι
3637 5562 3744 5602 sur

2167 5619 2300 5677 Paul
2332 5619 2396 5674 'de
2431 5619 2666 5685 Samos.,
2694 5635 2817 5690 pag.
2850 5620 2969 5690 666.

2239 5691 2350 5765 (tl)
2391 5690 2613 5760 Euseb.,
2650 5687 2793 5746 Hist:
2825 5689 2978 5757 eccl.,
3004 5690 3098 5746 lib.
3126 5703 3225 5758 vn,
3248 5703 3367 5758 cap.
3404 5687 3492 5743 38.
