3950 6210
237 320 319 375 949

242 447 421 505 quorum
440 438 605 484 tamen
642 428 776 483 alter
818 438 1049 483 mortem
1084 429 1415 499 oppetierat,
1452 446 1561 500 quo
1598 441 1731 485 tem-
1760 438 1802 492 Α

242 540 340 593 pore
363 530 515 577 coacta
545 519 643 573 l'uit
664 528 924 587 postrema
947 537 965 583 ;
993 521 1126 576 alter
1147 537 1274 576 vero
1298 523 1350 576 in
1372 522 1613 592 ejusdem
1641 540 1729 577 ae-

242 613 513 680 Iisnuspiam
554 620 849 679 comparet,
880 621 994 665 tum
1023 622 1075 667 et
1122 612 1236 681 ipse
1269 612 1500 669 fortasse
1532 614 1727 669 defun-

237 722 337 761 ctus.
361 702 599 756 Nimirum
637 703 688 756 in
724 702 940 771 priore,
967 719 1111 759 anno
1139 702 1341 760 Christi
1378 722 1566 761 ccutv
1595 709 1730 761 cele-

234 799 365 857 brata,
390 794 760 849 Samosatenus
800 794 1070 864 dogmatis
1105 795 1191 849 sui
1232 795 1519 850 novitatem
1548 798 1729 852 occul-

230 897 316 940 tare
338 884 571 947 adnisus,
605 884 876 938 indemnis
899 885 1105 949 evasit;
1136 885 1190 938 in
1218 887 1519 953 posteriore
1550 896 1729 941 autem

229 976 339 1027 circa
365 988 548 1026 annum
593 988 765 1027 ραις
822 975 1026 1038 habita,
1052 974 1305 1031 Ecclesiae
1350 977 1732 1031 communione

228 1064 487 1120 interdictas
515 1074 678 1134 atque
709 1066 779 1120 ab
807 1067 1099 1137 episcopali
1137 1068 1263 1123 sede
1290 1067 1532 1137 dejectus
1564 1068 1732 1125 fuisse

226 1156 496 1226 perhibetur.

276 1247 339 1300 lll.
375 1246 625 1301 Damnata
676 1247 862 1318 itaque
909 1248 1073 1305 Paulo
1123 1259 1177 1307 et
1218 1250 1429 1307 Domno
1475 1253 1730 1320 suifecto,

223 1340 367 1393 Patres
390 1338 701 1393 Antiocheni
728 1357 919 1404 unum,
948 1342 1023 1395 ait
1053 1340 1319 1398 Eusebius
1344 1344 1477 1414 (12),
1502 1360 1567 1399 ea:
1595 1362 1734 1399 com-

221 1432 333 1485 muni
353 1432 591 1485 sententia
620 1432 693 1484 ad
728 1431 1040 1501 Dionysium
1084 1433 1333 1490 Romana:
1360 1439 1503 1490 urbis
1536 1439 1735 1505 episco-

219 1545 311 1594 ριιιι
331 1536 372 1580 et
390 1527 452 1579 ad
484 1524 784 1578 Maximum
813 1526 1231 1581 Alexandrinum
1267 1530 1587 1599 scripserunt
1620 1534 1732 1600 epi-

218 1619 385 1673 stolam.
432 1617 577 1673 llanc
622 1627 806 1672 autem
853 1619 1132 1688 epistolam
1178 1622 1493 1689 synodicam
1544 1623 1735 1679 litteris

878 312 1293 368 MALCIIIONIS
1330 313 1663 370 EPISTOLA
1697 314 1975 370 CONTRA
2012 314 2295 371 PAULUM
2350 310 2688 367 SAMOSAT.

3284 316 3391 371 250

1834 429 2116 485 Fabricius
2161 428 2294 495 (i6),
2341 428 2434 496 qui
2480 425 2789 494 Hieronymi
2839 426 3210 480 auctoritatem
3250 444 3389 496 quo-

1828 522 2120 577 dammodo
2173 520 2385 576 elevare
2446 518 2883 588 aggrediuntur:
2944 518 3068 571 licet
3125 520 3393 587 posterior

1830 616 2022 669 melids
2076 614 2395 677 consultus,
2462 609 2782 666 sententiam
2832 610 3086 679 deinceps
3139 612 3390 675 mutarit,

1828 708 2182 762 Malcliionem
2231 704 2476 774 ejusdetn
2519 703 2761 769 epistolae
2800 702 3069 772 synodicze
3117 712 3391 756 auctorem

1830 814 2129 871 agnoscens
2172 797 2306 867 (l7).
2358 795 2415 849 In
2460 810 2621 862 quam
2660 794 2876 863 quidem
2908 793 3225 847 sententiam
3270 809 3395 850 con-

1830 893 2063 949 cessisse
2102 904 2319 960 quoque
2369 889 2438 942 cl.
2484 886 2819 941 Harduinum
2855 885 2989 955 (l8),
3027 887 3165 941 duce
3209 890 3393 957 procul

1830 986 1993 1040 dubio
2025 983 2374 1054 Hieronymo,
2412 981 2684 1035 novimus.

1901 1077 2198 1140 Cancrum,
2235 1090 2359 1129 cum
2389 1072 2567 1127 tradat
2602 1070 2865 1126 Eusebius
2892 1071 3023 1141 (l9),
3061 1081 3393 1140 postremum

1833 1167 1980 1222 istud
2030 1166 2429 1220 Antiocltenum
2499 1164 2790 1217 concilium
2845 1164 3172 1219 celebratum
3227 1167 3398 1221 fuisse

1834 1257 2151 1327 temporibus
2212 1255 2485 1309 Aureliani
2543 1256 2907 1324 imperatoris,
2956 1271 3116 1323 quem
3178 1258 3394 1324 quidem

1833 1367 1975 1406 anno
1998 1367 2167 1406 ccux
2198 1350 2339 1404 circa
2367 1364 2603 1403 mensem
2642 1348 2875 1416 Aprilem
2921 1346 3146 1401 Claudio
3192 1348 3233 1401 ll
3270 1367 3397 1405 suc-

1833 1445 2063 1499 cessisse
2091 1458 2213 1497 cum
2247 1441 2591 1495 Tillemontio
2620 1439 2731 1509 (20)
2761 1455 3046 1494 censemus
3071 1458 3084 1505 ;
3118 1451 3397 1509 propterea

1831 1537 2020 1591 eodem
2041 1550 2185 1589 anno
2207 1544 2457 1588 currente
2482 1532 2834 1601 pcrscriptam
2860 1531 3028 1586 fuisse
3052 1548 3080 1585 a
3103 1533 3399 1590 Malchione

1835 1625 1977 1679 hanc
2011 1625 2323 1695 synodicam
2363 1621 2648 1691 epistolam
2686 1622 3090 1687 existimamus,
3118 1638 3239 1676 cum
3278 1623 3399 1678 Dio-

217 1710 514 1779 consignasse
550 1708 912 1763 Malchionem
941 1748 956 1770 ,
980 1710 1137 1765 testis
1166 1719 1248 1766 est
1281 1711 1585 1768 luculentus
1622 1712 1737 1768 llie-
1770 1777 1805 1788 n
1837 1716 1976 1788 nysii
2008 1716 2235 1770 Romani
2266 1714 2535 1784 pontiﬁcis
2562 1714 2743 1767 obitus
2783 1714 3033 1767 nuntium
3057 1713 3398 1769 Antiochiam

218 1818 427 1873 ronymus
459 1801 568 1871 (15)
599 1818 615 1855 :
653 1800 756 1855 Sed
792 1812 841 1855 et
884 1802 992 1855 alia
1012 1842 1027 1866 ,
1054 1803 1247 1873 inquit,
1271 1806 1486 1873 grandis
1515 1808 1736 1874 epistola

214 1908 261 1945 es
288 1909 483 1960 persona
526 1893 758 1961 synodi,
788 1893 852 1945 ab
891 1909 950 1946 eo
991 1894 1185 1963 scripta
1228 1895 1298 1947 ad
1339 1895 1647 1966 Dionysium
1688 1906 1737 1952 et

217 1982 475 2047 Jlm'mum,
501 1982 762 2037 Romana:
785 1994 835 2038 et
857 1985 1234 2042 Alexandriam
1255 1987 1505 2043 Ecclesia:
1532 1990 1735 2057 episco-

213 2093 298 2143 pos,
321 2078 576 2145 dirigitur.
611 2075 802 2145 Neque
835 2078 1031 2132 mirum
1058 2094 1217 2144 sane,
1248 2082 1517 2135 antistites
1551 2082 1739 2136 Antio-

213 2170 371 2222 chenos
399 2169 448 2222 id
479 2169 733 2223 muneris
760 2168 1049 2225 Malchioni
1079 2174 1358 2235 detulisse.
1384 2176 1500 2228 viro
1530 2176 1740 2230 scilicet

212 2259 553 2326 disertissimo;
597 2260 809 2330 quique
838 2272 1079 2332 suscepta
1113 2265 1465 2332 disputatione
1492 2266 1737 2321 adversm

216 2350 429 2417 Paulum,
471 2361 531 2407 ut
584 2353 785 2407 scribit
830 2353 1097 2411 Eusebius
1131 2357 1265 2427 (Li),
1311 2358 1455 2411 solus
1507 2360 1737 2412 omnium

212 2444 393 2497 occultos
421 2446 657 2499 hominis
702 2463 881 2499 sensus
918 2444 1229 2517 fraudesque
1266 2448 1498 2518 detegere
1530 2449 1737 2513 valuit;

214 2544 255 2585 tn
285 2544 541 2605 propterea
585 2538 820 2593 minime
858 2538 1109 2593 audiendi
1146 2540 1255 2594 sint
1292 2538 1502 2594 Caveus
1536 2538 1650 2610 (i5)
1686 2549 1738 2593 et

1770 1777 1809 1831 Β

1839 1807 2077 1861 nondum
2108 1806 2461 1875 pervenisset.

1907 1898 2076 1953 Porro
2105 1897 2373 1968 ejusmodi
2408 1894 2793 1951 ecclesiastica:
2822 1895 3162 1965 antiquitatis
3203 1912 3398 1949 monu-

1840 1998 2080 2044 mentum
2113 2004 2177 2042 ex
2218 1986 2450 2041 Eusebio
2481 1986 2770 2039 Valesiano
2805 1986 3220 2056 descripsimus.
3250 1989 3392 2042 addi-

1840 2082 1911 2134 tis
1935 2096 2152 2149 quoque
2186 2078 2500 2149 fragmentis
2524 2079 2789 2147 ejusdem,
2821 2087 2879 2131 ut
2906 2080 3136 2143 videtur,
3164 2082 3403 2149 cpistola:

1839 2188 1959 2241 qua:
2012 2173 2153 2242 apud
2216 2171 2503 2226 Leontium
2564 2171 2881 2243 Byzantium
2937 2183 3219 2225 servantur
3266 2173 3399 2242 (21).

1838 2263 2102 2319 Przeterea
2154 2263 2484 2333 subjecimus
2531 2280 2596 2317 ex
2649 2264 2836 2317 eodem
2881 2261 3107 2317 Leontio
3153 2274 3205 2318 et
3242 2263 3403 2319 Petro

1839 2358 2077 2412 Diacono
2113 2356 2248 2427 (22),
2279 2372 2400 2425 qua:
2446 2364 2703 2425 superant
2738 2370 2805 2408 ex
2849 2355 2999 2410 Actis
3024 2355 3404 2425 disputationis

1839 2450 2035 2503 habitze
2075 2465 2105 2503 a
2158 2449 2460 2504 Malchione
2504 2459 2696 2505 contra
2744 2452 3199 2517 Samosatcnum,
3247 2450 3404 2520 cujus

1837 2543 2003 2615 paulo
2032 2554 2157 2598 ante
2180 2545 2549 2600 meminimus.

1881 2749 3385 2777 ..Μ

1254 2922 2229 3052 MALCHIONIS

602 3178 1212 3269 ECCLESL/E
1317 3176 2140 3269 ANTIOCHENIE
2218 3178 2826 3268 PRESBYTE
2851 3180 2963 3267 BI

1457 3390 2147 3505 EPISTOLA

389 3616 478 3675 Ex
516 3627 799 3692 persona
835 3610 1246 3674 Antiochense
1298 3610 1531 3691 synodi
1587 3610 1960 3691 perscripta,
2020 3611 2328 3674 adversus
2371 3613 2639 3675 Paulum
2676 3616 3179 3679 Samosatenum.

1779 3928 1826 3983 Ι.

1126 4068 1277 4135 Apud
1309 4067 1595 4123 Eusebium
1642 4066 1787 4121 Hist.

1831 4067 1956 4122 eccl.
1985 4068 2077 4123 lib.
2106 4082 2203 4129 vn,
2229 4084 2344 4136 cap.
2369 4067 2457 4122 50.

269 4181 498 4250 Διονυσίῳ
527 4180 631 4235 καὶ
659 4177 897 4249 Μαξίμῳ
925 4180 1017 4232 καὶ
1048 4180 1159 4243 τοῖς
1187 4180 1325 4233 κατὰ
1356 4179 1455 4249 τὴν
1495 4177 1742 4248 οἱκουμέ·

1917 4178 2172 4251 Dionysio
2212 4189 2265 4233 et
2294 4179 2551 4243 Maximo,
2584 4189 2638 4231 et
2662 4178 2916 4233 omnibus
2958 4193 3052 4247 per
3090 4177 3411 4234 universum

218 4288 292 4340 νην
318 4274 436 4325 πᾶσι
462 4273 899 4343 συλλειτουργοίς
930 4272 1084 4341 ἡμῶν
1115 4270 1431 4334 ἐπισκόποις
1464 4270 1557 4323 καὶ
1589 4286 1750 4341 πρεσ-

221 4362 421 4436 animi;
445 4369 541 4419 καὶ
573 4365 874 4427 διακόνοις
911 4365 1002 4416 καὶ
1030 4364 1176 4435 πάσῃ
1216 4366 1281 4433 τῇ
1324 4363 1427 4416 ὑπὸ
1460 4364 1550 4416 τὸν
1582 4364 1748 4435 οὐρα-

223 4457 287 4508 νὺν
318 4460 566 4529 καθολικῇ
615 4457 928 4528 Ἐκκλητίᾳ,
959 4458 1173 4519 Ἕλενος
1206 4457 1299 4510 καὶ
1344 4456 1630 4527 Ὑμέναιος
1660 4457 1752 4509 καὶ

224 4548 433 4618 Θεόφιλος
461 4553 557 4604 καὶ
588 4550 880 4612 Θεότεκνος
913 4550 1005 4603 καὶ
1036 4549 1309 4618 Μάξιμος⁸
1344 4549 1584 4619 Πρόκλος
1610 4566 1622 4578 °
1657 4550 1753 4601 Nt-

226 4641 361 4709 κέρας
386 4645 477 4695 καί
503 4641 758 4702 Αἱλιανός
804 4640 949 4707 (25)·
996 4639 1335 4701 καὶᾸΙαῦλος
1370 4641 1463 4692 καὶ
1509 4638 1753 4704 Βώλανος

227 4732 297 4782 καὶ
323 4734 670 4804 Πρωτογένης
702 4733 796 4783 καὶ
838 4729 1007 4802 Ἰέραξ
1032 4729 1124 4782 καὶ
1154 4728 1408 4798 Εὐτύχιος
1434 4730 1528 4783 καὶ
1553 4730 1755 4783 Θεόδω-

229 4835 297 4888 po;
319 4823 401 4875 καὶ
426 4822 689 4891 Μαλχεων
730 4821 824 4873 καὶ
854 4817 1079 4881 Λούκιος
1101 4834 1114 4846 ·
1148 4818 1242 4871 καὶ
1272 4819 1321 4871 οἱ
1350 4818 1526 4872 λοιποὶ
1557 4821 1753 4883 πάντες

281 5040 375 5109 (12)
409 5041 635 5103 Euseb.,
671 5040 806 5093 Hist.
836 5039 1018 5093 eccles.
1055 5039 1151 5093 lib.
1178 5054 1275 5103 vn,
1312 5053 1433 5105 cap.
1461 5038 1554 5094 50.

282 5113 373 5179 (15)
412 5113 658 5174 Hierom,
703 5110 773 5163 De
823 5111 921 5165 t'ir.
950 5110 1170 5175 illustr.,
1204 5125 1323 5177 cap.
1357 5109 1441 5161 71.

283 5181 376 5249 (lt)
415 5184 639 5239 Enseh..
672 5181 707 5233 1.
739 5196 790 5234 c.
820 5196 941 5249 cap.
973 5180 1060 5232 29.

235 5244 379 5371 .595)
415 5256 570 5317 (iam,
610 5250 752 5305 Ilist.
788 5244 905 5304 litt;
932 5250 997 5305 ad
1037 5264 1164 5306 ann.
1197 5247 1335 5313 270,
1372 5256 1503 5301 tom.
1545 5244 1599 5311 l,
1634 5263 1756 5319 pag.

237 5360 382 5511 ign)
416 5390 664 5456 Fabric.,
696 5390 838 5445 Bibl.
868 5389 992 5445 eccl.
1020 5390 1072 5444 in
1114 5396 1226 5443 not.
1253 5388 1318 5442 ad
1347 5386 1606 5451 Hierom,
1636 5403 1757 5459 pag.

422 5529 657 5610 Febrim,
688 5530 827 5610 Bibl.
851 5528 942 5610 Gr.
972 5537 1104 5585 tom.
1130 5528 1221 5610 ιςι,
1251 5544 1373 5610 pag.

240 5600 385 5719 9‘ng)
422 5600 706 5723 Illai'duin"
736 5600 947 5655 Concil.
989 5610 1121 5655 tom.
1157 5599 1210 5664 l,
1254 5598 1385 5656 edit.
1422 5598 1605 5655 Venet.
1639 5612 1757 5669 pag.

324 5711 335 5723 .
364 5687 426 5723 no
452 5710 467 5722 .
536 5707 552 5721 .

324 5711 335 5726 ι
364 5687 467 5723 ιιοι.
500 5687 552 5723 ι.

294 5738 389 5807 (l9)
410 5733 620 5796 Euseb.
650 5740 684 5794 l.
708 5756 755 5797 c.
790 5754 910 5811 cap.
937 5738 1024 5794 30.

1849 4272 2035 4324 orbem
2071 4272 2462 4326 comministris
2497 4270 2728 4332 nostris,
2760 4268 3050 4337 episcopis,
3086 4271 3414 4341 presbyteris

1850 4375 1901 4416 et
1933 4363 2206 4427 diaconis;
2232 4373 2283 4416 et
2306 4363 2569 4416 universa:
2592 4359 2843 4415 Ecclesia:
2860 4360 3141 4415 catholica:
3163 4377 3284 4430 quae
3313 4362 3415 4415 sub

1852 4452 1990 4507 caelo
2009 4460 2110 4517 est,
2134 4449 2368 4505 Helenus
2385 4462 2436 4505 et
2466 4449 2805 4521 Hymenaeus,
2826 4448 3175 4518 Theophilus,
3195 4449 3418 4505 Theote-

1854 4542 2301 4609 cnus,Maximns,
2317 4542 2598 4604 Proculus,
2616 4540 2888 4603 Nicomas,
2908 4540 3174 4603 Ailianus,
3193 4541 3413 4606 Paulus,

1853 4636 2106 4699 Bolanus,
2129 4633 2481 4701 Protogenes,
2506 4631 2725 4693 Ilierax,
2753 4631 3071 4701 Eutycltius,
3097 4632 3415 4688 Theodorus

1851 4738 1905 4782 et
1933 4726 2201 4781 Malchion
2232 4737 2283 4779 et
2316 4724 2547 4789 Lucius;
2575 4733 2629 4777 et
2654 4725 2847 4793 reliqui
2891 4740 3080 4778 omnes
3113 4725 3203 4794 qui
3234 4727 3415 4780 nobis-

1853 4836 1975 4875 cum
2018 4826 2145 4873 sunt
2179 4817 2478 4871 vicinarum
2517 4816 2734 4871 urbium
2772 4826 2827 4871 et
2866 4817 3268 4888 provinciarum
3298 4818 3416 4885 epi-

1856 5102 1864 5108 _
1934 5037 2039 5103 (20)
2078 5035 2334 5108 Tillem.i,_
2352 5033 2493 5088 Hist.
2525 5035 2615 5088 des
2637 5046 2772 5103 emp.
2794 5076 2809 5101 ,
2835 5044 2968 5090 tom.
3001 5031 3093 5097 Ill,
3123 5040 3235 5086 not.
3262 5032 3296 5085 5
3323 5047 3418 5087 sur

1856 5106 2065 5172 Aurel.,
2097 5124 2217 5175 pag.
2242 5106 2364 5159 552.

1923 5179 2034 5243 (ﬁl)
2074 5172 2261 5231 Leont.
2296 5177 2443 5245 Byz.,
2475 5175 2567 5228 lib.
2598 5190 2658 5245 ιιι
2689 5184 2859 5229 contr.
2888 5172 3120 5235 Nestor.,
3140 5173 3259 5245 sub
3290 5172 3383 5226 lin.

1929 5242 2042 5317 (‘22)
2082 5247 2225 5302 Petr.
2254 5242 2435 5304 Dia—cu
2478 5247 2572 5300 lib.
2611 5244 2689 5299 De
2720 5246 2981 5298 incarnat.
3030 5245 3097 5297 ad
3135 5242 3417 5313 Fulgent.,

1860 5335 1979 5388 cap.
2008 5320 2059 5371 6.

1935 5382 2045 5457 (25)
2072 5390 2433 5455 Αἰμιλιανός.
2457 5386 2512 5441 in
2542 5383 2977 5457 codiceMazar.,
3006 5382 3218 5457 Fllkel:
3238 5383 3414 5457 (Savil.

1863 5470 1918 5514 et
1942 5453 2079 5512 Med.
2113 5453 2360 5521 Ᾱέλιανὸς
2387 5458 2597 5527 legitur.
2634 5456 2862 5508 Rnlinus
2889 5468 3105 5527 quoque
3140 5453 3418 5527 {Elianum

1792 5526 1840 5585 ι)
1866 5537 2046 5593 vocat,
2071 5539 2232 5595 atque
2280 5529 2349 5581 ita
2385 5522 2496 5581 fere
2527 5525 2862 5595 Nic-ephorus
2892 5533 2945 5575 ct
2968 5522 3267 5591 Syncellus.
3300 5525 3419 5577 Ca2-

1872 5610 2043 5653 terum
2078 5594 2427 5660 Athanasius,
2458 5599 2509 5648 in
2558 5596 2698 5649 libro
2746 5594 2817 5645 De
2863 5596 3075 5662 synodis
3108 5594 3333 5646 Arimini
3368 5603 3419 5647 et

1874 5669 2150 5731 Seleneiar,
2181 5678 2407 5731 testatur
2438 5669 2488 5718 in
2533 5667 2635 5718 ltac
2666 5664 2872 5734 synodo
2902 5664 2967 5717 ’ἵο
3012 5664 3175 5721 fuisse
3212 5664 3421 5729 Patres,

1872 5741 1965 5808 qui
2000 5738 2223 5793 Paulum
2254 5737 2691 5793 Samosatcnscm
2717 5736 3104 5800 deposuerunt.
3131 5735 3321 5789 Vnus.
