3950 6210
593 285 700 339 235

1786 288 2153 345 MALCHIONI
2167 289 2205 344 S
2234 290 2655 347 ANTIOCHENI

3729 288 3846 343 236

596 404 876 459 lacerabat
910 425 924 460 :
957 405 1023 460 de
1053 421 1112 461 se
1140 416 1320 462 autem
1353 408 1468 478 ipse
1505 409 1790 479 magniﬁce
1814 411 2157 480 loquebatur,

2273 413 2383 476 τοὺς
2413 413 2512 484 μὲν
2543 415 2624 477 είς
2660 413 2750 467 τὸν
2782 411 2982 484 Κύριον
3005 409 3165 482 ἡμῶν
3204 408 3408 481 Ἰησοῦν
3433 407 3672 480 Χριστὸν
3701 410 3846 459 παύ-

596 513 703 550 non
737 508 796 552 ut
823 499 1134 568 episcopus,
1177 501 1270 555 sed
1308 510 1369 554 ut
1410 501 1650 570 sophista
1703 503 1924 572 quidam
1969 511 2024 557 et
2059 501 2162 556 im-

595 599 803 658 postor.
837 589 1141 656 Quinetiam
1166 593 1401 661 psalmos
1425 593 1476 646 in
1505 593 1764 647 honorem
1792 593 2005 647 Domini
2031 592 2160 648 Jesu

594 680 796 734 Christi
822 683 942 736 cani
979 684 1189 747 solitos,
1227 686 1384 754 quasi
1415 685 1660 740 novellos
1696 694 1750 739 et
1782 701 1812 739 a
1843 686 2161 740 recentiori-

597 771 699 826 bus
722 771 1034 826 hominibus
1057 777 1391 842 compositos
1419 774 1671 828 abolevit.
1706 772 1956 828 Mulieres
1979 781 2158 826 autem

597 878 793 933 magno
822 862 1043 918 Pascha:
1064 866 1149 918 die
1182 865 1236 918 in
1270 865 1445 919 media
1473 865 1702 919 ecclesia
1725 864 1963 932 psalmos
1994 877 2162 933 quos-

595 955 719 1009 dam
756 971 954 1010 canere
998 957 1063 1010 ad
1112 957 1198 1009 sui
1234 957 1406 1024 ipsius
1451 957 1662 1011 laudem
1705 957 1970 1021 instituit;
2013 955 2158 1026 quod

595 1049 814 1116 quidem
869 1051 1214 1106 audientibus
1274 1053 1553 1107 horrorem
1595 1055 1791 1109 merito
1843 1053 2153 1108 incusserit.

2267 521 2385 568 σας,
2408 503 2483 569 ὼς
2501 505 2564 575 δὴ
2592 505 2884 576 νεωτέρους
2908 503 3001 557 καὶ
3023 503 3293 572 νεωτέρων
3318 499 3523 572 ἀνδρῶν
3544 517 3693 568 συγγ
3702 501 3846 570 ράμ-

2268 608 2429 661 ματα·
2462 594 2540 654 εἰς
2569 593 2756 646 ἑαυτὸν
2781 593 2837 645 δέ
2860 595 2916 645 ἐν
2941 591 3080 664 μέσῃ
3105 594 3169 661 τῇ
3197 589 3476 660 ἐκκλησίᾳ,
3507 593 3574 660 τῇ
3619 590 3848 662 μεγάλῃ

2264 683 2355 736 τοῦ
2385 684 2572 754 Πάσχα
2601 685 2784 756 ἡμέρᾳ
2825 683 3128 755 ψαλμῳδεῖν
3167 686 3428 752 γυναῖκας
3483 685 3848 751 παρασκευά-

2265 773 2392 839 ζων,
2419 769 2493 828 ὧν
2518 777 2612 828 καὶ
2643 777 2880 838 ἀκούσας
2908 775 2974 829 ἄν
3013 793 3095 838 τις
3143 774 3400 846 φρίξειεν.
3433 768 3535 828 Οἷα
3581 775 3679 827 καὶ
3715 776 3848 836 τοὺς

2266 865 2608 930 θωπεύοντας
2634 867 2793 919 αὑτὸν
2814 867 3139 930 ἐπισκόπους
3158 866 3264 920 τῶν
3286 867 3497 938 ὁμόρων
3517 865 3713 937 ἀγρῶν
3730 866 3848 936 (58)

2262 977 2321 1012 τε
2353 959 2446 1011 καὶ
2470 958 2674 1011 πόλεων
2707 959 2797 1010 κα).
2836 956 3252 1029 πρεσϐυτέρους,
3282 961 3340 1011 ἐν
3397 960 3515 1021 ταῖς
3560 957 3708 1028 πρὸς
3751 958 3848 1010 τὸν

2261 1050 2387 1104 λαὸν
2409 1049 2646 1120 ὁμιλίαις
2673 1048 2888 1119 καθίησι
2914 1048 3267 1118 διαλέγεσθαι.

599 1139 895 1210 Episcopos
925 1134 1145 1212 quoque
1184 1142 1485 1197 vicinorum
1527 1161 1785 1215 pagorum
1811 1156 1865 1200 et
1891 1147 2191 1208 civitatum,
2231 1157 2330 1197 nec
2364 1156 2472 1195 non
2517 1151 2572 1197 et
2611 1141 2951 1211 presbyteros
2990 1149 3349 1196 assentatores
3385 1155 3513 1196 suos
3553 1139 3848 1205 submisit,

597 1233 689 1302 qui
723 1233 775 1286 in
801 1236 915 1288 suis
944 1233 1009 1287 ad
1041 1235 1298 1302 pepulum
1333 1237 1688 1291 concionibus
1719 1238 1908 1292 eadem
1945 1238 2012 1292 de
2039 1237 2157 1305 ipso
2196 1233 2572 1303 praedicarent.

667 1323 751 1378 Ill.
787 1325 997 1379 Etenim
1023 1325 1218 1380 Filium
1246 1327 1336 1382 Dei
1362 1343 1393 1381 e
1416 1329 1555 1383 cmlo
1577 1329 1940 1394 descendisse,
1975 1327 2162 1381 nobis-

597 1430 720 1470 cum
757 1417 1001 1472 conliteri
1031 1418 1230 1482 renuit,
1255 1429 1313 1474 ut
1341 1420 1548 1489 aliquid
1571 1422 1744 1480 obiter
1770 1420 2162 1490 prtemittamus

597 1524 663 1563 ex
690 1509 756 1564 iis
781 1525 903 1579 qua:
931 1509 1070 1564 infra
1101 1510 1324 1565 uberius
1357 1523 1709 1582 exponentur.
1735 1511 1918 1582 Neque
1956 1511 2007 1565 id
2031 1510 2163 1566 sim-

599 1601 723 1671 plici
753 1603 1055 1656 assertione
1075 1613 1281 1669 nostra,
1311 1605 1403 1660 sed
1426 1620 1492 1659 ex
1518 1605 1650 1674 ipsis
1670 1621 1792 1676 qua:
1826 1605 1893 1659 ad
1930 1619 2024 1659 vos
2057 1603 2162 1656 mi-

600 1696 773 1750 simus
803 1696 981 1751 Gestis
999 1711 1104 1749 non
1141 1698 1308 1751 semel
1338 1698 1647 1753 declaratur
1682 1716 1697 1754 :
1743 1699 1978 1752 maxime
2011 1713 2159 1759 vero,

2337 1323 2440 1376 Τὸν
2462 1323 2560 1394 μέν
2589 1321 2698 1394 γὰρ
2731 1322 2856 1376 Υἱδν
2898 1322 2988 1376 τοῦ
3025 1322 3157 1376 Θεοῦ
3187 1323 3246 1376 οὐ
3281 1323 3520 1392 βούλεται
3548 1326 3850 1395 συνομολο-

2267 1419 2380 1484 γεῖν
2413 1415 2472 1480 ἐξ
2511 1415 2738 1486 οὐρανοῦ
2777 1414 3214 1486 κατεληλυθέναι,
3253 1415 3340 1468 ἵνα
3376 1432 3430 1468 τι
3473 1415 3850 1486 προλαϐόντες

2267 1505 2374 1558 τῶν
2434 1505 2731 1575 μελλόντων
2773 1504 3146 1577 γραφήσεσθαι
3197 1504 3396 1575 θῶμεν·
3443 1506 3533 1559 κα).
3568 1505 3732 1558 τοῦτο
3784 1509 3850 1560 οὐ

2267 1597 2410 1666 λόγῳ
2439 1597 2580 1668 ψιλῷ
2613 1597 2924 1669 ῥηθήσεται,
2959 1596 3075 1650 ἀλλ’
3120 1595 3179 1663 ἐξ
3228 1590 3303 1650 ὧν
3344 1597 3673 1669 ἐπέμψαμεν
3702 1598 3850 1652 ὑπο-

2270 1689 2560 1758 μνημάτων
2593 1689 2701 1765 (59)
2725 1687 2994 1741 δείκνυται
3029 1687 3373 1758 πολλαχόθεν·
3402 1689 3514 1760 οὐχ’
3542 1691 3752 1760 ἣκιστα
3791 1691 3850 1745 δὲ

603 1784 692 1836 ubi
718 1784 852 1839 dicit
877 1783 1062 1839 Jesum
1090 1785 1372 1841 Christum
1405 1804 1435 1842 e
1474 1796 1613 1842 terra
1647 1797 1825 1843 ortum
1863 1788 2052 1844 fuisse.
2094 1790 2164 1842 At

2273 1779 2396 1830 ὅπου
2417 1778 2562 1846 λέγει
2578 1777 2780 1849 Ἰησοῦν
2793 1777 3022 1849 Χριστὸν
3053 1778 3293 1856 κάτωθεν
3317 1779 3469 1849 (39').
3490 1781 3551 1833 Οἱ
3577 1780 3634 1833 δέ
3652 1783 3736 1844 εἰς
3753 1781 3850 1834 αὖ·

600 1892 729 1932 vero
762 1877 836 1930 illi
875 1879 970 1947 qui
1014 1877 1068 1931 in
1119 1879 1238 1947 ejus
1283 1879 1544 1934 honorem
1577 1882 1818 1950 psalmos
1857 1889 2082 1946 canunt,
2113 1891 2165 1936 et

601 1983 784 2022 coram
821 1970 1021 2038 populo
1045 1985 1167 2024 eum
1204 1970 1598 2040 deprzcdicant,
1636 1972 1813 2041 ipsum
1861 1986 2023 2044 quem
2065 1973 2167 2027 im-

600 2061 815 2129 pietatis
845 2061 1121 2116 doctorem
1169 2062 1495 2123 habuerunt,
1539 2065 1789 2134 angelum
1827 2080 1950 2121 esse
1981 2065 2167 2121 dicunt

601 2168 633 2206 e
665 2154 804 2208 coelo
826 2153 1127 2222 delapsum.
1151 2154 1328 2223 Atque
1359 2155 1474 2208 haec
1498 2155 1587 2209 ille
1618 2159 1858 2211 omnium
1889 2159 2166 2213 hominum

603 2246 1025 2314 superbissimus
1055 2261 1164 2300 non
1185 2245 1465 2316 prohibet;
1495 2247 1590 2302 sed
1619 2249 1844 2304 interest
1874 2250 2008 2320 ipse,
2041 2267 2165 2306 eum

602 2336 878 2390 dicuntur.
921 2335 1058 2402 Quid
1092 2335 1181 2390 hic
1214 2337 1416 2390 referre
1455 2337 1649 2393 attinet
1696 2339 2163 2406 subintroductas,

604 2437 662 2480 ut
691 2426 1014 2481 Antiocheni
1048 2435 1264 2491 vocant,
1319 2429 1598 2495 mulieres,
1633 2438 1743 2484 tam
1785 2431 1954 2502 ipsius
2003 2448 2166 2503 quam

604 2517 1037 2588 presbyterorum
1059 2517 1177 2587 ejus
1205 2533 1269 2572 ac
1307 2517 1700 2575 diaconorum?
1738 2521 1797 2574 In
1835 2521 2034 2591 quibus
2059 2538 2165 2578 non

604 2608 706 2662 hoc
729 2609 928 2670 solum,
959 2608 1053 2662 sed
1090 2609 1250 2663 etiam
1274 2608 1376 2662 alia
1411 2609 1731 2665 insanabilia
1757 2610 2005 2678 crimina,
2031 2627 2170 2682 quo-

603 2715 722 2753 rum
751 2699 1002 2755 conscius
1036 2710 1119 2754 est
1145 2709 1200 2754 et
1225 2715 1457 2770 quorum
1496 2700 1644 2768 ipsos
1675 2716 1801 2758 reos
1831 2717 1954 2758 esse
1981 2705 2169 2760 convi-

601 2795 696 2858 cit,
735 2793 1092 2849 nihilominus
1132 2795 1262 2864 tegit
1312 2809 1376 2849 ac
1417 2793 1746 2862 dissimulat,
1797 2806 1856 2851 ut
1906 2797 2026 2854 illos
2066 2799 2168 2854 sibi

601 2885 869 2941 obnoxios
892 2886 1121 2952 habeat;
1155 2896 1320 2956 utque
1346 2889 1476 2941 dum
1505 2887 1608 2942 sibi
1631 2889 1763 2958 ipsis
1788 2897 2057 2955 metuunt,
2089 2891 2170 2960 ip-

606 2995 726 3034 sum
758 2979 828 3033 ob
859 2996 921 3032 ea
969 2995 1090 3046 quze
1134 2979 1298 3048 impie
1339 2980 1452 3057 agit
1492 2995 1555 3036 ac
1602 2981 1861 3050 loquitur,
1915 2997 2170 3038 accusare

606 3084 713 3123 non
747 3069 999 3124 audeant.
1029 3069 1108 3122 Ad
1140 3070 1255 3124 haec
1285 3071 1490 3126 divitiis
1520 3087 1616 3126 eos
1646 3073 2014 3142 locupletavit.
2061 3074 2168 3130 Cu-

600 3161 692 3228 jus
721 3161 798 3214 rei
825 3176 989 3215 causa
1015 3161 1083 3214 ab
1112 3161 1177 3214 iis
1207 3162 1300 3230 qui
1337 3162 1467 3216 talia
1499 3164 1912 3232 concupiscunt,
1957 3175 2171 3220 amatur
2193 3139 2239 3192 (ἶ

606 3260 768 3321 atque
799 3253 1114 3320 suspicitur.
1162 3251 1323 3318 Quid,
1385 3255 1628 3323 inquam,
1663 3255 1852 3310 attinet
1886 3255 2001 3311 haec
2033 3257 2171 3312 scri-

607 3344 773 3397 bere?
817 3342 1034 3398 Scimus
1064 3344 1272 3413 utique,
1328 3343 1526 3399 fratres
1558 3345 1920 3410 dilectissimi,
1964 3347 2174 3414 episco-

607 3449 734 3502 pum
767 3444 822 3488 et
856 3435 1169 3489 universum
1197 3434 1401 3490 clerum
1437 3436 1699 3489 bonorum
1754 3452 1976 3505 operum
1999 3453 2176 3492 exem-

609 3529 756 3598 plum
795 3527 1124 3582 multitudini
1151 3528 1389 3597 praebere
1411 3527 1626 3584 debere.
1655 3527 1840 3598 Neque
1863 3529 1990 3584 illud
2015 3531 2173 3602 ignoa

611 3635 817 3686 ramus,
861 3629 994 3690 quot
1039 3636 1104 3674 ex
1157 3622 1425 3690 ejusmodi
1475 3621 1764 3677 mulierum
1817 3623 2173 3680 contubernio

609 3715 804 3784 partim
865 3714 918 3768 in
961 3729 1198 3784 praeceps
1230 3714 1366 3783 lapsi
1409 3713 1539 3778 sint,
1565 3715 1762 3784 partim
1803 3715 1856 3770 in
1901 3718 2168 3787 suspicio-

609 3822 732 3861 nem
761 3806 1023 3861 venerint.
1054 3806 1238 3876 ltaque
1278 3807 1441 3862 etiam
1467 3808 1513 3864 si
1553 3809 1676 3877 quis
1700 3811 2048 3876 concesserit,
2089 3811 2172 3865 ni-

681 4011 794 4079 ('58)
841 4007 1387 4081 V’Emo‘xdxovgrt’br
1412 4008 1883 4081 dgdpomdmtiw.
1919 4008 2174 4081 Chorepi-

613 4078 810 4148 scopas
839 4080 1136 4151 intelligere
1168 4080 1397 4151 videtur.
1437 4078 1544 4151 1:393
1569 4078 1712 4151 enim
1749 4079 2033 4151 distinguit
2057 4078 2173 4151 epi-

615 4147 750 4208 stola
781 4152 848 4206 ah
877 4147 1146 4220 episeopis
1176 4149 1413 4220 urbium.
1452 4147 1846 4220 llosﬂigiturhin
1894 4147 2172 4205 cancioni-

613 4224 716 4279 bus
755 4222 818 4276 ad
845 4217 1123 4293 populum,
1154 4219 1348 4272 similia
1373 4234 1438 4273 ac
1464 4219 1716 4293 mulieres
1759 4217 1885 4293 illas
1901 4222 2172 4293 psaltrias,

613 4296 680 4349 de
700 4286 868 4346 Paulo
917 4286 1127 4344 dixisse
1179 4297 1444 4358 asserunt
1476 4286 1663 4343 Patres
1698 4286 2174 4358 :quod'Chr'isto-

615 4367 920 4434 phorsonus
954 4378 1059 4414 non
1085 4359 1388 4434 intellexit.“
1403 4356 1598 4434 Vates.

684 4435 797 4504 (59)
849 4429 1328 4504 Ὑπομνημάτων.
1347 4428 1518 4504 Quod
1537 4444 1697 4500 supra
1720 4430 2167 4504 _observavimus,

615 4499 797 4558 errare
819 4502 980 4569 vulgo
1005 4503 1320 4568 interpretes
1345 4501 1398 4552 in
1430 4499 1764 4571 hujus’vocis
1795 4502 2168 4571 explicatione,

617 4576 668 4629 id
701 4567 1044 4641 perspicuum
1076 4567 1257 4625 lit'hoc
1281 4571 1420 4624 loco.
1445 4567 1580 4623 Nam
1606 4581 1660 4625 et
1700 4567 1916 4641 Langus
1943 4580 1996 4625 et
2028 4570 2174 4626 Mus-

615 4646 774 4699 cuius
805 4651 859 4696 et
903 4641 1434 4708 Christophorsonus
1469 4643 1871 4696 commentarios
1907 4643 2172 4712 interpreo

617 4715 711 4770 tati
741 4722 903 4775 sunt;
946 4727 1068 4765 cum
1113 4721 1230 4762 acta
1265 4726 1361 4764 seu
1398 4721 1544 4779 gesta
1586 4722 1794 4767 vertere
1835 4713 2169 4767 debuissent.

616 4788 746 4839 Acta
775 4791 950 4837 autem
980 4781 1066 4833 illa
1092 4781 1278 4851 synodi
1307 4781 1654 4836 Antiochena:
1676 4784 1806 4837 nihil
1835 4784 1981 4837 aliud
1997 4792 2172 4844 erant.

616 4870 780 4925 quam
807 4850 1464 4925 disputatio’lllalchionis
1509 4852 1768 4925 adversus
1811 4853 2036 4908 Paulum
2079 4855 2176 4907 Sa-

619 4921 980 4984 mosateuum,
1007 4936 1184 4991 (ιιιωέ
1209 4921 1434 4991 notariis
1457 4930 1678 4988 excepta
1710 4923 1904 4988 fuerat,
1924 4932 1980 4977 ut
2008 4940 2171 4991 supra

619 4995 753 5048 dixit
808 4991 1090 5062 Etitscbius.
1142 4989 1218 5062 Ex
1283 4990 1365 5062 iis;
1393 4990 1543 5062 Actis
1575 4991 1881 5062 testimonia
1928 4989 2172 5062 quaid—am

619 5065 828 5134 profert
857 5059 1438 5134 LeontiusAByzantius
1483 5061 1722 5134 in_libro
1767 5059 2041 5134 utcontra
2068 5062 2172 5116 Ne-

621 5129 874 5196 storium,
911 5147 1084 5201 eaque
1115 5131 1446 5201 distinguere
1479 5129 1692 5184 videtur
1738 5147 1768 5186 a
1809 5133 2176 5200 disputatione

621 5205 941 5261 Malchionis
970 5200 1160 5258 contra
1199 5200 1422 5253 Paulum
1465 5219 1478 5254 :
1520 5201 1611 5254 ubi
1649 5202 1812 5256 etiam
1858 5203 2050 5258 doctus
2087 5205 2172 5258 in-

622 5284 830 5344 terpres
861 5272 1268 5344 commentarios
1292 5271 1578 5344 vertit._ln.

694 5339 828 5416 (ὅθ’)
857 5345 1057 5414 Supple
1081 5340 1424 5416 γεγενῆσθαι,
1445 5341 1618 5416 Enn“.
1650 5339 1891 5416 Ρλτιιοιι.

695 5410 820 5485 (40)
838 5410 1296 5478 Συύἐισάκτουςλ.
1320 5410 1459 5485 Quid
1493 5421 1675 5485 essent
1706 5411 2039 5485 συνείσακτοι
2063 5427 2175 5467 mu-

627 5480 806 5548 lieres,
853 5486 965 5552 jam
1012 5485 1217 5552 pridem
1267 5481 1756 5552 notavitWJoannes
1799 5480 2035 5552 Langus.
2092 5485 2174 5537 vir

626 5551 1077 5615 doctissimus,ad
1124 5556 1321 5609 librum
1376 5570 1430 5606 vr
1484 5551 1791 5620 Nicephori,
1845 5551 1963 5621 cap.
2001 5553 2171 5613 '50,et

625 5633 748 5694 post
775 5625 921 5678 illum
964 5625 1022 5678 Β.
1052 5625 1343 5680 Bhenanus
1369 5625 1433 5679 ad
1461 5624 1552 5679 lib.
1594 5639 1667 5676 vn
1703 5622 1900 5694 Rufini.
1927 5622 2169 5688 Quorum

627 5692 802 5748 dnctis
839 5697 1302 5750 observationibus
1354 5695 1488 5749 nihil
1538 5703 1641 5756 est,
1687 5692 1831 5763 quod
1885 5695 2167 5748 addamus.

631 5764 950 5837 llujusmodi
983 5767 1234 5823 mulieres
1277 5781 1308 5818 a
1338 5766 1548 5822 clericis
1573 5765 1730 5835 vulgo
1758 5779 1972 5820 sorores
2012 5780 2172 5820 voca-

2266 1869 2355 1923 τὸν
2371 1868 2660 1939 ψάλλοντες
2685 1870 2777 1924 κα).
2805 1871 3239 1941 ἐγκωμιάζοντες
3268 1873 3324 1924 ἐν
3344 1872 3423 1942 τῷ
3442 1871 3574 1942 λαῷ,
3606 1874 3852 1941 ἄγγελον

2265 1962 2355 2016 τὸν
2383 1962 2554 2033 ἀσεϐῆ
2585 1962 2896 2018 διδάσκαλον
2927 1962 3134 2016 ἑαυτῶν
3171 1962 3230 2029 ἐξ
3259 1963 3488 2035 οὐρανοῦ
3536 1965 3851 2036 κατεληλυ-

2268 2055 2417 2108 θέναι
2452 2054 2687 2124 λέγουσι.
2723 2054 2832 2107 Καὶ
2852 2053 3026 2108 ταῦτα
3055 2055 3115 2107 οὐ
3145 2053 3363 2118 κωλύει,
3397 2053 3531 2108 ἀλλὰ
3558 2056 3653 2109 καὶ
3686 2056 3851 2124 λεγο-

2271 2147 2450 2218 μένοις
2496 2147 2756 2218 πάρεστιν
2806 2145 2835 2199 ό
2879 2145 3243 2217 ὑπερήφανος.
3299 2145 3409 2211 Τὰς
3448 2147 3504 2198 δὲ
3551 2150 3851 2201 συνεισάκ-

2266 2253 2390 2299 τους
2416 2236 2527 2306 (40)
2556 2235 2718 2289 αὐτοῦ
2752 2237 3013 2304 γυναῖκας
3045 2236 3120 2299 ὡς
3167 2237 3455 2307 Ἀντιοχεῖς
3490 2238 3846 2309 ὀνομάζουσι,

2268 2327 2359 2380 καὶ
2391 2327 2494 2380 τῶν
2542 2327 2666 2398 περὶ
2692 2327 2854 2381 αὐτὸν
2889 2327 3272 2399 πρεσϐυτέρων
3317 2329 3409 2382 καὶ
3443 2328 3726 2394 διακόνων,
3758 2327 3850 2394 οἷς

2268 2419 2360 2471 καὶ
2391 2418 2547 2470 τοῦτο
2573 2418 2664 2471 καὶ
2684 2417 2750 2471 τὰ
2777 2418 2909 2473 ἄλλα
2933 2420 3300 2490 ἁμαρτήματα
3334 2419 3524 2473 ἀνίατα
3548 2420 3676 2474 ὂντα
3708 2439 3850 2491 συγ-

2267 2511 2518 2584 κρύπτει,
2538 2511 2789 2576 συνειδὼς
2803 2513 2896 2566 καὶ
2917 2511 3160 2580 ἐλέγξας,
3178 2514 3323 2577 ὅπως
3344 2514 3538 2577 αὐτοὺς
3554 2515 3850 2587 ὑπόχρεως

2267 2602 2383 2674 ἔχῃ,
2420 2603 2546 2673 περ).
2566 2595 2641 2656 ὧν
2673 2601 2852 2671 λόγοις
2877 2603 2970 2656 κα).
2989 2603 3169 2674 ἔργοις
3193 2605 3386 2668 ἀδικεῖ,
3422 2606 3495 2676 μὴ
3522 2605 3849 2677 τολμῶντας

2268 2697 2588 2766 κατηγορεῖν
2614 2693 2690 2766 τῷ
2723 2695 2840 2748 καθ’
2877 2697 3104 2760 ἑαυτοὺς
3150 2698 3318 2768 φόϐῳ·
3361 2697 3497 2751 ἀλλὰ
3544 2700 3638 2753 καὶ
3681 2700 3850 2754 πλου-

2269 2786 2412 2850 σίους
2433 2787 2724 2857 ἀπέφηνεν·
2743 2789 2825 2856 ἐφ’
2855 2780 2898 2855 ᾧ
2923 2787 3058 2856 πρὸς
3079 2787 3185 2851 τῶν
3205 2788 3272 2841 τὰ
3291 2787 3512 2842 τοιαῦτα
3534 2788 3850 2860 ζηλούντων

2270 2878 2498 2947 φιλεῖται
2540 2879 2633 2932 καὶ
2677 2877 3027 2949 θαυμάζεται·
3067 2879 3121 2931 τί
3163 2878 3228 2932 ἂν
3277 2879 3447 2933 ταῦτα
3501 2881 3846 2952 γράφοιμεν;

2281 2971 2646 3041 Ἐπιστάμεθα
2672 2971 2747 3034 δέ,
2782 2970 3072 3041 ἀγαπητοὶ,
3099 2971 3180 3024 ὅτι
3207 2971 3296 3024 τὸν
3329 2972 3619 3026 ἐπίσκοπον
3647 2973 3741 3028 καὶ
3780 2976 3850 3028 τὸ

2269 3065 2527 3137 ίερατεῖον
2560 3065 2704 3119 ἅπαν
2727 3062 3071 3135 παράδειγμα
3100 3059 3233 3116 εῖναι
3262 3062 3343 3115 δεῖ
3369 3063 3446 3133 τῷ
3477 3063 3668 3135 πλήθει
3700 3066 3851 3119 πάν-

2270 3172 2377 3208 των
2401 3154 2578 3207 καλῶν
2610 3153 2804 3226 ἔργων·
2839 3154 2931 3207 καὶ
2974 3153 3095 3206 οὐδὲ
3138 3155 3312 3206 ἐκεῖνο
3365 3155 3683 3225 ἀγνοοῦμεν,
3721 3157 3848 3210 ὅσοι

2274 3246 2378 3298 ὑπὸ
2431 3246 2524 3300 τοῦ
2578 3245 2913 3313 συνεισάγειν
2949 3246 3160 3308 ἑαυτοῖς
3188 3248 3447 3314 γυναῖκας
3476 3245 3744 3310 ἐξέπεσον·
3793 3250 3849 3300 οἱ

2271 3338 2315 3391 δ’
2348 3337 2777 3408 ὑποπτεύθησαν·
2809 3336 2936 3390 ὥστ’
2964 3339 3012 3389 εἰ
3058 3338 3151 3391 κα)⁹
3194 3338 3312 3408 δοίη
3347 3338 3455 3408 (Η)
3489 3357 3569 3402 τις
3599 3339 3745 3409 αὐτῷ
3778 3340 3851 3394 τὸ

2276 3430 2438 3502 μηδὲν
2468 3430 2692 3498 ἀσελγὲς
2740 3433 2932 3494 ποιεῖν,
2971 3429 3106 3484 ἀλλὰ
3137 3432 3234 3502 τήν
3275 3448 3339 3500 γε
3371 3432 3618 3486 ὑπόνοιαν
3644 3434 3744 3504 τὴν
3774 3436 3852 3488 ἐκ

2270 3524 2364 3578 τοῦ
2415 3524 2652 3578 τοιούτου
2693 3523 3013 3594 πράγματος
3053 3521 3325 3594 φυομένην
3399 3524 3564 3595 ἐχρῆν
3604 3523 3852 3596 εὐλαϐη-

2271 3617 2451 3687 θῆναι,
2474 3619 2545 3690 μή
2559 3635 2679 3674 τινα
2695 3620 3036 3693 σκανδαλίσῃ,
3062 3622 3186 3684 τοὺς
3206 3621 3260 3674 δὲ
3288 3620 3382 3675 καὶ
3407 3620 3686 3692 μιμεῖσθαι
3709 3639 3852 3694 προ-

2271 3708 2553 3780 τρέψηται.
2591 3710 2715 3774 Πῶς
2743 3711 2850 3784 γὰρ
2896 3712 2962 3766 ἂν
3014 3711 3357 3782 ἐπιπλήξειεν
3399 3711 3430 3782 ἢ
3463 3711 3851 3782 νουθετήσειεν

2271 3801 2479 3873 ἕτερον,
2513 3803 2587 3875 μὴ
2625 3805 3072 3873 συγκαταϐαίνειν
3113 3804 3364 3858 ἐπιπλέον
3390 3805 3470 3868 εἰς
3507 3805 3704 3858 ταύτὸν
3745 3822 3854 3874 γυ.

2272 4011 2488 4066 bantur.
2525 4007 2582 4062 ld
2620 4024 2706 4064 me
2739 4007 2922 4064 docuit
2954 4023 3129 4063 canon
3171 4008 3204 4062 5
3235 4008 3449 4062 concilii
3481 4005 3706 4074 Niczeni,
3735 4013 3848 4078 qui

2273 4082 2327 4135 in
2367 4080 2736 4134 vetustissimo
2773 4080 2956 4134 codice
2996 4079 3306 4133 Corbeiensi
3350 4079 3492 4133 hanc
3542 4080 3700 4133 habet
3748 4082 3852 4135 in-

2275 4151 2659 4218 scriptionem:
2694 4148 2767 4203 De
2793 4149 3221 4213 subintroductis,
3256 4149 3312 4202 id
3345 4161 3419 4202 est
3457 4149 3712 4218 adoptitis
3748 4168 3853 4204 so-

2275 4221 2501 4274 roribus.
2533 4219 2609 4273 Ex
2651 4219 2849 4288 quibus
2877 4219 3190 4288 explicanda
3229 4227 3313 4274 est
3349 4220 3432 4274 lex
3475 4218 3694 4274 Honorii
3738 4222 3849 4284 44,

2274 4291 2327 4344 in
2362 4291 2546 4346 codice
2597 4288 2864 4344 Theodos.
2897 4289 2963 4342 de
2991 4289 3258 4357 episcopis
3300 4299 3353 4342 et
3395 4290 3621 4344 clericis.
3671 4289 3849 4355 Eum,

2273 4362 2362 4430 qui
2393 4359 2710 4430 probabilem
2754 4359 2944 4412 sweulo
2969 4359 3317 4430 disciplinam
3359 4361 3487 4424 agit,
3542 4361 3851 4415 decolorarr'

2277 4428 2538 4484 consortio
2572 4431 2791 4483 sororiae
2827 4428 3196 4497 appellationis
3234 4446 3336 4482 non
3381 4430 3546 4494 decet,
3584 4441 3692 4485 etc.
3741 4431 3852 4488 Sic

2205 4489 2249 4545 Ῑ)
2276 4503 2435 4556 etiam
2469 4501 2670 4554 devotae
2710 4499 2820 4555 Deo
2850 4489 3082 4570 virgines
3106 4501 3366 4570 quosdam
3408 4500 3509 4554 sibi
3533 4489 3850 4559 extraneos

2277 4571 2660 4640 adjungehant,
2726 4586 2864 4638 quos
2916 4569 3355 4640 fratres’gvocare
3417 4584 3845 4628 consueverant.

2275 4637 2771 4708 Quam-nequitiam
2801 4641 3112 4709 perstringit
3143 4637 3500 4709 Hieronymus
3527 4641 3578 4710 ip
3605 4642 3848 4710 epistola

2274 4713 2340 4766 ad
2371 4710 2718 4766 Eustochium
2741 4711 2806 4763 de
2836 4711 3076 4779 custodia
3115 4710 3439 4779 virginitatis
3475 4728 3488 4764 :
3523 4709 3715 4764 Frater
3745 4731 3850 4766 so-

2276 4799 2441 4836 rorem
2466 4782 2714 4850 uirginem
2762 4781 2971 4851 deserit.
3007 4778 3251 4834 Cwlibem
3297 4783 3490 4850 spernit
3529 4783 3666 4850 virgo
3715 4800 3850 4851 ger-

2275 4866 2521 4914 manum;
2552 4851 2766 4919 fratrem
2797 4850 2984 4920 quaerit
3015 4861 3343 4903 emtraneum.
3386 4851 3455 4904 Et
3496 4868 3610 4904 cum
3648 4852 3701 4904 in
3723 4850 3840 4905 eo-

2272 4927 2390 4977 dem
2419 4922 2679 4990 proposito
2722 4937 2830 4974 esse
2869 4937 2922 4974 se
2956 4920 3224 4985 simulent,
3263 4935 3505 4990 quierunt
3541 4922 3846 4977 alienorum

2273 4992 2512 5063 spiritale
2551 4991 2820 5063 solatium,
2885 5000 2940 5043 ut
2984 4991 3132 5063 domi
3169 4991 3394 5045 habeant
3439 4993 3644 5063 carnale
3689 5009 3844 5045 com.-

2273 5060 2542 5117 mercium.
2569 5060 2895 5130 Dicebantur
2925 5061 3086 5114 etiam
3115 5074 3520 5118 commanentes
3563 5062 3840 5130 ejusmodi

2273 5134 2546 5188 mulieres.
2593 5129 2682 5185 Sic
2726 5131 2868 5184 enim
2920 5131 3234 5185 inscribitur
3263 5147 3438 5186 canon
3484 5129 3840 5187 illeconcilii

2272 5203 2476 5258 Nicaeni
2511 5203 2564 5256 in
2595 5200 2968 5255 vetustissimo
3000 5201 3184 5256 codice
3213 5203 3273 5257 C.
3315 5201 3530 5257 Justelli
3580 5200 3649 5255 De
3687 5219 3841 5255 com-

2273 5273 2621 5327 manentibus.
2663 5272 2929 5341 Agapetas
2975 5287 3191 5340 quoque
3238 5289 3333 5328 eas
3375 5273 3659 5334 vocabant,
3693 5283 3839 5328 teste

2273 5343 2622 5413 Hieronymo_
2645 5342 2697 5395 in
2739 5342 2883 5397 dicta
2920 5343 3168 5412 epistola,
3208 5344 3301 5398 ubi
3335 5345 3597 5399 acerrime
3638 5343 3689 5396 in
3734 5359 3837 5400 eas

2273 5409 2558 5468 invehitur.
2584 5409 2783 5465 Vaces.

2343 5484 2452 5554 (.ll)
2484 5485 2662 5554 Ὥστε
2694 5482 2794 5554 καὶ
2831 5484 2880 5536 εἰ
2911 5481 3062 5554 δοίη.
3095 5479 3314 5539 Rectius
3344 5482 3396 5537 in
3440 5483 3622 5538 codice
3664 5481 3829 5548 Maz..

2271 5553 2406 5624 Fuk.
2436 5552 2492 5608 et
2523 5553 2661 5606 Med.
2693 5553 2888 5624 legitur
2920 5552 2995 5616 ὡς
3031 5555 3078 5604 τ’
3114 5555 3162 5606 εί
3210 5555 3304 5608 καὶ
3348 5554 3484 5624 δοίη.
3532 5553 3702 5621 Atque
3754 5557 3827 5609 ita

2271 5623 2607 5750 Nicerllorus
2655 5631 2709 5676 et
2757 5621 3060 5696 Syncellus,
3112 5625 3220 5681 nisi
3277 5627 3420 5695 quod
3455 5621 3829 5694 apostrophen

2273 5711 2379 5750 non
2425 5695 2622 5750 tabent.
2656 5693 2734 5750 ι».

2273 5711 2379 5751 non
2408 5701 2622 5750 habent.
2656 5701 2734 5750 In.
