3918 6194
576 237 682 293 259
1241 245 1661 302 MALCLLIUNlS
1700 247 2036 303 EPlSTOLA
2076 249 2361 308 CONTRA
2411 253 2689 316 PAULUM
2732 259 3073 318 SAMOSAT.

2169 395 2235 448 ll.

578 473 958 554 Fragmenta
991 478 1309 556 Epistolas,
1343 487 1413 542 ut
1450 481 1735 575 videtur,
1775 482 2066 575 ejusdem
2111 487 2351 575 §ynodi
2379 490 2814 575 Antiocheam,
2844 497 2984 574 ejus
3019 494 3315 557 videlicet
3355 495 3551 574 partis
3617 512 3800 575 quam

1408 569 1653 620 constat
1705 559 1907 622 fuisse
1973 563 2051 623 ub
2110 559 2390 629 Eusebio
2448 559 2958 647 praetermissam.

1233 659 1389 722 Apud
1417 658 1692 715 Leontium
1726 664 2069 736 Byzantium,
2102 670 2194 724 lib.
2243 689 2299 727 ut
2335 685 2514 729 contra
2548 676 2784 742 Nestor.,
2811 679 2902 732 sub
2941 679 3116 748 linem.

642 745 734 799 Ait
781 745 947 816 igitur
987 747 1041 800 in
1091 753 1499 808 commentariis
1531 754 1620 824 (de
1647 755 1818 813 Paulo
1876 761 2220 835 loquuntur)
2249 781 2472 824 servare
2517 771 2835 840 dignitatem
2886 745 3188 842 sapientiae.

1995 852 2063 906 Et
2097 865 2211 922 post
2240 858 2347 911 alia
2385 876 2404 912 :

643 927 700 982 Si
724 936 905 982 autem
929 929 1228 985 secundum
1255 930 1634 992 formationem
1659 949 1714 994 et
1737 943 2133 1011 generationem
2163 960 2210 1015 Α
2237 951 2579 1020 sapientiam,
2617 961 2675 1007 ut
2717 968 2816 1008 nos
2863 935 3155 1019 credimus,
3200 951 3647 1020 substantialiter,
3695 951 3789 1008 sed

569 1021 856 1090 c0pulatus
904 1029 1040 1086 erat,
1081 1021 1286 1077 homini
1336 1025 1438 1080 hoc
1487 1029 1756 1086 accidere.
1783 1029 1853 1085 Et
1895 1051 2080 1088 rursus
2114 1051 2133 1089 .'
2243 1044 2543 1098 secundum
2578 1045 2915 1115 qualitatem.

569 1111 688 1168 Non
728 1115 874 1168 enim
927 1124 1344 1185 congeneratam
1396 1118 1566 1177 fuisse
1615 1137 1737 1178 cum
1796 1125 2136 1182 humanitate

1984 1217 2072 1286 Et:
2090 1229 2205 1286 post
2240 1220 2390 1275 alia:

639 1295 778 1363 Quid
815 1308 998 1354 autem
1037 1301 1150 1357 vult
1197 1302 1377 1358 dicere
1407 1303 1568 1359 aliam
1600 1321 1720 1362 esse
1769 1319 1822 1364 et
1863 1310 2130 1366 diversam
2238 1331 2268 1369 a
2303 1325 2509 1380 nostra,
2540 1317 2684 1386 quod
2715 1317 2921 1373 scilicet
2947 1316 3001 1372 in
3038 1317 3157 1388 ipso
3182 1317 3253 1373 sit
3289 1317 3523 1372 Verbum
3556 1316 3697 1386 quod
3731 1317 3790 1371 in

3689 266 3801 321 2C0

571 1392 952 1449 formationem
983 1397 1186 1452 Christi
1211 1415 1240 1453 a
1274 1409 1485 1463 nostra,
1522 1401 1828 1457 volentibus
1871 1404 2028 1458 nobis
2074 1403 2128 1456 in

567 1485 671 1540 hac
719 1488 955 1542 maxima
987 1505 1091 1543 una
1130 1507 1187 1545 re
1224 1492 1441 1546 differre
1478 1493 1650 1564 ipsius
1682 1495 2126 1551 constitutionem

2237 1409 2395 1464 nobis
2417 1409 2580 1463 homo
2608 1410 2828 1464 interior
2853 1409 2990 1480 (48).

2037 1609 2102 1662 Et
2135 1616 2311 1677 postea
2329 1621 2346 1658 :

635 1697 691 1751 Si
744 1698 923 1754 dicere
975 1700 1248 1756 habitasse
1300 1701 1354 1756 in
1403 1718 1469 1758 eo
1518 1704 1862 1774 sapientiam,
1894 1705 2036 1760 sicut
2065 1705 2119 1759 in

563 1789 715 1843 nullo
744 1790 872 1853 alio,
901 1787 1004 1846 hoc
1032 1794 1248 1846 modum
1281 1793 1497 1862 quidem
1527 1794 1936 1850 inhabitationis
1967 1812 2122 1850 eum-

561 1881 682 1933 dem
709 1881 968 1944 declarat,
990 1897 1243 1936 mensura
1271 1898 1398 1936 vero
1425 1891 1478 1936 et
1500 1885 1843 1939 multitudine
1871 1885 2120 1939 excellit:

562 1972 714 2026 verbi
747 1973 942 2042 gratia,
971 1974 1136 2043 duplo
1173 1974 1314 2043 plus,
1347 1985 1441 2030 aut
1482 1980 1973 2048 quomodocunque
2010 1994 2126 2032 am-

560 2063 722 2132 plius,
748 2065 832 2119 vel
862 2065 1043 2121 minus
1066 2066 1229 2137 duplo
1257 2083 1422 2138 quam
1456 2069 1570 2136 alii,
1605 2081 1965 2140 cognoscente
2006 2071 2123 2140 ipso

2221 1718 2251 1755 a
2285 1698 2568 1769 sapientia.
2611 1695 2724 1750 Hoc
2755 1704 2933 1750 autem
2972 1695 3162 1749 nolunt
3211 1695 3460 1750 catholici
3507 1706 3561 1750 et
3603 1695 3776 1749 eccle-

2223 1791 2428 1848 siastici
2456 1804 2712 1852 canones,
2729 1787 2823 1842 sed
2848 1786 3027 1856 potius
3045 1786 3166 1841 illos
3186 1786 3402 1856 quidem
3430 1786 3778 1854 participasse

2222 1881 2543 1953 sapientiam
2596 1878 2729 1932 foris
2770 1878 3148 1946 inspirantem,
3197 1893 3317 1946 quae
3368 1878 3473 1931 alia
3517 1888 3599 1931 est
3637 1877 3782 1945 apud

2224 1979 2404 2048 ipsos;
2434 1975 2605 2043 ipsam
2634 1986 2764 2026 vero
2794 1972 3110 2040 sapientiam
3145 1987 3236 2038 per
3257 1987 3314 2027 se
3334 1972 3506 2042 ipsam
3533 1973 3786 2026 substan-

2224 2069 2425 2123 tialiter
2449 2067 2502 2120 in
2532 2078 2733 2134 corpus
2763 2078 2830 2118 ex
2855 2062 3024 2117 Maria
3059 2063 3293 2119 venisse.

1969 2159 2035 2214 Et
2064 2169 2178 2230 post
2213 2158 2323 2213 alia
2357 2173 2375 2210 :

626 2268 704 2323 Ac
734 2269 938 2332 dicunt,
978 2285 1084 2323 non
1133 2284 1252 2325 esse
1297 2269 1433 2325 duos
1464 2270 1623 2325 ﬁlios.
1654 2271 1712 2325 Si
1736 2282 1914 2326 autem
1943 2273 2113 2328 Filius

554 2368 641 2416 est
661 2359 751 2414 Dei
768 2357 928 2416 Jcsus
953 2359 1236 2428 Christus;
1261 2359 1432 2417 Filius
1460 2377 1590 2417 vero
1614 2362 1775 2417 etiam
1806 2363 2070 2432 sapientia
2095 2382 2109 2430 ;

2220 2280 2273 2326 et
2314 2269 2458 2324 aliud
2485 2275 2568 2322 est
2602 2265 2886 2336 sapientia,
2915 2272 2970 2320 et
2993 2264 3137 2320 aliud
3165 2263 3323 2320 Jesus
3351 2264 3634 2320 Christus:
3661 2264 3776 2322 duo

2221 2371 2351 2418 sunt
2387 2362 2504 2416 lilii.

2008 2459 2076 2512 Et
2107 2471 2286 2514 postea
2318 2473 2337 2512 :

2008 2477 2076 2512 ιιι
2143 2477 2286 2514 οειειι
2318 2477 2337 2512 ἔ

625 2549 1038 2619 Copulatiohem
1068 2550 1178 2622 (l9)
1207 2567 1335 2607 vero
1364 2567 1486 2607 cum
1530 2553 1795 2624 sapientia
1849 2551 2004 2608 aliter
2029 2477 2190 2614 in-pB
2219 2567 2324 2606 non
2360 2559 2538 2604 autem
2567 2547 2863 2604 secundum
2895 2545 3251 2602 substantiam
3291 2545 3346 2600 in
3390 2559 3615 2616 corpore
3666 2545 3782 2600 for-

552 2646 749 2716 tcllige,
794 2646 1093 2700 secundum
1142 2645 1483 2714 disciplinam
1510 2653 1564 2699 et
1613 2645 2110 2715 participationem;

2223 2652 2446 2698 malam.

1966 2757 2033 2810 Et
2065 2767 2180 2827 post
2211 2757 2320 2809 alia
2355 2770 2372 2807 :

625 2849 809 2921 Neque
847 2850 990 2906 Deus
1015 2851 1110 2920 qui
1149 2866 1344 2921 corpus
1380 2853 1675 2908 humanum
1714 2852 1921 2908 ferebat
1945 2841 1999 2908 et
2024 2853 2110 2905 in-

546 2944 756 3010 duerat,
784 2945 1096 3013 passionum
1133 2949 1494 3001 humanarum
1523 2949 1893 3018 principaliter
1917 2964 2110 3019 expers

544 3046 699 3103 erat;
731 3052 908 3106 neque
940 3052 1140 3106 corpus
1195 3040 1490 3092 humanum
1527 3040 1839 3094 divinorum
1884 3055 2109 3110 operum

545 3129 914 3200 principaliter
951 3145 1146 3199 expers
1182 3140 1300 3185 erat
1333 3132 1389 3186 in
1433 3145 1499 3186 eo
1539 3132 1595 3186 in
1636 3147 1746 3202 quo
1767 3139 1904 3197 erat,
1933 3140 1989 3186 et
2015 3145 2110 3200 per

2217 2865 2380 2922 quem
2413 2851 2527 2904 haec
2574 2864 2734 2919 opera
2777 2847 3024 2903 faciebat.
3065 2846 3349 2902 Formatus
3390 2857 3472 2902 est
3501 2848 3779 2917 principa-

2215 2945 2336 2999 liter
2360 2952 2430 3013 ut
2463 2944 2625 2997 homo
2673 2943 2724 2995 in
2776 2951 2986 3007 ventre;
3017 2951 3069 2996 et
3115 2943 3433 2997 secundario
3463 2943 3572 3014 (50)
3625 2943 3778 2998 Deus

2213 3046 2330 3092 erat
2386 3036 2438 3090 in
2485 3044 2671 3090 ventre
2722 3033 3143 3104 συνουσιωμένος
3195 3033 3272 3104 τῷ
3316 3034 3655 3106 ἀνθρωπίνῳ,
3717 3037 3780 3090 id

2214 3139 2316 3192 est,
2347 3127 2596 3198 copulata
2629 3127 2930 3181 substantia
2959 3125 3078 3190 ejus
3107 3140 3230 3180 cum
3265 3127 3497 3181 homine.

2117 3219 2202 3274 Ill.

766 3315 860 3376 Ex
911 3313 1086 3376 Actis
1138 3314 1592 3393 disputationis
1635 3317 1863 3380 habitas
1908 3335 1944 3380 a
1991 3317 2356 3380 Malchione
2405 3321 2622 3376 contra
2682 3313 2945 3375 Paulum
3003 3317 3508 3376 Somosatenum.

1165 3413 1314 3482 Apud
1345 3412 1555 3468 Petrum
1588 3415 1882 3471 Diaconum
1919 3418 2011 3471 lib.
2047 3417 2122 3472 De
2154 3415 2426 3469 Iucarnat.
2457 3415 2525 3466 ad
2557 3413 2917 3483 Fulgentium,
2947 3430 3063 3484 cap.
3093 3414 3144 3468 6.

1521 3485 1669 3539 Inter
1697 3503 1852 3556 opera
1881 3486 1939 3542 S.
1973 3487 2240 3558 Fulgentii
2274 3487 2433 3555 epist.
2471 3484 2558 3537 16.

610 3573 688 3628 Ex
723 3574 1058 3640 simplicibus
1095 3575 1170 3649 (I)
1204 3578 1262 3632 fit
1285 3589 1428 3633 certe
1455 3579 1840 3648 compositum,
1873 3580 2015 3636 sicut
2039 3581 2093 3635 in

535 3665 755 3721 Christo
782 3664 931 3732 Jesu,
957 3668 1049 3737 qui
1079 3683 1141 3722 ex
1174 3666 1283 3722 Deo
1315 3667 1492 3724 Verbo
1516 3681 1571 3724 et
1595 3669 1833 3725 humano
1858 3686 2086 3741 corpore

535 3757 681 3826 quod
710 3767 792 3812 est
832 3774 896 3812 ex
929 3759 1135 3813 semine
1162 3758 1352 3824 David,
1393 3775 1533 3816 unus
1561 3759 1739 3816 factus
1765 3770 1866 3828 est,
1892 3777 2099 3831 nequa-

534 3862 699 3916 quam
735 3849 964 3904 ulterius
993 3850 1262 3905 divisione
1297 3851 1501 3921 aliqua,
1540 3853 1633 3908 sed
1671 3854 1878 3909 unitate
1914 3855 2097 3910 subsi-

534 3949 702 3994 stens.
754 3940 832 3994 Tu
877 3955 1007 3994 vero
1055 3941 1255 3996 videris
1286 3941 1418 3995 mihi
1465 3943 1764 3998 secundum
1810 3944 1914 3998 hoc
1955 3945 2097 3999 nolle

533 4032 982 4100 compositionem
1034 4030 1218 4098 fateri;
1247 4041 1304 4086 ut
1345 4048 1452 4087 non
1493 4034 1794 4088 substantia
1829 4035 1900 4090 sit
1941 4035 1996 4089 in
2030 4051 2094 4091 eo

533 4119 700 4178 Filius
730 4123 844 4190 Dei,
865 4124 958 4179 sed
984 4125 1247 4192 sapientia
1276 4126 1574 4180 secundum
1601 4127 2088 4196 participationem.

533 4211 647 4269 Hoc
675 4215 818 4269 enim
858 4215 1065 4279 dixisti,
1089 4215 1214 4285 quia
1243 4215 1507 4286 sapientia
1545 4216 1888 4286 dispendium
1915 4219 2090 4288 patia-

2205 3589 2315 3644 tur,
2332 3586 2385 3633 et
2410 3577 2528 3631 ideo
2552 3575 2848 3643 composita
2874 3591 2994 3630 esse
3027 3591 3134 3630 non
3157 3573 3330 3643 possit
3360 3594 3373 3629 :
3403 3591 3501 3631 nec
3530 3579 3780 3648 cogitas,

2203 3672 2346 3742 quod
2389 3670 2569 3724 divina
2622 3669 2883 3739 sapientia
2921 3670 3062 3724 sicut
3087 3679 3375 3739 antequam
3405 3683 3462 3723 se
3484 3669 3748 3726 exinanis
3777 3705 3785 3712 ι

2204 3771 2306 3826 set,
2351 3761 2671 3815 indiminuta
2718 3761 3043 3830 permansit;
3092 3761 3164 3814 ita
3193 3768 3247 3816 et
3290 3760 3344 3813 in
3383 3761 3483 3815 hac
3507 3760 3779 3814 exinania

2205 3853 2350 3907 tione
2387 3867 2548 3922 quam
2578 3851 2743 3921 gessit
2779 3850 3222 3915 misericorditer,
3251 3849 3570 3904 indiminuta
3594 3859 3779 3919 atque

2152 3939 2603 3997 ’indemutabilis
2654 3941 2880 3995 exstitit.
2937 3939 3004 3993 Et
3057 3941 3158 3994 hoc
3209 3941 3368 3994 etiam
3419 3939 3574 4007 dicis,
3607 3940 3776 4008 quod

2199 4032 2464 4102 sapientia
2502 4031 2769 4085 habitaret
2795 4031 2850 4083 in
2876 4045 2962 4095 eo,
2989 4030 3130 4084 sicut
3155 4029 3460 4083 habitamus
3481 4039 3532 4083 et
3565 4044 3670 4083 nos
3709 4031 3776 4083 in

2199 4126 2475 4190 domibus,
2505 4133 2567 4179 ut
2610 4125 2744 4178 alter
2791 4123 2844 4177 in
2885 4125 3055 4177 altero
3079 4121 3224 4193 (52);
3266 4123 3360 4176 sed
3407 4135 3580 4190 neque
3629 4137 3779 4192 pars

2195 4219 2392 4274 domus
2415 4232 2515 4273 nos
2543 4231 2752 4280 sumus,
2784 4230 2884 4270 nec
2909 4215 3084 4270 nostri
3106 4229 3232 4284 pars
3254 4213 3450 4268 domus
3475 4221 3576 4269 est.

2100 4307 2188 4364 ιν.

1579 4397 1661 4455 Ea:
1688 4401 1874 4456 iisdem
1906 4403 2053 4456 Actis
2086 4403 2226 4471 apud
2254 4401 2529 4457 Leontium
2564 4401 2602 4454 ι.
2645 4417 2690 4454 c.

599 4487 790 4544 Nonne
822 4501 947 4544 ante
974 4490 1243 4554 dicebam,
1277 4493 1420 4562 quod
1457 4507 1566 4547 non
1613 4495 1862 4549 concedis
1893 4493 2090 4549 Filium

527 4579 867 4650 unigenitum
889 4582 982 4651 qui
1013 4593 1095 4638 est
1127 4599 1193 4638 ex
1219 4585 1520 4640 aeternitate
1547 4593 1674 4640 ante
1698 4601 1912 4640 omnem
1941 4601 2086 4640 crea-

527 4715 1008 4789 scoporumtotius
1029 4715 1250 4789 Africae.
1282 4726 1342 4772 ut
1379 4719 1566 4774 scribit
1586 4720 1642 4774 in
1666 4719 1890 4789 epistola
1916 4719 2079 4774 citata

526 4786 594 4839 ad
641 4785 974 4858 Cornelium.
1029 4785 1217 4843 Patres
1240 4803 1472 4858 quoque
1502 4785 1836 4844 Sardicensis
1862 4790 2077 4845 concilii

525 4856 768 4929 eamdem
813 4857 1179 4929 adhibuerunt
1205 4856 1570 4929 diligentiam.
1611 4858 1713 4913 Sed
1769 4867 1822 4913 et
1863 4861 2078 4929 quoties

525 4927 758 4980 mortuis
783 4927 1051 4994 episcopis
1078 4927 1168 4980 alii
1203 4927 1256 4980 in
1279 4944 1466 4982 eorum
1495 4927 1672 4983 locum
1699 4927 1907 4984 fuerant
1932 4930 2078 4983 ordi-

525 4997 657 5060 nati,
684 4996 1120 5079 eorumIttomina
1151 4997 1372 5079 reliquis
1391 4997 1657 5079 episc0pis
1681 4999 1921 5079 indicare
1944 5015 2077 5053 con-

524 5076 772 5122 sueverat
802 5066 1100 5130 ordinator,
1124 5075 1184 5120 ut
1204 5066 1482 5122 scirentad
1509 5066 1646 5137 quos
1679 5069 1936 5134 scribere,
1959 5078 2013 5123 et
2046 5085 2076 5122 a

523 5138 722 5205 quibus
763 5139 1017 5207 pacificos
1051 5138 1255 5191 litteras
1286 5139 1528 5207 accipere
1559 5139 1835 5204 deberent,
1875 5148 1936 5192 ut
1990 5139 2076 5192 di-

523 5208 729 5261 scimus
766 5206 830 5276 ex
859 5206 1142 5276 Theophili
1181 5206 1420 5276 epistolis
1448 5208 1811 5276 paschalibus.
1843 5207 2043 5264 VALES.

592 5277 702 5344 (48)
753 5275 866 5331 Nos
918 5275 1161 5341 dicimus,
1188 5278 1326 5346 quod
1369 5275 1504 5331 sicut
1551 5279 1702 5330 homo
1753 5281 1980 5332 exterior
2025 5287 2076 5333 et

522 5346 742 5400 interior
772 5357 890 5402 sunt
929 5364 1030 5400 una
1070 5363 1327 5416 persona;
1366 5348 1440 5401 sic
1469 5347 1612 5402 Deus
1651 5347 1870 5401 Verbum
1903 5360 1951 5403 et
1977 5351 2075 5402 Itu-

523 5418 751 5490 mnnitas
786 5429 1053 5490 assumpta
1090 5427 1210 5472 sunt
1240 5434 1345 5472 una
1372 5434 1610 5488 persona,
1640 5418 1777 5488 quod
1815 5429 1966 5490 negat
1991 5420 2072 5473 hic

523 5482 750 5540 Paulus.
776 5489 906 5542 CAN.

595 5556 706 5625 (49)
753 5557 1086 5626 Συνάφειαν
1099 5599 1113 5622 ,

521 5627 727 5698 unitum
787 5643 895 5680 esse
937 5645 1050 5681 cum
1109 5631 1387 5698 sapientia,
1412 5631 1547 5684 sicut
1577 5629 1858 5697 disciplina
1889 5634 2071 5684 unitur

519 5711 638 5750 cum
665 5695 892 5750 dist-eme
915 5713 1002 5751 ocr
1023 5695 1492 5769 participationem.
1523 5702 1652 5756 CAN.

1187 5559 1566 5614 humanitatem
1630 5558 1803 5612 aiebat
1867 5558 2069 5613 Paulus

2201 4505 2398 4561 turam,
2423 4497 2476 4550 in
2514 4505 2626 4549 toto
2655 4493 2935 4547 Salvatore
2958 4491 3267 4554 οὺσιῶσθαι,
3304 4491 3356 4545 id
3402 4499 3504 4555 est,
3536 4492 3776 4549 unitum

2191 4602 2311 4642 esse
2354 4586 2652 4642 secundum
2688 4584 3087 4639 substantiam?

2253 4725 2366 4793 (50)
2407 4721 2757 4793 ﬁSecundario.
2788 4720 3232 4793 Kafraostirepov
3271 4722 3444 4790 λόγον.
3478 4721 3771 4779 Teanum.

2255 4792 2365 4864 (ξι)
2398 4792 2480 4844 Ea:
2507 4791 2851 4864 simplicibus.
2873 4791 3340 4864 Huicfrag'mento
3373 4795 3474 4847 ista
3507 4798 3772 4864 praemit-

2187 4859 2474 4918 tit'Pe'trus
2508 4859 2778 4915 Diaconus
2866 4879 2879 4914 :
2919 4881 2935 4910 ι
2975 4859 3303 4916 Ιίἰηοὶξιὶειηι
3350 4879 3380 4916 a
3415 4859 3615 4917 sanctis
3646 4863 3775 4917 Pa-

2183 4933 2358 4988 tribus
2384 4933 2709 4986 adunatione
2732 4946 2798 4985 ex
2827 4931 3111 4984 divinitate
3144 4941 3197 4985 et
3231 4933 3563 4986 humanitate
3586 4933 3775 4987 Chri-

2183 5012 2300 5058 stus
2338 5004 2594 5056 Dominus
2625 5009 2807 5055 noster
2839 5001 3172 5069 compositus
3196 5003 3535 5069 praedicatur.
3575 5001 3761 5068 Quod

2183 5074 2372 5126 nolens
2414 5071 2612 5124 Paulus
2629 5071 3016 5125 Samosatenus
3042 5070 3309 5134 confiteri,
3341 5072 3633 5126 damnatus
3666 5084 3774 5126 est

2183 5144 2252 5195 ab
2285 5142 2620 5195 Antiocheno
2648 5140 2900 5212 copcilio,
2925 5139 3224 5212 Malchione
3262 5145 3574 5212 presbytero
3597 5142 3774 5209 ejus-

2181 5212 2302 5265 dem
2336 5212 2682 5265 Antiochena:
2707 5209 3116 5276 Ecclesiae,viro
3149 5227 3241 5280 per
3264 5209 3446 5266 omnia
3480 5214 3769 5267 eruditis-

2181 5283 2342 5348 simo,
2363 5290 2422 5351 ct
2450 5281 2518 5334 ab
2543 5281 2809 5335 universis
2848 5280 3218 5337 sacerdotibus
3237 5283 3328 5351 qui
3363 5291 3548 5338 contra
3581 5297 3768 5337 eum-

2181 5351 2302 5404 dem
2357 5350 2581 5404 Paulum
2634 5359 2998 5406 convenerant
3055 5361 3183 5405 tunc
3228 5350 3432 5418 electo;
3461 5355 3552 5420 qui
3584 5368 3768 5408 sum-

2181 5437 2328 5474 tnum
2371 5421 2758 5490 disputationis
2789 5431 3061 5476 certamen
3105 5437 3132 5474 a
3165 5423 3397 5476 concilio
3433 5432 3763 5481 memorato

2179 5491 2502 5559 suscipiens,
2555 5492 2626 5543 ita
2680 5492 2926 5545 eumdem
2993 5491 3301 5546 haereticutn
3356 5493 3494 5548 inter
3540 5501 3766 5550 cetera

2179 5561 2473 5630 redarguit,
2507 5561 2691 5615 dicens
2724 5576 2739 5614 :
2777 5561 2856 5614 Ea:
2884 5562 3229 5630 simplicibus,
3277 5581 3294 5613 ι
3334 5574 3440 5615 etc.

2251 5631 2360 5701 (59.)
2387 5629 2450 5682 Ut
2471 5631 2601 5686 alter
2627 5635 2678 5684 iu
2701 5631 2886 5686 altera.
2908 5629 3048 5686 Editi
3067 5629 3268 5688 Lovan.
3283 5631 3507 5687 etBasil.
3523 5639 3576 5684 ut
3595 5632 3767 5687 alter

2181 5701 2234 5752 iu
2267 5701 2452 5755 altera.
