1959 3097
108 135 153 164 ars

545 129 591 158 DE
610 129 691 159 Vl'l'A
709 130 754 159 ET
775 129 929 160 SCRIPTIS
949 130 980 159 S.
999 129 1192 159 HlPPOLYTI.

1633 131 1686 161 2'“

108 194 160 225 Β,
171 193 239 220 vitam
251 191 360 220 duxisse
369 211 376 221 .
392 197 426 218 ex
440 190 500 226 eius
516 189 623 219 Conone
635 189 762 218 Paschali
776 197 852 218 com-
867 192 887 221 Α
901 189 1078 218 doctissimus
1087 189 1274 225 Stephanusle
1287 189 1383 226 Moyne
1397 190 1454 226 (εδ)
1465 190 1602 223 observat.
1612 193 1684 227 quod

109 245 189 278 pertuli
202 238 235 265 tit.
257 236 405 264 Plurimum
431 243 522 265 autem
548 236 705 272 profecisse
723 237 752 264 in
775 236 849 265 omni

72 310 74 313 .
110 285 245 315 scientiarum
257 290 355 318 genere
367 287 441 310 tanto
457 283 508 310 sub
523 283 653 318 magistro
666 282 849 318 Hippolytum,

107 339 150 368 qua
159 333 283 365 superant.
297 329 357 363 ejus
368 329 499 356 doctrinae
510 334 685 356 monumenta
700 329 850 356 luculenter

104 378 214 407 evincunt;
236 379 265 402 ut
283 379 423 409 propterea
439 375 480 401 vir
493 374 684 401 disertissimus
707 374 741 400 ab
755 373 849 401 Hiero-

102 429 162 458 nymo
175 421 232 455 (ll),
244 420 392 455 quinetiam
418 420 614 447 socratissimus
631 425 656 447 et
674 428 784 455 magnus
801 420 849 446 do-

101 475 148 500 ctor,
163 467 321 502 veritatisque
338 467 410 493 testis
423 467 509 501 ﬁdelis
530 467 564 494 ab
577 466 721 494 Anastasio
735 466 790 502 (ίῖ)
805 471 848 493 at»

99 522 137 550 que
150 514 262 541 Ecclesia
282 514 379 540 doctor
401 513 567 547 γλυκύτατος
587 514 634 540 καὶ
661 513 846 546 εὐνούστατος,

98 559 243 591 dulcissimus,
257 563 282 585 et
299 558 501 594 benignissimus
521 558 556 586 ab
574 559 626 585 alio
647 559 759 593 antiquo
780 559 848 586 scri-

97 605 211 641 ptore(l3)
222 605 282 639 iure
297 605 457 640 appelletur.
482 604 523 632 Ad
546 605 603 632 lucc
619 609 686 632 teste
704 605 735 631 1).
750 604 846 632 Hiero.

95 658 154 686 lymo
171 650 222 685 (ll)
247 657 302 677 non
328 650 417 678 solum
443 657 569 685 magnam
593 650 699 678 dicendi
718 650 772 677 vim
796 650 847 677 sub

93 695 204 730 disciplina
240 694 268 722 S.
285 694 398 728 lrenzei,
431 694 478 722 sed
500 695 660 723 immensam
684 703 793 730 quoque
818 696 845 722 in

94 740 230 776 philosophia
254 745 282 768 et
322 740 443 776 profanis
479 740 602 767 scientiis
634 740 759 767 notitiam
793 741 844 768 sibi

92 787 243 821 comparavit;
261 794 294 813 ea
310 787 384 814 enim
399 791 477 814 :etate
490 787 590 814 summi
606 787 632 814 in
647 786 767 814 Ecclesia
782 787 844 822 viri,

91 832 287 867 quenadmodum
307 840 388 859 nemo
405 833 520 868 ignorat,
536 833 619 867 hujus
632 834 739 868 generis
754 834 846 861 erudi-

902 243 996 264 revera
1009 236 1039 268 ἐξ
1051 236 1156 263 διαίνου
1165 236 1337 271 possitetiam
1344 235 1439 263 referri
1453 236 1487 263 ad
1500 236 1696 272 Hippolytum,

902 286 929 309 et
945 282 1002 310 sive
1013 282 1046 309 ad
1062 287 1169 317 tempus
1184 281 1330 314 referatur,-
1346 282 1547 317 intelligendum
1564 284 1607 315 sit,
1625 284 1685 311 Ori-

902 335 996 363 genem
1012 328 1064 355 isto
1089 332 1211 362 tempore
1228 327 1378 355 imitatione
1401 328 1536 363 Hippolyti
1548 350 1555 361 ,
1580 329 1613 356 de
1629 338 1686 364 quo

902 378 964 400 ante
979 377 1070 408 egerat
1084 372 1234 406 Eusebius,
1261 374 1472 400 commentarios
1495 374 1576 401 etiam
1598 375 1624 401 in
1642 384 1684 402 sa-

901 427 975 445 cram
990 418 1157 452 Scripturam
1175 426 1286 453 parasse
1312 423 1338 445 ct
1353 418 1513 446 adornasse.
1528 420 1684 447 Audiendns

901 471 1011 499 quoque
1023 469 1064 491 est
1077 465 1282 491 recentissimus
1298 469 1408 496 auctor,
1425 465 1470 499 qui
1487 465 1537 492 hac
1549 466 1582 493 de
1599 474 1627 493 re
1648 467 1682 493 ita

900 509 1011 537 disserit
1027 509 1082 545 (24)
1097 519 1104 537 :
1123 509 1218 537 Omnia
1235 509 1346 536 suadent
1366 518 1426 537 vera
1441 518 1507 541 esse,
1525 519 1684 547 qua-cunque

900 561 996 583 veteres
1009 556 1041 583 dc
1060 556 1180 591 Origenis
1191 556 1359 583 aemulatione
1377 555 1553 589 tradiderunt,
1570 557 1682 584 Ambro-

900 603 938 629 sio
954 603 1094 634 excitante,
1106 603 1151 637 qui
1164 602 1253 629 studia
1270 603 1319 637 ipsi
1332 608 1485 637 proponeret
1505 603 1676 638 Hippolyti...

902 648 1044 683 Utriusque
1062 653 1150 674 autem
1167 650 1302 676 consensio
1322 653 1377 675 tum
1399 657 1498 684 quoque
1518 650 1620 683 ﬁrmari
1637 658 1682 683 p0-

900 699 966 724 test,
987 702 1047 720 cum
1061 694 1186 729 Origenes
1200 694 1307 721 [laniant
1328 696 1480 727 adveniens,
1495 696 1617 730 pontifice
1634 696 1682 722 Ze-

898 742 1020 777 phyrino,
1032 741 1137 766 circiter
1151 748 1249 766 annum
1267 740 1330 771 2'10,
1348 749 1397 767 non
1415 741 1491 768 modo
1505 742 1638 776 privatim,
1656 746 1682 767 at

898 785 1000 820 publica
1011 786 1090 812 etiam
1106 785 1277 821 Hippolytum
1293 786 1463 814 disserentem
1479 788 1596 821 audivit,
1612 788 1682 822 ejus-

898 839 947 867 que
964 832 1002 858 rei
1018 833 1194 858 testimonium
1213 832 1370 867 Hippolytus
1386 834 1439 867 ipse
1454 833 1559 868 reliquit
1576 834 1603 860 in
1621 843 1681 860 θνα-

91 879 166 906 tionem
186 885 247 906 vero
271 878 400 914 theologo
424 886 595 914 nequaquam
612 880 685 907 velut
705 880 843 915 indignam
860 874 881 901 Β
895 878 974 911 tione,
985 886 1063 913 quam
1078 878 1110 905 de
1126 878 1204 905 laude
1221 878 1254 905 D.
1269 879 1418 906 Saluatoris
1432 879 1532 911 habuit,
1547 883 1701 915 quamque"

91 925 246 953 traduxerunt.
263 923 346 958 Quod
367 930 457 952 autem
480 926 642 953 saeraliores
665 926 769 954 litteras
784 934 845 961 spe-

90 977 141 1004 ctat,
160 971 248 1007 ingens
270 972 448 1007 scriptorum,
464 979 526 1006 qua:
544 973 594 999 hoc
616 973 643 999 in
663 977 760 1007 genere
786 973 840 1000 ela-

89 1019 209 1052 borarent,
223 1026 369 1052 numerus,
386 1019 492 1045 abunde
513 1019 668 1051 conﬁrmat,
691 1024 772 1054 quam
794 1027 842 1046 ex-

89 1065 186 1092 cellenter
212 1065 238 1091 in
263 1064 299 1092 iis
321 1069 447 1091 versatus
472 1063 562 1092 fuerit.
598 1065 705 1092 Diversa
735 1065 844 1100 insuper

88 1118 160 1146 qua,
175 1118 232 1146 qua:
249 1118 300 1146 pro
321 1110 485 1137 inveniendo
507 1118 539 1138 ac
561 1111 769 1138 determinando
791 1111 842 1138 Pa-

89 1157 164 1184 schalis
184 1156 225 1184 die
242 1159 448 1190 composuerat,
463 1155 586 1182 eumdem
605 1156 753 1183 doctrinam
776 1161 843 1183 tem-

87 1209 158 1237 porum
193 1201 314 1237 perfecte
355 1202 503 1234 calluisse,
544 1202 696 1230 luculenter
730 1202 843 1230 demou-

87 1252 150 1276 urant
162 1248 224 1284 (is).

110 1294 225 1322 Allienus
236 1295 351 1324 Miratus
364 1296 420 1331 (l6)
432 1295 513 1323 refert
526 1294 700 1330 Hippolytum
719 1301 841 1322 nostrum

88 1341 138 1368 inter
160 1341 306 1377 discipulos
333 1341 480 1370 Clementis
502 1341 689 1374 Alexandrini,
709 1346 736 1368 et
758 1341 842 1367 Baro-

86 1386 187 1423 ttitts(l7)
197 1388 261 1416 dicit
279 1396 312 1416 se
329 1388 427 1424 legisse
441 1388 513 1423 quod
528 1387 675 1422 discipulus
690 1389 767 1423 fuerit
783 1388 842 1415 Cle—

87 1433 155 1460 Intia
166 1434 350 1466 Alexandrini,
375 1434 481 1468 ejusque
502 1434 670 1468 persuasione
692 1441 718 1460 se
731 1434 841 1460 Romam

87 1478 205 1505 alt-terit.
219 1478 272 1506 Sed
290 1479 367 1506 haud
383 1479 496 1510 addunt,
510 1487 562 1514 qua
580 1480 741 1506 auctoritate
755 1480 841 1507 innixi

87 1522 213 1552 idtratlant.
239 1524 365 1553 Ulterius
388 1525 477 1552 adhuc
501 1533 660 1560 progressus
683 1530 724 1553 est
741 1526 840 1560 perdo-

86 1574 127 1597 ctus
143 1569 266 1603 Georgius
291 1571 407 1604 Bullus,
434 1571 479 1606 qui
505 1572 624 1598 scribere
649 1579 703 1598 non
730 1572 839 1599 dubita-

87 1614 165 1650 rit(l8)
177 1625 185 1644 :
198 1615 274 1649 Quod
293 1625 392 1651 magno
408 1624 533 1643 consensu
550 1617 708 1643 tradiderint
727 1618 839 1652 scripto-

87 1669 115 1687 us
123 1661 279 1690 ecclesiastici
296 1668 407 1694 veteres,
424 1662 593 1698 Hippolytum
606 1664 686 1697 fuisse
698 1663 841 1692 Clementis

88 1706 228 1736 Alundiini
250 1710 428 1744 discipulum.
455 1709 553 1738 Verum
585 1718 647 1738 cum
672 1711 743 1738 nulla
768 1711 839 1738 anti-

87 1761 174 1786 quorum
185 1754 242 1784 loca
255 1757 372 1788 excitet,
390 1757 480 1792 potior
493 1757 572 1784 nobis
587 1762 628 1783 est
643 1756 731 1784 Photii
747 1761 842 1784 aucto-

88 1798 135 1827 n'tas
147 1808 190 1836 pro
207 1801 292 1829 unico
308 1806 483 1838 praeceptore,
502 1801 531 1831 S.
543 1802 645 1829 Irenaeo
661 1802 776 1837 scilicet,
798 1811 839 1831 te-

87 1847 167 1874 ﬂantis.

109 1891 162 1920 CIIII
196 1895 267 1929 apud
299 1894 424 1922 eumdem
457 1894 584 1922 Photium
613 1896 695 1923 etiam
725 1896 842 1931 legimus

88 1935 270 1975 SJlippolytum
286 1939 414 1975 Origenis
439 1939 598 1968 familiarem
619 1940 720 1974 fuisse,
747 1943 799 1970 hoc
814 1948 840 1971 et

87 1982 172 2012 aliorum
187 1986 329 2021 suffragiis
341 1986 498 2014 confirmari
513 1994 592 2021 posse
608 1987 722 2014 videtur.
746 1988 841 2016 Hiero—

87 2036 157 2064 Iylus
165 2032 231 2060 enim
241 2032 337 2068 (l9)et
348 2033 514 2068 Nicephorus
524 2034 580 2068 (20)
592 2034 725 2066 scribunt,
739 2034 769 2061 Hi
774 2043 840 2070 ppo-

86 2075 156 2110 lytum,
166 2077 279 2114 Origene
294 2084 438 2114 praesente,
449 2079 599 2107 orationem
612 2088 717 2107 sacram
735 2081 767 2107 de
781 2081 839 2108 lau-

87 2121 143 2150 dibus
153 2123 211 2152 lesu
226 2124 332 2153 Christi
349 2124 485 2152 habuisse.
501 2124 547 2152 llle
573 2126 647 2153 addit
666 2125 838 2154 Ambrosium

87 2166 232 2198 “sacrorum
241 2171 377 2199 librorum
385 2171 632 2205 interpretationem
642 2172 782 2207 Origenem
794 2173 837 2199 in-

855 1548 875 1576 C

87 2213 200 2248 titasse,iu
210 2216 413 2244 aemulationem
423 2215 567 2252 Hippolyti,
577 2217 656 2244 editis
665 2217 721 2251 jam
734 2218 760 2244 in
769 2218 838 2244 divi-
855 2220 878 2247 D

88 2258 266 2296 IIISuipturas
274 2261 480 2288 commentariis
492 2261 560 2288 bene
571 2261 785 2288 meriti.Monent
793 2269 839 2288 au-

90 2307 126 2331 ιω
135 2303 255 2334 Henricus
267 2305 394 2334 Valesius
402 2306 457 2341 (21)
474 2311 501 2334 et
512 2305 607 2333 Petrus
618 2306 712 2333 Daniel
725 2306 839 2334 lluetius

90 2347 136 2383 (ἤ),
148 2349 335 2388 Hieronymum
359 2351 468 2379 Eusebii
484 2352 565 2379 verba
576 2352 668 2379 minus
680 2357 751 2379 recte
762 2353 840 2379 intel-

89 2394 202 2430 Μυκη
213 2407 306 2427 vocem
325 2399 445 2430 ἐκείνου,
458 2406 518 2434 quae
533 2398 603 2433 apud
621 2399 701 2425 istum
720 2400 751 2425 ad
770 2405 837 2426 tem-

91 2447 126 2474 με
137 2445 266 2478 pertineat,
276 2453 417 2481 perperam
429 2446 461 2473 ad
474 2445 648 2481 Hippolytum
662 2446 796 2474 retulisse.
806 2447 839 2475 At

114 2512 156 2550 (ll)
172 2513 278 2550 Hieron.
288 2515 369 2550 epist:
382 2515 407 2544 Ι.
418 2514 446 2547 2,
459 2514 492 2541 ad
503 2514 598 2542 Lucio.

114 2547 293 2585 gliiAnaptas.
305 2547 493 2585 'ianollectan.
506 2551 576 2585 apud
586 2549 720 2583 Galland.,
735 2555 800 2578 tom.
815 2551 837 2577 ll

197 2583 262 2618 PP.,
277 2593 305 2621 p.
316 2584 379 2612 L69.

115 2618 398 2656 (l$)_AnoIiy3ii,_inter
416 2619 484 2656 Opp.
508 2619 782 2655 S.Joan.Chrysost.
809 2621 836 2647 in

92 2653 329 2690 amcitemelH,
343 2663 404 2690 pag.
417 2653 566 2690 ἶ9ἰιυν1ειε.
580 2655 643 2682 edit.

115 2687 315 2726 Hieromus,
325 2687 368 2726 ep.
379 2687 413 2717 ad
425 2689 521 2718 Lucin.
534 2690 750 2726 7l,etadiMagn.
764 2689 806 2717 70.

115 2698 149 2718 tu
166 2698 313 2726 meronym.
325 2698 368 2752 eg.
380 2698 413 2732 ao
426 2698 521 2718 huc").
539 2698 651 2723 t1,etaa
661 2698 750 2731 magn.
768 2698 814 2731 tu._

365 2745 371 2752 .
391 2725 438 2753 ιιι).
459 2733 486 2758 v,
505 2726 620 2761 eap.2‘.l,
638 2725 794 2762 Hieranym.
808 2733 835 2752 Ill

177 2779 185 2788 ο
194 2767 251 2788 εει).
262 2767 306 2788 οι.

116 2767 185 2795 Mog.
194 2767 251 2795 cap.
262 2767 306 2788 et.

116 2792 159 2829 (16)
174 2794 280 2823 Aulim.
291 2794 352 2824 Mir.
363 2794 426 2823 Not.
439 2795 472 2823 ad
485 2794 595 2823 Hieron.
608 2795 645 2824 De
660 2796 707 2824 vir.
722 2796 832 2829 illustr.,

95 2832 127 2853 τι(

105 2844 160 2897 ’ἱὶη
174 2863 267 2894 Baron.
285 2866 318 2896 ad
329 2874 394 2896 ann.
405 2866 471 2901 229,
482 2873 556 2894 num.
568 2866 596 2894 Δ.

895 924 1074 960 προσομιλίαν
1088 925 1278 952 denominavit.
1295 926 1370 957 Quod
1385 926 1453 952 enini
1470 934 1519 952 non
1534 934 1608 952 nemo
1619 926 1681 953 sub-

894 970 944 1002 dit,
954 971 980 997 in
996 970 1102 998 Oriente
1114 970 1141 996 id
1156 971 1306 1005 contigisse,
1324 972 1428 997 minime
1439 976 1477 997 est
1492 972 1679 1002 necessarium,

894 1017 1013 1051 quamvis
1030 1016 1089 1050 fieri
1103 1017 1226 1050 potuerit,
1239 1025 1296 1043 cum
1316 1016 1473 1051 Hippolytus
1491 1017 1680 1044 Alexandriam

893 1062 984 1096 petiit,
1011 1062 1119 1096 indeque
1143 1062 1244 1090 rediens
1267 1063 1403 1097 epistolam
1424 1063 1457 1089 ad
1485 1063 1615 1090 Romanus
1647 1065 1679 1090 ab

894 1107 1021 1141 Dionysio
1043 1107 1163 1142 episcopo
1188 1107 1367 1134 Alexandrino
1388 1107 1487 1134 attulit.
1507 1107 1597 1144 Neque
1621 1117 1679 1135 vero

893 1158 942 1186 est,
956 1161 1002 1179 cur
1014 1153 1126 1180 alterunt
1140 1153 1308 1188 Hippolytum
1327 1154 1489 1188 efﬁngamus,
1501 1162 1550 1189 quo
1568 1159 1680 1188 tempore

893 1204 982 1226 noster
996 1199 1149 1226 Parmensis
1167 1200 1357 1227 Alexandriam
1377 1208 1491 1227 rcmcarc
1511 1201 1610 1235 patuit,
1635 1201 1678 1227 uin

894 1244 1044 1270 adolescens
1067 1245 1204 1271 institutus
1229 1246 1310 1279 fuisse
1332 1244 1434 1272 videtur
1448 1253 1480 1272 ea:
1503 1245 1607 1273 Conone
1624 1246 1678 1272 Pu-

892 1290 986 1321 scltali,
1002 1290 1078 1324 cujus
1092 1291 1221 1317 rationem
1241 1292 1417 1318 Alexandrini
1428 1292 1479 1318 sibi
1498 1292 1675 1319 vindicabant.

928 1335 964 1362 De
977 1340 1098 1370 tempore
1108 1344 1162 1371 quo
1177 1336 1337 1372 Hippolytus
1354 1337 1454 1369 floruit,
1469 1338 1610 1365 sententia:
1630 1346 1679 1364 au-

892 1387 998 1410 ctorum
1015 1383 1106 1409 itidem
1121 1383 1307 1417 discrepantes
1330 1387 1403 1410 sunt.
1422 1382 1567 1417 Eusebius,
1585 1384 1679 1411 Hiero-

892 1436 1006 1463 nymus.
1036 1427 1193 1462 Synccllus,
1217 1433 1298 1463 atquc
1326 1429 1373 1455 alii
1402 1429 1524 1455 referunt
1550 1436 1612 1455 eum
1643 1429 1676 1455 ad

892 1474 1038 1501 Alexandri
1062 1473 1154 1501 Severi
1178 1475 1340 1508 imperium,
1366 1475 1411 1508 qui
1433 1482 1504 1501 anno
1526 1474 1677 1502 Servatoris

893 1521 979 1548 nostri
994 1520 1047 1547 22?.
1062 1528 1174 1555 regnare
1190 1521 1280 1555 coepit.
1308 1522 1338 1547 In
1363 1520 1500 1555 Euthymii
1518 1520 1576 1547 Vita
1603 1522 1675 1547 anti—

892 1576 958 1602 quus
974 1567 1087 1602 ipsisque
1102 1567 1227 1600 apostolis
1254 1567 1394 1601 familiaris
1419 1568 1515 1594 dicitur
1528 1589 1534 1600 ,
1553 1568 1678 1601 idemque

893 1614 919 1640 in
936 1613 1029 1648 Cyrilli
1046 1613 1262 1648 Scythopolitani
1279 1612 1338 1639 Vita
1353 1613 1381 1640 S.
1400 1613 1478 1640 Salia:
1494 1614 1527 1641 de
1544 1622 1576 1640 eo
1595 1614 1678 1640 liabe-

892 1665 947 1693 tur,
961 1660 1045 1695 quod,
1056 1661 1285 1695 quemadmodum
1305 1661 1385 1694 paulo
1400 1661 1525 1694 superius
1552 1661 1668 1688 animad-

892 1705 1039 1738 vertimus,
1063 1713 1116 1732 non
1141 1705 1302 1740 simpliciter
1323 1705 1434 1740 intelligi
1459 1710 1556 1740 potest.
1582 1706 1674 1741 Longe

891 1751 963 1780 enim
987 1756 1107 1778 remotus
1125 1751 1174 1778 fuit
1189 1752 1222 1778 ab
1245 1752 1429 1786 apostolorum
1447 1752 1568 1786 ipsorum
1586 1757 1674 1780 mtate.

893 1798 1046 1832 Stephanus
1058 1798 1081 1824 le
1094 1797 1190 1833 Moyne
1203 1798 1253 1824 loc.
1271 1798 1315 1825 cit.
1333 1798 1470 1825 existimat
1488 1798 1675 1834 Hippolytum,

891 1844 1006 1879 Philippi
1024 1844 1137 1877 Arabis,
1154 1844 1200 1878 qui
1215 1852 1287 1871 anno
1312 1845 1412 1871 Christi
1435 1845 1488 1871 254
1507 1845 1677 1879 imperatoris

892 1889 1050 1924 dignitatem
1067 1893 1107 1916 est
1123 1894 1297 1920 consecutus,
1317 1893 1424 1923 tempus
1448 1890 1584 1924 attigiSSe,
1603 1891 1674 1925 quod

893 1935 938 1962 ubi
952 1935 1138 1967 admittamus,
1149 1934 1295 1962 dicendum
1310 1939 1352 1961 cst
1363 1943 1424 1961 cum
1438 1935 1583 1962 admodum
1597 1941 1676 1962 :etate

891 1980 1042 2016 profectum
1060 1980 1157 2008 fuisse.
1181 1980 1235 2007 Nec
1259 1981 1419 2015 martyrium
1438 1981 1510 2007 illius
1528 1986 1590 2016 apte
1610 1989 1675 2008 con-

890 2027 965 2054 venit
980 2027 1148 2061 temporibus
1163 2026 1296 2061 Philippi,
1322 2026 1360 2053 uti
1384 2034 1416 2053 ex
1443 2027 1524 2061 paulo
1545 2032 1604 2062 post
1621 2033 1675 2054 tra-

891 2074 987 2102 dendis
1017 2074 1127 2109 patebit.
1154 2073 1181 2101 ld
1211 2073 1293 2101 dubio
1319 2078 1408 2106 caret,
1435 2081 1496 2101 eum
1527 2075 1676 2108 imperante

891 2121 1044 2148 Alexandro
1069 2120 1168 2148 Severo
1185 2121 1285 2148 vixisse
1307 2125 1333 2147 et
1360 2120 1519 2154 scripsisse;
1544 2121 1675 2155 temporis

891 2174 982 2196 autem
995 2168 1063 2195 ratio
1076 2175 1129 2195 non
1145 2172 1271 2193 accurate
1284 2167 1387 2193 deliniri
1401 2171 1497 2201 potest.

1154 2223 1351 2251 ARTICHLUS
1371 2223 1401 2250 ll.

1032 2280 1065 2299 DE
1085 2279 1148 2298 SEDE
1168 2278 1318 2297 EPISCOPALI
1339 2278 1361 2297 5.
1382 2278 1531 2297 Hll‘l‘llLYTl.

928 2317 1089 2344 Charactere
1116 2316 1261 2350 episcopali
1297 2315 1326 2342 S.
1354 2316 1524 2351 Hippolytum
1551 2323 1673 2343 nostrum

893 2363 976 2390 fuisse
1000 2363 1157 2397 insignitum
1183 2362 1327 2396 perhibent
1353 2361 1486 2389 Eusebius
1509 2363 1564 2396 (‘25)
1594 2368 1675 2397 atque

894 2411 924 2438 l).
942 2409 1121 2450 Hieronymus
1142 2409 1197 2444 (26)
1213 2419 1219 2436 :
1237 2409 1283 2436 sed
1306 2411 1408 2437 incerta
1423 2409 1535 2437 olnnino
1550 2414 1592 2436 est
1615 2409 1676 2444 ejus

927 2477 981 2512 (18)
994 2476 1061 2503 Bull.
1075 2477 1232 2511 Defens.ﬁd.
1243 2476 1417 2507 Niciannsec.
1428 2484 1533 2510 Itt,cap.
1545 2476 1601 2510 8,p.
1611 2475 1673 2512 220.

928 2513 983 2547 (l9)
1002 2512 1111 2539 Hieron.
1125 2513 1176 2539 [ορ.
1193 2513 1237 2539 cit.
1254 2512 1320 2540 Eus.
1336 2512 1370 2539 H.
1387 2512 1419 2538 E.
1435 2512 1499 2541 Lvt,
1518 2519 1576 2546 cap.
1593 2511 1637 2537 25.

926 2547 1126 2609 (Κεθὲῧιίξίεεριιη
1151 2547 1188 2574 Η.
1210 2547 1243 2574 E.
1270 2548 1316 2575 lib.
1340 2555 1382 2580 tv,
1401 2554 1460 2581 cap.
1488 2547 1531 2578 51,
1564 2553 1629 2573 tom.
1654 2546 1677 2578 Ι,

909 2591 951 2610 aa.
970 2591 1032 2610 00".

891 2591 951 2618 pag.
970 2591 1032 2610 oou.

926 2618 982 2652 (⁵21)
1003 2617 1105 2649 Vales.,
1119 2617 1180 2644 Not.
1198 2618 1224 2645 in
1239 2617 1338 2645 Euseb.
1358 2617 1404 2643 lib.
1418 2624 1443 2643 VI
1472 2616 1508 2642 II.
1524 2615 1572 2647 15.,
1588 2623 1612 2643 c.
1628 2615 1675 2643 25.

925 2653 981 2688 (2‘2)
1003 2652 1082 2680 Huet.
1097 2653 1250 2687 Origenian.
1266 2653 1311 2680 lib.
1333 2659 1353 2683 l,
1367 2659 1427 2688 cap.
1446 2652 1473 2688 2,
1495 2652 1550 2688 §_8.

925 2684 981 2722 (23)
1002 2688 1115 2724 Moyne,
1136 2684 1336 2724 Hrolpgontcna
1353 2688 1385 2713 ad
1402 2684 1595 2713 'Vuria'Sacru
1606 2706 1613 2718 ,
1647 2687 1673 2713 ir.

890 2722 1130 2752 cxercitatittncula
1145 2723 1180 2750 de
1194 2722 1227 2750 S.’
1242 2722 1395 2757 Hippolyto.

923 2758 980 2793 (24)
990 2758 1083 2785 Simon
1095 2759 1128 2786 de
1136 2756 1284 2793 Magistris,
1292 2758 1318 2783 in
1326 2756 1435 2784 Prmfat.
1443 2757 1481 2793 ad?
1488 2756 1622 2793 Danielem
1633 2763 1676 2793 se-

889 2795 1006 2822 cundum
1016 2792 1096 2825 LXX,
1109 2801 1185 2820 num.
1199 2801 1246 2822 vn,
1267 2800 1292 2827 p.
1308 2800 1383 2823 xxvi,
1399 2793 1462 2819 edit.
1475 2792 1680 2822 ltomanJTI‘L

924 2829 979 2863 (25)
1001 2828 1109 2861 Euseb,
1127 2827 1161 2856 Η.
1228 2827 1273 2854 lib.
1290 2835 1328 2861 vr,
1346 2835 1406 2863 cap.
1419 2827 1465 2855 20.

925 2864 980 2898 (‘26)
1003 2862 1109 2891 Iliorum.
1132 2864 1168 2891 De
1187 2872 1234 2890 νιν.
1254 2863 1293 2890 ill.
1308 2871 1366 2898 cap.
1383 2862 1427 2890 61.

1556 3027 1577 3072 ί
