3918 6194
235 276 319 330 ΞΠ

239 395 290 446 de
308 393 428 443 laude
445 384 650 440 Domini
672 384 985 451 Saluatoris,
1010 386 1062 439 in
1091 401 1194 456 qua
1218 396 1470 455 prwsente
1503 385 1726 458 Origene
1754 392 1798 448 A

242 501 285 536 se
303 481 410 549 loqui
432 480 479 530 in
499 478 717 532 ecclesia
743 477 1027 547 signiﬁcat.
1051 476 1190 531 Hinc
1212 479 1416 532 videtur
1437 479 1600 547 fuisse
1616 479 1727 548 epi-

240 590 378 640 scopus
406 572 452 623 in
493 568 705 625 Oriente
729 607 744 630 ,
774 579 822 622 et
859 570 1040 638 forsan
1077 570 1131 622 in
1178 569 1412 636 Arabia,
1462 569 1532 624 ad
1569 586 1725 640 quam

238 666 428 733 Origenes
450 677 584 714 anno
611 661 821 716 circiter
852 661 958 716 2l7
983 672 1225 717 evocatus
1251 672 1423 729 est,ut
1452 663 1591 732 apud
1615 662 1725 717 Eu-

228 757 378 810 sebium
400 753 463 807 Η.
497 751 562 805 Ε.
588 753 681 808 lib.
709 770 779 816 iv,
815 771 933 824 cap.
961 755 1046 820 l9,
1085 755 1323 825 legimus.
1357 755 1458 808 llis
1483 757 1557 808 ita
1585 756 1725 823 posi-

228 848 291 910 tis,
315 861 458 899 ιοηιιι·
486 843 547 901 S.
580 843 897 914 Hippolytus
931 846 1200 915 episcopus
1229 845 1400 900 Arabs
1431 847 1588 915 facile
1625 863 1723 914 po-

225 940 299 991 luit
323 939 379 990 ad
400 937 653 990 oisitanda
683 937 1039 1006 apostolorum
1067 939 1394 1009 aliorumque
1430 949 1723 1008 martyrum

222 1030 406 1097 sepulcra
429 1028 644 1082 Romam
673 1031 864 1094 uenire,
898 1031 953 1085 in
978 1030 1145 1085 Portu
1162 1031 1397 1086 Romano
1418 1032 1483 1086 ab
1504 1032 1721 1087 ethnicis

219 1123 541 1190 conprehendi,
559 1134 609 1177 et
641 1123 836 1178 ibidem
856 1126 1110 1194 martyrio
1131 1127 1307 1194 afﬁci?
1330 1126 1467 1191 Quid
1487 1129 1533 1181 si
1558 1127 1720 1194 plebs,

216 1218 562 1270 determinatam
612 1218 767 1270 istius
814 1218 1064 1288 martyris
1110 1219 1409 1273 cathedram
1449 1220 1718 1289 ignorans,

214 1313 318 1361 hunc
333 1309 649 1378 peregrinum
674 1311 970 1379 episcopum
993 1327 1025 1363 a
1049 1311 1162 1365 loco
1190 1313 1436 1382 martyrii
1460 1312 1724 1377 Portuen-

213 1417 293 1454 sem
320 1401 768 1469 cognominaverit,
803 1413 852 1457 et
899 1402 982 1456 hic
1022 1403 1296 1476 popularis
1337 1421 1486 1459 error
1516 1406 1585 1458 ad
1617 1406 1722 1459 ali-

210 1508 310 1560 quos
333 1493 623 1560 posterioris
659 1494 756 1546 (ιιυὶ
782 1495 1058 1563 scriptores
1099 1498 1400 1561 transierit,
1429 1498 1506 1552 vel
1547 1499 1719 1568 potius

210 1585 281 1635 illa
304 1583 563 1652 appellatio
603 1587 830 1654 posteris
862 1589 1187 1642 occasionem
1213 1590 1451 1657 dederit,
1481 1591 1549 1644 ad
1583 1589 1722 1645 Por-

210 1682 396 1727 tsensem
451 1675 609 1745 hujus
653 1679 906 1748 martyris
946 1679 1301 1748 episcopatum
1340 1682 1674 1736 deserendum
1698 1684 1723 1736 ?

209 1765 426 1835 Quidquid
445 1769 513 1821 sit
543 1769 609 1822 de
639 1769 738 1823 hac
765 1771 1064 1837 conjectura
1087 1782 1297 1840 nostra,
1328 1791 1483 1844 quam
1510 1786 1720 1844 propter

205 1855 385 1907 certiora
412 1856 698 1924 cujuslibet
715 1871 1024 1929 argumenta
1048 1862 1266 1917 libenter
1286 1865 1600 1930 deserentus,
1626 1883 1720 1920 nos

207 1948 247 1998 in
269 1947 400 1999 titulo
418 1951 738 2019 martyrium
770 1952 828 2006 S.
865 1951 1139 2023 Hippolyti
1166 1971 1285 2007 cum
1312 1957 1526 2010 vetustis
1555 1974 1616 2010 ac
1639 1974 1720 2012 re-

205 2037 466 2091 centioribus
514 2039 918 2112 Martyrologiis
949 2045 1002 2096 in
1036 2043 1198 2098 Porta
1225 2045 1462 2100 Romano
1492 2048 1720 2102 colloca.-

204 2145 344 2184 πω...
374 2130 590 2186 Addunt
621 2134 821 2196 adhuc,
847 2135 985 2204 quod
1014 2153 1115 2191 non
1141 2138 1294 2192 inviti
1326 2139 1644 2194 Orientalem
1671 2151 1719 2194 et

205 2218 544 2275 Occidentalem
573 2223 737 2294 hujus
759 2227 927 2280 sancti
951 2230 1201 2298 martyris
1220 2232 1574 2300 episcopatum
1601 2251 1718 2287 cum

201 2309 388 2364 Baronio
422 2323 472 2366 ct
521 2313 748 2384 Ughello
781 2316 892 2387 (59)
921 2319 1207 2373 admittant
1234 2361 1248 2383 ,
1281 2333 1330 2375 et
1353 2321 1448 2375 hoc
1476 2323 1720 2378 ultimum

199 2411 382 2469 systcma
403 2420 556 2456 suum
585 2422 686 2473 pro
716 2422 859 2460 mera
885 2407 1187 2476 conjectura
1225 2409 1368 2462 dent.

249 2495 486 2550 Auctores
541 2495 808 2551 Historia:
868 2498 1149 2554 litterariae
1208 2500 1508 2556 Galliarum
1579 2507 1720 2575 regni

199 2597 378 2640 censent
406 2588 462 2642 S.
499 2589 854 2661 Hippolytum
888 2600 1178 2662 martyrem
1214 2593 1416 2648 nullam
1467 2596 1721 2654 habuisse

199 2678 323 2730 lixam
352 2678 550 2746 sedem,
566 2681 668 2736 sed
693 2680 1148 2750 quemadmodum
1169 2683 1288 2751 ejus
1311 2683 1512 2737 sodalis
1531 2682 1717 2748 Caius,

198 2768 416 2834 gentium,
448 2771 565 2825 sive
601 2771 889 2826 nationum
919 2769 1088 2826 fuisse
1110 2773 1423 2842 episcopum
1453 2774 1586 2842 (40).
1629 2774 1720 2830 Sic

198 2871 338 2913 autem
367 2861 768 2917 ratiocinantur
797 2880 807 2912 :
836 2861 1062 2929 Quando
1089 2865 1354 2921 Eusebius
1375 2849 1718 2938 Hippolytum

197 2949 297 3005 dicit
335 2953 553 3009 alterius
603 2955 888 3025 cujusdam
920 2955 1209 3021 Ecclesiae,
1253 2967 1374 3013 utut
1407 2957 1721 3012 indetermi-

197 3052 321 3109 natm,
342 3043 686 3112 episcopum,
718 3045 922 3100 lubenti
947 3047 1130 3101 animo
1155 3047 1447 3113 credimus,
1470 3048 1726 3102 eumdem
1746 3063 1790 3120 ο

195 3147 278 3185 non
304 3136 550 3190 habuisse
579 3137 748 3191 tinam
779 3138 982 3202 sedem,
1019 3138 1112 3194 sed
1144 3139 1445 3208 putandum
1479 3155 1620 3205 esse,
1645 3142 1723 3196 si-

195 3233 263 3278 cut
312 3227 747 3298 condiscipulum
795 3245 954 3286 suum
995 3229 1212 3296 Caium,
1276 3233 1558 3287 nationum
1609 3235 1723 3304 epi—

195 3327 394 3382 scopum.
429 3315 555 3372 Hme
592 3317 839 3386 proiecto
873 3319 1060 3388 opinio
1088 3321 1496 3391 simplicissima.
1515 3323 1722 3394 absque

195 3411 520 3466 controversia
551 3411 716 3466 nobis
750 3411 983 3477 videtur,
1008 3421 1169 3483 atque
1194 3429 1326 3470 cum-
1344 3416 1515 3470 sancti
1549 3417 1728 3471 nostri

194 3498 376 3556 historia
408 3505 662 3574 apprime
695 3505 988 3574 conspirat.
1019 3505 1136 3561 Hoc
1161 3507 1307 3561 enim
1340 3507 1541 3576 posito,
1574 3507 1721 3562 haud

195 3595 388 3662 amplius
439 3596 494 3649 in
551 3596 772 3650 ratione
811 3596 1082 3651 reddenda
1131 3613 1321 3653 sumus
1376 3599 1562 3665 anxii,
1623 3614 1722 3653 cur

194 3695 374 3742 sanctus
397 3686 731 3758 Hippolytus
766 3688 935 3742 modo
961 3690 1018 3743 in
1059 3687 1310 3756 Oriente,
1343 3690 1506 3747 modo
1533 3691 1589 3745 in
1618 3687 1726 3744 0c—

195 3774 383 3843 sidente,
411 3779 877 3849 quemadmodum
908 3793 976 3833 ex
1012 3779 1201 3848 paucis
1223 3781 1344 3851 ejus
1371 3783 1536 3851 gestis
1555 3824 1570 3851 ,
1600 3798 1724 3853 qua:

194 3867 245 3922 ad
275 3881 501 3928 nostram
544 3873 814 3928 notitiam-
843 3883 1238 3942 pervenerunt,
1277 3883 1510 3941 constat,
1555 3892 1721 3947 appa»

192 3964 345 4018 ruerit.
369 3964 524 4030 Quod
582 3973 759 4020 autem
796 3967 848 4020 in
880 3965 1101 4022 Oriente
1147 3975 1394 4022 versatus
1429 3965 1618 4030 fuerit,
1651 3985 1716 4024 ex

195 4052 272 4107 hoc
306 4056 478 4112 nullus
519 4056 810 4112 dubitandi
843 4058 994 4113 locus
1041 4059 1365 4127 relinquitur
1387 4098 1399 4118 .
1429 4058 1558 4128 quia
1603 4059 1719 4129 ipse

192 4145 282 4198 suis
320 4147 369 4200 in
407 4148 675 4218 operibus
725 4160 1000 4205 asseverat
1048 4151 1334 4221 Origenem
1380 4151 1433 4205 in
1493 4166 1718 4206 numero

193 4250 376 4293 suorum
406 4241 729 4296 auditorum
755 4239 960 4306 fuisse,
1000 4243 1146 4312 quod
1179 4258 1310 4298 sane
1340 4243 1393 4296 in
1429 4242 1718 4298 Occidente

193 4331 398 4388 accidere
438 4332 594 4389 haud
625 4334 820 4403 potuit.
852 4333 1038 4403 Neque
1066 4334 1230 4389 etiam
1275 4335 1329 4388 in
1361 4333 1586 4389 dubium
1629 4349 1717 4388 re-

193 4424 337 4478 vocari
360 4434 540 4494 potest
578 4425 709 4494 quin
737 4425 923 4492 etiam,
965 4436 1250 4495 postquam
1297 4423 1712 4494 Lugdunensem
1748 4409 1789 4463 θ

196 4509 445 4570 Eeclesiam
497 4516 827 4586 reliquerat,
881 4517 936 4572 in
1011 4516 1300 4573 Occidente
1350 4525 1716 4572 commoratus

195 4601 340 4662 fuerit.
369 4606 549 4678 Hujus
574 4609 650 4663 rei
697 4607 1081 4663 conﬁrmandae
1129 4617 1507 4677 argumentum
1565 4608 1716 4662 omni

195 4700 465 4766 exceptione
514 4701 692 4769 majus
738 4700 869 4755 illud
923 4709 1035 4762 est,
1096 4700 1241 4770 quod
1294 4701 1349 4754 in
1399 4710 1714 4768 computum

196 4795 455 4859 temporum
510 4808 715 4847 morem
742 4791 1058 4846 Latinorum
1090 4800 1371 4861 sequatur,
1403 4790 1714 4859 posthabito

196 4877 266 4932 illo
297 4883 814 4946 Alexandrinorum,
864 4898 974 4953 quo
1014 4899 1202 4937 omnes
1254 4881 1558 4939 Orientales
1592 4892 1713 4937 ute-

197 4967 374 5029 luatur.

247 5062 316 5118 Ab
340 5067 590 5124 omnibus
634 5069 722 5123 his
760 5068 1062 5132 sententiis,
1115 5069 1227 5123 sive
1270 5069 1600 5137 conjecturis
1627 5071 1710 5124 di-

197 5154 333 5210 scedit
364 5160 445 5212 vir
489 5160 644 5229 longe
671 5161 1044 5226 doctissimus,
1075 5161 1502 5231 Cbristophorus
1528 5162 1711 5232 Augu-

1751 1730 1793 1782 Β

249 5309 341 5376 (39)
378 5313 674 5385 Barun.,ad
708 5330 835 5385 ann.
865 5314 994 5380 9.29,
1025 5330 1176 5368 num.
1207 5313 1293 5370 IV.
1329 5312 1558 5385 Ughell.
1591 5312 1709 5371 Ital.

199 5373 470 5435 Socratem.
500 5384 536 5448 I,
569 5373 672 5438 col.
706 5383 830 5446 110,
868 5373 992 5438 nov:
1027 5386 1155 5438 edit.

220 5448 346 5524 ΑΨ)
378 5449 708 5524 Benedictiui
751 5469 783 5507 e
826 5465 1131 5524 congregat.
1167 5454 1224 5508 S.
1253 5453 1422 5508 Mauri
1472 5453 1526 5506 in
1563 5451 1705 5506 Ilist.

199 5514 494 5593 [δμῳάς-[α
520 5521 741 5585 France,
768 5533 900 5578 tom.
933 5514 973 5585 Ῑ,
1008 5514 1139 5591 miri.
1173 5549 1210 5586 ι,
1243 5540 1363 5593 pag.
1399 5525 1521 5578 565.

255 5587 348 5663 (μ)
385 5589 675 5663 Heumanni
705 5587 1038 5657 Dissertatio,
1073 5596 1124 5647 in
1157 5587 1262 5663 qua
1286 5587 1506 5648 docetur
1533 5594 1620 5647 ubi
1658 5603 1710 5644 et

201 5659 342 5720 ‘lualis
381 5662 658 5733 episc0pus
703 5664 864 5720 fuerit
919 5659 1271 5736 Hippolytus,
1333 5664 1513 5720 smculi
1565 5665 1717 5718 tertii.

1121 268 1208 324 DE
1245 269 1406 324 VITA
1446 271 1533 327 ET
1576 269 1884 326 SCRIPTIS
1926 271 1982 325 S.
2026 270 2424 326 HIPPOLYTI‘-

3281 271 3390 327 278

1829 396 1946 440 stus
1975 383 2348 453 Heumannus,
2379 399 2441 439 ac
2465 399 2603 438 nova
2636 383 2846 438 ratione
2875 383 3064 446 utitur,
3109 383 3247 438 hanc
3273 399 3388 438 rem

1827 477 2475 546 ditiicilemexplicandi.
2529 475 2793 529 Nimirum
2843 477 2929 529 vir
2966 475 3228 538 eruditus,
3280 484 3388 529 tota

1827 566 1951 621 licet
1992 565 2312 635 antiquitate
2360 574 2712 635 repugnante,
2758 564 2920 620 unius
2942 564 3092 618 vocis
3113 564 3276 618 varia:
3302 580 3393 619 ac-

1826 655 2061 726 ceptioni
2109 654 2376 710 subnixus
2419 664 2472 709 et
2520 653 2731 718 ﬁdens,
2780 654 3138 724 comprobare
3200 653 3393 708 nititur

1823 744 2205 801 dissertatione
2220 759 2361 798 anno
2381 744 2535 809 1758,
2564 743 2861 814 Goettinga:
2876 745 3018 798 edita
3038 745 3120 812 (All
3133 746 3173 810 ),
3189 742 3394 814 Hippo-

1825 837 1995 908 lytum
2041 835 2212 890 fuisse
2262 835 2478 904 quidem
2501 835 2839 905 episcopum,
2874 850 2985 888 non
3015 844 3193 888 tamen
3227 819 3424 888 eccle-i'

1824 926 2122 988 siasticum,
2155 936 2210 979 at
2241 925 2464 978 civilem.
2516 924 2689 990 Quam
2723 923 2778 979 in
2810 924 3128 979 sententiam
3161 925 3390 994 paucula

1823 1019 2024 1073 excitat
2045 1019 2164 1072 loca
2190 1033 2254 1071 ex
2280 1015 2482 1071 Graecis
2501 1015 2820 1086 Latinisque
2853 1016 3231 1086 scriptoribus,
3251 1016 3392 1070 unde

1825 1110 2041 1179 colligat
2085 1107 2256 1162 fuisse
2303 1108 2596 1176 aliquando
2625 1107 2862 1162 civilium
2894 1122 3180 1161 munerum
3214 1107 3392 1160 homi-

1825 1218 1940 1266 nes,
1971 1201 2063 1270 qui
2093 1201 2493 1270 appellarentur
2533 1201 2802 1270 episcopi;
2849 1199 3012 1269 idque
3054 1199 3291 1253 nominis
3335 1200 3391 1253 in
3425 1269 3428 1271 _

1823 1292 2015 1362 primis
2038 1306 2148 1348 oras
2178 1292 2467 1346 maritima:
2517 1303 2680 1361 atque
2712 1291 2846 1346 adeo
2874 1300 3124 1360 portuum
3150 1290 3392 1344 custodi—
3423 1275 3449 1303 '-

1821 1385 1924 1438 bus
1953 1383 2123 1439 fuisse
2152 1385 2416 1439 tributum
2446 1402 2458 1437 :
2497 1392 2554 1437 ut
2582 1384 2807 1454 proinde
2839 1393 3023 1438 noster
3048 1381 3396 1452 Hippolytus,

1822 1487 1944 1530 ortu
1995 1476 2227 1532 fortasse
2282 1476 2585 1539 Romanus,
2631 1491 2696 1530 eo
2746 1492 2906 1530 sensu
2949 1475 3170 1528 Romani
3209 1483 3390 1544 portus

1821 1569 2093 1637 episcOpus
2139 1568 2441 1622 censendus
2484 1566 2667 1622 fuerit.
2725 1566 2888 1632 Quin,
2939 1568 2983 1621 si
3034 1567 3214 1621 virum
3240 1567 3394 1622 eriti-

1822 1675 1946 1715 cum
1976 1659 2192 1724 audias,
2225 1660 2310 1713 vel
2339 1660 2454 1728 ipsa
2484 1667 2661 1714 statua
2700 1674 3006 1714 marmorea
3038 1657 3326 1729 Hippolyto
3361 1673 3392 1711 a

1824 1750 2138 1818 propinquis
2171 1750 2368 1818 posita,
2421 1761 2583 1818 atque
2621 1765 2684 1802 ex
2718 1747 2944 1804 Romani
2991 1762 3178 1818 portus
3232 1751 3394 1805 rude-

1821 1843 1975 1898 ribus
2023 1858 2168 1896 anno
2218 1842 2349 1897 1551
2399 1842 2617 1906 etIossa,
2683 1842 2990 1897 istiusmodi
3060 1843 3387 1897 sententiam

1821 1935 2140 2000 conlirmat;
2167 1933 2368 2002 quippe
2393 1949 2533 2003 quze,
2563 1935 2666 2001 ait,
2683 1934 2887 1987 nullam
2913 1933 3073 2004 plane
3097 1943 3279 1989 notam
3301 1950 3392 1989 cc-

1821 2027 2141 2082 clesiastica:
2160 2026 2442 2097 dignitatis
2464 2042 2574 2096 pra:
2601 2041 2658 2080 se
2687 2026 2842 2080 ferat.

1889 2118 2130 2174 Perbelle
2181 2134 2330 2174 sane.
2391 2119 2546 2173 Nunc
2589 2132 2739 2183 vero,
2793 2117 2838 2172 si
2872 2117 2979 2172 diis
3009 2117 3202 2186 placet,
3252 2115 3393 2170 inter

1822 2211 2077 2267 Ecclesiae
2104 2211 2314 2278 Patres,
2362 2212 2454 2281 qui
2501 2211 2700 2266 saeculo
2750 2209 2915 2264 tertio
2949 2209 3168 2263 ineunte
3195 2207 3392 2262 ﬂorue-

1821 2314 1983 2370 runt,
2031 2306 2286 2360 novimus
2336 2304 2722 2359 recensendum
2773 2301 3158 2373 Hippolytum;
3215 2303 3392 2354 virum

1821 2399 1962 2452 haud
1994 2397 2175 2452 Plinio
2227 2398 2519 2451 absimilem
2554 2397 2689 2467 (ω),
2724 2396 2839 2465 qui,
2875 2405 2934 2449 ut
2961 2396 3049 2450 ille
3082 2397 3260 2464 portui
3285 2393 3393 2446 Mi-

1821 2505 1964 2551 seno,
2001 2487 2164 2542 fuerit
2195 2486 2442 2542 Romano
2469 2486 2793 2556 praefectus;
2830 2486 3122 2556 episcopus
3146 2484 3387 2554 quidem,

1821 2582 1914 2636 scd
1944 2581 2156 2647 civilis;
2194 2596 2320 2647 orae,
2369 2580 2614 2650 inquam,
2663 2578 2948 2631 maritima:
2988 2577 3268 2650 inspector,
3297 2591 3391 2626 cu-

1821 2683 1986 2739 rator,
2013 2674 2460 2744 super-intendens.
2502 2671 2724 2727 Scilicet
2749 2677 2934 2724 noster
2960 2668 3278 2738 Hippolytus
3311 2668 3390 2727 vir

1821 2769 1923 2836 fuit
1950 2783 2151 2838 magum
2179 2766 2498 2836 dignationis
2538 2767 2591 2818 in
2623 2763 2745 2816 urbe
2769 2763 2954 2828 Roma,
2986 2760 3264 2815 honoribus
3291 2775 3388 2826 pa-

1822 2860 1951 2911 riter
1982 2875 2043 2911 ac
2068 2858 2268 2912 divitiis
2308 2858 2573 2920 eminens,
2615 2855 2938 2927 Romanique
2979 2862 3158 2924 portus
3197 2852 3388 2924 pracfe-

1821 2961 1970 3016 ctus;
2020 2960 2080 3004 ut
2123 2959 2429 3020 propterea,
2456 2965 2565 3018 quo
2599 2963 2824 3004 munere
2854 2963 2954 3004 suo
2988 2949 3088 3002 rite
3134 2946 3397 3017 fungere-—

1824 3051 1934 3109 tur,
1983 3042 2300 3096 sublimiora
2343 3039 2667 3096 Christianas
2714 3039 2991 3110 religionis
3018 3038 3388 3110 mysteria-re-

1823 3133 2050 3201 serarit;
2081 3132 2147 3188 de
2177 3133 2445 3204 tthIOgia
2470 3141 2523 3186 et
2546 3132 2937 3198 incarnatione,
2962 3131 3027 3185 de
3049 3129 3160 3184 Deo
3186 3138 3239 3184 et
3267 3144 3397 3183 car~

1822 3229 1908 3284 nis
1940 3229 2337 3284 resurrectione
2358 3229 2655 3298 peregerit;
2689 3226 3078 3282 commentaria
3117 3225 3171 3278 in
3197 3239 3387 3279 omnes

1820 3320 1991 3376 ferme
2036 3335 2221 3376 sacras
2257 3321 2541 3389 utriusque
2570 3318 2811 3374 Ftnderis
2840 3317 3066 3388 paginas
3114 3316 3384 3382 ediderit;

1822 3413 1888 3468 de
1913 3413 2227 3482 apostolicis
2273 3412 2654 3467 traditionibus
2685 3410 2994 3480 scripserit;
3044 3410 3388 3464 demonstra-

1820 3506 2023 3562 tionem
2074 3515 2376 3575 temporum
2426 3504 2650 3559 Paschze
2695 3503 3064 3570 elucubrarit;
3125 3502 3386 3556 adversus

1819 3597 2057 3665 Iudaeos,
2085 3599 2332 3653 ethnicos
2358 3597 2749 3666 luereticosque
2781 3595 2979 3666 stylum
3007 3595 3246 3660 acuerit;
3290 3594 3384 3663 qui

1823 3697 2080 3759 praeterea
2125 3687 2192 3743 de
2238 3689 2397 3744 rebus
2440 3687 2644 3743 divinis
2689 3686 3000 3756 frequenter
3025 3686 3089 3740 ad
3126 3686 3382 3755 populum

1821 3794 2100 3835 sermones
2145 3779 2429 3846 habuerit;
2477 3778 2819 3849 potissimum
2856 3792 2987 3832 vero
3031 3778 3143 3846 (45)
3183 3793 3382 3848 προσο-

1823 3870 2003 3942 μιλξαν
2034 3870 2097 3924 de
2125 3869 2280 3923 laude
2315 3869 2528 3924 Domini
2557 3868 2869 3938 Saluatoris,
2895 3869 2948 3922 in
2972 3885 3096 3938 qua,
3128 3879 3384 3938 praesente

1821 3961 2062 4032 Origene,
2099 3977 2152 4016 se
2192 3961 2334 4032 loqui
2355 3961 2621 4032 signiﬁcat
2652 3961 2706 4014 in
2732 3960 2982 4025 ecclesia;
3035 3959 3121 4013 cui
3149 3958 3382 4026 denique

1819 4069 1929 4108 non
1961 4055 2136 4110 solum
2181 4063 2357 4108 statua
2384 4068 2690 4108 marmorea
2732 4053 2929 4122 posita,
2981 4052 3075 4106 sed
3120 4060 3294 4106 statua
3326 4052 3380 4102 in

1818 4146 2072 4201 cathedra
2115 4147 2339 4215 sedens;
2382 4161 2492 4217 quo
2517 4146 2770 4199 nimirum
2805 4143 3128 4214 episcopalis
3153 4141 3272 4211 ejus
3298 4141 3379 4194 di-

1821 4239 1999 4308 gnitas
2042 4239 2414 4303 ecclesiastica,
2457 4252 2566 4292 non
2607 4234 2796 4302 civilis,
2824 4235 3054 4304 ejusque
3086 4249 3286 4288 munus
3313 4237 3382 4286 art

1817 4327 1912 4382 Dei
1943 4328 2200 4398 populum
2231 4327 2286 4382 in
2314 4326 2555 4382 Ecclesia
2581 4325 2794 4381 dicendi
2841 4332 3093 4379 testatum
3145 4323 3380 4392 posteris

1818 4421 2234 4491 relinqueretur.
2311 4419 2452 4487 Quid
2508 4419 2798 4474 absurdius
2854 4417 3035 4472 dictu?
3109 4415 3249 4469 Hinc
3295 4416 3376 4469 Cl.

1820 4512 2218 4570 Schroeckbius
2250 4514 2362 4582 (44)
2397 4513 2535 4567 hanc
2562 4510 2861 4567 Heumanui
2890 4512 3258 4574 conjecturam
3287 4525 3378 4563 sa-

1817 4606 1886 4660 tis
1916 4605 2193 4674 ingeniose
2240 4605 2604 4674 excogitatam
2658 4618 2723 4657 ac
2773 4612 3090 4658 exornatam
3135 4601 3378 4672 quidem,

1819 4695 1911 4749 sed
1940 4695 2084 4750 haud
2107 4695 2454 4749 verisimilem
2478 4695 2792 4748 arbitratur.

1886 4783 2079 4839 Nostra
2115 4792 2273 4838 astate
2303 4783 2580 4838 Romanus
2607 4783 2778 4836 editor
2805 4781 3040 4836 Danielis
3078 4781 3376 4836 secundum

1817 4874 2166 4946 Septuaginta
2195 4890 2261 4929 ex
2289 4873 2551 4944 Tetraplis
2592 4873 2841 4943 Origcnis
2886 4875 3259 4928 demonstrare
3291 4888 3376 4925 co-

1817 4980 1975 5024 natus
2021 4977 2126 5032 est,
2176 4969 2320 5038 quod
2358 4968 2418 5023 S.
2454 4967 2770 5038 Hippolytus
2808 4983 2915 5021 non
2952 4967 3127 5022 solum
3178 4962 3374 5017 Portus

1817 5060 2045 5116 Romani
2071 5061 2358 5129 episcopus
2391 5059 2681 5125 exstiterit,
2714 5059 2806 5113 sed
2841 5058 2984 5124 quod
3013 5057 3173 5111 etiam
3204 5054 3375 5123 ipsius

1812 5154 2062 5210 dimcesis
2097 5154 2163 5208 ad
2192 5169 2310 5207 eam
2339 5163 2538 5223 partem
2571 5151 2824 5206 Roniame
2875 5151 3043 5214 urbis,
3083 5164 3202 5217 quae
3227 5146 3376 5216 regio

1813 5314 2043 5393 scriptor
2074 5311 2496 5366 ecclesiasticus.
2546 5308 2689 5363 lnter
2715 5308 2928 5361 Primit.
2959 5306 3219 5378 Catting.,
3244 5322 3370 5378 pag.

1808 5384 1933 5448 2Ᾰνυ,
1969 5391 2021 5437 et
2049 5397 2162 5451 seq.

1880 5452 1990 5519 (42)
2031 5451 2335 5506 Heumann.
2369 5450 2404 5502 Ι.
2435 5465 2486 5502 c.
2515 5463 2632 5519 pag.
2664 5447 2793 5502 345.

1881 5516 1992 5598 (ῤᾷ)
2034 5520 2345 5598 Hieronyin.
2375 5519 2450 5598 _De
2472 5516 2609 5598 _Vi_rI
2635 5519 2854 5598 illustr.,
2884 5516 3124 5598 capaiil:
3153 5588 3165 5598 ‘
3274 5587 3308 5598 Η

1880 5587 1992 5657 (44)
2029 5591 2183 5645 Joan.
2240 5587 2426 5642 Matth.
2471 5587 2824 5652 Scln‘occkh.,
2892 5587 3204 5641 Cln'istliche
3266 5587 3359 5643 lie.-

1812 5661 2058 5730 schishte,
2088 5669 2225 5730 part.
2261 5675 2332 5720 iv,
2363 5674 2478 5728 pag.
2518 5658 2620 5712 155
2653 5657 2900 5714 secundm
2929 5659 3062 5715 edit.
