3918 6194
377 229 384 234 ’
455 261 564 318 279

1428 259 1511 313 DE
1550 257 1709 312 VITA
1743 254 1830 310 ET
1871 248 2183 309 SCRII’TIS
2219 248 2278 302 S.
2325 244 2696 301 HIPPOLY'I‘I.

3573 228 3682 284 280

455 379 868 436 Transtiberina
917 378 1138 443 dicitur,
1187 393 1246 434 se
1277 378 1598 443 extenderit,
1647 386 1807 446 atque
1854 376 2025 444 ipsam
2057 378 2098 434 Α
2131 366 2570 434 lutamnotisque
2599 365 2920 418 illustratum
2947 355 3288 424 immigrasse
3310 349 3682 420 cognovimus.

451 473 763 530 Tiberinum
793 471 1027 525 insulam
1067 471 1349 540 complexa
1393 469 1574 524 fuerit.
1635 487 1663 520 ι·
1695 468 1810 523 Duo
1843 477 2023 527 autem

448 569 606 623 nobis
654 574 778 636 post
825 564 1133 634 complures
1159 562 1498 616 eruditorum
1539 561 1835 617 sententias
1859 562 1926 615 de
1959 560 2025 612 ti-

450 660 560 713 tulo
578 655 872 727 Hippolyti,
891 670 999 724 quo
1022 654 1221 709 dicitur
1246 653 1545 715 ἐπίσκοπος
1578 650 1814 721 Ῥώμης,
1834 666 2024 720 quem-

448 751 740 805 admodum
795 763 937 819 saepe
983 762 1014 802 a
1061 746 1286 813 Graecis,
1328 745 1678 800 verisimilius
1721 744 1826 799 dici
1861 756 2028 813 posse

447 843 560 897 visa
595 847 742 907 sunt,
773 839 917 908 quod
951 839 1087 909 ipse,
1131 853 1252 893 cum
1286 845 1432 892 esset
1461 836 1698 907 gentium
1738 835 2026 903 episcopus

446 932 634 988 Romae
681 927 986 995 ordinatus,
1043 928 1206 982 fuerit
1251 929 1304 980 in
1341 926 1466 980 urbe
1498 926 1665 984 Roma
1713 926 2023 1000 episcopus,

445 1026 589 1080 unde
618 1023 927 1094 percrebuit
951 1023 1221 1090 episcopus
1250 1019 1451 1084 Ratira},
1483 1019 1627 1088 quod
1651 1027 1734 1073 est
1759 1017 2020 1072 alienum.

446 1116 594 1170 Vixit
644 1115 913 1186 Hippolyti
947 1129 1062 1168 εκνο
1103 1113 1268 1167 Caius
1302 1112 1588 1182 presbyter,
1624 1110 1876 1178 idemque
1919 1108 2025 1161 Ro-

446 1223 546 1259 ma:
574 1208 800 1275 gentium
826 1206 1122 1273 episcopus,
1169 1201 1630 1272 quemadmodum
1665 1200 1896 1254 inferius
1927 1214 2023 1268 ap-

449 1299 680 1367 parebit.
737 1297 1018 1366 repudiata
1064 1294 1153 1348 J0.
1184 1295 1304 1347 Alb.
1334 1293 1567 1353 Fabricii
1615 1291 2024 1355 emendatione,

449 1391 539 1458 qui
587 1390 915 1442 Athenarum
956 1389 1078 1442 loco
1123 1388 1356 1455 gentium
1403 1385 1644 1453 reposuit
1683 1384 1834 1442 nullo
1875 1383 2022 1452 jure,

446 1480 769 1534 necessitate
827 1480 1008 1544 nulla;
1065 1479 1302 1546 itemque
1349 1475 1468 1530 Jac.
1519 1475 1770 1546 Basnagii
1815 1475 1908 1545 qui
1959 1474 2026 1527 de

445 1569 734 1642 Hippolyto
765 1572 995 1639 loquens
1029 1588 1043 1625 :
1079 1568 1137 1622 Is
1167 1569 1305 1622 enim
1334 1569 1489 1632 ritus,
1515 1567 1692 1636 inquit
1717 1567 1852 1638 (45),
1871 1566 2033 1636 plane-

443 1679 626 1726 novus,
658 1678 750 1714 nec
776 1660 963 1715 saltem
989 1661 1290 1729 pristinam,
1323 1660 1386 1712 de
1408 1675 1511 1729 qua
1534 1659 1761 1730 agimus,
1786 1657 2026 1728 antiqui-

2132 462 2209 516 Ac
2239 461 2396 530 plura
2419 458 2660 526 quidem,
2695 470 2816 524 qua:
2845 448 3086 521 proferre
3112 445 3495 516 potuissemus,
3522 455 3689 507 expo-

2133 555 2236 609 sita
2263 551 2460 606 ibidem
2491 547 2838 608 oll‘endimus,
2867 551 2926 597 ut
2947 540 3127 608 aliqua
3157 544 3359 591 tantum
3392 535 3688 602 supersint.

2131 662 2254 716 qua:
2277 641 2694 712 disputationem
2719 639 2784 693 de
2805 635 3051 706 pluribus
3068 627 3363 700 Hippolytis
3379 625 3688 716 expediant.

2134 715 2252 789 Duo
2283 732 2521 790 maxime
2555 730 2794 799 insignes
2823 727 2970 782 cultu
2998 718 3365 778 anniversario
3389 717 3574 771 Romae
3606 715 3661 768 iu

2131 835 2291 882 erunt
2337 822 2607 894 Hippolyti
2649 829 2916 890 martyres
2963 834 2978 870 :
3025 814 3233 884 primus
3284 809 3476 872 miles,
3533 806 3692 876 cujus

2133 919 2451 990 praeclarum
2497 915 2598 969 luit
2637 919 3046 968 monumentum
3091 904 3440 973 coniunctura
3488 899 3692 967 templo

2133 1013 2191 1066 S.
2222 1008 2501 1064 Laurentii
2535 1007 2590 1061 in
2636 1019 2770 1074 agro
2814 1001 3047 1056 Verano.
3107 996 3281 1065 Hujus
3323 1007 3519 1047 nomen
3563 989 3692 1044 fasti

2132 1103 2387 1158 Ecclesiae
2413 1100 2672 1154 exhibent
2704 1092 2883 1149 Idibus
2915 1090 3158 1161 Augusti.
3217 1085 3448 1141 Exhibet
3474 1097 3700 1152 quoque

2131 1194 2461 1249 Prudentius
2489 1191 2603 1262 (49)
2628 1208 2640 1242 :
2661 1187 2722 1242 Si
2745 1188 2868 1240 bene
2897 1179 3244 1243 commemini,
3276 1177 3398 1233 colit
3425 1176 3559 1230 hunc
3572 1172 3698 1241 pul—

2131 1285 2393 1338 cherrima
2421 1282 2586 1336 Roma
2616 1278 2797 1332 Idibus
2829 1273 3053 1344 Augusti
3081 1271 3290 1324 mensis.
3329 1268 3534 1322 Caetera
3571 1279 3699 1335 qua:

2131 1373 2459 1436 Prudentius
2487 1373 2600 1442 ipse
2630 1370 2707 1424 ait
2731 1383 2791 1423 se
2818 1380 3016 1421 canere
3049 1364 3117 1417 ad
3146 1363 3366 1431 picturae
3395 1358 3576 1420 tidem,
3613 1356 3699 1410 hi-

2133 1468 2332 1524 storice
2358 1469 2426 1521 de
2459 1480 2569 1520 uno
2598 1472 2806 1517 tantum
2839 1457 3131 1528 Hippolyto
3163 1469 3272 1508 non
3319 1467 3476 1523 posse
3521 1449 3702 1517 accipi

2077 1548 2079 1550 ’
2136 1558 2461 1614 venerabilis
2486 1555 2752 1611 Baronius
2772 1550 3062 1608 cardinalis
3087 1544 3388 1606 admonuit,
3413 1553 3470 1600 ut
3496 1542 3699 1596 mirum

2134 1653 2206 1706 sit
2238 1651 2384 1706 viros
2412 1649 2613 1705 eritieae
2640 1645 2915 1703 studiosos
2953 1640 3146 1699 deinde
3176 1637 3397 1708 pictoris
3419 1633 3698 1695 licentiam

447 1762 610 1807 latent
676 1752 920 1817 redolet;
992 1751 1249 1806 nimirum
1309 1726 1454 1820 quod
1517 1726 1758 1820 episcopi
1819 1726 2029 1818 aliquot
2056 1736 2098 1791 Β
2129 1759 2227 1814 pro
2257 1742 2483 1798 veritate
2507 1738 2781 1801 habuisse,
2833 1743 2928 1790 aut
2953 1746 3194 1796 errorem
3226 1737 3393 1793 certe,
3435 1726 3530 1796 qui
3559 1740 3698 1779 exo-

445 1845 796 1899 sublevandis
861 1843 1229 1910 Romanorum
1301 1840 1622 1911 pontiﬁcum
1685 1839 1832 1894 curis
1889 1856 2030 1910 prte-

445 1948 530 1993 sto
595 1946 798 1991 essent.
871 1933 1111 2004 Longius
1182 1944 1360 1988 tamen
1446 1933 1718 1994 aberravit
1785 1931 2028 1990 Christo-

444 2031 651 2099 phorus
671 2029 807 2097 Aug.
834 2026 1310 2094 lleumauuusMG)
1331 2026 1423 2096 qui
1451 2027 1662 2080 civilem
1691 2028 2030 2097 tantumepi-

446 2135 702 2187 scopum,
772 2119 855 2172 vel
910 2135 1016 2172 ora:
1072 2120 1359 2173 maritimw
1412 2129 1709 2174 curatorem
1767 2121 2025 2189 inspecto-

447 2227 657 2280 remque
685 2210 905 2279 agnovit
934 2208 1302 2280 Hippolytum,
1361 2221 1419 2262 ut
1450 2212 1674 2283 tnartyri
1727 2210 2026 2267 fortissimo

448 2318 663 2369 semper
693 2301 838 2367 vivo,
865 2309 1195 2371 mortuoque
1221 2302 1501 2372 negotium
1537 2301 1698 2356 fuerit
1720 2318 1844 2357 cum
1874 2318 2026 2356 erra-

446 2411 507 2449 re
548 2395 873 2456 volentibus.
935 2394 1015 2450 Eo
1061 2394 1245 2464 itaque
1293 2407 1532 2464 tempore
1583 2396 1840 2464 quoniam
1887 2394 2024 2451 Urbs

448 2487 832 2551 innumerabili
892 2486 1197 2557 frequentia
1253 2487 1435 2557 populi
1491 2487 1737 2554 ﬂorebat,
1791 2487 2025 2557 indeque

447 2579 890 2633 Christianorum
917 2595 1180 2634 numerus
1213 2579 1512 2648 augebatur
1545 2579 1600 2633 in
1638 2579 1776 2644 dies,
1811 2581 2025 2649 pontiﬁ-

449 2686 538 2724 ces
572 2670 801 2724 Romani
838 2671 985 2726 viros
1029 2671 1360 2726 lectissimos
1382 2710 1398 2734 ,
1450 2670 1905 2742 doctissimosque
1932 2689 2024 2726 ve-

448 2763 546 2816 luti
583 2763 860 2831 adjutores
890 2763 1276 2828 adhibuerunt,
1315 2764 1516 2834 quibus
1543 2765 1595 2818 in
1630 2764 1887 2819 Ecclesia:
1923 2766 2021 2818 ad-

447 2855 850 2908 ministratione
910 2864 1211 2922 uterentur,
1267 2871 1470 2926 eosque
1529 2857 1584 2910 in
1641 2857 2021 2927 episcoporum

449 2944 616 3012 gradu
649 2960 768 2998 esse
792 2944 1101 2998 voluerunt.
1157 2944 1410 3000 Succedit
1452 2945 1710 3001 Ecclesiae
1752 2946 2020 3002 Portuen-

450 3035 527 3088 sis
551 3050 685 3096 cura
705 3033 993 3106 Hippolyto
1023 3038 1338 3104 commissa,
1369 3038 1436 3092 de
1459 3053 1566 3106 qua
1594 3036 1838 3093 Ecclesia
1865 3053 2023 3092 nemo
2049 3075 2094 3135 Ο

447 3124 669 3181 Eusebii
719 3126 1092 3193 Caesariensis,
1139 3143 1204 3187 ac
1255 3129 1314 3184 S.
1366 3128 1678 3200 Hieronymi
1738 3130 2014 3186 silentium

449 3216 534 3269 vel
566 3217 962 3286 ignorationem
1007 3230 1261 3291 opponat,
1299 3231 1357 3273 ut
1397 3220 1713 3300 cathedram
1746 3219 2016 3291 Hippolyti

453 3313 654 3360 statuat
685 3307 750 3361 ad
781 3306 1004 3362 Portum
1032 3309 1085 3362 in
1116 3308 1336 3368 Arabia.
1401 3309 1636 3363 Facilius
1679 3309 1825 3364 enim
1855 3309 2022 3362 ambo

453 3396 748 3463 scriptores
774 3396 841 3451 de
867 3395 1039 3455 Porta
1075 3398 1305 3451 Romano
1333 3399 1489 3468 longe
1512 3398 1707 3454 dissito
1737 3398 1894 3452 silere
1922 3412 2019 3466 po-

453 3496 695 3554 tuerunt,
743 3503 908 3558 quam
948 3489 1014 3545 de
1041 3488 1210 3544 Portu
1234 3490 1468 3554 Arabiaz,
1516 3504 1676 3558 quem
1711 3491 2016 3558 prepiorem

453 3581 745 3638 habebant.
803 3581 982 3654 thue
1029 3584 1134 3638 alia
1163 3582 1499 3649 omittamus,
1532 3581 1800 3654 Hippolyti
1839 3593 2017 3640 statua

454 3674 748 3742 singularis
800 3677 959 3732 testis
988 3685 1105 3740 est,
1151 3692 1260 3730 non
1291 3676 1504 3731 Arabia:
1532 3677 1844 3746 episcopum
1871 3717 1886 3740 ,
1924 3676 2025 3736 sed

453 3765 616 3835 hujus
648 3767 861 3822 vicinia:
893 3784 924 3822 a
953 3783 1010 3823 se
1036 3768 1393 3823 demonstrari
1418 3787 1432 3834 ;
1471 3784 1596 3822 nam
1626 3767 1773 3838 Cycli
1799 3769 2023 3838 pascha;

454 3855 520 3907 lis
569 3869 736 3915 causa
785 3872 894 3912 non
920 3864 1099 3912 statua
1137 3872 1274 3926 opus
1311 3865 1449 3920 erat,
1489 3857 1577 3910 cui
1606 3870 1912 3910 marmorea
1941 3866 2023 3915 ta.-

455 3949 581 4002 bula
614 3950 936 4005 suffecisset.
1001 3948 1170 4004 Multo
1204 3959 1384 4005 autem
1416 3949 1532 4018 ipse
1566 3948 1764 4020 Cyclus
1786 3949 2022 4004 ostendit

453 4032 834 4105 manifestius,
893 4050 1168 4096 auctorem
1219 4056 1328 4097 non
1377 4041 1430 4092 in
1475 4037 1724 4102 Oriente,
1764 4047 1820 4092 at
1851 4039 1902 4091 in
1935 4038 2021 4092 his

455 4131 590 4197 ipsis
637 4132 842 4185 vixisse
883 4132 1088 4186 nostris
1142 4131 1475 4200 regionibus.
1533 4129 1703 4185 Totus
1746 4130 1891 4188 enim
1938 4137 2022 4183 est

455 4221 772 4276 Latinorum
803 4223 927 4278 usui
954 4222 1426 4287 accommodatus;
1463 4222 1530 4274 ab
1556 4217 1912 4284 Orientalium
1932 4233 2025 4271 ve-.

454 4329 519 4368 ro
547 4315 937 4370 consuetudine
963 4323 1070 4370 tam
1104 4314 1333 4377 alienus,
1379 4322 1438 4366 ut
1469 4327 1498 4366 a
1538 4311 1672 4366 viris
1715 4310 2024 4373 eruditissi-

2131 1836 2228 1890 riri
2263 1833 2442 1906 potuit
2485 1832 2576 1886 illa
2618 1831 2882 1899 inspecta,
2929 1823 3172 1880 noluisse
3206 1833 3520 1890 agnoscere,
3556 1827 3616 1871 ut
3641 1817 3699 1874 in

2131 1943 2302 1982 unum
2335 1935 2444 1980 tres
2481 1921 2747 1993 Hippolyti
2782 1918 3166 1975 coalescerent.
3227 1912 3463 1967 Alterius
3496 1908 3700 1978 Hippo-

2128 2019 2246 2090 lyti,
2298 2017 2390 2088 qui
2420 2013 2736 2069 Portuensis
2776 2020 2881 2073 est,
2925 2008 3075 2063 varie
3104 2007 3220 2061 dies
3245 2003 3416 2058 festus
3443 2017 3696 2057 recense-

2128 2121 2239 2174 tur,
2279 2125 2332 2163 χι
2381 2107 2499 2164 Kal.
2531 2105 2679 2175 Sept.
2736 2103 2819 2158 vel
2850 2099 3132 2172 postridie,
3166 2098 3248 2152 vel
3281 2095 3420 2151 Non.
3455 2094 3628 2164 Sept.,
3663 2109 3699 2148 a

2129 2201 2329 2256 Graecis
2368 2217 2419 2254 ιν
2455 2199 2539 2258 vel
2569 2214 2628 2252 ιιι
2670 2194 2788 2250 Kal.
2835 2193 2991 2248 Febr.
3049 2189 3100 2244 ls
3144 2187 3434 2258 aliquando
3465 2185 3694 2239 Nonnus

2127 2294 2294 2348 veteri
2333 2274 2484 2345 inore
2516 2290 2740 2344 honeris
2769 2301 2962 2341 caussa
2993 2284 3175 2339 dictus
3205 2280 3497 2344 invenitur,
3553 2278 3701 2331 unde

2129 2379 2306 2434 Nomii
2333 2379 2593 2434 Edesscni
2647 2375 2908 2447 Episcopi
2941 2384 3150 2444 gestum
3186 2370 3406 2441 aliquod
3457 2369 3708 2439 suquior't

2125 2487 2241 2526 aevo
2272 2470 2384 2542 (50)
2421 2471 2651 2525 relatum
2701 2477 2783 2524 est
2820 2467 2889 2522 ad
2930 2465 3274 2536 Hippolytum
3319 2462 3704 2528 Portucnsem.

2126 2565 2182 2628 In
2211 2563 2374 2622 Portu
2406 2563 2654 2622 Romano
2701 2576 2901 2637 corpus
2943 2558 3214 2630 Hippolyti
3258 2566 3530 2611 servatum
3573 2571 3700 2610 esse

2123 2658 2188 2710 ad
2244 2671 2417 2724 usque
2467 2655 2676 2709 initium
2727 2670 2779 2708 ιι
2860 2651 3041 2705 saeculi
3091 2649 3416 2704 Anastasius
3460 2648 3698 2716 prodidit

2126 2746 2258 2814 (51).
2315 2745 2462 2799 Fecit
2495 2746 2634 2798 idem
2666 2742 2927 2811 almiﬁcus
2975 2741 3212 2810 pontifex
3245 2739 3379 2811 (Leo
3406 2737 3494 2808 111)
3519 2739 3572 2791 in
3601 2739 3699 2791 ba—

2122 2836 2277 2888 silica
2323 2835 2476 2890 Beati
2532 2833 2804 2903 Hippolyti
2866 2832 3122 2902 martyris
3172 2833 3224 2885 in
3264 2831 3472 2884 civitate
3499 2829 3698 2884 Portu-

2122 2927 2232 2980 αιδί
2266 2936 2426 2979 vestes
2449 2925 2513 2982 de
2535 2925 2772 2982 stauraci
2801 2923 2958 2979 duas.
2987 2938 3144 2974 unum
3166 2938 3322 2992 super
3350 2935 3536 2986 corpus
3558 2920 3696 2989 ejus,

2122 3026 2173 3070 et
2197 3016 2360 3069 aliam
2395 3019 2447 3069 in
2475 3017 2638 3068 altari
2667 3014 2878 3081 majori.
2935 3011 3136 3077 Eodem
3177 3029 3303 3066 vero
3336 3023 3565 3066 exeunte
3590 3029 3697 3066 sae-

2128 3110 2253 3164 culo
2300 3124 2330 3162 a
2363 3107 2628 3161 Fortnoso
2660 3106 2898 3160 llOlltIlllII
2943 3103 3192 3172 pontifice
3220 3118 3452 3165 summo,
3499 3111 3554 3156 at
3582 3102 3700 3170 epi-

2123 3216 2290 3272 scopo
2332 3199 2640 3264 Portuensi,
2683 3212 2882 3265 corpus
2912 3195 3185 3266 Hippolyti
3209 3210 3335 3248 cum
3361 3194 3481 3256 aliis
3514 3194 3565 3246 in
3599 3192 3698 3246 Ti-

2124 3295 2367 3348 berinam
2415 3289 2652 3344 insulam
2689 3288 3012 3343 translatum
3039 3297 3143 3353 est,
3171 3285 3314 3356 quod
3341 3300 3520 3351 Coacta
3541 3286 3702 3340 docet

2124 3382 2416 3461 epigraphe
2460 3379 2572 3450 (52)
2605 3397 2619 3433 :

2339 3488 2445 3528 HIC.
2475 3484 2746 3534 HEQUIESCI
2755 3485 2835 3523 IN'I'
2844 3507 2859 3522 ο
2889 3484 3129 3525 CORPORA

2333 3565 2483 3629 scrin.
2522 3561 2797 3629 narravi.
2826 3586 3090 3626 vrroun.

2337 3681 2578 3719 TAV'RINI.
2611 3680 2902 3719 HEBCVLANI
2913 3703 2928 3718 ο
2992 3679 3114 3738 ATQ.

2337 3770 2566 3813 IOANNIS.
2604 3771 2870 3812 CALIBITIS

2341 3876 2632 3920 Fonuosvs.
2689 3851 2784 3916 εἷς
3041 3865 3067 3890 ⁸

2544 3963 2821 4004 CONDIDIT.

2131 4042 2399 4110 Quoniam
2453 4045 2638 4110 itaque
2685 4058 2796 4096 non
2839 4042 3154 4097 dubitamus
3202 4040 3331 4108 quin
3377 4037 3705 4110 Hippolytus.

2128 4133 2295 4200 fuerit
2342 4135 2533 4188 Portus
2576 4133 2802 4188 Romani
2844 4135 3153 4204 episcopus,
3183 4133 3313 4186 illud
3352 4130 3566 4185 [acilius
3594 4133 3700 4185 im-

2128 4227 2864 4301 petrabimus,Portuensem
2903 4227 3216 4297 episc0pum
3271 4227 3584 4294 aliquandiu
3637 4226 3695 4279 in

2128 4335 2228 4374 sua
2253 4319 2475 4374 dioecesi
2505 4334 2823 4374 numerasse
2847 4319 3130 4389 regionem,
3158 4317 3308 4372 urbis
3331 4316 3699 4372 Transtiberi-

455 4405 583 4471 mis,
642 4406 736 4476 qui
796 4421 1061 4482 suppares
1113 4406 1334 4460 luerunt
1390 4404 1699 4475 Hippolyto.I
1757 4411 1922 4473 atque
1965 4401 2022 4456 in
2054 4431 2099 4493 ι)
2129 4425 2278 4474 nam,
2324 4409 2607 4478 ipsamque
2649 4406 2960 4464 Tiberinam
3003 4407 3260 4469 insulam,
3305 4405 3418 4459 sive
3459 4404 3585 4472 quia
3628 4419 3698 4458 ea

455 4496 676 4552 Oriente
712 4499 1033 4562 ﬂoruerunt,
1064 4500 1266 4570 percipi
1295 4515 1403 4561 non
1430 4499 1686 4575 potuerit.
1732 4495 1789 4559 S.
1820 4496 2026 4551 Ληαιορ

453 4589 560 4643 lius
604 4589 718 4657 ipse
752 4589 1092 4647 Laodicenus
1135 4592 1240 4648 hoc
1281 4593 1470 4646 eodem
1519 4591 1700 4646 studio
1729 4589 2024 4653 celeberri-

455 4696 579 4735 mus
610 4699 624 4734 :
662 4679 1006 4752 Hippolytus,
1054 4683 1232 4753 inquit
1265 4684 1400 4753 (47),
1450 4683 1516 4736 16
1555 4697 1814 4736 annorum
1850 4681 2025 4735 circu-

454 4774 565 4827 lum
594 4773 908 4843 quibusdam
935 4775 1127 4844 ignotis
1156 4776 1296 4830 lunia
1331 4776 1570 4828 cursibus
1599 4775 1911 4844 composuit.
1957 4772 2028 4840 At

457 4865 639 4921 sedem
666 4865 938 4938 Hippolyti
985 4867 1316 4922 lueulentius
1347 4869 1439 4922 alii
1477 4867 1844 4925 vindicarunt.
1888 4882 2028 4936 prae.-

455 4959 720 5028 cipueque
773 4957 1163 5013 Constantinus
1209 4957 1512 5028 ltuggerius
1562 4955 1626 5011 γ.
1666 4955 1727 5012 C.
1765 4955 1903 5029 (48),
1931 4972 2027 5012 cu-

361 5073 364 5076 η
448 5052 541 5122 jus
564 5052 899 5121 inspeximus
943 5051 1180 5120 pagellas
1209 5049 1278 5104 80
1309 5050 1413 5104 hoc
1429 5058 1752 5116 argumento
1779 5051 2024 5104 conscri-

457 5153 600 5214 ptas,
627 5161 830 5216 easque
868 5161 1037 5215 nuper
1062 5146 1112 5198 in
1149 5143 1588 5199 dissertationem
1626 5143 1836 5207 erudite
1867 5145 2025 5198 abso-

530 5283 916 5353 (45)Basnag.,
935 5283 1218 5353 Animadv.
1247 5281 1314 5336 de
1343 5279 1400 5333 S.
1428 5277 1700 5351 Hippolyti
1720 5278 1851 5344 Vit.,
1876 5277 2027 5343 Lect.

457 5357 626 5422 ontiq.
657 5351 946 5420 CattisiiJ,
976 5370 1095 5422 pag.
1127 5351 1212 5405 10.

530 5417 644 5490 (liii)
687 5417 990 5490 "cumam;
1019 5423 1230 5476 Primit.
1265 5419 1502 5489 Gotting.
1533 5436 1654 5490 pag.
1686 5417 1810 5472 240.

530 5488 641 5561 (47)
683 5493 738 5548 S.
765 5488 1005 5557 Anatol.,
1032 5492 1246 5548 Praefat.
1274 5493 1326 5546 in
1351 5488 1556 5547 Canon.
1585 5488 1858 5556 Prisc/tab,
1883 5488 2022 5561 apud

458 5562 784 5637 Bucheriym
814 5583 934 5637 pag.
967 5565 1092 5637 451).

527 5635 641 5706 (⁵8)
682 5630 936 5706 Rugget'ii
963 5645 1014 5690 et
1049 5633 1267 5692 Buscliii
1302 5635 1525 5693 Dissert.
1553 5633 1617 5689 de
1643 5630 1791 5686 Pori.
1821 5631 1875 5686 S.
1906 5631 2024 5703 Hip-

459 5705 622 5788 polyti
650 5707 797 5760 sede.

2129 4517 2255 4573 pars
2285 4510 2438 4556 extra
2467 4499 2627 4556 Urbis
2649 4500 2892 4570 pomeria
2917 4499 3140 4562 ﬂumine
3169 4497 3387 4551 delinita
3427 4496 3696 4550 censeba-

2129 4603 2236 4658 tur,
2286 4593 2421 4657 sive,
2472 4602 2532 4647 ut
2558 4602 2766 4648 certum
2797 4601 2904 4656 est,
2957 4590 3326 4644 Romanorum
3372 4585 3694 4656 pontiﬁcum

2126 4687 2325 4759 insigni
2357 4685 2712 4746 humanitate,
2739 4700 2853 4754 qua
2876 4691 3068 4754 praeter
3096 4681 3348 4736 Ecclesia:
3371 4688 3694 4733 ornamenta

2125 4779 2286 4833 etiam
2334 4777 2595 4841 nonnulla
2637 4777 2887 4844 deinceps
2941 4774 3218 4829 consecuti
3265 4782 3412 4836 sunt,
3449 4787 3570 4842 qua:
3623 4773 3694 4825 ad

2127 4870 2416 4942 imperium
2447 4869 2739 4938 pertinent,
2771 4867 2938 4924 veluti
2971 4867 3101 4922 illud
3125 4877 3210 4924 est
3229 4865 3475 4936 capiendi
3500 4878 3691 4918 eorum

2126 4959 2489 5021 haereditates,
2538 4958 2632 5028 qui
2684 4957 2942 5012 intestato
2974 4956 3312 5012 decederent.
3369 4953 3596 5014 Exstant
3625 4968 3695 5008 ea

2126 5051 2192 5106 de
2219 5066 2277 5105 re
2308 5050 2487 5104 adhuc
2515 5049 2805 5118 diplomata
2841 5048 3113 5104 Benedicti
3147 5047 3286 5110 V’lll,
3346 5063 3489 5101 anno
3511 5045 3646 5110 1019
3672 5063 3689 5110 ;

2126 5143 2353 5200 Joannis
2379 5142 2522 5208 XIX,
2554 5157 2700 5197 anno
2726 5141 2863 5198 1026
2889 5153 2944 5196 et
2976 5141 3174 5197 Leonis
3200 5141 3262 5194 IX
3300 5142 3436 5214 (55),
3475 5141 3566 5211 qui
3591 5137 3692 5192 Jo-

2196 5278 2308 5349 (19)
2348 5277 2612 5349 Prudent.
2636 5279 2775 5346 Περὶ
2805 5279 3139 5349 στεφάνων,
3169 5293 3243 5332 xl.

2198 5347 2310 5419 (50)
2345 5348 2492 5404 Petr.
2525 5348 2795 5419 Dauniam,
2827 5353 2890 5403 de
2919 5347 3058 5402 Abd.
3090 5350 3219 5418 epis.

2198 5419 2313 5489 (51)
2353 5420 2606 5474 Auastas.
2643 5418 2802 5484 Bibl.,
2834 5422 2920 5473 ed.
2954 5419 3161 5489 Yignol.
3198 5419 3262 5479 ll,
3296 5434 3416 5489 pag.
3452 5419 3573 5473 266.

2201 5485 2314 5558 (52)
2351 5489 2568 5543 Gruter.
2623 5489 2807 5542 MLIII.
2855 5499 2909 5543 et
2953 5485 3154 5543 Bo'ttar.
3205 5485 3342 5542 delle
3371 5485 3555 5548 'Scull.
3594 5485 3689 5555 IlI,

2126 5575 2248 5629 pag.
2279 5559 2366 5613 21.
2391 5558 2643 5614 Paciaud.
2677 5560 2742 5613 de
2770 5558 2922 5613 Baln.
2953 5558 3247 5614 Christian.
3282 5575 3401 5629 pag.
3436 5562 3523 5615 41.
3551 5558 3691 5616 Pas.

2127 5632 2267 5683 siou.
2296 5629 2544 5697 Inscript.
2581 5629 2795 5683 Antich.
2831 5643 2950 5698 pag.
2989 5629 3108 5683 121.

2199 5700 2309 5771 (55)
2353 5698 2563 5772 Ughell.
2599 5698 2757 5755 Tom.
2787 5699 2802 5752 I
2836 5698 2965 5756 Ital.
2993 5700 3142 5755 Sacr.
3208 5717 3327 5774 pag.
3364 5701 3460 5756 H6
3483 5709 3535 5757 ct
3561 5699 3689 5760 120.
