3918 6194
196 285 268 341 281
1067 273 1156 327 DE
1195 272 1354 328 VITA
1392 273 1480 328 ET
1523 270 1831 329 SCRIPTIS
1871 268 1929 324 S.
1969 266 2353 325 HIPPOLYTI.

3230 267 3347 323 28%-

195 402 292 454 anui
312 396 542 452 Parmensi
574 393 796 447 antistiti
824 393 1247 449 vetustissimam
1280 392 1533 450 Ecclesiae
1555 410 1667 450 sua:
1693 396 1741 451 Α
1768 388 2133 459 superiorem,
2169 396 2228 441 ut
2253 388 2299 441 si
2326 386 2439 456 jam
2474 401 2505 439 a
2529 385 2733 442 Graecis
2761 385 2941 440 Roma!
2964 386 3235 455 episcopus
3260 388 3343 441 di-

193 492 451 563 dignitstem,
487 501 546 540 ac
588 486 853 555 praecipue
896 487 1153 555 templum
1189 484 1249 540 S.
1281 486 1556 541 Atlalberti
1607 485 1661 539 in

193 583 377 636 Tiberina
404 578 585 640 insula,
623 593 742 647 qua:
766 593 859 647 per
889 578 943 632 id
971 578 1236 647 temporis
1258 578 1537 633 dicebatur
1562 577 1666 648 Ly-

188 674 342 731 cannis,
367 680 679 739 repugnante
710 670 1019 725 Crescentio
1046 670 1302 741 episcopo
1326 670 1500 742 Sylvze
1524 670 1667 725 Can-

186 761 513 823 did2,asseruit
550 760 603 813 in
645 760 764 829 ipso
797 759 1147 817 Lateranensi
1188 762 1421 817 concilio
1449 778 1510 827 ll,
1556 778 1666 830 quo

182 868 317 909 exacto
336 853 577 907 sententia
607 854 882 923 pontiﬁcis
912 854 1120 924 prolata
1149 865 1252 909 est.
1301 854 1530 921 Quando
1568 872 1667 910 au-

180 958 251 996 ιριη
294 942 623 997 suburbicarii
673 943 912 1012 episcopi
972 960 1365 1015 nonnunquam
1436 946 1665 1016 episcopi

178 1036 286 1089 l'rbis
318 1035 554 1088 nominati
604 1044 767 1099 sunt,
818 1052 976 1089 nemo
1018 1052 1125 1090 non
1166 1038 1345 1104 videt,
1376 1049 1580 1107 quanto
1610 1038 1663 1093 id

174 1146 312 1181 nomen
344 1127 538 1181 facilius
569 1128 859 1183 adbteserit
886 1130 1155 1198 episcopis
1187 1128 1385 1186 Portus
1409 1130 1662 1198 Romani,

170 1222 231 1285 qui
244 1230 360 1272 trans
372 1218 596 1272 Tiberim
615 1228 762 1273 tanta
779 1235 900 1274 cum
916 1230 1181 1290 potestate
1198 1220 1513 1277 obtinebant
1529 1222 1660 1293 (54).

168 1307 449 1373 Quamobrem
486 1308 875 1380 intelligimus,
904 1309 1047 1365 unde
1088 1313 1374 1380 repetenda
1419 1313 1489 1368 sit
1529 1329 1664 1368 con-

164 1399 348 1462 suetudo,
384 1415 482 1468 qua
513 1399 846 1456 Portuenses
878 1412 930 1455 et
963 1402 1136 1473 Sylva:
1161 1404 1399 1474 episcopi
1429 1415 1663 1474 quotan-

163 1492 219 1545 uis
249 1490 438 1545 donaria
480 1494 733 1562 quaedam
776 1494 831 1548 in
878 1493 1141 1549 Vaticano
1182 1498 1380 1567 templo
1427 1498 1665 1568 excipie-

159 1584 272 1645 lant,
298 1593 422 1652 quod
455 1600 517 1638 ex
565 1588 938 1643 monumentis
976 1589 1214 1644 basilica:
1247 1590 1391 1646 haud
1432 1591 1506 1645 ita
1546 1592 1664 1662 pri-

157 1674 239 1727 dem
282 1675 517 1742 evulgatis
561 1678 801 1747 quisque
848 1681 1146 1750 agnoverit.
1205 1680 1319 1736 Hac
1376 1682 1542 1737 etiam
1595 1682 1662 1739 de

1765 489 1979 536 ceretur
2016 478 2338 549 Hippolytus
2361 517 2377 543 ,
2410 478 2607 532 mirum
2648 494 2754 531 non
2786 486 2870 533 est
2896 478 2943 532 si
2965 478 3049 532 vir
3081 478 3343 547 peritissi-

1766 586 1922 636 mus,
1956 587 2082 627 cum
2130 572 2335 640 optime
2383 578 2569 625 nosset
2616 568 2965 641 Hippolytum
3013 585 3121 625 non
3175 570 3345 626 fuisse

1767 662 2072 718 Romanum
2108 662 2454 732 pontiﬁcem,
2482 661 2760 731 scripserit
2784 702 2798 723 ,
2842 662 3032 733 ἑτέρας
3071 677 3175 715 που
3224 662 3344 714 Ἐκ-

1766 754 2022 825 κλησῑας,
2063 753 2283 808 alterius
2318 753 2601 823 cujusdam
2630 752 2884 808 Ecclesia:
2906 793 2922 819 ,
2949 770 3071 823 qua:
3110 754 3343 809 manife-

1766 846 1905 901 stius
1954 844 2316 915 Hieronymus
2354 853 2438 897 est
2475 842 2892 912 interpretatus:
2933 857 3119 896 nomen
3157 842 3344 912 quippe

1765 939 1913 993 urbis
1946 940 2082 993 scire
2121 953 2223 991 non
2257 937 2428 1006 potui.
2468 936 2623 1001 Quod
2654 949 2784 990 vero
2819 933 3209 1006 Hieronymus,
3247 935 3344 990 diu

1769 1031 1957 1086 Romae
1991 1038 2363 1086 commoratus
2387 1068 2402 1093 ,
2437 1027 2706 1098 Hippolyti
2738 1026 2919 1083 sedem
2946 1028 3197 1097 ignorare
3232 1043 3341 1082 non

1765 1133 1989 1194 posset”
2031 1138 2152 1191 quae
2186 1121 2455 1193 ignoratio
2493 1120 2654 1175 nimis
2681 1121 2980 1184 extollitur,
3002 1120 3114 1190 jam
3140 1136 3201 1174 ea
3227 1130 3359 1174 ute-,

1766 1230 1911 1278 mur,
1937 1222 2220 1283 propterea
2256 1212 2403 1283 quod
2436 1210 2800 1283 Hieronymus
2821 1215 2873 1267 in
2896 1211 3112 1268 Oriente
3139 1213 3343 1269 diutius

1764 1316 2132 1361 commoratus
2165 1314 2250 1362 est
2273 1348 2287 1369 ,
2319 1322 2480 1375 qnatn
2515 1304 2719 1360 Romae.
2758 1325 2776 1357 ι

1833 1394 2108 1453 Hactenus
2140 1398 2212 1453 cl.
2247 1397 2332 1451 vir
2358 1395 2544 1450 Simon
2576 1398 2641 1450 de
2671 1398 2962 1465 Magistris.

2292 1487 2691 1544 ARTICULUS
2736 1489 2820 1544 ΙΙΙ.

2075 1598 2142 1637 DE
2182 1598 2456 1638 IARTYRIO
2492 1599 2539 1638 S.
2578 1598 2893 1649 HIPPOLYTI,
2932 1592 3039 1639 etc.

1833 1671 1911 1727 De
1938 1671 2103 1727 rebus
2130 1670 2187 1726 S.
2223 1670 2492 1743 Hippolyti
2521 1673 2694 1726 nostri
2727 1673 2781 1726 in
2831 1673 3145 1742 episcopatu
3176 1673 3356 1743 gestis.

155 1777 271 1816 causa
307 1740 486 1819 laetum
540 1740 662 1832 est,
706 1740 765 1823 ut
804 1740 1089 1825 Ὲοῖ-ηιοδιιδ
1132 1771 1312 1827 adhuc
1346 1771 1661 1829 Ρυι-ιιιεηείε
1694 1740 1739 1796 Β
1764 1772 2243 1817 monumentorum
2269 1740 2693 1831 copia'destitnti
2730 1740 2881 1816 nihil
2900 1740 3125 1816 omnino
3150 1740 3343 1833 singil-

151 1855 387 1925 episcopus,
413 1874 518 1927 quo
544 1868 793 1929 tempore
815 1863 997 1917 omnia
1027 1863 1245 1917 barbari
1272 1865 1660 1933 depraedaban-

151 1959 223 2010 tur,
249 1959 471 2019 metuque
515 1950 923 2007 Saracenorum
968 1954 1162 2009 incola:
1194 1954 1418 2010 Portum
1461 1956 1659 2013 Roma-

148 2060 237 2096 num
259 2044 589 2100 deseruerunt
612 2086 629 2110 ,
654 2048 956 2116 exportarit
986 2063 1187 2117 corpus
1228 2047 1501 2122 Hippolyti
1535 2068 1661 2107 cum

149 2133 232 2185 aliis
254 2148 277 2184 a
302 2130 451 2187 Portu
482 2133 740 2190 Romano
760 2177 775 2203 ,
802 2136 894 2190 ubi
935 2137 1213 2191 conditum
1245 2138 1455 2205 fuerat,
1489 2140 1541 2194 in
1576 2143 1659 2196 lo—

147 2242 256 2285 cum,
280 2241 374 2293 quo
403 2227 513 2281 ﬁeri
543 2236 763 2298 poterat
784 2231 1130 2286 remotiorem
1162 2232 1243 2285 sui
1276 2233 1621 2305 episcopatus
1642 2276 1659 2302 ,

147 2320 181 2369 in
210 2317 476 2373 Tiberinam
522 2336 727 2390 nempe
767 2321 1036 2387 insulam,
1061 2324 1152 2377 ubi
1181 2325 1477 2395 episcopum
1525 2326 1661 2381 Por-

146 2419 312 2461 ιιιιιιειη
344 2411 585 2465 habuisse
625 2412 960 2468 domicilium
992 2415 1043 2468 in
1083 2415 1304 2469 ecclesia
1342 2414 1401 2470 S.
1432 2415 1658 2471 Joannis

146 2500 237 2550 inter
264 2501 373 2553 duos
405 2513 590 2571 pontes
627 2503 863 2574 legimus
890 2505 1024 2575 (55).
1055 2505 1186 2561 lllud
1214 2517 1394 2563 autem
1430 2510 1485 2563 in
1516 2509 1658 2563 reei-

146 2599 216 2642 lata
252 2592 553 2662 epigrapbc,
597 2610 765 2664 quam
809 2594 1099 2651 Formosus
1143 2597 1321 2651 loculo
1375 2613 1657 2653 sacrorum

146 2684 358 2749 pignorum
416 2685 741 2756 inscripsit.
790 2688 954 2743 etiam
1012 2689 1457 2759 deprehenditur,
1512 2690 1659 2760 quod

142 2776 299 2827 nomina
340 2774 654 2847 Hippolyti,
703 2778 956 2844 Taurini,
1024 2781 1365 2847 Herculiani,
1403 2783 1657 2865 exhibet,

144 2881 220 2932 que
243 2865 336 2934 ipsa
370 2868 632 2938 leguntur
657 2869 711 2923 in
740 2871 1030 2926 veterrimo
1065 2872 1355 2927 Liberiano
1386 2872 1657 2927 Kalenda-

141 2960 194 3008 πυ
228 2962 309 3012 hac
345 2959 578 3015 formula
614 2979 632 3014 :
672 2960 815 3015 Non.
854 2963 999 3033 Sept.
1048 2966 1238 3018 Aconti
1274 2965 1331 3018 in
1383 2966 1579 3029 Porto,
1606 2976 1656 3019 et

143 3044 295 3112 Notaui,
352 3060 400 3103 et
470 3051 811 3117 Herculani,
872 3065 920 3108 et
997 3054 1236 3110 Taurini.
1309 3054 1655 3127 Hippolytum

140 3140 277 3208 quippe
301 3142 515 3199 honoris
541 3162 717 3201 causa
745 3147 949 3201 dictum
978 3149 1147 3203 luisse
1191 3147 1439 3203 Nonnum
1475 3158 1658 3203 osten-

141 3234 279 3297 dimus,
298 3231 754 3305 quemadmodum
773 3249 965 3293 auctor
991 3255 1091 3293 suo
1107 3256 1223 3295 aevo
1247 3242 1383 3296 satis
1408 3241 1655 3296 idoneus:

144 3323 295 3379 Νυηιιοε
313 3345 571 3397 vocamus,
595 3331 795 3400 inquit,
818 3332 1041 3400 majores
1062 3332 1122 3384 ob
1146 3334 1481 3387 reverentiam
1498 3347 1517 3397 ;
1536 3348 1659 3386 nam

140 3416 380 3488 ntelligitur
416 3433 649 3491 paterna
706 3424 994 3476 reuerentia
1033 3424 1168 3493 (56,.
1218 3425 1335 3477 ltali
1390 3424 1656 3489 retinent,

139 3524 219 3561 rum
249 3526 360 3567 avos
406 3516 719 3584 appellant,
746 3524 801 3568 et
830 3531 997 3585 prope
1033 3515 1205 3570 Graeci
1248 3516 1655 3593 signiﬁcaram,

141 3614 221 3651 cum
251 3600 580 3677 Hippolytum
619 3604 845 3659 παλαιόν
879 3607 1081 3662 dixere.
1116 3607 1423 3676 Aliquando
1465 3604 1659 3661 Nunus

138 3692 297 3747 eiertur
324 3712 424 3750 non
451 3714 622 3754 secus
647 3710 811 3770 atque
842 3699 897 3753 in
935 3699 1104 3754 veteri
1126 3714 1398 3754 marmore
1433 3698 1541 3770 (57)
1570 3719 1583 3756 :

174 3798 335 3840 DOSATA
370 3804 508 3844 HUNO
552 3805 657 3844 SUO
698 3806 981 3845 TEBTULLO
1017 3805 1123 3844 CUM
1160 3805 1298 3844 FILIA
1342 3806 1393 3845 IN
1433 3806 1582 3845 PACE.

184 3875 306 3931 tNon
330 3889 541 3935 tantum
583 3882 762 3952 itaque
791 3881 926 3936 falsa
956 3892 1039 3936 est
1058 3884 1126 3935 ab
1153 3880 1460 3954 Lemoynio
1494 3897 1659 3937 exeo-.-

137 3966 246 4031 giuta
275 3970 529 4027 derivatio
553 4013 574 4038 ,
608 3974 698 4042 qui
733 3973 900 4042 (ilium
931 3972 1169 4042 explicat
1209 3972 1461 4026 Nonnunt
1502 3974 1659 4043 quasi

136 4074 176 4111 ει
190 4067 241 4139 τε
260 4064 377 4133 (53),
392 4066 518 4120 dum
541 4066 657 4136 agit
678 4066 745 4121 de
760 4066 863 4120 hoc
879 4066 996 4136 ipso
1020 4065 1288 4137 Hippolyti
1309 4066 1654 4136 cognomine,

136 4152 197 4202 sed
221 4157 405 4211 veritati
444 4157 748 4212 contraria.
790 4157 1044 4213 Salmasii
1083 4176 1147 4213 ex
1191 4158 1350 4229 μόνος
1383 4158 1655 4213 deducen-

136 4240 202 4305 tis,
246 4246 579 4317 aliorumque
634 4255 813 4319 etyma
880 4248 1015 4302 nihil
1082 4264 1383 4316 moramur,
1438 4248 1658 4318 quando

136 4346 244 4387 usum
270 4338 624 4407 inquirimus,
661 4355 767 4394 non
796 4340 1084 4410 originem.
1123 4340 1239 4396 Hoc
1262 4342 1426 4412 igitur
1451 4355 1652 4396 conce-

1761 1854 1909 1909 latim
1969 1853 2184 1908 edicere
2245 1869 2561 1923 possumus.
2608 1852 2808 1907 Verum
2876 1855 3019 1923 quod
3072 1854 3349 1923 reliquum.

1762 1947 2027 2002 habemus
2063 1960 2131 2001 ex
2162 1945 2281 2015 ejus
2308 1945 2566 2015 operibus
2600 1945 2759 2000 nobis
2798 1944 2996 2000 sullicit
3017 1945 3084 2001 ad
3116 1961 3343 2015 persua-

1761 2038 1996 2094 dendum
2018 2079 2034 2104 ,
2061 2039 2208 2108 quod
2231 2039 2280 2092 is
2302 2039 2356 2092 in
2394 2037 2706 2108 episcopatu
2736 2053 2900 2093 omne
2934 2045 3149 2107 tempus
3178 2038 3244 2092 ad
3266 2037 3353 2091 in-.

1761 2132 2051 2189 struendos
2083 2131 2267 2187 ﬁdeles
2295 2130 2799 2201 defendendamque
2820 2131 3083 2186 adversus
3109 2131 3344 2187 luci-eses

1759 2238 2118 2295 quascunque
2149 2222 2429 2277 veritatem
2461 2223 2826 2278 orthodoxam
2865 2222 3205 2292 impenderit.

1828 2317 2129 2387 Martyrum
2176 2317 2299 2371 albo
2336 2315 2687 2387 Hippolytum
2731 2315 3037 2371 inscribunt
3078 2313 3342 2386 Hierony-

1758 2426 1884 2466 mus
1913 2410 2050 2481 (59),
2082 2409 2333 2466 Gelasius
2367 2407 2480 2479 (60)
2504 2449 2519 2473 ,
2540 2407 2916 2463 Tlteodoretus
2942 2408 3056 2478 (6t)
3089 2407 3292 2476 aliique
3324 2425 3340 2462 :

1758 2512 2090 2573 quapropter
2130 2502 2186 2555 in
2229 2500 2616 2571 Martyrologio
2660 2498 2910 2555 Romano
2961 2498 3074 2571 (62)
3122 2500 3341 2571 legitur,

1759 2595 1862 2649 sub
1882 2593 2192 2648 Alexandro
2222 2593 2552 2662 imperatore
2571 2633 2585 2658 ,
2614 2592 2684 2646 ob
2712 2592 3028 2662 praaclaram
3056 2592 3178 2647 ﬁdei
3207 2608 3339 2646 con-

1760 2685 2054 2742 fessionem
2081 2725 2095 2751 ,
2124 2685 2376 2740 manibus
2400 2684 2739 2755 pedibusque
2770 2684 2949 2753 ligatis
2983 2683 3035 2737 in
3066 2684 3230 2738 altam
3261 2683 3339 2738 ioc

1758 2793 1912 2833 veam
1955 2776 2114 2846 aquis
2154 2776 2372 2845 plenam
2415 2774 2813 2845 praecipitatum
2865 2775 3221 2842 occubuisse,
3253 2776 3339 2830 cui

1758 2879 1813 2925 et
1839 2869 1977 2924 alios
2007 2868 2062 2922 in
2090 2868 2356 2937 martyrio
2393 2868 2576 2923 socios
2600 2882 2668 2921 ex
2694 2866 2844 2921 Actis
2882 2866 2940 2921 S.
2970 2867 3161 2922 Aurea:
3194 2869 3338 2922 addit

1760 2961 2027 3016 Baronius
2048 2958 2181 3030 (6'5).
2207 2957 2351 3013 lnter
2372 2958 2684 3029 apocrypha
2707 2968 2886 3013 tamen
2908 2968 3023 3013 tum
3046 2958 3338 3031 Hippolyti,

1760 3070 1885 3108 sum
1928 3052 2204 3107 S.Aurea3
2242 3052 2374 3106 Acta
2426 3051 2758 3117 recensendo
2800 3066 2923 3107 esse
2961 3051 3200 3107 dubitari
3250 3054 3338 3108 vix

1762 3155 1976 3217 potest,
2012 3154 2200 3215 utpote
2225 3159 2378 3215 quae,
2406 3152 2467 3198 ut
2493 3143 2635 3198 idem
2667 3142 3132 3213 inquitBaronius
3153 3184 3168 3209 ,
3198 3162 3337 3198 men-

1760 3239 1844 3294 dis
1883 3239 2036 3309 pleno
2083 3240 2139 3293 in
2176 3238 2359 3292 multis
2408 3236 2730 3292 restituenda
2765 3236 2896 3310 (64).
2949 3236 3008 3291 In
3062 3237 3339 3293 Maximini

1760 3347 1890 3387 vero
1926 3342 2017 3386 aut
2054 3330 2197 3386 Decii
2223 3330 2601 3401 persecutione
2624 3346 2747 3385 eum
2789 3332 3035 3403 martyrii
3075 3347 3337 3387 coronam

1760 3423 2012 3493 adeptum
2036 3422 2207 3479 fuisse
2233 3423 2545 3479 verosimile
2575 3422 2702 3480 inde
2731 3425 2995 3490 redditur,
3023 3426 3165 3494 quod
3194 3441 3338 3479 anno

1758 3515 2052 3569 Alexandri
2088 3516 2437 3585 imperatoris
2466 3520 2675 3588 primo,
2712 3529 3003 3588 temporum
3039 3518 3336 3583 Cononem,

1757 3606 2172 3679 Pascholemque
2207 3612 2408 3679 cyclum
2437 3611 2640 3676 edidit,
2671 3613 2760 3667 cui
2797 3612 2903 3667 alia
2941 3612 3205 3682 upuscula
3243 3612 3336 3666 ad-

1759 3698 1927 3764 didit,
1958 3708 2018 3753 ut
2042 3714 2109 3753 ex
2139 3700 2384 3769 ejusdem
2417 3719 2643 3773 operum
2680 3705 2928 3775 catalogo
2964 3705 3146 3759 videre
3173 3712 3277 3759 est.

1829 3792 2096 3846 (Steterunt
2121 3808 2241 3862 quae
2271 3797 2565 3864 scriptores
2591 3796 2657 3850 de
2687 3806 2929 3867 tempore
2955 3797 3197 3867 martyrii
3233 3798 3329 3850 bu-

1754 3883 1847 3954 jus
1876 3882 2126 3949 traduut,
2161 3883 2375 3938 diversa
2406 3894 2567 3955 atque
2591 3885 2796 3940 incerta
2822 3896 2968 3941 sunt.
2995 3886 3100 3940 Alii
3126 3887 3177 3941 id
3201 3885 3324 3939 refe-

1759 3982 1888 4029 runt
1915 3973 1984 4029 ad
2016 3989 2220 4028 annum
2246 3974 2452 4033 Christi
2490 3976 2616 4033 230.
2657 3975 2763 4031 Sed
2800 3976 3165 4031 severioribus
3196 3975 3336 4030 criti-

1757 4066 1839 4123 cis
1868 4082 1977 4122 non
2007 4067 2203 4137 placet,
2235 4067 2382 4138 quod
2414 4068 2469 4123 in
2504 4068 2891 4141 Martyrologio
2922 4068 3169 4124 Romano
3192 4083 3329 4121 mar.

1761 4161 1959 4234 tyrium
1994 4160 2049 4215 S.
2086 4158 2358 4231 Hippolyti
2390 4161 2691 4217 collocetur
2719 4161 2823 4216 sub
2846 4160 3075 4230 imperio
3097 4160 3332 4213 Alexan-

1757 4251 1841 4307 dri
1870 4252 2084 4315 Severi,
2113 4268 2238 4308 cum
2261 4262 2393 4308 tunc
2432 4253 2580 4308 nulla
2620 4254 2925 4324 persecutio
2950 4252 3144 4315 fuerit,
3173 4252 3320 4320 quin-

1758 4346 1870 4400 itno
1900 4346 2014 4416 ipse
2043 4346 2334 4414 imperator
2362 4345 2686 4400 Christianis
2717 4344 2938 4399 faveret.
2976 4343 3125 4403 Unde
3162 4342 3332 4397 Ruin-

137 4424 273 4481 damus
302 4428 499 4489 Graecis
559 4432 956 4503 scriptoribus,
1010 4444 1071 4489 ut
1119 4437 1376 4505 quoniam
1421 4436 1654 4493 Romani
1686 4425 1731 4480 Ῑ)
1758 4439 1931 4501 artius
1976 4439 2029 4491 in
2079 4436 2404 4493 Praelatione
2449 4438 2516 4492 ad
2571 4438 2705 4492 Acta
2756 4450 3049 4507 martyrum
3093 4438 3331 4503 sincera,

137 4518 350 4577 totitilices
388 4520 743 4593 Hippolytum
775 4523 1130 4580 Portuensem
1170 4526 1399 4596 ejusque
1434 4545 1654 4585 succes-

138 4620 241 4661 sares
259 4613 458 4669 eximiis
490 4615 822 4684 quibusdam
865 4618 1203 4672 ornamentis
1238 4619 1525 4675 honestare
1554 4636 1651 4675 vo-

138 4692 321 4767 luerunt,
353 4705 427 4759 illi
477 4721 591 4760 non
628 4722 657 4761 a
698 4706 1081 4763 Portutsedem
1113 4709 1421 4781 Hippolyti,
1457 4712 1549 4767 sed
1584 4712 1652 4766 ab

139 4782 237 4842 [ὼε
254 4792 352 4861 ipsa
383 4798 750 4861 nominarint,
782 4800 1240 4868 quemadmodum
1275 4814 1462 4858 nostra
1492 4804 1649 4859 exhi-

138 4876 197 4933 bet
228 4887 493 4958 epigraphe
532 4891 930 4945 commentario
983 4893 1285 4960 praemissa.
1336 4891 1523 4966 Neque
1564 4911 1645 4952 reo

140 4974 366 5034 (tutiorem
397 4998 521 5036 cum
564 4981 879 5055 Scaligero,
907 4983 1003 5039 sed
1036 4987 1460 5042 vetustissimam
1510 4989 1650 5046 hanc

139 5073 433 5140 useopinari
464 5076 629 5141 licet,
672 5092 836 5147 atque
881 5076 1101 5133 Eusebii
1141 5079 1491 5136 Caesariensis
1533 5097 1653 5137 asto.

187 5248 274 5323 (ﬂ)
309 5253 437 5309 Bull.
471 5255 595 5311 Bas.
624 5257 799 5313 Vatic.
829 5274 868 5323 ι,
903 5259 992 5313 21.

304 5324 429 5399 god.
459 5325 585 5396 Heg.
620 5326 795 5399 Suec.
815 5318 933 5383 V'at.
965 5329 1094 5391 585,
1127 5347 1179 5399 p.
1208 5331 1299 5384 2|.

186 5388 272 5470 (55)
305 5391 427 5467 Pag.
459 5388 709 5453 vocabul.
745 5398 1004 5465 Nonnos;
1038 5388 1207 5470 Calig.
1231 5400 1466 5456 Clossar.
1501 5402 1641 5456 Med.

312 5530 606 5608 fleevood”
639 5555 763 5608 pag.
796 5539 919 5595 586.

147 5597 556 5738 ῃὲἳζῇξειὲιθιι.
579 5597 883 5682 ΙίΜῖψιθ,
912 5610 1212 5683 Prolegom.
1249 5613 1312 5671 ad
1358 5612 1516 5669 Vario
1544 5613 1615 5668 Sa
1643 5648 1649 5653 -

1756 4545 1877 4600 pag.
1907 4545 2097 4596 XLVIII,
2132 4529 2382 4585 eumdem
2411 4530 2725 4598 scrupulum
2756 4531 3027 4599 proponit,
3061 4540 3115 4585 et
3146 4540 3310 4585 utcun

1753 4637 1861 4693 que
1883 4622 2154 4678 discutere
2186 4631 2417 4679 conatur
2440 4621 2545 4675 hoc
2579 4621 2783 4681 modo‘:
2827 4621 3189 4678 Alexandrum
3220 4622 3331 4678 He-

1753 4712 2008 4783 liogabali
2042 4729 2391 4767 successorem
2421 4712 2739 4767 Christianis
2766 4713 2957 4785 favisse
2990 4730 3136 4767 nemo
3163 4724 3331 4783 potest

1752 4806 2006 4875 inﬁciari,
2034 4806 2138 4859 nisi
2167 4821 2342 4860 omnes
2368 4808 2612 4875 antiquos
2639 4808 2920 4875 scriptores
2952 4807 3165 4876 rejicere
3188 4806 3327 4859 velit.

1755 4897 1903 4953 Unde
1929 4898 2122 4955 mirum
2149 4905 2226 4951 est
2252 4906 2326 4950 tot
2353 4910 2609 4967 martyres
2639 4899 2733 4952 sub
2761 4899 2873 4967 ejus
2902 4899 3118 4967 imperio
3146 4915 3327 4963 passos

1752 5010 1783 5045 a
1819 4990 2083 5049 nonnullis
2124 4991 2396 5044 recenseri.
2429 4990 2510 5043 An
2550 4991 2604 5045 id
2636 4993 2704 5044 ad
2735 4993 3008 5060 prwfectos
3034 5031 3049 5055 ,
3072 5006 3197 5060 quos
3228 4989 3322 5042 sub

1749 5084 1861 5153 ejus
1892 5084 2108 5153 imperio
2136 5082 2451 5138 sanissimos
2475 5082 2637 5152 fuisse
2667 5082 2838 5147 aiunt,
2859 5080 3182 5151 referendum
3210 5077 3326 5133 est?

1822 5268 1933 5340 (59)
1975 5266 2315 5340 Hieronym.,
2347 5266 2509 5321 Prtef.
2544 5265 2964 5340 in__Matt_harnm.

1752 5368 1761 5375 -
1819 5332 1930 5409 (60)
1971 5338 2150 5409 Qelas.
2175 5332 2234 5391 ut
2265 5354 2384 5406 sup.
2416 5332 3074 5409 tomth‘rBibliotltLlfl’.

1818 5404 1929 5478 (‘61)
1970 5408 2291 5463 'l'beodoret.
2321 5404 2517 5478 dialog.
2551 5404 3029 5478 37,|)e_impatibil.

1819 5474 1929 5549 (6‘2)
1970 5478 2313 5549 Martyrolog.
2348 5474 2541 5549 Hom},
2563 5477 2650 5529 die
2678 5474 2749 5527 2‘2
2774 5475 3005 5549 August.

1818 5544 1930 5614 (65)
1972 5544 2169 5602 Βιιιοιι.
2199 5544 2420 5602 ari—anu.
2457 5546 2577 5611 129,
2610 5560 2760 5600 num.
2793 5544 2843 5596 7.

1819 5619 1927 5688 (6i)
1969 5616 2315 5690 Martyrolog.
2356 5617 2611 5680 Romam,
2644 5615 2729 5670 die
2761 5616 2793 5669 5
2824 5624 2875 5669 et
2906 5614 2976 5669 Q2
2999 5614 3244 5688 Augusti.
