3918 6194
531 260 639 317 283

1542 255 1631 311 DE
1670 255 1834 311 VITA
1863 254 1948 311 ET
1992 252 2305 313 SCRIPTIS
2345 254 2402 311 S.
2441 252 2819 311 HlPPOLY'l‘l.

3684 248 3808 304 284

528 379 675 437 Hinc
717 377 965 435 nonnulli
1004 377 1301 450 scriptores
1334 385 1551 449 propter
1592 376 1832 434 favorem
1877 378 2112 435 Alexan-
2140 382 2188 441 Α
2214 387 2302 434 eet
2328 376 2471 433 haud
2503 375 2820 447 simpliciter
2856 370 3236 428 alli-rmandum
3273 382 3396 425 esse
3431 374 3660 438 putem;
3694 365 3809 420 mi-

530 471 617 528 dri
640 471 985 542 imperatoris
1004 486 1133 542 erga
1162 470 1505 527 Christianos
1533 471 1761 526 mallent
1788 472 2108 543 martyrium

532 562 596 621 S.
646 561 921 635 Hippolyti
973 563 1243 620 collocare
1289 564 1394 618 sub
1444 563 1739 619 Alexandri
1794 578 2110 620 successore

530 653 868 717 Maximino;
892 653 1051 727 inter
1080 653 1182 709 hos
1221 651 1526 709 Dodvvellus
1566 652 1636 707 ad
1666 667 1870 708 annum
1901 653 2007 708 255
2039 653 2108 707 il-

528 745 639 802 lius
666 745 984 817 martyrium
1018 742 1181 799 refert
1218 742 1353 815 (65).
1387 742 1490 800 Sed
1520 744 1772 815 quamvis
1813 744 1916 801 sub
1940 744 2109 815 impe-

527 845 709 893 ratore
736 835 1033 891 Maximino
1059 835 1359 892 habeamus
1382 835 1815 906 persecutionem
1845 836 2108 894 adversus

526 928 873 985 (l-hristianos
914 929 1279 984 truculentam
1304 970 1320 995 ,
1355 943 1478 999 qua:
1514 929 1786 999 praecipue
1827 929 2107 999 spectabat

527 1023 595 1077 ad
630 1036 823 1076 eorum
871 1020 1182 1087 antistites,
1220 1021 1401 1090 qualis
1438 1020 1601 1076 etiam
1640 1028 1864 1099 sanctus
1903 1032 2107 1094 martyr

525 1119 714 1167 noster
741 1111 876 1177 fuit,
906 1120 1283 1167 asseveranter
1310 1120 1489 1175 tamen
1532 1110 1852 1182 martyrium
1884 1109 1941 1165 S.
1974 1109 2104 1182 Hip-

525 1202 695 1275 polyti
717 1217 826 1258 non
857 1202 1123 1258 audemus
1143 1210 1384 1258 statuere
1416 1201 1519 1258 sub
1550 1201 1782 1271 imperio
1804 1200 2103 1267 Maximini,

524 1302 749 1365 propter
792 1293 1075 1365 epistolam
1109 1292 1313 1364 ipsius,
1350 1308 1474 1363 quae
1518 1292 1585 1347 ad
1628 1292 1871 1363 reginam
1911 1309 2105 1363 quam-

525 1386 652 1441 dam
697 1385 900 1455 scripta
944 1393 1063 1451 est,
1108 1392 1165 1440 et
1201 1400 1267 1440 ex
1302 1398 1411 1454 qua
1449 1383 1822 1438 Theodorctus
1852 1382 1963 1453 (66)
1994 1382 2106 1438 fra-

525 1486 747 1549 gmenta
775 1479 980 1548 aliquot
1022 1476 1291 1547 allegavit.
1332 1475 1600 1531 Baronius
1633 1474 1745 1545 (67)
1771 1485 1924 1545 putat
1962 1475 2104 1531 hanc

526 1571 771 1642 reginam
819 1569 989 1626 tuisse
1040 1568 1355 1635 Mammam,
1413 1566 1756 1639 imperatoris
1808 1567 2102 1623 Alexandri

524 1673 754 1719 matrem
778 1704 793 1729 ,
822 1677 945 1733 quae
965 1660 1293 1717 Christianis
1326 1669 1605 1730 utcunque
1630 1659 1863 1715 favebat.
1900 1658 2099 1716 Verum

526 1771 673 1811 anno
718 1755 922 1812 Christi
977 1754 1109 1810 l551
1158 1754 1213 1809 in
1274 1769 1406 1825 agro
1469 1751 1678 1809 Verano
1727 1762 1974 1822 repertus
2025 1761 2110 1809 est
2139 1753 2183 1808 Β

526 1847 718 1918 Cyclas
749 1846 1047 1912 Paschalis,
1081 1847 1135 1902 in
1165 1846 1323 1916 cujus
1351 1847 1517 1901 latere
1543 1847 1682 1902 inter
1710 1845 1844 1901 alias
1881 1844 1940 1900 S.
1973 1844 2121 1915 Hips

522 1936 692 2008 polyti
732 1936 1138 1993 lucubrationes
1171 1935 1484 1990 Exhortatio
1512 1936 1582 1989 ad
1612 1935 1915 1991 Severinum
1940 1944 2101 1991 nota-

522 2038 632 2083 tur.
674 2026 827 2084 Unde
860 2028 1241 2084 Tillemontius
1276 2027 1388 2100 (68)
1432 2029 1763 2099 suspicatur,
1801 2028 1904 2084 hac
1941 2027 2104 2084 Seve-

524 2118 644 2173 rina
684 2118 914 2173 indicari
961 2116 1250 2185 Severum,
1299 2117 1533 2189 Philippi
1577 2118 1924 2189 imperatoris
1967 2133 2105 2173 uxo-
2150 2150 2163 2162 -

521 2224 675 2275 rem,
739 2225 863 2279 quae
929 2210 1238 2265 Christiana
1304 2208 1476 2264 fuisse
1530 2210 1876 2279 perhibetur,
1930 2219 1984 2265 et
2033 2210 2101 2265 ad

520 2315 684 2370 quam
706 2300 1058 2357 doctissimus
1080 2300 1343 2373 Origenes
1380 2303 1545 2356 etiam
1584 2301 1795 2357 litteras
1822 2300 2002 2358 “dedit.
2041 2300 2099 2356 Si

523 2392 614 2447 illa
646 2391 977 2447 Tillemontii
1013 2393 1254 2465 suspicio
1281 2408 1408 2448 vera
1448 2393 1547 2459 sit,
1582 2393 1727 2448 haud
1755 2393 1921 2448 dubie
1952 2408 2101 2448 mar-

524 2486 722 2557 tyrium
760 2484 820 2541 S.
854 2483 1128 2558 Hippolyti
1166 2503 1340 2557 usque
1375 2488 1442 2542 ad
1490 2503 1696 2543 annum
1728 2487 1932 2543 Christi
1969 2486 2095 2554 250,

519 2578 636 2634 sive
655 2576 723 2632 ad
746 2577 1352 2648 persecutionemDecii
1376 2579 1721 2649 imperatoris
1742 2577 2098 2634 differendum

517 2677 623 2724 est.
662 2667 746 2724 Ad
801 2671 943 2726 hanc
989 2671 1358 2742 suspicionem
1406 2671 1838 2728 conﬁrmandam
1889 2672 2101 2727 accedit

518 2760 892 2816 testimonium
931 2761 988 2816 S.
1023 2760 1334 2832 Epiphanii,
1384 2764 1477 2833 qui
1522 2762 1715 2819 haeresi
1751 2761 1840 2830 '57,
1866 2762 1980 2817 sive
2007 2763 2096 2829 57,

517 2861 706 2908 contra
745 2850 1040 2908 Noetiauos
1075 2853 1150 2908 ita
1194 2855 1382 2910 scribit
1414 2873 1428 2909 ε
1470 2854 1600 2908 Post
1634 2854 1771 2909 hunc
1808 2854 1947 2908 alius
1980 2854 2099 2924 qui-

517 2944 646 2998 dam
669 2946 945 3001 hereticus
964 2989 979 3013 ,
1015 2946 1215 3002 Nactus
1245 2951 1484 3012 nomine,
1509 2950 1746 3019 prodiit;
1769 2965 1931 3021 neque
1962 2949 2100 3003 mul-

519 3039 590 3092 tis
616 3036 805 3091 abhinc
832 3039 1007 3103 annis,
1030 3040 1119 3093 sed
1151 3050 1273 3094 ante
1298 3040 1390 3094 hos
1411 3051 1618 3095 centum
1643 3042 1750 3112 fere
1772 3058 1834 3096 ac
1858 3043 2096 3112 triginta,

2220 485 2325 525 nus
2361 478 2539 523 tamen
2569 465 2820 528 dilllteor,
2846 479 2969 534 quae
3002 461 3070 517 de
3101 459 3363 532 martyrio
3394 457 3516 528 ejus
3555 469 3807 511 narran-

2215 570 2325 626 tur,
2359 560 2616 630 pleraque
2633 573 2756 614 esse
2784 558 2993 613 incerta
3013 569 3079 609 ac
3105 552 3346 609 tenebris
3370 550 3632 607 involuta.

2287 690 2364 747 De
2407 688 2699 762 Hippolyto
2732 687 2951 759 quidem
3000 694 3238 757 martyre
3282 682 3542 738 nonnulla
3593 680 3806 738 cecinit

2213 780 2564 846 Prudentius,
2592 795 2747 850 quae,
2778 780 2822 834 si
2856 776 3139 848 Hippolyto
3169 775 3424 844 episcopo
3458 772 3634 842 aptari
3665 787 3801 842 pos-

2214 881 2356 935 sent,
2382 875 2610 928 certiora
2633 870 2784 926 Actis
2815 876 3018 924 essent.
3052 865 3306 921 Nostrum
3339 863 3712 935 Hippolytum,
3742 864 3799 918 id

2212 974 2330 1028 est,
2370 965 2719 1034 episcopum,
2765 962 2957 1015 inuenit
3008 959 3320 1014 Ruinartius
3356 956 3469 1028 (71)
3506 957 3559 1010 in
3595 960 3798 1029 hymno

2213 1056 2495 1110 Prudentii
2535 1055 2674 1126 (72),
2716 1054 2793 1109 ait
2836 1053 3136 1123 Basnagius
3170 1050 3304 1122 (7'5).
3356 1049 3414 1105 Si
3464 1058 3669 1105 attente
3710 1060 3798 1104 ta-

2212 1165 2336 1204 men
2369 1146 2641 1203 Ruinartii
2673 1147 2940 1202 monitum
2965 1143 3323 1216 ianrudentii
3360 1143 3603 1200 carmina
3629 1142 3797 1212 legis-

2211 1248 2326 1303 set,
2357 1237 2691 1294 contrarium
2717 1236 2787 1292 ab
2809 1251 2875 1291 eo
2906 1236 3045 1292 tradi
3078 1235 3392 1299 didicisset;
3422 1250 3546 1289 nam
3580 1232 3793 1305 Hippo-

2210 1330 2381 1403 lytum
2407 1345 2438 1384 a
2464 1327 2761 1384 Prudentio
2784 1326 3113 1382 celebratum
3147 1326 3215 1380 ab
3235 1326 3423 1389 altero,
3445 1326 3513 1380 de
3537 1340 3650 1395 quo
3675 1325 3792 1395 agi-

2210 1438 2368 1487 mus,
2416 1416 2683 1493 cujusque
2719 1420 2983 1491 opuscula
3019 1418 3286 1474 Eusebius
3320 1428 3375 1473 et
3421 1415 3793 1488 Hieronymus

2209 1526 2539 1580 memorant,
2564 1515 3007 1586 distinguendum
3030 1528 3153 1569 esse
3181 1510 3377 1568 ibidem
3401 1512 3625 1567 adnotat
3652 1509 3792 1565 Rui-

2209 1608 2457 1675 nartius;
2502 1606 2750 1677 quinimo
2785 1617 2896 1661 tres
2950 1603 3193 1674 ejusdem
3237 1601 3477 1657 nominis
3517 1610 3792 1672 martyres

2207 1699 2596 1756 discernendos
2618 1713 2759 1766 esse,
2788 1713 2927 1768 quos
2969 1714 3000 1752 a
3044 1696 3560 1769 MartyroIOgiorum.
3589 1704 3791 1750 auctr»~

2209 1792 2361 1847 ribus
2388 1791 2443 1845 in
2474 1773 2645 1845 unum
2674 1789 2938 1846 confusos
2960 1786 3130 1844 fuisse
3161 1787 3428 1843 Barontus
3456 1787 3657 1856 aliique
3682 1793 3792 1838 tra-

2207 1884 2485 1941 diderunt.
2514 1881 2582 1938 Et
2613 1898 2746 1939 sane
2774 1881 3096 1953 Hippolytus
3122 1897 3154 1936 a
3182 1880 3479 1935 Prudentia
3506 1870 3786 1941 laudatus,

2208 1975 2301 2045 qui
2340 1976 2393 2029 in
2430 1973 2597 2030 Portu
2641 1973 2886 2027 Romano
2917 1973 2982 2028 ad
3018 1971 3168 2029 Ostia
3207 1970 3496 2036 Tiberina,
3527 1979 3588 2026 ut
3622 1972 3789 2041 vulgo

2206 2066 2468 2135 creditur,
2494 2068 2818 2138 martyrium
2861 2064 3049 2132 subiit,
3079 2064 3326 2120 diversus
3363 2064 3589 2118 omnino
3618 2078 3648 2117 a
3694 2078 3792 2117 no-

2207 2169 2323 2217 stro
2367 2169 2471 2217 est.
2510 2160 2611 2215 Hic
2650 2160 2852 2229 quippe
2879 2159 3168 2230 episcopus
3201 2158 3421 2214 incerta:
3477 2158 3644 2221 sedis,
3699 2158 3791 2213 ille

2205 2268 2335 2310 vero
2366 2252 2624 2308 Romanae
2650 2250 2904 2307 Ecclesiae
2927 2251 3223 2321 presbyter,
3251 2266 3315 2306 ac
3348 2248 3538 2305 Novazi
3568 2250 3789 2321 opinio-

2206 2347 2370 2401 nibus
2414 2344 2711 2416 aliquando
2750 2342 3019 2408 addictus.
3051 2353 3106 2400 et
3135 2344 3381 2415 martyrii
3426 2352 3635 2398 tantum
3688 2357 3786 2398 co-

2205 2454 2339 2493 rona
2366 2438 2588 2504 clarus;
2624 2444 2808 2493 noster
2835 2450 2965 2491 vero
3005 2451 3111 2490 non
3149 2436 3325 2492 solum
3360 2437 3650 2508 martyrio,
3688 2436 3787 2491 sed

2202 2538 2259 2584 et
2295 2529 2604 2586 eruditione
2626 2538 2681 2584 et
2718 2529 2936 2599 scriptis
2972 2529 3378 2584 celeberrimus.
3418 2528 3508 2583 Ille
3536 2528 3785 2594 demum,

2204 2615 2501 2677 Prudentia
2528 2630 2701 2689 teste,
2726 2620 3032 2676 furentibus
3062 2620 3215 2690 equis
3255 2628 3499 2690 raptatus
3537 2619 3782 2686 interiit;

2206 2720 2392 2767 noster
2419 2727 2579 2777 vero,
2625 2711 2671 2768 si
2717 2712 2849 2767 lides
2882 2710 3308 2783 Martyrologiis,
3338 2710 3388 2765 in
3432 2709 3646 2766 foveam
3690 2711 3785 2764 de-

2192 2792 2420 2857 iuersus
2455 2801 2731 2857 occubuit.

2277 2934 2652 2993 Theodm-etus
2681 2937 2828 2992 hunc
2853 2946 3100 2993 sanctum
3123 2912 3400 2993 doctorem
3431 2935 3630 2990 lluch
3663 2935 3783 2990 ion-

2205 3028 2276 3083 tis
2311 3038 2610 3099 comparat,
2640 3021 2771 3084 dum
2796 3029 3010 3101 dialogo
3043 3031 3108 3095 5,
3126 3030 3243 3085 sive
3269 3040 3415 3085 torno
3449 3027 3510 3083 ιν
3538 3027 3781 3098 Operam

516 3131 777 3186 nimirum
815 3131 1134 3202 priusquam
1181 3140 1404 3188 sanctus
1435 3133 1538 3187 hoc
1568 3148 1708 3202 opus
1745 3148 1906 3187 suum
1949 3149 2098 3188 εοιη-
2125 3123 2170 3185 C
2203 3137 2430 3176 suorum
2461 3123 2658 3195 pagina
2683 3122 2782 3177 154
2809 3131 2864 3177 et
2889 3129 3174 3192 sequente,
3200 3123 3575 3178 testimonium
3607 3122 3791 3191 ipsius

517 3229 761 3290 poneret.
802 3219 873 3275 At
913 3219 972 3275 S.
998 3219 1335 3292 Epiphanius
1377 3223 1522 3277 circa
1568 3238 1773 3277 annum
1815 3223 1921 3278 375
1964 3224 2095 3278 illud

517 3325 653 3378 Opus
683 3311 947 3368 adversus
976 3313 1212 3368 bmreses
1242 3313 1601 3383 conscripsit,
1625 3314 1870 3385 adeoque
1894 3325 2096 3372 retror-

517 3418 640 3457 sum
693 3404 1030 3459 numerando
1067 3404 1288 3463 [Heresis
1326 3402 1590 3460 Nocti-ana
1640 3405 1743 3460 sub
1772 3406 2095 3475 imperatore

516 3494 769 3567 Philippo
808 3507 997 3553 exorta
1035 3506 1151 3564 est,
1176 3506 1237 3553 ut
1270 3496 1651 3554 Tillemontius
1691 3497 1923 3553 allirmat
1955 3498 2091 3572 (69).

518 3590 657 3645 Cum
699 3589 882 3660 itaque
913 3591 973 3645 S.
1004 3589 1323 3663 Hippolytus
1355 3590 1497 3646 hanc
1532 3589 1686 3647 Nocti
1723 3591 1975 3648 haeresim
2008 3609 2095 3648 re-

518 3691 704 3737 center
723 3694 968 3738 exortam
996 3684 1244 3740 videatur
1271 3685 1652 3756 impugnasse,
1678 3694 1737 3740 ut
1766 3687 1908 3756 apud
1935 3702 2094 3743 eum-

516 3774 638 3828 dem
683 3772 1088 3830 Tillemontinm
1140 3776 1177 3830 I.
1217 3791 1266 3831 c.
1319 3776 1644 3843 ostenditur,
1679 3778 1733 3831 in
1774 3778 1877 3833 ista
1925 3778 2093 3850 hypo-

517 3866 661 3921 thesi
701 3868 1021 3939 martyrium
1071 3868 1244 3938 ipsius
1294 3878 1419 3925 ante
1465 3869 1900 3940 persecutionem
1946 3870 2091 3926 Decii

515 3959 862 4030 imperatoris
887 3962 1140 4017 collocari
1186 3978 1294 4018 non
1337 3970 1530 4033 potest.
1566 3961 1691 4018 Haec
1729 3973 1906 4019 tamen
1939 3963 2095 4020 Tille—

514 4052 707 4108 montii
733 4066 1053 4124 argumenta
1083 4070 1193 4109 non
1216 4056 1444 4110 omnino
1470 4063 1619 4111 certa
1654 4065 1816 4123 sunt,
1845 4058 2103 4126 quando-

513 4144 731 4216 quidem
762 4146 831 4200 ab
859 4146 984 4201 aliis
1011 4154 1297 4215 negantur.

581 4235 692 4293 Nec
717 4253 838 4308 quae
870 4239 938 4293 de
985 4239 1108 4294 loco
1153 4236 1401 4309 martyrii
1451 4238 1746 4305 adduntur,
1770 4255 1835 4295 ea
1883 4241 2092 4297 munita

513 4337 645 4383 sunt
684 4330 1042 4396 auctoritate,
1093 4341 1152 4386 ut
1189 4331 1258 4387 iis
1299 4332 1432 4387 tides
1481 4332 1669 4387 haberi
1716 4333 1928 4388 debeat.
1979 4334 2094 4391 lmo

513 4419 771 4487 quoniam
808 4420 1077 4479 Eusebius
1102 4433 1159 4478 et
1195 4421 1558 4495 Hieronymus
1582 4422 1650 4478 de
1688 4425 1952 4496 martyrio
1987 4426 2094 4483 hoc

514 4509 743 4575 sileant,
784 4512 1213 4585 Cbristophorus
1251 4491 1604 4572 Heumannus
1655 4514 1769 4588 (70)
1817 4491 2097 4575 existimat
2125 4491 2170 4547 D

514 4598 862 4672 Hippolytum
906 4602 1045 4660 falso
1086 4605 1156 4660 iis
1199 4607 1587 4673 annumerari,
1630 4606 1725 4676 qui
1773 4609 2095 4679 sanguinem

513 4709 674 4748 suum
714 4709 812 4764 pro
840 4710 1008 4751 causa
1043 4696 1250 4752 Christi
1290 4697 1663 4768 profuderint,
1691 4712 1866 4768 eoque
1897 4700 2098 4756 verita-

513 4797 621 4842 tem
660 4786 937 4858 religionis
966 4789 1292 4846 Christiana:
1326 4791 1720 4847 conﬁrmarint.
1760 4789 1815 4846 ιιι
1849 4794 1996 4863 quod
2024 4794 2095 4850 li-

582 4920 995 5048 (ιϐὅέὅῡοᾶννθυ,
1021 4965 1036 4991 ,
1065 4922 1350 4981 Dissertat.
1382 4925 1755 4998 Cyprianicar.
1796 4943 1882 4996 ιι,
1922 4928 1949 5001 §
1989 4928 2091 4995 50,

550 5007 636 5048 aa.
665 5007 757 5048 δῖ).

512 5008 1336 5137 l:32‘66")?“89‘!ore“°(“imii-
1377 5066 1415 5121 2
1465 5075 1521 5122 et
1560 5068 1634 5133 5,
1683 5069 1801 5126 sive
1845 5079 1979 5126 tom.
2023 5068 2094 5127 ιγ

511 5130 687 5205 Opp.,
705 5148 829 5205 pag.
855 5134 925 5189 88
945 5144 998 5189 et
1028 5136 1149 5190 l55.

581 5202 933 5276 (O7)'I}aron.
958 5205 1012 5259 in
1032 5205 1326 5276 Annal-.ad
1354 5221 1483 5261 ann.
1518 5206 1654 5276 259,
1694 5224 1844 5263 num.
1877 5211 1964 5266 10.

584 5273 698 5350 (66)
737 5273 1052 5350 :l‘illemont,
1086 5286 1219 5332 tom.
1246 5274 1313 5330 lll
1367 5273 1648 5343 Memoir.,
1671 5294 1792 5350 pag.
1815 5279 1941 5336 215.

607 5343 697 5414 69)
737 5343 904 5414 idem,
931 5345 1154 5402 ibidem.

737 5413 1074 5494 Heumaan
1099 5417 1304 5494 laudat.
1336 5417 1643 5494 Dissertat.,
1678 5419 1717 5494 §_
1737 5419 1826 5494 lg,
1849 5436 1972 5493 pag.
2003 5424 2088 5480 15.

737 5484 1014 5562 ljuinarL,
1041 5489 1160 5562 Act.
1182 5489 1313 5543 sinc.
1352 5489 1514 5562 MM,
1549 5484 1819 5562 pag.vl57.

584 5554 699 5631 (Ζὲ)
738 5553 1006 5631 Prudent.
1022 5559 1165 5629 Περὶ
1194 5553 1530 5631 στεφάνων,
1550 5553 1734 5618 ὀθῖοιιι,
1767 5579 1842 5617 ιι,

583 5624 697 5698 (Z5)
737 5624 1005 5698 ﬁasnagc,
1033 5624 1256 5697 Annal.,
1285 5624 1374 5686 an.
1409 5631 1535 5695 2‘22,
1570 5648 1722 5688 num.
1753 5633 1807 5689 8.

586 5694 697 5767 (74)
737 5692 840 5751 Ubi
879 5692 1071 5774 beatus
1121 5700 1211 5755 ille
1241 5692 1454 5774 chorus
1492 5692 1576 5774 est
1619 5705 1995 5774 episcoporum
2039 5717 2089 5761 et

513 5765 1246 5841 doctorum,quitauquam
1294 5772 1584 5829 luminaria
1637 5765 1693 5831 in
1749 5765 1951 5833 mundo
2005 5793 2089 5833 re-

2201 3224 2254 3269 et
2282 3214 2515 3269 aliorum
2542 3221 2859 3271 sanctorum
2888 3214 3112 3271 Patrum
3138 3223 3327 3271 contra
3365 3215 3649 3271 haereticos
3678 3215 3785 3269 ad-

2200 3306 2350 3362 ducit
2379 3307 2485 3363 hoc
2510 3306 2673 3362 modo
2704 3325 2717 3362 :
2754 3305 2865 3361 Fac
2890 3307 3057 3379 igitur
3092 3316 3311 3378 pateant
3334 3323 3486 3362 aures
3509 3347 3525 3371 ,
3548 3316 3597 3361 et
3619 3306 3786 3377 spiri-

2202 3398 2429 3453 tualium
2451 3401 2678 3470 fontium
2699 3402 2900 3471 fluenta
2930 3403 3127 3471 accipe,
3157 3402 3329 3455 sancti
3356 3400 3557 3472 lgnatii
3585 3402 3781 3455 Antio-

2200 3492 2350 3550 clteni
2371 3502 2422 3548 et
2445 3492 2695 3562 martyris
2714 3507 2779 3546 ea:
2803 3492 3029 3561 epistola
3051 3492 3120 3545 ad
3147 3490 3553 3561 Smyrnenses...
3585 3489 3784 3547 Ινδοιωί

2200 3584 2567 3659 Lugdunensis
2598 3585 2828 3655 episcopi
2864 3601 2929 3639 ea:
2969 3585 3123 3639 tertio
3155 3584 3292 3638 libro
3324 3583 3573 3639 adversus
3612 3584 3784 3639 narre-

2199 3698 2350 3736 ses...
2385 3679 2558 3734 sancti
2593 3677 2869 3748 Hippolyti
2907 3677 3137 3747 episcopi
3173 3685 3224 3731 et
3275 3676 3527 3746 martyris
3565 3692 3631 3731 ea:
3668 3680 3787 3746 epi-

2198 3772 2338 3828 stola
2370 3771 2439 3827 ad
2476 3771 2764 3842 quamdam
2789 3770 3045 3840 reginam.
3097 3769 3157 3825 S.
3191 3768 3646 3840 Cltrysostomus,
3681 3784 3784 3825 seu

2198 3864 2380 3936 potius
2402 3862 2543 3919 alius
2572 3862 2831 3928 antiquus
2858 3868 3050 3916 auctor
3076 3858 3179 3915 sum
3201 3858 3321 3928 ejus
3346 3859 3588 3925 nomine,
3623 3861 3786 3914 attri-

2199 3954 2320 4010 buit
2344 3951 2402 4009 S.
2432 3951 2721 4024 Hippolyto
2749 3950 3027 4021 ingenium
3052 3950 3347 4011 excellens,
3379 3949 3783 4019 eloquentiam-

2198 4062 2306 4117 que
2351 4044 2770 4107 suavissimam,
2819 4056 2920 4096 nec
2956 4040 3167 4097 dubitat
3213 4056 3338 4098 eum
3380 4040 3631 4098 conferre
3652 4058 3784 4099 cum

2200 4138 2260 4194 S.
2289 4136 2498 4209 lgnatio
2535 4134 2608 4189 Μ.
2630 4144 2685 4190 et
2715 4132 2773 4189 S.
2800 4132 3061 4206 Dionysio
3092 4134 3376 4191 Corinthio
3416 4137 3511 4192 vel
3544 4137 3785 4193 Alexan-

2197 4232 2359 4286 drino
2386 4228 2522 4301 (7t).
2554 4226 2613 4284 S.
2636 4225 2961 4282 Anastasius
3002 4226 3285 4282 saculivn
3314 4226 3597 4309 confessor
3618 4245 3782 4286 eum-

2198 4324 2322 4379 dem
2356 4323 2685 4391 condecorat
2714 4319 2870 4376 titulo
2901 4320 3084 4390 magni
3120 4328 3177 4374 et
3205 4320 3562 4376 sacratissimi
3589 4321 3783 4377 docto-

2198 4415 2296 4482 ris,
2329 4415 2483 4471 testis
2518 4413 2692 4470 tidelis
2723 4412 2966 4468 veritatis
2986 4452 3002 4478 ,
3022 4421 3186 4483 atque
3216 4412 3405 4483 organi
3439 4412 3613 4467 sancti
3653 4411 3784 4484 Spi-

2197 4508 2336 4564 ritus
2360 4495 2514 4579 ’(75).
2551 4504 2813 4563 Leontius
2847 4505 3180 4578 Byzantinus
3208 4514 3458 4561 sanctum
3495 4505 3779 4561 doctorem

2198 4611 2447 4657 nostrum
2475 4609 2722 4657 recenset
2766 4600 2909 4653 inter
2944 4597 3343 4654 illustrissimos
3382 4597 3640 4655 Ecclesia:
3670 4599 3781 4655 Pa-

2197 4702 2331 4760 tres,
2367 4693 2461 4764 qui
2489 4709 2521 4748 a
2552 4704 2682 4748 nato
2716 4689 2997 4746 Salvatore
3024 4689 3093 4745 ad
3120 4690 3408 4761 imperium
3424 4684 3606 4763 usque
3626 4691 3747 4748 Con

2196 4786 2420 4843 stantini
2449 4783 2521 4840 Μ.
2545 4782 2779 4840 ﬂoruere
2805 4781 2941 4854 (76).

2195 4923 2587 4995 splenduerunt
2618 4921 2842 4995 verbum
2872 4921 2993 4995 vitae
3018 4921 3356 4995 continentes
3376 4924 3464 4978 i...
3492 4920 3600 4995 7U_b_i
3641 4921 3777 4995 llip—

2195 4992 2886 5066 pblytu_s_suavissitnus_et
2921 4992 3470 5066 benevolentissimus
3486 4994 3511 5048 τ
3543 4992 3644 5049 Ubi
3668 4992 3777 5051 es-

2195 5062 2627 5191 Eiliulsahglagtsigs,
2652 5071 2757 5119 etc.
2781 5062 3157 5134 Cbrysostom.
3182 5072 3316 5119 tom.
3345 5062 3411 5118 Vl
3437 5063 3599 5136 Opp.,
3625 5076 3770 5122 orat.

2353 5151 2439 5190 aa.
2466 5151 2591 5189 ιδυ.
2615 5158 2627 5172 ⁵

2266 5151 2439 5277 (Ἱὲῗεί
2466 5151 2614 5280 ἓξῖιέ
2638 5218 2787 5280 nunc
2814 5210 2869 5259 et
2896 5201 3302 5280 sacratissimis
3324 5204 3415 5261 hic
3442 5215 3507 5280 e_t_
3536 5222 3780 5280 magnus

2194 5274 2405 5344 doctor,
2436 5274 2793 5343 veritatisque
2824 5274 2982 5330 testis
3029 5274 3215 5331 ﬁdelis
3253 5277 3597 5334 concorditer
3631 5274 3770 5334 'cum

2195 5350 2320 5404 aliis
2348 5346 2605 5419 omnibus
2635 5345 2864 5419 sanctis
2891 5345 3173 5419 catholica:
3213 5345 3326 5419 Dci_
3347 5362 3413 5403 ac
3455 5350 3773 5419 apostolica:

2194 5416 2630 5474 inStitutionibus
2656 5414 2936 5480 Ecclesiae,
2967 5417 3107 5472 duas
3126 5417 3426 5473 secundum
3466 5414 3770 5476 u‘nitionem

2194 5488 2538 5545 inconiusam
2563 5497 2616 5541 et
2636 5486 2986 5556 impatibilem
3014 5490 3477 5558 quemadmodum
3519 5500 3768 5557 naturas,

2195 5572 2267 5615 ita
2310 5560 2497 5631 etiam,
2526 5559 3016 5631 dtt‘asuvoluntates
3161 5600 3176 5614 .
3214 5599 3229 5613 .
3263 5560 3509 5631 conﬁteri
3534 5562 3708 5631 jubet.
3745 5582 3763 5613 ι

2193 5633 2447 5702 Anastas.
2470 5630 2542 5702 _in
2575 5628 2794 5685 Collect.
2822 5629 3387 5702 Sirmondianattom.
3442 5628 3613 5702 lll,'p.
3637 5632 3765 5688 590.

2266 5701 2380 5773 (76)
2413 5721 2432 5754 ι
2468 5699 2837 5773 Temporibus
2876 5701 2983 5756 illis
3010 5716 3131 5773 quae
3157 5717 3187 5755 a
3228 5701 3429 5758 Christi
3481 5699 3771 5759 nativitatc

2196 5789 2366 5847 usque
2390 5773 2457 5830 ad
2487 5773 2774 5842 imperium
2804 5772 3145 5828 Constantini
3181 5781 3559 5843 numerantur,
3591 5774 3767 5830 hido~
