3950 6210
1152 257 1239 313 ΒΕ
1279 258 1439 317 νιτΑ
1475 260 1565 317 ΕΤ
1606 263 1915 325 SCRIPTIS
1953 267 2009 322 S.
2049 268 2431 327 HlPPOLYTl.

1522 510 1906 602 CAPUT
1980 512 2116 599 ΙΙ.

947 837 1050 899 DE
1090 838 1441 902 SCRIPTIS
1497 841 1867 907 GENUINIS
1912 846 2192 910 SANCTI
2252 850 2702 914 HIPPOLYTI.

657 1171 1055 1231 ARTICULUS
1094 1176 1112 1230 t
1154 1178 1286 1248 (77).

203 1342 259 1383 ΒΕ
283 1343 561 1384 (ἰΔΤΔΙ-θῦο
590 1346 869 1388 ιωιιοιιυιι
896 1351 945 1389 IN
969 1352 1251 1392 EIPPOLYTI
1276 1356 1484 1396 STATUA
1508 1357 1758 1397 SCL'LPTO.

261 1482 388 1536 Cum
414 1482 699 1557 Hippolyti
741 1488 1002 1544 librorum
1034 1492 1310 1563 catalogus
1334 1535 1349 1560 ,
1373 1497 1465 1565 qui
1498 1497 1550 1550 itt
1587 1508 1763 1554 statua

202 1584 341 1630 sexto
371 1576 596 1631 demum
629 1581 829 1635 sarculo
856 1582 1031 1650 posita
1076 1583 1390 1654 designatus
1431 1598 1535 1649 est,
1567 1606 1762 1660 quam-

202 1667 331 1731 dam,
359 1668 581 1724 etiamsi
611 1686 717 1726 non
742 1688 1015 1743 magnam,
1037 1675 1649 1747 habeatauctoritatem,
1670 1699 1765 1738 ne-

199 1776 335 1817 cesse
362 1771 468 1826 est,
502 1770 568 1816 ut
592 1764 909 1833 priusquam
933 1767 999 1821 de
1026 1769 1197 1822 nostri
1222 1770 1441 1839 scriptis
1463 1774 1767 1843 disquirere

200 1854 537 1921 incipiamus,
586 1872 844 1912 mancum
884 1869 1195 1917 contextum
1247 1862 1390 1919 illius
1418 1866 1650 1936 catalogi
1680 1882 1765 1921 re-

196 1944 477 1999 stituatuus
506 1946 655 2017 (78).

257 2079 311 2132 ln
338 2090 584 2150 quatuor
610 2082 886 2151 prioribus
922 2084 1080 2141 lineis
1114 2087 1321 2144 litteras
1352 2091 1643 2147 nonnullas
1674 2091 1767 2147 de-

196 2171 341 2227 tritas
368 2188 493 2227 esse
528 2176 667 2228 satis
707 2186 949 2244 apparet.
982 2176 1055 2232 lta
1104 2178 1157 2233 in
1188 2181 1360 2250 prima
1396 2182 1536 2237 linea
1571 2184 1768 2254 legitur

198 2265 365 2318 ιυΥΣ.
403 2265 657 2337 Scaliger
688 2266 801 2337 (79;
832 2270 946 2323 vult
990 2270 1088 2325 has
1115 2271 1323 2327 litteras
1349 2288 1471 2328 esse
1504 2275 1767 2343 reliquias

196 2358 337 2412 verbi
363 2358 641 2428 ψαλμούς,
669 2360 812 2428 quod
858 2362 1291 2432 conjungendum
1320 2366 1389 2419 sit
1417 2382 1539 2421 cum
1573 2368 1767 2423 litteris

198 2453 246 2505 in
280 2454 531 2523 sequenti
572 2455 716 2509 linea
762 2456 916 2511 lectis
944 2457 1134 2522 NIAZ;
1174 2458 1333 2511 ΝΙΑΣ
1362 2460 1555 2514 litteris
1584 2472 1765 2516 autem

191 2547 545 2601 commutatis
588 2547 646 2599 in
692 2547 899 2599 ΝΟΙΑΣ
926 2558 1074 2616 putat
1113 2549 1329 2605 ttltimas
1363 2552 1462 2607 has
1507 2567 1629 2607 esse
1662 2554 1770 2624 syl-
1801 2553 1843 2608 Β

193 2635 340 2691 labas
368 2637 526 2691 verbi
561 2638 868 2708 μετανοίας,
905 2639 979 2692 ita
1015 2649 1075 2694 ut
1118 2640 1447 2712 intelligendi
1488 2644 1597 2699 sint
1630 2643 1771 2713 ψαλ-

198 2729 289 2799 μοὶ
317 2729 607 2800 μετανοίας
644 2732 862 2799 (psalmi
912 2733 1349 2802 pmnitentiales).
1380 2737 1551 2803 Quam
1585 2738 1770 2806 conje—

194 2833 431 2888 (τίθησι,
455 2840 581 2893 qua:
614 2825 956 2895 gravissimis
993 2828 1173 2882 causis
1214 2827 1447 2883 refutata
1474 2839 1557 2883 est
1582 2846 1609 2883 a
1647 2829 1772 2884 Ste-

193 2915 374 2984 phano
427 2915 671 2987 Moynio,
724 2917 949 2972 omnino
978 2916 1169 2973 falsam
1224 2935 1364 2985 esse,
1397 2921 1521 2975 inde
1557 2937 1774 2992 quoque

192 3009 391 3072 elucet,
424 3007 575 3077 quod
619 3017 673 3062 et
717 3008 772 3061 in
807 3010 1054 3079 sequenti
1100 3011 1259 3065 tertia
1292 3012 1433 3066 linea
1484 3013 1775 3068 adnotatus

194 3109 279 3154 est
309 3100 481 3154 nostri
533 3099 588 3153 in
622 3100 862 3168 psalmos
909 3103 1365 3169 commentarius,
1401 3110 1454 3158 et
1492 3103 1776 3175 μετανοίας

194 3191 441 3254 verbum,
474 3207 603 3246 cum
635 3207 826 3245 novem
856 3202 1065 3247 tantum
1097 3194 1305 3249 litteras
1334 3194 1631 3259 contineat,
1667 3210 1775 3250 non

198 3291 363 3336 totam
400 3282 710 3351 explevisse
731 3282 928 3336 lineam
954 3283 1184 3338 videtur.
1210 3282 1264 3337 In
1295 3299 1513 3353 quaque
1539 3285 1681 3338 enim
1721 3286 1779 3339 li-

194 3388 293 3425 nea
315 3373 514 3428 litteris
540 3373 759 3441 impleta
789 3372 1057 3428 sexdecim
1080 3373 1194 3429 fere
1215 3375 1569 3429 inveniuntur
1588 3376 1780 3430 litterae

196 3464 323 3533 (80).
364 3463 686 3533 Stephanus
738 3467 853 3533 ipse
887 3466 1152 3536 conjecit,
1201 3466 1485 3536 legendum
1531 3482 1652 3521 esse
1700 3468 1779 3530 et;

198 3556 657 3627 πραηοπλάστους
686 3559 778 3611 καὶ
799 3559 928 3633 περ)⁵
959 3559 1313 3629 κοσμογονίας
1343 3559 1428 3612 vel
1466 3557 1776 3627 ζωογονίας.

194 3649 319 3716 Quae
334 3652 659 3720 conjectura
684 3667 791 3705 non
809 3652 958 3705 omni
974 3651 1444 3706 verisimilitudine
1458 3660 1636 3716 caret;
1655 3666 1780 3705 nam

196 3752 411 3798 constat
440 3752 699 3798 nostrum
746 3743 1030 3812 scripsisse
1069 3744 1123 3796 in
1151 3744 1525 3797 Hexaemeron
1556 3752 1609 3797 et
1636 3742 1686 3795 in
1718 3757 1779 3795 ea

196 3852 313 3905 qua
361 3846 491 3906 post
535 3834 951 3902 Hexaemeron;
1001 3835 1247 3889 omittam
1298 3844 1480 3893 autem
1531 3842 1779 3902 reSpectu

196 3926 382 3983 habito
417 3928 488 3982 ad
523 3927 828 3981 litterarum
867 3942 1153 3981 numerum
1188 3926 1280 3981 καί
1307 3926 1651 3995 particulam.
1679 3924 1779 3978 Mi-

195 4034 311 4073 rum
358 4028 547 4073 tamen
597 4032 686 4073 me
731 4017 922 4081 habet,
951 4018 1093 4087 quod
1135 4034 1241 4072 non
1292 4018 1407 4071 vice
1443 4032 1601 4071 versa
1635 4016 1773 4071 scri-

195 4121 343 4181 ptum
382 4110 455 4165 sit
483 4109 617 4182 περὶ
648 4108 1027 4179 κοσμογονίας,
1059 4111 1138 4172 εἰς
1164 4109 1642 4181 πρωτοπλάστους.
1670 4107 1781 4161 Dif-

195 4200 333 4255 ﬁcile
373 4210 485 4263 est,
534 4215 658 4255 cum
706 4208 783 4253 tot
823 4208 1037 4254 exstent
1080 4199 1357 4271 Hippolyti
1384 4200 1527 4267 libri,
1556 4199 1779 4255 etscul-

200 4304 315 4361 ptor
365 4292 529 4346 libris
580 4292 847 4345 tribueret
888 4292 1071 4347 titulos
1107 4294 1374 4347 obscuros
1409 4305 1570 4362 atque
1606 4306 1777 4345 novos

201 4390 268 4454 (e.
298 4402 351 4440 c.
387 4383 871 4456 ὲγγαπρίμυθον),
908 4385 1040 4439 satis
1068 4385 1353 4454 perspicue
1374 4385 1773 4447 demonstrare,

200 4478 290 4545 qui
333 4478 465 4531 libri
495 4476 831 4545 intelligendi
875 4476 1003 4532 sint.
1040 4475 1223 4547 Itaque
1256 4493 1369 4531 rem
1413 4479 1467 4530 in
1511 4490 1780 4544 suspenso

202 4571 489 4640 relinquo;
526 4570 631 4625 hoc
674 4586 841 4624 unum
897 4579 1107 4625 tantum
1154 4570 1525 4636 contendens,
1555 4570 1662 4623 illis
1694 4568 1785 4622 lit-

204 4663 333 4720 teris
382 4661 723 4734 signiﬁcatos
752 4662 1340 4721 esse.commentarios
1372 4662 1607 4733 in,sacra
1632 4661 1783 4718 Scri-

206 4968 390 5013 ctores
412 4965 469 5011 et
495 4952 685 5008 Patres
706 4951 1066 5006 exstiterunt:
1104 4948 1344 5017 lgnatius
1367 4948 1455 5001 ille
1496 4946 1787 5015 Theopha-

210 5044 322 5090 rus,
351 5029 618 5090 lrenaaus,
652 5022 901 5077 Justinus
937 5022 1294 5091 philosophus
1314 5028 1368 5091 et
1393 5028 1626 5091 martyr_,
1657 5019 1781 5070 Cle-

210 5086 366 5153 mens
395 5109 451 5152 et
484 5086 803 5164 Hippolytus
836 5086 1075 5164 episcopi
1106 5086 1360 5155 Romani,
1386 5107 1404 5142 ο
1443 5086 1549 5143 etc.
1592 5086 1784 5142 Leont.

211 5169 439 5240 Bylant.
471 5162 708 5234 Πρᾶξεὶ,
740 5178 863 5234 pag.
892 5162 1017 5217 450.

281 5278 400 5347 (77)
432 5277 737 5331 Articulum
784 5276 933 5329 hunc
960 5269 1493 5347 primumhatldimus
1522 5282 1587 5347 ex
1634 5280 1787 5347 contf

215 5338 553 5421 mentatione
601 5338 1175 5421 ltistorico-crijincande
1202 5339 1267 5421 .S.
1300 5338 1790 5421 Hippplytiﬁvitaet

216 5407 1796 5543 ἴξιξξἓὲῗιίιἓὲῗὶἓριῗὲ¹¹ίίιῗέἶι⁵ἒνίῗὲἐῖἐ¹¹δὲὶῗὲίῖξέξὲι³⁹⁰¹¹¹⁵

186 5575 201 5585 ’
295 5579 419 5647 (78)
448 5578 765 5648 Catalogum
791 5570 1509 5648 exscripseruttrGruterus
1537 5567 1799 5648 (Thesau-

236 5637 322 5704 ηιὲ
372 5637 809 5722 inscriptionum,
840 5663 892 5717 p.
938 5637 1091 5711 HO),
1129 5642 1408 5699 Fabricius
1450 5638 1602 5713 (Opp.
1640 5637 1796 5707 Hipp.

1782 1204 1829 1260 Α
1860 1198 1946 1258 pta
1972 1207 1987 1255 ;
2017 1204 2142 1243 nam
2168 1200 2412 1261 apparet,
2438 1192 2543 1248 illis
2570 1193 2833 1251 absolutis
2876 1195 3211 1267 dogmati‘cos
3240 1200 3426 1271 apolo-

1862 1281 2171 1351 geticosque
2196 1283 2364 1339 libros
2391 1284 2608 1341 demum
2634 1287 2862 1341 laudari.

1933 1421 2257 1475 ΑΛΜΟΥΣ.
2305 1418 2446 1485 Quin
2488 1421 2570 1475 ha:
2618 1422 2809 1478 littera:
2851 1425 2959 1479 sint
3002 1426 3240 1496 reliquiae
3280 1428 3427 1483 vocis

1863 1507 2131 1579 ψαλμούς,
2170 1526 2277 1562 non
2312 1511 2534 1575 dubito,
2575 1511 2629 1565 in
2669 1528 2809 1581 quos
2862 1524 3108 1568 nostrum
3144 1517 3428 1584 scripsisse

1863 1608 2091 1654 testatur
2115 1600 2493 1673 Hieronymus.
2526 1602 2709 1673 Itaque
2736 1605 3030 1674 respiciens
3054 1607 3118 1660 ad
3136 1607 3291 1661 linea:
3307 1624 3429 1676 spa-

1866 1692 2003 1745 tium
2038 1694 2233 1748 litteris
2259 1694 2614 1763 implendum,
2639 1696 2920 1767 legendum
2956 1706 3085 1767 puto
3112 1697 3184 1750 τὰ
3202 1701 3279 1762 εἰς
3304 1700 3429 1762 τοὺς

1864 1785 2128 1856 ψαλμοὺς.

1935 1921 2482 1977 ΓΑΣΤΡΙΜΥΘΟΝ.
2517 1921 2756 1994 Scaliger
2796 1924 3081 1995 legendum
3118 1940 3239 1979 esse
3268 1927 3432 1994 ἐγγα-

1868 2013 2158 2084 στρίμυθον
2186 2027 2326 2069 recte
2360 2016 2494 2070 vidit
2526 2016 2663 2086 (81).
2687 2015 2822 2071 Cum
2858 2016 3217 2089 Hieronymus
3246 2019 3299 2071 in
3336 2034 3431 2072 ca-

1866 2104 2047 2174 talogo
2096 2105 2265 2159 nostri
2315 2106 2578 2160 librorum
2633 2107 2814 2161 laudet
2844 2108 3041 2161 librum
3079 2110 3145 2162 de
3178 2108 3344 2162 Saulo
3379 2118 3436 2162 ct

1866 2192 2213 2264 Pythonissa,
2249 2193 2559 2265 Stephanus
2583 2196 2734 2266 justo
2779 2199 2920 2267 jurc’
2946 2199 3242 2264 contendit,
3275 2199 3429 2252 libel-

1871 2287 1981 2341 lum
2018 2286 2121 2341 hoc
2164 2287 2325 2341 titulo
2360 2288 2682 2357 inscriptum
2728 2300 3000 2358 spectasse
3035 2289 3101 2342 ad
3144 2288 3434 2359 Pythonis-

1870 2394 1986 2435 sam
2016 2380 2184 2445 illam,
2215 2397 2337 2450 quae
2365 2381 2513 2436 Sauli
2546 2384 2686 2453 regis
2713 2383 2867 2451 jussu
2902 2383 3171 2438 Samuelis
3198 2384 3439 2438 animant

1870 2487 1935 2527 ex
1966 2471 2106 2527 Orco
2134 2487 2391 2528 evocasse
2415 2483 2671 2528 narratur
2699 2472 2719 2527 l
2756 2473 2907 2529 Sam.
2938 2490 3058 2544 cap.
3085 2474 3173 2527 28.

1940 2635 2097 2703 Πρὸς
2128 2635 2505 2702 Σεϐηρεῒναν.
2548 2631 2805 2703 Stephan.
2843 2634 3074 2703 conjecit
3120 2635 3435 2688 ΣΕΒΗΡΑΝ

1874 2728 1987 2792 ΑΥ,
2018 2738 2178 2796 atque
2214 2738 2365 2797 putat
2391 2728 2603 2783 Severm
2631 2726 2862 2796 Philippi
2890 2726 3082 2782 Arabis
3115 2728 3269 2781 uxori
3299 2728 3438 2783 hanc

1874 2819 2160 2889 epistolam
2198 2821 2379 2873 datam
2402 2835 2541 2874 esse.

1958 2954 2135 3009 Ὠιδαὶ
2168 2958 2256 3022 εἰς
2285 2957 2486 3023 πάσας
2514 2957 2762 3027 πιοαφάς.
2798 2956 2990 3011 Mirum
3021 2958 3255 3021 videtur,
3296 2960 3440 3029 quod

1878 3054 2064 3100 noster
2096 3047 2295 3101 dicitur
2332 3047 2398 3102 de
2436 3057 2546 3102 tota
2585 3065 2737 3103 sacra
2772 3049 3050 3120 Scriptura
3095 3053 3177 3106 vel
3208 3052 3273 3107 de
3300 3070 3440 3121 quo-

1879 3154 1985 3207 que
2016 3138 2137 3209 ejus
2181 3139 2321 3193 libro
2369 3140 2622 3195 homilias
2664 3141 2943 3199 habuisse.
2981 3143 3168 3214 Itaque
3211 3145 3444 3215 conjecit

1882 3231 2189 3301 Stephanus
2221 3231 2332 3302 (82)
2369 3231 2502 3302 ᾠδαὶ
2546 3235 2626 3296 εἰς
2667 3234 2847 3298 πάσας
2891 3235 3147 3306 αἱρέσεις.
3178 3235 3333 3302 Quod
3364 3237 3443 3290 vi-

1881 3335 2095 3397 tuperat
2122 3328 2264 3382 Cave
2294 3328 2406 3397 (85)
2436 3339 2633 3399 putans
2675 3330 2778 3385 ista
2820 3332 3031 3386 ratione
3062 3334 3326 3402 quadrata
3357 3348 3445 3387 ro-

1880 3421 2065 3475 tundis
2090 3423 2383 3491 pet-mutari
2417 3423 2666 3478 facillime
2692 3438 2870 3493 posse.
2898 3422 3091 3494 Negari
3122 3434 3303 3479 tamen
3333 3441 3445 3479 non

1881 3524 2080 3585 potest,
2110 3516 2519 3570 similitudinem
2565 3532 2687 3571 esse
2732 3516 2873 3570 inter
2909 3516 3115 3571 litteras
3160 3518 3447 3587 utriusque

1882 3608 2030 3662 verb'i
2075 3617 2302 3674 tantam,
2334 3618 2391 3663 ut
2419 3608 2511 3675 qui
2542 3609 2750 3678 primus
2791 3609 2957 3663 edidit
2995 3609 3320 3677 catalogutn,
3354 3610 3447 3663 lit-

1886 3697 2017 3753 teris
2049 3698 2103 3751 in
2142 3707 2320 3753 statua
2352 3699 2583 3761 detritis,
2626 3715 2813 3754 errore
2855 3701 3111 3770 deceptus
3160 3702 3248 3755 illa
3284 3702 3448 3757 verba

1884 3788 2043 3844 facile
2071 3800 2410 3845 commutare
2447 3801 2648 3860 posset.
2686 3791 2791 3845 Pro
2830 3791 2973 3862 ᾠδὰς
3013 3794 3092 3856 εἰς
3125 3793 3300 3861 legere
3334 3794 3449 3846 vult

1809 3890 1850 3949 (ζ
1886 3881 2030 3935 idem
2081 3880 2388 3951 Stephanus
2436 3882 2592 3953 πρός,
2645 3882 2718 3936 ita
2769 3892 2829 3936 ut
2880 3893 3024 3938 totus
3064 3893 3221 3941 sonet
3260 3884 3447 3938 titulus

1888 3970 2023 4044 πρὸς
2056 3972 2235 4035 πάσας
2268 3970 2367 4036 τὰς
2409 3970 2667 4043 αἱρέσεις.
2706 3971 2862 4040 Quod
2905 3973 3123 4043 quidem
3157 3972 3449 4044 sagacissi-

1889 4078 2075 4129 tnum;
2124 4063 2228 4132 ipsi
2273 4071 2453 4117 tamen
2487 4077 2599 4117 rem
2649 4063 2703 4118 in
2757 4078 3022 4133 suspenso
3064 4063 3446 4133 relinquimus,

1885 4171 2011 4210 cum
2046 4155 2202 4210 nobis
2242 4170 2348 4209 non
2383 4155 2541 4210 liceat
2572 4164 2803 4211 statuam
2850 4155 3021 4224 ipsam
3055 4164 3107 4209 et
3143 4154 3447 4225 catalogum

1886 4248 1939 4302 in
1970 4263 2033 4304 ea
2059 4248 2398 4319 designatum
2430 4248 2716 4318 inspicere.

1962 4382 2035 4440 Ut
2059 4383 2218 4452 plane
2256 4399 2513 4437 mancum
2557 4391 2719 4451 atque
2751 4390 3066 4450 corruptum
3097 4395 3216 4435 esse
3246 4380 3451 4435 catalo-

1890 4492 2017 4549 gum
2053 4476 2106 4529 in
2144 4483 2322 4530 statua
2369 4476 2711 4543 designatum
2747 4474 3138 4543 intelligamus,
3165 4488 3289 4528 eum
3317 4488 3450 4527 con-

1890 4568 2033 4622 ferre
2075 4568 2252 4638 placet
2300 4583 2426 4622 cum
2474 4566 2737 4636 catalogis
2776 4566 2946 4620 nostri
2975 4565 3259 4631 librorum,
3289 4580 3449 4636 quem

1891 4659 2199 4716 invenimus
2225 4660 2366 4729 apud
2392 4657 2685 4713 Eusebium
2718 4667 2771 4714 et
2798 4657 3211 4731 Hieronymum.

1896 4950 2002 5003 vol.
2040 4949 2080 5014 l,
2112 4951 2163 5003 in
2198 4950 2307 5004 tab.
2346 4964 2405 5013 ιι,
2446 4966 2507 5017 a,

1893 5021 2045 5085 cccl.,
2082 5022 2186 5075 vol.
2213 5022 2255 5087 ι,
2289 5037 2341 5090 p.
2368 5021 2513 5091 104).

1964 5111 2076 5254 (773);
2113 5110 2171 5167 lu
2199 5128 2462 5167 canonem
2497 5116 2685 5184 pasch.
2720 5115 2877 5185 Hipp.
2898 5112 3058 5185 (apud
3080 5112 3387 5176 Fabr.,vol.
3414 5110 3454 5178 Ι,

1893 5198 1946 5254 p.
1980 5198 2088 5254 w).

1966 5277 2078 5347 (80)
2093 5276 2251 5334 Conf.
2270 5287 2504 5331 statuam
2518 5276 2851 5347 designatam
2868 5277 3002 5345 apud
3023 5291 3122 5331 nos
3153 5274 3317 5331 infra.

1971 5370 2083 5438 (81)
2122 5370 2272 5439 Apud
2309 5369 2522 5424 Fabric.
2555 5373 2663 5424 vol.
2688 5372 2730 5436 ι,
2760 5386 2812 5440 p.
2843 5370 2932 5423 81.

1971 5460 2081 5529 (se)
2108 5457 2169 5513 1..
2210 5460 2269 5524 1.,
2306 5475 2358 5529 p.
2388 5460 2544 5513 1088.

1976 5554 2086 5625 (8⁸5)
2122 5553 2181 5607 L.
2220 5555 2281 5622 l.,
2313 5564 2439 5611 tom.
2475 5553 2520 5620 l,’
2544 5569 2596 5623 p.
2637 5553 2756 5607 106.

2543 4958 2668 5020 post
2718 4967 2771 5022 ι).
2808 4951 2897 5021 ’56)
2921 4998 2934 5019 ,
2965 4950 3239 5022 Cavc.(De
3272 4953 3450 5021 script.
