3918 6194
511 200 618 259 Ω87

1620 315 1863 388 Catalog.
1889 321 2031 388 apud
2062 315 2256 372 Euseb.

1302 389 1380 440 10
1391 387 1483 440 ΥΣ

1300 459 1480 512 ΝΙΑΣ

1622 385 1677 440 ln
1705 385 2092 443 Hexaemeron.

511 526 572 584 In
603 529 870 584 Psalmos.

515 599 591 671 De
620 599 967 671 Pythonissa.

512 669 589 724 De
616 665 911 740 bvangelio
945 667 1250 740 secundum
1280 665 1546 722 Joannem

583 750 646 811 et
662 738 1012 811 Apocalypsi.

508 809 588 865 De
616 809 1050 882 Charismatibus
1081 809 1217 882 (84).

507 881 822 948 Apostolica
851 879 1092 934 traditio.

507 950 820 1006 C’hronicon
845 950 979 1019 (85).

509 1021 710 1075 Contra
741 1017 955 1076 Graecos
980 1027 1036 1074 et
1062 1019 1118 1074 in
1149 1018 1429 1076 Platonem
1457 1017 1541 1074 vel

580 1093 743 1145 etiam
773 1089 841 1146 de
863 1089 1032 1145 omni.

510 1157 928 1216 Exhortatorius
953 1161 1018 1214 ad
1048 1158 1382 1215 Severinam.

508 1229 937 1312 Demonstrat-id
959 1239 1263 1312 temporum
1289 1230 1542 1312 ‘Paschze
1608 1225 1925 1312 De‘Pascha
1959 1227 2079 1298 (lib.
2113 1226 2175 1299 ιι)
2216 1243 2392 1284 canon
2418 1228 2648 1300 pascha-

580 1301 1034 1368 quemadmodum
1069 1299 1124 1358 in
1161 1301 1360 1356 tabula.
1687 1299 1773 1357 liS.

507 1365 636 1426 Odia
675 1372 729 1425 in
771 1386 962 1444 omnes
1001 1370 1309 1440 Scripturas
1333 1372 1547 1444 (adver—
1616 1368 1892 1425 Adversus
1921 1381 2112 1422 omnes
2143 1365 2398 1424 haereses.

583 1457 678 1496 sus
703 1457 896 1497 omnes
929 1442 1206 1510 haereses).

507 1510 586 1566 De
618 1510 726 1566 Deo
748 1521 802 1566 et
822 1511 1002 1568 carnis
1022 1510 1436 1568 resurrectione.

508 1580 585 1637 De
613 1581 754 1638 bono
781 1592 835 1638 et
863 1581 1005 1638 unde
1025 1582 1250 1643 malum.

1615 1649 1673 1704 In
1704 1647 1990 1704 Canticum
2024 1655 2169 1702 cant.

1484 199 1573 254 DE
1617 197 1775 254 VlTA
1811 197 1900 254 ET
1937 195 2250 255 SCRIPTIS
2287 195 2350 255 S.
2385 193 2764 253 HIPPOLYTI.

1620 455 1676 515 in
1706 473 1770 512 ea
1794 473 1916 526 quae
1947 466 2070 528 post
2101 454 2468 515 Hexaemeron
2501 456 2644 526 (con-

1691 536 1774 584 tra
1800 527 2180 598 Marcionetn).

1615 945 1690 1004 De
1717 945 1928 1004 Pascha
1958 945 2076 1018 (lib.
2102 946 2165 1019 ι).

3636 177 3751 236 383

2723 311 2876 382 Apud
2908 309 3210 379 Hieronym.

2724 380 2780 436 In
2815 381 3206 437 Hexaemeron.

2723 452 2946 518 (Contra
2975 445 3344 517 hlarcionem).

2724 522 2798 575 De
2823 521 3073 576 Psalmis.

2723 591 2800 646 De
2827 590 2993 645 Saulo
3019 597 3073 644 et
3091 585 3430 660 Pythonissa.

2723 661 2800 718 De
2820 660 3164 732 Apocalypsi.

2724 941 3053 1013 Temporum
3082 952 3338 998 canones.

2720 1224 2795 1280 De
2817 1221 3050 1290 Pascha,
3072 1235 3246 1277 canon
3269 1216 3562 1291 paschalis.

2719 1364 2994 1420 Adversus
3026 1375 3218 1420 omnes
3239 1362 3493 1418 haereses.

2719 1504 2796 1561 De
2826 1503 3246 1561 resurrectione.

2718 1643 2777 1700 In
2807 1644 3016 1702 Cantic.
3041 1645 3238 1702 cantic.

1613 1719 1670 1774 lu
1727 1729 1933 1791 partem
1995 1717 2286 1791 quamdam
2346 1715 2650 1777 Ezechielis

1681 1790 1978 1863 prophetae.

1023 2469 1431 2528 ‘ARTICULUS
1465 2471 1528 2526 11.

505 2576 553 2616 5.
594 2577 869 2617 ιιιιδιιοιγτι
921 2578 1073 2617 LIBER
1127 2579 1216 2619 CUI
1265 2580 1496 2620 τιτιιιιιε
1537 2581 1552 2618 ἶ
1599 2581 1618 2614 ι
1665 2574 2078 2618 υειιοκετιιΑτιο

826 2649 893 2687 DE
927 2651 1157 2693 Cllll'lSTO
1193 2652 1263 2690 ΕΤ
1299 2649 1673 2692 ANTICIIRISTO.
1721 2652 1742 2686 ι

575 2745 816 2800 Plurima
875 2747 1094 2817 scripsit
1115 2747 1478 2819 (Hippolytus,
1520 2745 1778 2812 Eusebio,
1814 2743 2078 2815 llierony-

504 2856 616 2902 mo,
645 2839 843 2895 Photio
873 2842 1102 2911 aliisque
1132 2851 1450 2896 memorata.
1485 2840 1741 2907 Quzedam
1779 2854 1966 2894 eorum
2007 2837 2075 2892 ad

501 2948 604 2987 nos
653 2941 1049 3002 pervenerunt;
1097 2934 1390 3003 plerisque
1440 2942 1621 2986 autem
1671 2948 1769 3002 per
1817 2929 2073 3000 iniuriam

501 3033 808 3093 temporum
844 3039 989 3078 nunc
1029 3039 1318 3090 caremus;
1376 3033 1472 3079 aut
1516 3023 1823 3094 fragmenta
1862 3031 2072 3076 tantum

502 3122 817 3185 supersunt,
845 3130 965 3184 qua:
996 3129 1122 3168 cum
1167 3115 1222 3169 in
1261 3114 1421 3169 editis
1458 3115 1633 3180 libris,
1669 3123 1783 3168 tum
1833 3113 1887 3166 in
1925 3111 2076 3167 codi-

500 3207 658 3263 cibus
727 3208 1116 3278 manuscriptis
1167 3207 1456 3263 habentur.
1506 3207 1645 3262 Sunt
1677 3222 1896 3277 quoque
1939 3221 2074 3260 nou-

500 3297 675 3358 nulla,
708 3312 828 3366 qua:
855 3295 1124 3368 Hippolyti
1157 3297 1380 3366 quidem
1410 3312 1606 3351 nomen
1636 3311 1748 3366 pra:
1769 3313 1827 3351 se
1859 3295 2069 3363 ferunt;

501 3391 718 3445 illorum
752 3401 930 3445 autem
957 3406 1019 3444 ea
1051 3399 1133 3444 est
1164 3391 1323 3454 ratio,
1352 3399 1411 3444 ut
1456 3399 1599 3444 recte
1627 3390 1826 3445 eruditi
1861 3389 1958 3444 viri
1978 3389 2069 3456 ju-

499 3483 821 3549 dicaverint,
847 3484 949 3538 ista
979 3485 1160 3538 minus
1183 3484 1482 3553 composita
1507 3499 1627 3538 esse
1653 3484 1722 3537 ab
1749 3481 2033 3553 Hippolyto
2054 3523 2068 3548 ,

500 3575 595 3633 sed
631 3576 682 3629 in
715 3576 870 3630 libris
903 3575 1085 3630 dubiis
1117 3592 1180 3631 ac
1215 3576 1512 3646 suppositis
1543 3575 1819 3629 numerari
1851 3577 2066 3631 debere.

572 3666 638 3722 Et
681 3669 915 3738 primum
949 3667 1164 3738 quidem
1209 3669 1388 3724 locum
1456 3667 1598 3722 inter
1637 3683 1800 3737 opera
1861 3667 2070 3738 integra

500 3775 597 3815 seu
627 3760 890 3830 ampliora
924 3758 981 3814 S.
1015 3759 1291 3832 Hippolyti
1335 3759 1545 3815 obtinet
1577 3758 1970 3813 Demonstratio
2006 3759 2069 3814 de

501 3850 713 3907 Christo
764 3863 816 3906 et
860 3852 1207 3918 Amic/crista,
1251 3851 1409 3922 cujus
1462 3852 1757 3906 meminere
1808 3849 2070 3924 Hierony-

501 3961 644 4012 mus,
679 3946 922 4001 Andreas
968 3944 1342 4011 Caesariensis,
1386 3943 1691 4000 Germanus
1737 3943 1866 4011 CP.,
1901 3943 2070 3998 Joan-

499 4054 600 4094 nes
640 4038 1026 4102 Damascenus,
1057 4049 1112 4092 ct
1142 4035 1410 4106 Photius;
1446 4052 1748 4107 eorumque
1783 4037 1899 4092 loca
1935 4037 2071 4092 infe-

498 4131 616 4186 rius
658 4130 797 4185 inter
838 4140 1080 4186 veterum
1119 4131 1432 4186 testimonia
1477 4129 1695 4199 scriptis
1739 4127 2070 4200 Hippolyteis

497 4221 760 4291 przemisit
783 4220 844 4276 C.
872 4220 934 4277 γ.
970 4221 1285 4277 Gallandius
1311 4221 1456 4293 (86);
1494 4232 1551 4276 ut
1573 4231 1854 4292 propterea
1883 4222 2067 4276 mirari

498 4314 692 4368 subeat
747 4312 1000 4383 Basnagii
1063 4314 1491 4372 conﬁdentiam.
1561 4314 1654 4383 qui
1714 4314 2066 4383 antiquorum

497 4402 825 4471 scriptorum
883 4403 987 4458 ﬁde
1044 4404 1376 4473 posthabita,
1428 4404 1673 4459 omnium
1728 4406 2068 4461 eruditorum

496 4492 710 4548 calculo
745 4495 1133 4564 comprobata,
1183 4497 1432 4566 ﬁctitium
1488 4494 1831 4567 Hippolytum
1881 4499 2069 4569 appel-

498 4583 574 4636 lat
618 4581 728 4653 (87)
771 4583 936 4654 hujus
974 4584 1452 4643 Demonstrationis
1495 4598 1792 4644 auctorem.
1847 4589 2067 4648 Utinam

498 4688 627 4729 vero
654 4673 872 4744 legisset
905 4675 1014 4740 ille,
1062 4679 1548 4749 perpendissetque
1591 4679 1866 4735 sincerum
1905 4682 2065 4751 primi

497 4767 720 4822 editoris
764 4766 1052 4837 judicium,
1098 4770 1193 4839 qui
1234 4786 1365 4826 sane
1420 4771 1521 4826 sibi
1569 4782 1856 4840 suspectus
1921 4774 2068 4830 haud

495 4871 619 4913 esse
638 4857 762 4927 jure
789 4864 1025 4929 poterat.
1063 4855 1155 4914 Sic
1189 4858 1352 4928 igitur
1383 4859 1594 4915 Gudius
1616 4861 1727 4930 (88)
1759 4878 1771 4914 :
1822 4861 2068 4922 tlllustre

571 5037 683 5108 (84)
715 5034 964 5092 Neander
1008 5037 1092 5090 vir
1135 5035 1486 5091 doctissimus
1531 5036 1773 5106 dubitat,
1827 5054 1954 5095 num
2000 5043 2066 5098 de

499 5108 920 5163 charismalibus
947 5116 1001 5161 et
1027 5108 1093 5161 de
1117 5108 1410 5176 apostolica
1447 5109 1738 5164 traditione
1783 5109 1836 5164 in
1867 5113 2060 5166 eodem

2714 1864 2772 1920 In
2797 1863 3066 1919 Exodum.

2715 1934 2770 1989 In
2802 1935 3056 1989 Genesin.

2715 2004 2770 2059 In
2803 2005 3142 2059 Zachariam.

2714 2075 2769 2129 In
2797 2075 3010 2129 Isaiam.

2712 2144 2788 2199 De
2819 2145 3054 2200 Daniele.

2713 2215 2789 2270 De
2813 2213 3141 2270 Proverbiis.

2713 2278 2790 2340 De
2827 2285 3172 2340 Ecclesiaste.

2714 2353 2790 2410 De
2810 2355 3171 2412 Antichristo.

2103 2472 2152 2531 Α
2183 2467 2359 2524 Photii
2392 2468 2763 2527 testimonium
2812 2474 3041 2529 libenter
3085 2469 3489 2543 adiungendum
3532 2468 3754 2522 curavi-

2177 2579 2302 2617 mus
2334 2561 2447 2630 (89)
2470 2578 2484 2626 ;
2510 2571 2570 2616 ut
2591 2563 2637 2616 si
2668 2565 2921 2620 lectorem
2953 2565 3251 2621 oli‘enderet
3278 2564 3334 2617 in
3359 2563 3460 2616 hoc
3487 2561 3751 2630 opusculo

2175 2654 2588 2725 cogitationum,
2630 2655 2908 2727 ipsiusque
2949 2655 3213 2711 orationis
3240 2654 3582 2724 simplicitas,
3616 2654 3749 2706 nihil

2175 2755 2458 2816 propterea
2493 2748 2768 2802 dubitaret
2799 2748 2928 2816 περὶ
2965 2748 3065 2818 τῆς
3105 2747 3473 2819 γνησιὰτητος.
3520 2745 3750 2799 Pbotius

2176 2839 2357 2893 libello
2391 2848 2579 2894 nostro
2611 2851 2868 2910 tanquam
2906 2841 3170 2910 insignem
3207 2849 3391 2892 notam
3443 2837 3664 2905 apponit
3691 2838 3748 2889 τὸ

2173 2931 2282 2985 τῶν
2311 2935 2597 3004 νοημάτων
2645 2933 3032 3003 ἁπλούστερον.
3069 2930 3135 2986 Ει
3177 2930 3438 3002 profecto,
3489 2930 3748 2999 quidquid

2176 3022 2462 3098 Hippolyto
2483 3026 2773 3092 tribuebat,
2803 3025 3032 3080 miriﬁce
3064 3025 3374 3095 respondet.
3414 3043 3433 3077 ι

2245 3115 2341 3173 His
2373 3127 2552 3172 autem
2589 3119 2659 3174 de
2713 3118 2894 3188 operis
2941 3117 3251 3188 integritate
3307 3114 3530 3180 habitis,
3575 3112 3752 3184 porgit

2173 3207 2402 3272 Gudius,
2428 3218 2591 3278 atque
2624 3209 2692 3264 de
2714 3209 2858 3264 illius
2887 3209 3047 3263 titulo
3073 3208 3223 3262 hisce
3246 3206 3425 3262 verbis
3452 3204 3704 3260 edisserit
3733 3219 3748 3256 :

2179 3319 2197 3351 ι
2223 3301 2325 3354 Sed
2353 3315 2458 3354 non
2485 3299 2780 3356 omittenda
2812 3308 2896 3355 est
2935 3299 3426 3370 inscriptio,quam
3457 3310 3746 3351 conserva-

2171 3391 2248 3444 vit
2273 3389 2412 3445 idem
2443 3389 2670 3446 Photius
2692 3408 2705 3444 :
2731 3391 2874 3459 Περὶ
2910 3390 3169 3459 Χριστοῦ
3191 3389 3288 3444 καὶ
3329 3386 3750 3457 Ἀντιχριστοῦ.

2173 3483 2409 3554 Uterque
2432 3484 2598 3539 codex
2634 3483 2920 3541 Remensis
2943 3494 2997 3539 et
3026 3483 3392 3547 Ebroieeusis,
3435 3483 3577 3535 unde
3608 3495 3748 3549 Opus

2170 3579 2523 3648 descriptum.
2576 3579 2827 3635 similiter
2874 3596 2889 3632 :
2929 3577 3069 3646 Περὶ
3108 3577 3214 3631 τοῦ
3265 3575 3535 3643 Σωτῆρος
3578 3572 3748 3642 ἡμῶν

2184 3671 2376 3740 Ἰησοῦ
2405 3672 2682 3741 Χριστοῦ,
2713 3669 2814 3726 καὶ
2851 3671 2984 3739 περὶ
3016 3669 3123 3724 τοῦ
3179 3668 3597 3738 Ἁντιχριστοῦ.
3635 3665 3751 3735 Ego

2173 3777 2301 3817 vero
2331 3763 2558 3820 discessi
2589 3763 2801 3834 magnis
2843 3763 3168 3817 rationibus.
3216 3758 3338 3814 Non
3381 3758 3526 3813 enim
3586 3756 3751 3810 debe-

2176 3857 2300 3911 bam
2353 3857 2685 3913 conscientia
2731 3855 3048 3923 convictus,
3106 3853 3451 3910 librariorum
3505 3863 3750 3904 errorem

2175 3957 2338 4018 atque
2370 3947 2730 4018 ignorantiam
2759 3947 3139 4019 superstitiose
3181 3956 3500 4014 propagare.
3546 3938 3750 4008 Hippo-

2177 4036 2319 4108 lytus
2370 4051 2591 4091 causam
2640 4037 2786 4092 dicet
2832 4037 3156 4094 necessariae
3194 4032 3531 4094 mutationis,
3588 4030 3750 4098 cujus

2174 4127 2336 4181 verba
2361 4138 2522 4182 sunt:
2563 4126 2751 4182 Verum
2791 4130 3042 4200 quoniam
3091 4128 3210 4198 jam
3262 4136 3459 4195 tempus
3495 4135 3639 4195 urget
3676 4124 3749 4178 ad

2174 4236 2256 4284 ea,
2287 4236 2403 4288 qua:
2442 4221 2590 4275 nobis
2633 4233 2944 4290 argumento
2965 4221 3236 4291 proposita
3267 4227 3408 4284 sunt,
3437 4233 3554 4270 cum
3601 4217 3743 4286 suﬁ-

2175 4309 2339 4372 ciaut,
2371 4326 2490 4380 qua:
2516 4310 2570 4363 in
2603 4312 2824 4365 exordio
2867 4312 2936 4364 ad
2967 4310 3064 4364 Dei
3112 4309 3334 4381 gloriam
3362 4307 3748 4378 peroravimus,

2175 4417 2382 4472 aequum
2406 4414 2505 4467 est,
2530 4413 2588 4457 ut
2619 4404 2974 4474 aggredientes
3002 4403 3142 4473 ipsas
3174 4401 3380 4455 divinas
3418 4397 3748 4468 Scripturas,

2173 4508 2238 4546 ea:
2263 4492 2370 4546 illis
2395 4493 2684 4562 videamus,
2727 4495 2844 4566 quis
2878 4504 2928 4548 et
2975 4494 3146 4565 qualis
3189 4491 3504 4544 Antichristi
3547 4490 3749 4544 adven-

2177 4594 2261 4638 tus
2286 4583 2418 4655 (90).
2448 4585 2588 4652 Quid
2629 4602 2775 4642 nunc
2797 4595 2882 4642 est
2905 4585 3166 4656 apertius,
3195 4599 3360 4654 quam
3396 4597 3508 4637 non
3550 4581 3619 4635 ad
3649 4596 3748 4634 ar-

2174 4686 2490 4746 gumentum
2529 4678 2816 4747 pertinere,
2846 4694 2966 4749 quae
2981 4677 3047 4732 de
3071 4675 3290 4732 Christo
3322 4673 3570 4730 dixerat?
3599 4671 3750 4726 Nihil

2173 4783 2231 4821 se
2266 4767 2503 4836 profiteri
2549 4769 2865 4839 planissime
2915 4776 3167 4832 testatur,
3198 4777 3558 4837 praeterquam
3585 4764 3751 4816 Anti-

2171 4859 2362 4914 christi
2386 4859 2933 4916 demonstrationem.
2962 4860 3263 4916 Credamus
3307 4857 3519 4914 auctori
3560 4858 3751 4928 potius

2208 5037 2356 5161 (85)
2391 5037 2558 5092 Tituli
2589 5037 2644 5092 h.
2671 5037 2709 5092 ι.
2743 5037 2925 5094 collati
2949 5038 3201 5094 eumdem
3231 5036 3430 5092 librum
3454 5035 3752 5105 designare

2208 5125 2240 5161 ι(
2261 5125 2327 5161 en
2359 5125 2442 5161 ur.

2171 5123 2442 5164 Vltlcnllll‘.

499 5179 637 5254 libro
663 5178 1022 5254 disputaverit
1055 5174 1267 5254 Hippol.
1300 5179 1358 5231 ln
1389 5179 1602 5232 duobus
1639 5196 1762 5254 vero
1811 5181 1965 5254 libris
1998 5199 2060 5236 ea
2089 5181 2132 5239 C
2182 5249 2195 5254 _
2216 5178 2348 5254 (86)
2383 5178 2654 5242 Calland.,
2679 5176 2936 5235 Biblioth.
2985 5177 3128 5243 PP.,
3157 5188 3292 5234 tom.
3345 5177 3412 5244 ll,
3441 5191 3562 5247 pag.
3603 5174 3743 5240 4H,

497 5250 564 5303 de
595 5265 653 5320 re
685 5249 834 5320 illum
865 5249 1191 5320 disseruisse
1223 5258 1371 5317 puto,
1397 5265 1520 5302 cum
1556 5264 1662 5304 non
1687 5251 1897 5320 legatur
1927 5253 2064 5304 ἀπο-

499 5319 719 5390 στολικὴ
752 5319 1047 5390 παράδοσις
1072 5319 1199 5390 περὶ
1225 5320 1599 5390 χαρισμάτων,
1629 5321 1721 5376 sed
1747 5319 1864 5375 ilice
1889 5337 2062 5377 versa.

500 5387 577 5462 De
602 5387 995 5462 quibuslibris
1041 5387 1416 5462 latius’at’que
1457 5390 1633 5446 fusius
1668 5392 1910 5462 disputat
1941 5392 2063 5448 Ste-

498 5459 741 5527 phanus;
772 5461 1004 5515 aliorum
1036 5462 1278 5516 virorum
1310 5459 1595 5515 doctorum
1628 5462 1730 5518 hac
1757 5459 1831 5518 'de
1857 5479 1914 5518 re
1942 5481 2065 5519 sen-

500 5528 680 5604 tentia:
707 5531 972 5604 leguntur
991 5532 1157 5604 _apud
1181 5530 1553 5604 _l“ahricium.
1587 5542 1716 5586 tom.
1754 5532 1796 5599 Ι,
1829 5550 1947 5604 pag.
1973 5535 2060 5587 85.

495 5597 937 5724 Eggl'hgabricii
981 5597 1121 5657 Bibl.
1169 5600 1335 5656 Gra’c.
1383 5605 1468 5658 ed.
1515 5597 1925 5671 llarlcss.,'\'0l.v
1953 5605 2062 5671 νη,

500 5685 769 5744 pag.tua.

2168 5249 2354 5389 “(787)
2381 5320 2637 5391 Basnag.,
2674 5318 2961 5374 Animadv.
3005 5319 3070 5374 ad
3115 5327 3246 5375 tom.
3275 5316 3297 5372 Ι
3331 5315 3588 5372 Thesauri
3634 5314 3749 5370 Ca-

2182 5391 2691 5583 m(s88£a(?ud{.0apud
2721 5459 2931 5514 Fabric.
2965 5472 3096 5515 tom.
3123 5459 3142 5513 l
3169 5459 3306 5531 Opp.
3338 5459 3396 5514 S.
3438 5457 3755 5530 Hippolyti,

2182 5549 2293 5583 [πω.
2360 5571 2375 5583 .

2172 5549 2293 5602 pag.
2320 5549 2375 5586 τι.

2244 5603 2356 5666 (89)
2387 5599 2572 5666 Phot.,
2605 5600 2855 5655 Biblioth.
2886 5600 3006 5654 cod.
3043 5617 3166 5657 ccu.

2244 5608 2334 5664 (89
2387 5608 2572 5666 l’hot.,
2605 5608 2855 5655 Biblioth.
2886 5615 2960 5654 €01

2244 5608 2356 5744 (90)
2387 5671 2459 5725 De
2489 5673 2723 5726 Amic/or.
2758 5686 2875 5740 cap.
2911 5687 2960 5723 γ.
