3950 6210
190 281 267 336 239
1128 278 1213 333 DE
1248 268 1409 333 VlTA
1450 274 1539 332 ET
1584 274 1898 333 SCRIPTIS
1932 274 1989 328 S.
2025 260 2407 330 HIPPOLYTI.

3296 262 3407 325 290

188 411 329 465 quam
376 396 594 459 Photio,
652 397 740 452 cui
787 394 1139 452 librariorum
1174 407 1367 469 stupor
1398 397 1575 454 fraudi
1607 396 1730 453 fuit.
1762 411 1809 466 Α
1838 395 1930 465 qui
1964 410 2085 464 quae
2124 394 2396 465 ignorant,
2422 392 2828 464 blasphemant,
2881 390 2971 447 sed
2997 404 3122 445 cum
3150 388 3404 446 fidelibus

191 486 333 542 Error
356 488 405 541 in
431 487 533 543 hac
564 489 849 559 ἐπιγραφῇ
884 490 1160 561 antiquior
1190 499 1277 545 est
1298 490 1624 559 octingentis
1644 504 1740 543 an-

192 579 275 634 nis.
306 577 397 632 Sed
420 578 635 634 erroris
672 588 943 633 vetustate
977 595 1082 633 non
1110 594 1413 635 movemur.
1432 577 1567 632 Nam
1592 577 1739 632 Pho-

194 672 251 725 tio
273 680 448 724 testem
484 670 596 724 fide
627 680 793 739 atque
817 680 975 726 mtate
1007 671 1165 740 longe
1198 670 1538 740 superiorem
1564 685 1738 739 oppo—

190 764 337 816 nimus
388 760 837 833 llieronymum,
904 763 1063 832 cujus
1121 764 1502 818 auctoritatem
1557 763 1737 833 magni

186 871 368 925 semper
399 854 572 911 facio.
606 855 701 911 Ille
734 867 912 912 autem
949 857 1190 912 laudavit
1236 856 1423 921 ἁπλῶς
1460 873 1740 914 commen-

188 950 414 1004 tationem
447 949 519 1003 de
551 949 911 1007 Antichristo.
946 950 1059 1005 Hoc
1078 953 1135 1004 ὲν
1162 950 1378 1022 παρόδῳ
1409 951 1738 1006 monendum

186 1040 277 1104 fuit,
310 1055 377 1094 ne
406 1042 539 1109 quis
581 1057 683 1095 nos
706 1042 933 1111 juvenili
964 1044 1268 1098 temeritate
1292 1045 1344 1097 in
1374 1043 1544 1097 libros
1570 1058 1739 1097 manu

186 1141 407 1186 exaratos
442 1134 690 1202 grassari
714 1135 1104 1204 suspicaretur.
1142 1154 1162 1188 ι
1193 1134 1467 1190 Hactenus
1495 1133 1736 1189 Gudius:

189 1225 313 1293 cujus
344 1235 531 1280 tamen
592 1228 867 1281 sententia
913 1228 1095 1283 minus
1151 1228 1411 1298 probatur
1469 1224 1740 1282 Combeti-

189 1318 252 1371 sio
272 1318 412 1385 (91);
446 1333 693 1387 eumque
719 1319 947 1389 proinde
974 1335 1095 1374 cum
1124 1317 1376 1374 Fabricio
1404 1318 1515 1388 (9‘2)
1540 1328 1594 1373 et
1614 1318 1741 1374 Gal-

192 1408 341 1461 landio
377 1410 494 1477 (95)
528 1425 631 1463 nos
660 1423 1272 1480 quoqueassectamur.
1313 1409 1543 1466 Notante
1592 1412 1738 1465 enim

193 1499 513 1568 Cumbelisio,
538 1517 667 1556 cum
692 1519 751 1557 se
774 1501 1097 1574 Hippolytus
1133 1505 1408 1559 dicturum
1430 1505 1737 1575 pollicetur,

194 1594 245 1646 de
266 1592 551 1646 revelando
581 1592 787 1647 Christi
816 1595 1046 1648 adventu
1066 1635 1081 1658 ,
1118 1595 1185 1650 de
1210 1595 1347 1651 caelo
1366 1636 1382 1661 ,
1433 1596 1500 1650 de
1534 1605 1743 1651 sancte-

196 1700 291 1737 rum
320 1700 440 1737 cum
479 1683 708 1740 Christo
745 1701 946 1757 regno,
984 1702 1222 1757 cumque
1266 1696 1378 1743 tota
1419 1690 1740 1745 tractatione

1844 486 1900 538 in
1958 484 2269 550 sanctitate,
2326 484 2535 552 justitia
2583 493 2638 537 et
2684 486 2880 538 timore
2942 480 3035 535 Dei
3080 480 3410 548 viventibus,

1840 574 2209 633 communicet
2244 575 2377 645 (95).
2408 574 2710 644 Antequam
2739 588 2866 627 vero
2899 572 2966 625 ad
3002 580 3295 627 tractatum
3327 571 3410 628 De

1840 662 2167 718 Antichristo
2200 671 2390 732 pergat
2428 660 2486 716 S.
2518 660 2871 733 Hippolytus,
2896 660 3047 729 prius
3091 660 3229 715 duas
3274 660 3415 716 alias

1839 752 2169 823 quaestiones
2225 750 2327 805 sibi
2367 750 2655 806 solvendas
2706 751 2987 821 pr0ponit:
3020 750 3228 805 scilicet
3273 766 3413 821 quo-

1840 844 2003 901 modo
2036 842 2130 898 Dei
2160 840 2397 897 Verbum
2426 852 2553 896 ante
2585 842 3011 897 incarnationem
3043 856 3101 895 se
3136 842 3417 911 prophetis

1840 937 2316 993 manifestaverit?
2348 946 2401 991 et
2432 936 2557 991 dein
2584 935 2861 1006 quomodo
2888 936 3029 990 idem
3055 934 3289 989 Verbum
3318 934 3415 990 Dei

1839 1043 1937 1099 per
1960 1026 2387 1082 incarnationem
2424 1025 2626 1079 factum
2671 1026 2744 1080 sit
2777 1040 2966 1079 servus
3003 1024 3139 1078 Dei?
3172 1023 3413 1079 Primam

1841 1121 2193 1191 quaestionem
2236 1120 2397 1175 solvit
2442 1118 2605 1173 ducta
2668 1118 3075 1188 comparatione
3108 1116 3177 1171 ab
3214 1118 3421 1173 instrue

1842 1223 2026 1268 mento
2054 1213 2285 1277 musico,
2317 1211 2500 1280 aitque
2526 1210 2816 1279 pr0phetas
2840 1224 2962 1263 esse
2992 1211 3164 1262 instar
3182 1209 3419 1263 chorda-

1840 1321 1985 1371 rum,
2012 1314 2065 1359 et
2097 1303 2333 1359 Verbum
2366 1302 2530 1355 veluti
2564 1302 2849 1370 plectrum,
2880 1301 3037 1369 cujus
3067 1311 3216 1356 motu
3251 1312 3415 1372 atque

1841 1397 2075 1466 impulsu
2106 1394 2379 1464 incognita
2406 1394 2680 1463 prophetae
2708 1393 2829 1447 aliis
2858 1393 3174 1447 hominibus
3197 1410 3414 1447 annun-

1841 1490 2037 1543 tiarent
2067 1487 2200 1557 (96).
2230 1488 2502 1552 Quantum
2544 1486 2609 1538 ad
2641 1487 2866 1540 alterunt
2909 1487 3287 1556 quaestionem,
3328 1504 3417 1541 re-

1841 1580 2069 1649 spondet
2115 1578 2414 1647 TheOphilo
2447 1576 2504 1631 S.
2562 1577 2924 1649 Hippolytus:
2978 1579 3118 1643 Quia
3189 1578 3416 1634 Verbum

1840 1687 1992 1725 suam
2035 1669 2454 1724 misericordiam
2481 1709 2495 1733 ,
2531 1678 2579 1722 et
2611 1670 2747 1738 quod
2789 1670 3001 1723 minime
3055 1684 3297 1739 acceptor
3337 1680 3419 1724 est

198 1776 566 1831 Antichristum
602 1777 821 1832 Christo
860 1789 1139 1848 opponat;
1174 1794 1282 1833 non
1324 1780 1397 1833 ita
1446 1780 1586 1834 male
1629 1780 1742 1836 sive

1852 1778 2207 1827 personarum,
2256 1778 2349 1830 per
2394 1777 2569 1815 omnes
2590 1770 2799 1814 sanctos
2832 1762 3078 1827 ostendit,
3103 1762 3414 1816 illuminuns

202 1869 511 1939 llippolytus,
542 1870 660 1923 sive
684 1870 864 1940 quivis
896 1871 1057 1933 alius,
1083 1872 1421 1941 praenotavit,
1447 1873 1582 1944 Περὶ
1611 1874 1745 1944 Χρι-

202 1958 303 2010 στοῦ
327 1960 418 2011 καὶ
463 1959 860 2029 Ἀντιχριστοῦ.
888 1959 1041 2027 Quod
1069 1962 1139 2015 ita
1163 1971 1285 2030 post
1308 1961 1633 2019 Photianum
1658 1980 1747 2019 co-

202 2050 351 2103 dicem
394 2051 563 2104 etiam
616 2052 653 2104 ii
684 2059 1106 2120 repraesentant,
1140 2069 1206 2107 ex
1252 2054 1448 2123 quibus
1487 2070 1744 2125 expressa

200 2142 335 2195 Gulii
365 2143 571 2197 editio:
609 2144 811 2212 quibus
845 2145 1068 2213 proinde
1098 2146 1265 2199 malui
1299 2146 1560 2202 inhaerere
1580 2164 1742 2217 quam

195 2233 296 2299 ejus
325 2233 613 2286 mutationi
648 2232 884 2286 deferre.
918 2231 1306 2304 Hieronymum
1336 2236 1514 2305 (cujus
1537 2244 1593 2291 et
1632 2237 1746 2306 ipse

198 2322 356 2389 magni
409 2322 795 2376 auctoritatem
835 2320 1005 2391 facio)
1063 2324 1337 2379 adversari
1393 2323 1588 2381 Photio
1636 2341 1745 2380 non

194 2411 334 2465 facile
360 2412 619 2478 dixerim,
652 2413 798 2482 quod
824 2411 1095 2483 Hippolyti
1126 2413 1280 2483 plura
1304 2415 1642 2470 recensendo
1674 2416 1748 2470 De

190 2504 497 2555 Antirhristo
525 2503 876 2557 solummodo
906 2503 1121 2558 dixerit.
1141 2503 1365 2574 Nempe,
1391 2522 1489 2561 nec
1504 2508 1570 2561 de
1588 2507 1749 2561 Chri-

190 2602 266 2645 sto
301 2593 541 2662 negavit,
571 2592 666 2647 sed
699 2594 778 2648 sic
809 2609 1058 2659 summa,
1107 2596 1248 2649 unde
1294 2604 1556 2653 tractatus
1606 2608 1749 2654 esset

184 2684 388 2747 notior,
426 2684 720 2753 ascripsit;
756 2682 980 2739 letius
1015 2701 1078 2739 ex
1110 2686 1296 2740 codice
1324 2687 1589 2757 integrum
1620 2691 1750 2744 titu-

180 2773 286 2825 lum
319 2774 617 2828 recensuit.
654 2773 854 2829 Deinde
905 2790 970 2829 eo
991 2784 1198 2844 spectat
1222 2785 1333 2830 tota
1371 2779 1651 2841 tractatio,
1692 2789 1752 2833 ut

178 2867 498 2921 Antichristi
524 2882 593 2920 ex
621 2865 921 2936 Scripturis
948 2868 1411 2923 demonstratione
1434 2869 1502 2923 ab
1524 2886 1588 2924 eo
1620 2872 1753 2925 fide-

178 2960 316 3013 libus
342 2967 564 3024 caveat,
583 2968 639 3013 et
660 2959 879 3014 Christo
908 2961 1187 3031 adjungat,
1218 2961 1612 3031 amborumque
1636 2963 1752 3017 dis-

173 3052 379 3105 crimen
452 3066 582 3106 eum
614 3052 669 3105 in
698 3053 858 3125 tinem
882 3053 1119 3121 aperiat;
1148 3052 1291 3122 quod
1330 3050 1604 3108 Christum
1641 3070 1749 3108 non

173 3143 437 3206 excludit,
468 3158 540 3197 ne
570 3143 689 3212 ipse
714 3159 841 3212 pars
882 3144 1183 3212 argumenti
1217 3143 1460 3197 videatur
1487 3185 1502 3209 ,
1533 3153 1586 3197 et
1629 3144 1752 3199 linis

176 3234 447 3301 genuinus
487 3242 656 3303 atque
705 3235 958 3303 proprius
1000 3234 1369 3300 tractationis,
1419 3250 1527 3289 non
1575 3236 1751 3291 solum

175 3327 546 3381 extrinsecus.

247 3417 395 3487 Opus
428 3417 578 3471 istud
604 3416 799 3470 litteris
816 3417 1157 3487 consignavit
1184 3428 1406 3472 sanctus
1436 3416 1620 3484 Pater,
1667 3434 1753 3474 ro-

178 3518 334 3576 gatus
356 3524 387 3561 a
419 3510 662 3577 quodam
712 3506 1030 3577 Theophila,
1062 3526 1296 3579 quocum
1334 3512 1399 3565 de
1428 3514 1614 3567 eodem
1667 3530 1755 3567 ar-

179 3608 441 3666 gumento
478 3596 661 3651 fuerat
683 3608 807 3651 ante
832 3598 1167 3662 collocntus;
1205 3600 1416 3669 ipsique
1449 3612 1750 3671 propterea,

179 3704 341 3756 quem
377 3687 770 3742 charissimum
800 3687 1019 3741 fratrem
1056 3690 1319 3758 appellat,
1352 3691 1549 3745 librum
1595 3709 1753 3747 suum

182 3786 487 3847 nuncupat.
515 3779 577 3829 In
603 3793 668 3830 eo
692 3787 894 3835 autem.
918 3778 1100 3847 judice
1130 3777 1345 3844 Photio,
1376 3790 1434 3835 ut
1465 3782 1623 3837 tnodo
1659 3799 1756 3836 au-

181 3870 440 3932 divimus,
489 3877 706 3922 servata
743 3884 1001 3923 sensuum
1033 3870 1351 3940 simplicitas
1378 3888 1441 3927 ac
1484 3882 1754 3941 vetustas;

185 3975 352 4029 genus
414 3975 549 4013 vero
594 3960 805 4014 dicendi
871 3962 1076 4015 clarum
1129 3964 1181 4017 in
1240 3966 1428 4033 primis
1456 3981 1519 4019 ac
1550 3966 1757 4034 perspi-

184 4067 364 4118 cuum,
397 4070 501 4107 nec
529 4067 635 4105 non
667 4056 1097 4123 interpretationi
1136 4070 1458 4127 congruum.
1488 4058 1754 4114 Caeterum

186 4147 384 4212 epocha
430 4144 598 4213 hujus
642 4146 763 4199 libri
794 4164 1017 4216 prorsus
1066 4160 1149 4205 est
1186 4152 1387 4205 incerta
1415 4190 1430 4213 ,
1486 4168 1658 4224 neque
1690 4168 1754 4207 ex

190 4236 463 4301 adjunctis
490 4236 672 4305 colligi
704 4246 881 4305 potest
916 4254 1027 4305 quo
1061 4249 1301 4309 tempore
1333 4240 1391 4294 S.
1430 4239 1588 4297 Pater
1612 4242 1757 4298 hunc

190 4334 475 4383 tractatum
518 4332 906 4398 composuerit.

576 4420 827 4488 Analysis
880 4421 1033 4489 ltujus
1080 4431 1359 4476 tractatus.

260 4506 493 4565 Sanctus
530 4509 854 4580 Hippolytus
887 4511 1082 4565 librum
1116 4513 1192 4565 De
1234 4512 1555 4566 Anticliristo
1602 4526 1756 4567 com-

201 4603 679 4666 posuitoccasionc
707 4603 959 4672 colloquii
983 4606 1124 4673 quod
1155 4604 1341 4658 habuit
1369 4620 1491 4659 cum
1517 4605 1754 4674 quodam

204 4686 492 4761 Theophila
524 4693 663 4761 (94),
704 4694 791 4747 cui
820 4694 970 4747 illum
1003 4694 1223 4760 dicavit,
1259 4711 1530 4765 quemque
1553 4696 1758 4750 charis-

209 4781 391 4836 simum
420 4800 581 4837 suu
614 4784 835 4839 fratrem
868 4787 1119 4855 appellat.
1154 4785 1334 4841 Monet
1374 4795 1555 4841 autem
1590 4787 1759 4856 inpri—

213 4876 307 4928 mis
332 4874 687 4949 Theophilum
715 4918 733 4945 ,
778 4893 845 4932 ne
875 4880 1075 4948 scripta
1122 4894 1222 4933 sua
1261 4894 1384 4933 cum
1428 4879 1757 4947 inﬁdelibus,

275 5033 379 5103 (9|)
401 5034 693 5089 Combclis.
724 5034 779 5087 in
812 5033 958 5104 notis
981 5033 1049 5088 ad
1079 5049 1201 5104 cap.
1232 5050 1287 5101 v,
1312 5032 1454 5088 infra
1480 5049 1603 5104 pag.
1630 5034 1755 5099 419,

218 5104 342 5171 apud
369 5104 639 5168 Galland.,
669 5114 804 5159 tom.
833 5103 896 5157 ll.

278 5175 380 5243 (92)
413 5176 623 5229 Fabric.
657 5173 955 5244 Hippolyt.,
983 5182 1115 5228 tom.
1155 5173 1175 5227 Ι
1204 5172 1364 5244 0pp.,
1396 5188 1450 5243 p.
1481 5172 1536 5244 2_,
1566 5180 1681 5227 not.
1716 5176 1758 5230 '.

279 5242 380 5315 (es)
407 5245 679 5312 Galland.,
713 5242 911 5301 ιδιιιίιι
933 5245 1187 5299 Biblioth.
1232 5242 1375 5310 re,
1421 5245 1475 5297 in
1502 5242 1760 5314 Prolego-

224 5328 368 5379 Item,
397 5332 516 5379 ως.
547 5331 669 5370 xu.

280 5332 763 5455 1333;915:3505:
816 5384 1122 5441 Fabricium
1180 5384 1480 5439 Ceillierius
1530 5392 1664 5455 tom.
1721 5382 1761 5438 tt

227 5451 555 5525 Histrgénér.
588 5451 678 5509 des
704 5466 939 5521 auteurs,
972 5472 1091 5525 pag.
1127 5455 1251 5518 554,
1281 5467 1392 5509 not.
1424 5458 1487 5519 d,
1532 5454 1763 5509 fortasse

227 5523 351 5597 hunc
376 5523 729 5597 Theophilum
758 5523 1008 5597 eumdem
1040 5523 1245 5591 fuisse,
1278 5542 1438 5597 quem
1469 5526 1763 5597 alloquitur

224 5590 841 5666 Ietbodius'episcopus
884 5596 1031 5667 Tyri,
1069 5590 1312 5667 tequalis'
1344 5590 1653 5666 Hippolyto,
1707 5595 1762 5647 in

226 5680 312 5719 suo
340 5676 564 5721 tractatu
589 5665 680 5721 De
726 5665 1105 5721 resurrectione
1132 5682 1149 5717 :
1167 5665 1263 5719 Vos
1294 5670 1429 5719 enim
1466 5665 1762 5719 sermonum

227 5746 501 5803 nostroran
526 5738 757 5807 judices,
786 5748 931 5805 teque
958 5738 1443 5807 imprimis,0ptime
1464 5734 1759 5805 Tltcophile.

1843 1855 1964 1908 illos
2016 1863 2169 1925 atque
2231 1869 2543 1921 componens
2591 1852 2724 1906 relnt
2754 1856 2950 1920 peritus
2996 1855 3222 1907 medicus
3264 1855 3333 1907 ad
3354 1872 3418 1908 ea

1842 1964 1959 2018 qua:
1992 1947 2059 2000 ad
2086 1956 2319 1999 nostram
2350 1945 2645 1998 conducant
2670 1944 2915 2010 salutem,
2945 1947 3134 2016 quippe
3160 1962 3275 1999 cum
3312 1964 3416 2000 non

1845 2040 2044 2093 nesciat
2066 2040 2352 2091 humanam
2379 2038 2766 2106 inﬁrmitatem.
2797 2037 2872 2089 Ac
2894 2038 3100 2107 quidem
3118 2039 3419 2107 ignorantes

1845 2131 2019 2183 studet
2057 2129 2302 2184 edocere:
2359 2138 2592 2183 errantes
2622 2147 2740 2184 vero
2772 2131 2840 2182 ad
2893 2147 3065 2183 veram
3100 2148 3249 2183 suam
3275 2134 3417 2185 viam

1846 2224 2116 2277 convertit.
2138 2223 2306 2293 Atque
2341 2222 2423 2276 liis
2458 2222 2686 2292 quidem,
2727 2224 2817 2292 qui
2848 2222 2953 2292 ﬁde
2974 2233 3235 2291 quierunt,
3264 2225 3421 2290 [uirile

1845 2315 2140 2377 invenitur;
2164 2313 2244 2366 his
2262 2322 2458 2377 autent,
2482 2313 2572 2381 qui
2604 2315 2810 2367 mundis
2834 2314 2998 2366 oculis
3027 2324 3074 2366 et
3102 2325 3245 2366 casto
3260 2316 3419 2367 corde

1847 2408 2041 2461 ostium
2077 2404 2290 2475 pulsare
2313 2404 2639 2469 desiderant,
2664 2405 2939 2474 confestim
2963 2406 3150 2473 aperit.
3193 2405 3420 2458 Nullum

1845 2500 1985 2553 enim
2010 2516 2225 2553 suorum
2248 2515 2517 2555 servorum
2554 2499 2725 2568 rejici!
2745 2539 2761 2564 ,
2793 2499 2946 2567 quasi
2977 2499 3271 2553 divinorum
3305 2516 3419 2569 my-

1847 2592 2127 2645 steriorum
2159 2594 2452 2663 indignum.
2492 2591 2617 2649 Non
2638 2592 2849 2645 divitem
2875 2608 3100 2661 paupere
3122 2592 3288 2662 pluris
3328 2593 3419 2661 fa-

1849 2683 1941 2746 cit,
1968 2700 2129 2753 neque
2153 2699 2435 2753 pauperem
2460 2698 2555 2753 pro
2586 2683 2698 2751 ejus
2740 2683 2994 2736 tenuitate
3030 2683 3247 2751 spernit.
3294 2681 3416 2735 Non

1850 2775 2072 2828 barbaro
2104 2780 2424 2845 exprobrat,
2468 2790 2559 2829 nec
2587 2778 2878 2829 eunuchum
2929 2775 3081 2845 quasi
3124 2790 3223 2827 non
3252 2778 3419 2827 virum

1852 2869 2079 2938 ablegat.
2117 2868 2239 2923 Non
2280 2868 2392 2924 odit
2417 2870 2668 2939 feminam
2695 2870 2757 2921 ob
2774 2868 2959 2937 prima:
2995 2868 3215 2937 originis
3242 2868 3417 2920 inobe-

1854 2962 2131 3027 dientiam,
2160 2979 2252 3015 nec
2288 2963 2457 3016 uirum
2501 2961 2563 3014 ob
2609 2961 3039 3031 transgressionis
3089 2968 3289 3013 reatum
3328 2960 3423 3012 de-

1856 3052 2060 3116 turbat;
2090 3052 2179 3107 sed
2210 3069 2384 3107 omnes
2411 3052 2543 3118 uult,
2574 3068 2848 3122 omnesque
2888 3050 3093 3105 solvere
3131 3050 3417 3105 desiderat.

1858 3142 2045 3198 Omnes
2089 3145 2185 3198 Dei
2215 3144 2354 3213 ﬁlios
2393 3157 2643 3215 priestare
2689 3144 2821 3210 vult,
2862 3152 3171 3213 sanctosque
3231 3158 3407 3197 omnes

1854 3236 1908 3287 in
1961 3252 2122 3288 unum
2158 3226 2417 3289 hominem
2452 3236 2737 3305 perfectum
2784 3246 2970 3298 vocat;
3013 3250 3135 3288 num
3178 3242 3229 3288 et
3284 3250 3421 3287 unus

1854 3324 1951 3378 Dei
1988 3324 2161 3379 Filius
2191 3336 2289 3391 est,
2341 3325 2491 3395 cujus
2534 3328 2696 3381 etiam
2745 3343 2839 3380 nos
2894 3341 3127 3380 munere-
3159 3340 3249 3394 per
3298 3322 3422 3393 Spi-

1854 3416 2016 3468 ritum
2053 3416 2110 3471 S.
2150 3419 2326 3487 adepti
2360 3420 2819 3488 regenerationem,
2844 3418 2900 3470 in
2928 3434 3090 3470 unum
3137 3417 3421 3488 perfectum

1854 3521 1916 3558 ac
1948 3508 2201 3561 caelestem
2226 3509 2487 3563 hominem
2520 3525 2695 3562 omnes
2720 3524 2990 3561 occurrere
3017 3516 3255 3577 optamus
3283 3506 3419 3575 (97).

1853 3596 2049 3651 Postea
2089 3599 2276 3667 paucis
2322 3598 2545 3668 exponit
2582 3599 2856 3669 quomodo
2888 3597 3119 3653 Verbum
3147 3598 3261 3662 Dei,
3296 3598 3427 3653 licet

1855 3689 2182 3758 purissimus
2210 3690 2454 3758 spiritus,
2487 3689 2541 3743 in
2586 3700 2740 3744 utero
2776 3687 3013 3758 Virginis
3051 3690 3122 3744 sit
3165 3690 3421 3743 incarna-

1857 3791 2006 3846 tum;
2037 3790 2199 3849 atque
2226 3781 2527 3845 concludit,
2564 3780 2711 3850 quod
2750 3776 2989 3834 Verbum
3035 3782 3189 3835 carni
3222 3793 3425 3839 nostra;

1856 3870 2071 3925 mortali
2115 3872 2325 3926 unitum
2377 3871 2561 3936 fuerit,
2589 3881 2648 3926 ut
2671 3880 2918 3926 nostrum
2943 3888 3137 3942 corpus
3176 3876 3425 3930 redderet

1856 3961 2288 4031 incorruptibile,
2315 3962 2591 4018 hominem
2620 3962 2887 4032 perditum
2914 3964 3166 4017 salvaret.
3216 3965 3429 4035 Adjun-

1856 4051 1932 4121 git
1962 4053 2205 4120 quaedam
2231 4052 2297 4107 de
2330 4052 2586 4123 passione
2611 4051 2821 4105 Domini
2848 4053 3014 4107 nostri
3048 4051 3175 4107 Jcsu
3197 4056 3425 4123 Christi,

1857 4154 2113 4214 putatque
2146 4144 2383 4213 aliquam
2426 4144 2572 4200 illius
2609 4144 2851 4201 invenire
2898 4146 3308 4201 similitudinem
3366 4151 3422 4204 in

1857 4244 1972 4288 arte
2000 4234 2229 4289 textoris
2264 4222 2398 4303 (98).

1927 4326 2025 4381 His
2064 4328 2358 4397 praemissis
2392 4336 2683 4383 tractatum
2730 4326 2805 4381 De
2848 4326 3176 4382 Antichristo
3214 4330 3424 4400 incipit,
3496 4400 3502 4405 _

1788 4434 1834 4489 ι)
1861 4416 1927 4470 de
1948 4431 2055 4485 quo
2079 4432 2148 4471 ex
2177 4416 2474 4487 Scripturis
2509 4417 2767 4482 ostendit,
2795 4425 2956 4486 atque
2978 4429 3265 4488 sequentes
3288 4437 3428 4486 qua:-

1856 4508 2064 4564 stiones
2088 4508 2297 4563 solvere
2317 4521 2581 4563 conatur:
2607 4507 2876 4565 Nimirum
2896 4508 3019 4578 quis
3046 4520 3099 4565 et
3117 4512 3293 4581 qualis
3315 4511 3430 4565 An-

1858 4601 2090 4655 tichristi
2120 4601 2404 4667 adventus,
2430 4616 2538 4669 qua
2560 4609 2715 4654 tetate
2743 4615 2805 4654 ac
2835 4610 3076 4671 tempore
3102 4605 3430 4660 revelabitur

1858 4692 2077 4761 iniquus
2125 4693 2250 4759 ille;
2299 4694 2591 4759 undenam,
2637 4704 2692 4748 et
2722 4710 2788 4749 ex
2815 4710 2923 4764 qua
2955 4696 3121 4761 tribu,
3156 4696 3303 4765 quod
3352 4698 3428 4749 illi

1860 4799 2081 4849 nomen,
2096 4783 2371 4853 quomodo
2388 4785 2647 4853 populum
2666 4786 2721 4839 in
2749 4801 2987 4841 errorem
3010 4788 3245 4851 inducet,
3264 4803 3427 4854 quam

1860 4875 1990 4929 item
2019 4874 2223 4929 sanctis
2255 4874 2660 4931 tribulationem
2692 4876 2887 4931 inferet
2917 4876 3051 4948 (99).
3095 4875 3226 4930 Dein
3257 4877 3430 4945 expli-

1859 5028 2016 5097 Apnd
2053 5027 2325 5099 Epiphan.
2352 5028 2543 5083 haeres.
2574 5029 2666 5092 64,
2694 5045 2745 5098 p.
2779 5029 2904 5083 540.

1931 5100 2046 5169 (95)
2073 5098 2343 5169 Hippolyt.
2382 5099 2588 5169 li_b.7De
2616 5102 2963 5164 Antia/triste,
2994 5114 3145 5152 num.
3182 5098 3233 5151 Ι.

1931 5172 2043 5241 (96)
2083 5188 2101 5220 ε
2128 5168 2458 5241 [lignumque
2487 5168 2673 5241 Patres
2697 5170 2899 5239 Spiritu
2924 5169 3219 5239 prophetia:
3236 5170 3426 5237 aptati,

1860 5238 2129 5311 digneque
2161 5240 2230 5311 ab
2253 5240 2373 5311 ipso
2410 5238 2586 5294 Verbo
2618 5238 2889 5302 honorati,
2915 5238 3024 5309 quo
3041 5241 3308 5311 nimirum
3336 5256 3425 5293 ve-

1864 5306 1944 5365 lut
1976 5306 2178 5381 organa
2216 5306 2494 5378 in'seipsis
2540 5311 2768 5381 unitum;
2795 5306 3008 5378 semper
3041 5306 3431 5381 Verbumtan—

1862 5396 2024 5449 quam
2047 5378 2318 5450 plectrum
2373 5381 2656 5436 haberent.
2685 5379 2842 5448 cujus
2882 5389 3017 5434 nutu
3054 5386 3222 5450 atque
3244 5378 3425 5435 atllatu

1863 5448 1984 5519 quae
2017 5448 2161 5505 Deus
2210 5450 2387 5514 vellet,
2444 5450 2560 5503 haec
2613 5452 2889 5520 pr0pbetaa
2947 5448 3364 5507 annuntiabant.
3403 5471 3423 5506 ι

1864 5520 2157 5590 llippolyt.,
2183 5520 2277 5574 lib.
2304 5520 2421 5585 cit.,
2449 5519 2620 5573 num.
2644 5519 2695 5573 2.

1936 5589 2255 5660 (97)](16111,
2281 5590 2314 5642 l.
2340 5606 2414 5652 c.,
2449 5605 2600 5660 num.
2640 5590 2694 5644 5.

1957 5657 2047 5731 98)
2086 5660 2254 5731 idem,
2288 5662 2323 5713 Ι.
2357 5675 2429 5722 c.,
2457 5676 2511 5712 n.
2540 5657 2593 5712 4.

1957 5666 2047 5731 98)
2086 5666 2254 5727 Idem,
2288 5666 2323 5713 Ι.
2357 5675 2429 5722 c.,
2457 5676 2511 5712 n.
2540 5666 2593 5712 4.

1937 5666 2051 5804 ἱ99)
2094 5730 2260 5799 Idem,
2299 5731 2329 5783 l.
2370 5745 2443 5797 c.,
2476 5744 2631 5785 num.
2666 5730 2698 5787 5
2733 5762 2755 5777 -ι
2789 5730 2878 5787 23.
