3950 6210
513 283 605 337 29!

1475 279 1562 335 ne
1588 269 1758 338 ‘VITA
1792 279 1880 337 ET
1918 277 2228 336 scatens
2267 277 2324 332 s.
2366 277 2756 335 HIPPOLYTI.

3647 279 3762 337 292

512 411 600 460 cat
662 398 903 459 visiones
957 395 1510 457 Nabuchodonosoris
1558 397 1614 456 et
1677 399 1916 456 Danielis
1974 400 2081 468 hoc
2110 403 2159 462 Α
2187 409 2304 450 cem
2334 405 2560 463 cornua,
2588 412 2709 467 qua:
2773 395 2956 452 futura
3015 405 3145 452 sunt
3191 410 3356 468 regna
3385 405 3439 453 et
3477 397 3744 468 imperia;

513 496 674 554 modo
703 496 781 568 (1)
806 514 819 550 :
850 514 869 547 ‹
895 495 1033 562 Quia
1069 495 1231 564 igitur
1255 509 1376 564 quae
1405 494 1484 549 sic
1513 507 1712 548 arcana
1745 508 1910 548 sensu
1935 467 2079 547 dicta

513 599 674 659 sunt,
728 591 1006 646 nonnullis
1053 590 1308 644 videntur
1355 597 1514 656 captu
1577 585 1837 653 difﬁcilia,
1890 601 2080 642 eorum

513 684 648 741 nihil
680 683 1080 739 abscondcmus
1105 721 1120 747 ,
1151 690 1212 735 ut
1253 680 1592 750 intelligant,
1617 679 1712 748 'qui
1746 693 1877 733 sana
1903 688 2082 732 mente

513 776 722 850 praediti
775 782 920 831 sunt.
972 771 1217 828 Lewnam
1267 772 1414 826 enim
1459 770 1688 825 dicendo
1721 769 2082 823 ascendentem

513 886 542 926 e
570 873 741 936 mari,
774 867 1195 940 Babyloniorum
1223 876 1448 935 regnum
1484 863 1536 918 in
1569 862 1773 916 mundo
1808 861 2085 931 signiﬁca--

512 963 626 1030 vit,
657 960 799 1031 quod
836 959 997 1029 hujus
1028 954 1302 1012 simulacri
1331 963 1448 1009 erat
1479 963 1636 1024 caput
1663 968 1904 1007 aureum.
1927 951 2083 1018 Quod

516 1063 694 1108 autem
729 1051 888 1106 dicit:
939 1048 1055 1102 Ala:
1096 1047 1208 1116 ejus
1233 1046 1384 1116 quasi
1413 1044 1628 1116 aquihe,
1653 1043 1782 1113 quia
1816 1044 2085 1098 exaltatus

515 1155 599 1201 est
639 1161 733 1200 rex
764 1140 1288 1202 Nabuchodonosor,
1320 1148 1374 1194 et
1402 1139 1664 1192 adversus
1695 1135 1863 1190 Deum
1885 1136 2082 1190 elatus.

519 1240 654 1294 Dum
685 1241 788 1293 ait:
817 1236 1026 1290 Evulsae
1057 1243 1178 1288 sunt
1205 1232 1308 1286 ala:
1338 1231 1470 1301 ejus,
1497 1231 1625 1300 quia
1655 1227 1775 1299 ejus
1809 1229 1986 1283 ablata
2005 1235 2088 1283 est

517 1331 716 1404 gloria;
753 1329 854 1384 fuit
875 1329 1019 1383 enim
1051 1326 1258 1395 ejectus
1289 1339 1318 1378 e
1352 1338 1518 1392 regno
1555 1337 1674 1376 suo.
1712 1320 1951 1375 Diceudo
1991 1329 2089 1373 au-

518 1431 656 1476 tem:
689 1417 792 1474 Cor
811 1417 1036 1472 hominis
1061 1416 1243 1468 datum
1263 1421 1339 1466 est
1363 1412 1411 1465 ei
1428 1422 1476 1465 et
1500 1428 1656 1479 super
1678 1410 1830 1481 pedes
1863 1409 2089 1463 hominis

2183 502 2354 543 cornu
2409 487 2554 542 aliud
2608 503 2834 558 parvum
2885 502 3256 552 suecrescens,
3309 488 3453 558 quod
3483 487 3624 542 inter
3653 487 3738 543 illa

2184 586 2523 640 numeratur,
2573 577 2976 641 Autichristus;
3031 577 3166 647 lapis
3222 575 3531 648 percutiens
3562 585 3749 632 conte-

2189 678 2426 736 reusque
2459 666 2835 730 simulacrum,
2887 665 2980 736 qui
3013 674 3211 720 terram
3236 665 3550 737 adimplevit
3579 675 3634 721 et
3657 665 3749 736 ju-

2183 758 2386 813 dicium
2419 758 2620 812 mundo
2645 757 2826 823 infert,
2859 757 3158 814 Christus.»

2257 849 2526 904 Praeterea
2580 850 2637 904 S.
2681 847 3020 922 Hippolytus,
3075 857 3362 920 postquam
3414 850 3751 920 prophetiam

2185 941 2340 998 Isaiae
2369 945 2434 998 de
2466 943 2684 996 interitu
2707 941 3004 998 Jerusalem
3026 959 3146 1014 cap.
3181 960 3220 1008 ι,
3254 960 3309 998 v.
3347 943 3399 1010 7,
3429 953 3483 998 et
3522 944 3760 1014 prophe-

2186 1035 2317 1090 tiam
2341 1033 2585 1089 Danielis
2613 1035 2679 1088 de
2708 1035 3024 1098 simulacro,
3051 1050 3145 1090 seu
3191 1044 3368 1091 statua
3394 1043 3552 1090 antea
3587 1035 3763 1105 expli-

2188 1137 2329 1188 eata,
2358 1128 2483 1182 item
2528 1127 2690 1182 aliam
2743 1128 3081 1198 prophetiam
3114 1128 3266 1185 Isaia:
3289 1144 3409 1200 cap.
3435 1145 3607 1197 van,
3634 1146 3689 1184 v.
3726 1130 3754 1184 1

2188 1225 2242 1272 et
2275 1233 2414 1288 scq.,
2443 1217 2715 1287 impletam
2771 1233 2894 1274 esse
2926 1219 3102 1288 quoad
3129 1220 3387 1289 majorem
3415 1229 3623 1290 partem
3653 1236 3758 1275 no-

2190 1309 2340 1375 tavit,
2369 1325 2435 1364 ex
2489 1309 2808 1381 Apocalypsi
2866 1312 3038 1366 sancti
3071 1309 3298 1367 Joannis
3343 1313 3518 1382 capite
3563 1329 3680 1368 xvii
3709 1326 3767 1369 et

2191 1417 2348 1458 xvm:
2389 1402 2710 1456 Antichristi
2753 1402 3152 1457 damnationem
3191 1402 3309 1458 fuse
3340 1404 3619 1470 describit,
3642 1422 3769 1476 qua:

519 1511 682 1577 mm,
719 1509 845 1580 quia
895 1507 1091 1561 ductus
1143 1501 1459 1574 ρωιιῑιεηιῙε
1523 1511 1623 1566 εει,
1683 1502 1797 1569 ipse
1851 1501 2090 1570 seipsum
2191 1492 2366 1562 capita
2397 1493 2484 1547 hic
2515 1502 2737 1547 sanctus
2766 1490 3087 1564 Hippolytus
3127 1493 3180 1548 in
3221 1503 3444 1550 extenso
3499 1495 3688 1559 refert,
3714 1507 3772 1551 et

519 1613 841 1673 agnoscens,
876 1598 1020 1669 quod
1047 1598 1212 1650 homo
1235 1603 1397 1660 esset,
1434 1603 1488 1648 et
1516 1593 1664 1647 dedit
1695 1592 1922 1662 gloriam
1959 1590 2087 1646 Deo.
2193 1583 2411 1638 demum
2464 1583 2648 1638 subdit
2692 1585 2808 1654 (5):
2843 1585 3182 1654 Apertissime
3215 1587 3269 1640 in
3304 1587 3385 1641 his
3444 1589 3772 1644 testimoniis

518 1691 650 1747 Post
674 1693 898 1746 leaenam
933 1703 1062 1758 ergo
1089 1685 1388 1742 secundum
1432 1684 1634 1738 animal
1663 1683 1798 1738 vidit
1844 1699 1970 1737 urso
2017 1682 2093 1737 si-
2123 1741 2165 1758 ἢ
2194 1674 2474 1744 sigillatim
2509 1674 2838 1729 declaratum
2872 1685 2948 1729 est
3011 1676 3075 1730 de
3119 1686 3491 1732 tormentorum
3528 1679 3775 1749 judicio,

520 1783 665 1848 mue,
715 1782 860 1853 quod
920 1741 1050 1836 su;
1092 1777 1273 1832 pel-5a;
1307 1816 1321 1831 ,
1357 1813 1373 1830 ,
1407 1815 1421 1828 ,
1455 1775 1697 1831 Dicenda
1751 1783 1933 1829 autem
1989 1783 2090 1827 ινεε
2123 1741 2166 1797 Β
2195 1781 2312 1836 qua
2338 1767 2584 1820 extremis
2629 1766 2945 1834 temporibus
2985 1778 3079 1835 per
3114 1776 3478 1836 tyrannorum,
3517 1770 3610 1840 qui
3641 1782 3780 1824 tunc

519 1887 678 1932 costa!
708 1876 842 1946 (sive
874 1874 1113 1943 ordines)
1149 1875 1200 1926 in
1243 1885 1332 1926 ore
1371 1871 1505 1940 ejus,
1538 1881 1648 1924 tres
1676 1878 1864 1937 gentes
1892 1867 2097 1938 signil’i-
2197 1865 2369 1923 "ut".
2401 1856 2654 1925 ίηὶανίαηι
2682 1855 2831 1909 illam
2871 1858 3140 1911 incessum
3171 1868 3314 1913 sunt.

519 1970 685 2035 cavit,
714 1969 933 2030 Persas,
966 1966 1150 2020 Medos
1182 1973 1236 2020 et
1259 1963 1610 2035 Babylonios,
1654 1960 1816 2030 idque
1859 1959 2097 2014 ostendit

525 2069 810 2130 argentum
864 2057 1183 2127 adjunctum
1237 2069 1374 2108 auro
1403 2053 1454 2107 in
1488 2051 1803 2108 simulacro.
1838 2048 2098 2118 Sequitur

523 2152 684 2206 tertia
732 2149 901 2204 bestia
936 2147 1157 2217 pardus,
1214 2160 1409 2214 nempe
1461 2142 1670 2208 Graeci;
1728 2149 1852 2210 post
1901 2139 2097 2194 Persas

523 2243 669 2298 enim
699 2241 1007 2296 Alexander
1037 2237 1260 2292 Macedo
1292 2251 1474 2291 rerum
1524 2235 1730 2305 potitus
1781 2241 1864 2287 est
1909 2231 2097 2286 debel-

488 2333 634 2398 Jalo
661 2331 844 2394 Dario,
877 2329 968 2400 qui
1006 2330 1059 2383 in
1113 2328 1407 2383 simulacro
1438 2328 1561 2382 ceris
1608 2323 1790 2394 specie
1842 2331 2098 2378 ostensus

523 2432 629 2477 est.
657 2421 892 2476 Dieendo
923 2431 1104 2474 autem
1135 2428 1363 2488 quatuor
1410 2419 1526 2470 alas
1583 2414 1832 2478 volucris,
1867 2412 2098 2482 apertis-

525 2514 666 2567 sime
691 2511 877 2566 docuit
911 2511 1188 2581 quomodo
1220 2507 1508 2562 Alexandri
1538 2506 1827 2576 imperium
1861 2503 2096 2558 divisum

526 2604 662 2670 fuit;
698 2604 925 2659 dicendo
949 2602 1092 2657 enim
1126 2609 1357 2671 quatuor
1383 2599 1557 2668 capita
1582 2639 1597 2665 ,
1625 2606 1880 2668 quatuor,
1909 2595 2098 2665 qui.ex

527 2691 622 2744 illo
659 2699 1011 2746 surrexerunt
1038 2704 1208 2760 rcges,
1240 2688 1597 2752 memoravit;
1622 2685 1929 2741 Alexander
1954 2684 2098 2738 enim

528 2784 771 2837 moriens
793 2782 1078 2852 imperium
1107 2781 1340 2834 solidum
1399 2779 1452 2833 in
1492 2788 1728 2848 quatuor
1757 2786 1940 2847 partes
1963 2777 2102 2831 divi~

531 2874 620 2926 sit.
655 2872 854 2925 Deinde
878 2873 954 2925 ait
982 2890 995 2925 :
1028 2870 1207 2924 Bestia
1233 2879 1425 2940 quarta
1451 2869 1700 2924 terribilis
1731 2885 1794 2923 ac
1818 2867 2096 2939 stupenda,

530 2965 708 3017 dentes
738 2965 851 3031 ejus
883 2963 1061 3032 ferrei,
1121 2971 1170 3016 et
1230 2978 1426 3032 ungues
1473 2961 1587 3031 ejus
1657 2965 1811 3016 cunei.
1866 2961 2101 3028 Quinam

531 3057 644 3118 isti,
683 3056 786 3110 nisi
843 3053 1096 3119 Romani,
1146 3055 1289 3125 quod
1341 3063 1426 3108 est
1485 3055 1745 3117 ferreum,
1778 3053 1923 3124 quod
1956 3066 2102 3107 nunc
2130 3087 2171 3145 Ο

532 3156 662 3213 stat,
695 3156 984 3216 manetque
1013 3146 1324 3216 imperium,
1358 3159 1518 3200 crura
1556 3145 1698 3198 enim
1735 3145 1854 3215 ejus
1889 3143 2098 3211 ferrea;

525 3251 658 3308 pom
679 3237 960 3292 hare-enim
996 3236 1126 3307 quid
1159 3237 1305 3292 aliud
1333 3244 1572 3306 superat,
1605 3235 1950 3304 cliarissime,
1973 3253 2105 3307 prte-

531 3340 616 3383 ter
641 3328 865 3398 vestigia
893 3327 1090 3397 pedum
1154 3328 1455 3396 simulacri,
1513 3337 1568 3383 et
1617 3328 1671 3382 iu
1731 3328 1932 3398 quibus
1973 3344 2103 3398 pars

533 3419 780 3488 quaedam
811 3417 1005 3483 ferrea,
1065 3433 1193 3487 pars
1229 3433 1358 3472 vero
1416 3427 1585 3473 testea
1638 3427 1744 3484 est,
1799 3421 2106 3477 commistis

533 3512 676 3565 inter
707 3526 765 3565 se
793 3509 1112 3579 speciebus?
1139 3509 1241 3562 Per
1263 3525 1470 3579 ungues
1493 3511 1690 3580 pedum
1722 3526 1921 3566 arcano
1942 3528 2106 3568 sensu

540 3617 698 3672 rcges
727 3617 792 3655 ex
826 3602 918 3656 illo
946 3611 1123 3656 ortum
1179 3602 1464 3658 habituros
1517 3603 1836 3674 designavit.
1882 3605 1961 3660 uti
2013 3605 2110 3660 Da-

534 3695 642 3749 niel
675 3697 748 3751 ait
777 3715 786 3748 :
818 3694 1128 3766 Cogitabam
1185 3695 1424 3760 bestiam,
1460 3704 1510 3750 et
1554 3713 1669 3750 ecce
1700 3714 1898 3752 cornua
1935 3699 2106 3752 decem

535 3795 676 3841 retro
702 3802 838 3854 eam,
871 3787 1009 3840 inter
1041 3803 1159 3858 quae
1187 3797 1364 3858 surget
1395 3787 1722 3842 minusculus
1769 3789 1904 3843 stolo
1942 3790 2104 3855 alius,

533 3889 587 3933 et
611 3880 737 3943 tria,
771 3895 888 3949 qua:
925 3889 1047 3933 ante
1078 3880 1254 3949 ipsum
1286 3889 1459 3946 erant,
1513 3895 1711 3934 cornua
1737 3881 1936 3936 evellet.
1990 3881 2108 3949 Quo

537 3988 647 4028 non
672 3973 841 4037 aliud,
873 3987 1037 4042 quam
1072 3971 1441 4027 Antichristus
1500 3981 1836 4027 monstratus
1860 3981 1963 4037 est,
2013 3974 2108 4044 qui

537 4077 590 4120 et
619 4065 733 4136 ipse
777 4063 1091 4120 Judaorum
1151 4078 1376 4134 regnum
1409 4063 1774 4118 suscitaturus
1825 4074 1950 4118 est:
2005 4066 2108 4120 tria

539 4173 744 4212 cornua
791 4173 888 4228 per
927 4173 1052 4212 eum
1089 4157 1274 4211 evulsa
1315 4166 1426 4211 tres
1451 4171 1606 4225 reges
1654 4165 1834 4222 vocat,
1865 4155 2108 4229 Egypti,

537 4249 723 4321 Lybiae
777 4258 832 4305 et
909 4248 1230 4319 Ethiopian,
1299 4264 1436 4318 quos
1514 4246 1801 4302 interficiet
1864 4248 1917 4302 in
1981 4249 2108 4304 belli

538 4357 674 4397 aele.
700 4361 719 4394 1

2269 1949 2461 2004 Postea
2491 1949 2750 2004 describit
2772 1947 2828 2003 S.
2858 1948 3037 2015 Pater,
3083 1951 3357 2020 quomodo
3392 1966 3451 2006 se
3493 1951 3781 2007 Antichri-

2201 2052 2318 2096 stus
2355 2050 2414 2094 ut
2436 2039 2604 2094 Deum
2640 2041 2914 2096 exhibebit
2945 2041 3022 2111 (4)
3045 2041 3416 2112 populumque
3443 2043 3509 2098 ad
3549 2059 3609 2099 se
3636 2060 3783 2099 eon-

2201 2134 2444 2204 gregabit
2495 2132 2571 2203 (5)
2611 2143 2773 2202 atque
2799 2143 3186 2204 persecuturus
3218 2135 3289 2190 sit
3332 2134 3631 2190 Ecclesium
3664 2135 3774 2206 (6).

2202 2225 2428 2281 Mortem
2458 2226 2775 2281 Antichristi
2808 2228 3026 2282 tandem
3059 2227 3247 2282 statuit
3296 2237 3418 2298 post
3453 2227 3568 2283 dies
3615 2229 3779 2300 regni

2201 2319 2374 2390 ipsius
2405 2319 2550 2374 mille
2579 2319 2842 2375 ducentos
2873 2329 2927 2374 et
2959 2321 3260 2391 sexaginta.
3297 2317 3391 2375 Ilis
3420 2328 3601 2374 autem
3620 2335 3784 2375 com-

2201 2412 2361 2483 pletis
2403 2411 2560 2466 docet
2615 2411 2850 2466 futuram
2900 2412 3088 2466 mundi
3139 2411 3377 2466 universi
3411 2426 3778 2467 consumma-

2202 2504 2434 2567 tionem,
2491 2502 2756 2573 judicium
2811 2512 3149 2569 extremum,
3205 2517 3541 2575 regnumque
3596 2505 3780 2560 caelo-

2203 2611 2324 2648 rum
2358 2595 2454 2664 (7).

2277 2687 2520 2758 Denique
2560 2685 2619 2742 S.
2679 2685 3001 2759 Hippolytus
3045 2704 3199 2744 suam
3252 2685 3781 2744 demonstrationem

2205 2781 2558 2850 sequentibus
2590 2781 2900 2836 concludit:
2957 2800 2976 2832 ‹
3006 2777 3131 2836 Ilaec
3169 2780 3264 2836 tibi
3297 2781 3485 2852 paucis
3517 2781 3781 2850 exposui,

2205 2868 2526 2942 'l'heophile,
2575 2886 2642 2925 ex
2696 2871 2894 2927 divinis
2941 2871 3237 2941 Scripturis
3283 2870 3501 2937 hausta,
3549 2879 3612 2924 ut
3659 2885 3786 2925 ser-

2204 2964 2383 3018 vando
2415 2962 2541 3029 lide,
2577 2978 2697 3034 quae
2733 2963 2934 3033 scripta
2988 2972 3134 3028 sunt,
3184 2963 3630 3033 prospiciensque
3683 2960 3786 3016 fu-

2206 3063 2350 3120 tura,
2387 3054 2708 3109 inolfensum
2735 3063 2784 3108 te
2813 3053 2921 3109 Deo
2950 3069 3014 3110 ac
3070 3054 3382 3110 hominibus
3435 3070 3640 3118 serves,
3681 3071 3786 3109 ex-

2207 3145 2695 3215 spectanstbcatam
2731 3161 2880 3215 spem
2921 3155 2976 3200 et
3004 3145 3420 3201 illustrationem
3449 3140 3542 3201 Dei
3567 3155 3622 3201 et
3650 3143 3784 3200 Sal-

2207 3237 2415 3292 vatoris
2446 3238 2640 3304 nostri,
2671 3238 2726 3292 in
2753 3253 2860 3308 qua
2891 3238 3167 3294 suscitatis
3194 3239 3398 3295 sanctis
3423 3239 3623 3294 nostris
3645 3255 3781 3294 cum

2205 3332 2286 3386 eis
2322 3329 2594 3384 laetabitur
2613 3329 2922 3400 glorilicans
2953 3329 3200 3396 Patrem;
3233 3330 3332 3401 ipsi
3356 3331 3525 3402 gloria
3545 3331 3599 3386 in
3631 3345 3787 3388 sem-

2207 3420 2414 3490 piterna
2451 3420 2647 3476 saecula
2680 3421 3024 3476 saeculorum.
3053 3421 3276 3477 Amen.»

2730 3552 3127 3610 ARTICULUS
3156 3554 3242 3609 lll.

2283 3694 2327 3732 S.
2350 3692 2628 3733 BIPPOLY'I'I
2666 3692 2971 3733 OPUSCUIJJII
3022 3693 3089 3733 DE
3134 3693 3385 3734 HISTORIA
3424 3694 3692 3735 SUSANNL.

2281 3787 2811 3845 Demonstrationem
2850 3790 2916 3843 de
2964 3788 3186 3844 Christo
3223 3799 3276 3845 et
3319 3790 3656 3846 Antichristo
3682 3807 3793 3847 ex-

2210 3875 2342 3947 cipit
2370 3878 2694 3948 opusculum
2720 3878 2778 3932 in
2807 3875 3135 3941 Susannam,
3171 3893 3200 3932 a
3231 3876 3558 3935 Combefisio
3589 3879 3791 3937 Graece

2210 3981 2276 4024 ac
2317 3968 2507 4025 Latine
2529 3969 2805 4042 vulgatum
2871 3968 2947 4040 (8)
2976 3987 2991 4024 :
3027 3970 3155 4024 hinc
3196 3985 3324 4025 vero
3354 3985 3384 4024 a
3440 3970 3693 4026 Fabricio
3727 3973 3790 4027 in

2211 4076 2365 4116 suam
2390 4047 3015 4129 editionem‘conjectum
3070 4061 3183 4131 (9):
3218 4063 3396 4117 versio
3429 4073 3611 4118 autem
3673 4061 3792 4119 La-

2209 4153 2325 4206 tina
2348 4153 2401 4206 in
2433 4151 2758 4206 Bibliotheca
2810 4148 2912 4205 SS.
2951 4149 3173 4205 Patrum
3233 4151 3578 4223 Lugdunensi
3625 4169 3791 4223 repea

2212 4247 2308 4300 tita
2343 4245 2474 4314 (10).
2504 4245 2580 4298 De
2605 4244 2771 4314 hujus
2819 4245 3067 4314 opusculi
3123 4246 3428 4317 integritate
3472 4245 3793 4316 nemojure

2212 4337 2469 4407 ambigat,
2505 4337 2597 4390 ubi
2637 4335 2881 4392 conferat
2934 4337 3064 4392 illud
3100 4353 3225 4393 cum
3269 4338 3621 4409 prmeedentis
3651 4352 3786 4408 cap.

610 4431 810 4486 Eodem
847 4429 958 4486 fere
1012 4432 1174 4487 modo
1217 4429 1276 4486 S.
1328 4429 1646 4503 Hippolytus
1679 4430 1952 4486 somnium
2001 4428 2108 4485 Na-
2137 4447 2181 4504 (ι
2214 4431 2301 4486 59.
2337 4429 2614 4502 Siquidem
2646 4431 2933 4503 utrobique
2963 4444 3144 4504 parem
3175 4431 3480 4504 Seripturas
3507 4434 3790 4502 interpre-

538 4525 1012 4581 buchodonosoris
1043 4527 1111 4582 de
1141 4526 1344 4597 ingenti
1402 4541 1468 4582 ac
1527 4526 1634 4580 alta
1691 4534 1889 4589 statua,
1938 4539 2102 4595 quam

540 4616 725 4671 Daniel
755 4617 1060 4686 descripsit,
1111 4619 1495 4689 interpretatur
1524 4618 1622 4690 (2).
1655 4618 1893 4675 Aureum
1920 4630 2102 4690 caput,

541 4709 737 4778 inquit,
771 4709 1070 4775 simulacri,
1121 4711 1321 4777 leaenae,
1384 4732 1404 4764 ι
1433 4711 1711 4784 Babylonii
1763 4719 1955 4778 erant;
1999 4711 2104 4767 huc

541 4799 678 4854 meri
707 4808 761 4854 ct
792 4799 1014 4854 brachia
1059 4813 1336 4870 argentea,
1386 4820 1570 4868 ursus.
1625 4804 1806 4860 Persae
1835 4813 1887 4860 et
1932 4803 2102 4869 Medi;

541 4899 731 4948 venter
774 4891 1058 4962 femurque
1083 4907 1318 4959 aeneum,
1367 4897 1592 4966 pardus,
1625 4898 1718 4968 qui
1754 4899 1824 4952 ab
1873 4897 2105 4951 Alexan-

541 4987 642 5041 dro
670 4983 841 5041 Graeci
898 4999 1078 5039 rerum
1130 4987 1282 5054 potiti
1345 4997 1503 5053 sunt;
1552 5004 1714 5043 crura
1759 4989 1954 5054 ferrea,
1984 4999 2104 5044 stn-

541 5079 717 5148 penda
744 5076 912 5133 bestia
936 5093 1000 5132 ac
1021 5077 1300 5142 terribilis,
1343 5076 1596 5142 Romani,
1629 5080 1720 5149 qui
1752 5095 1895 5134 nunc
1918 5095 2103 5134 rerum

542 5167 856 5236 potiuntur;
881 5167 1104 5239 vestigia
1137 5167 1355 5236 pedum,
1380 5177 1515 5224 testa
1544 5167 1873 5238 ferrumque,
1903 5183 1968 5223 ac
2013 5169 2107 5223 de-

615 5368 691 5441 (1)
719 5366 1000 5441 Hippolyt.
1027 5371 1064 5424 I.
1091 5385 1169 5434 c.,
1201 5385 1352 5441 num.
1382 5369 1452 5422 25
1484 5401 1500 5409 -
1525 5370 1614 5423 28.

614 5440 691 5508 (2)
719 5439 885 5507 Idem,
920 5439 1075 5507 ibid.,
1106 5456 1256 5494 num.
1281 5440 1371 5494 28.

615 5509 693 5576 (5)
725 5509 888 5575 Idem,
919 5510 1076 5577 ibid.,
1103 5512 1137 5565 l.
1161 5526 1212 5566 c.
1242 5527 1391 5565 num.
1421 5511 1508 5564 45.

613 5581 690 5646 (lt)
716 5577 858 5632 Idem
884 5581 980 5644 ib.,
1006 5599 1156 5637 num.
1189 5582 1275 5636 52.

617 5648 694 5718 (5)
722 5646 802 5718 Id.
842 5649 997 5718 ibid.,
1032 5669 1181 5707 num.
1214 5653 1304 5708 54.

618 5717 694 5789 (6)
721 5717 796 5773 Id.
827 5717 987 5790 ibid.,
1022 5738 1173 5779 num.
1206 5723 1276 5778 56
1298 5733 1350 5780 et
1383 5739 1500 5794 seq.

2214 4521 2364 4577 tandi
2398 4523 2660 4579 rationem
2698 4523 2855 4580 facile
2877 4534 3154 4596 agnoscet.
3186 4524 3282 4582 His
3323 4523 3530 4582 accedit
3558 4522 3788 4598 Georgii

2215 4613 2450 4684 Syncelli
2481 4616 2880 4683 testimonium,
2915 4618 3006 4688 qui
3028 4618 3288 4688 scriptum
3320 4617 3790 4688 hujusmodiper-

2211 4706 2413 4777 legisse
2434 4705 2667 4762 videtur.
2725 4708 2816 4765 Sic
2844 4708 2987 4763 enim
3015 4710 3202 4765 scribit
3233 4711 3314 4780 (11
3326 4728 3342 4780 )
3369 4729 3383 4764 :
3433 4730 3452 4762 ι
3491 4707 3656 4766 Sacer
3683 4728 3788 4767 au-

2214 4806 2322 4853 tem
2347 4797 2666 4872 Hippolytus
2695 4801 2749 4854 in
2785 4801 2988 4871 scripto
3039 4802 3105 4856 de
3163 4801 3412 4856 Susanna
3445 4812 3498 4857 et
3529 4801 3783 4870 Daniele,

2211 4890 2460 4946 Joachim
2493 4890 2725 4947 Joacimi
2781 4893 2988 4960 lilium,
3033 4894 3139 4948 alio
3170 4893 3388 4950 nomine
3433 4893 3784 4962 Jechoniam,

2213 4998 2337 5038 cum
2371 4992 2479 5038 tres
2515 4999 2688 5040 annos
2729 4994 2854 5054 post
2883 4997 3090 5055 patrem
3149 4987 3489 5056 imperasset,
3548 4988 3791 5061 Babylo-

2214 5090 2337 5129 nem
2364 5075 2487 5130 cum
2541 5075 2766 5146 reliquis
2821 5077 3180 5144 translatum;
3236 5078 3512 5136 Danielem
3555 5097 3687 5137 vero
3717 5099 3792 5140 ac

2215 5176 2324 5222 tres
2366 5183 2566 5238 pueros
2593 5169 2921 5240 captivitatis
2947 5169 3109 5241 hujus
3132 5181 3455 5239 consortes;
3484 5188 3604 5228 eum
3648 5190 3792 5232 vero

2287 5369 2364 5434 (7)
2394 5367 2472 5422 Id.
2510 5369 2668 5432 ibid.,
2701 5386 2851 5424 num.
2883 5369 2972 5431 6|.
3003 5369 3093 5434 62,
3123 5369 3212 5434 65,
3237 5369 3325 5436 61,
3357 5368 3446 5430 65,
3474 5369 3562 5423 66.

2215 5439 2390 5565 50(846
2413 5438 2730 5505 Combelis.,
2795 5441 3012 5493 Auctar.
3077 5441 3294 5505 noviss.,
3359 5451 3491 5494 tom.
3549 5438 3590 5506 Ι,
3653 5456 3796 5513 pag.

2287 5581 2362 5648 (9)
2393 5579 2576 5647 Fabr.,
2599 5577 2870 5705 Hippolyt.
2903 5579 3081 5636 tom.I
3113 5577 3273 5649 0pp.,
3306 5595 3427 5650 pag.
3456 5579 3561 5635 275
3577 5588 3632 5635 et
3661 5597 3799 5655 seq.

2287 5650 2400 5705 (10)
2425 5649 2567 5705 Bibl.
2607 5651 2654 5705 Ρ
2711 5691 2723 5704 .
2757 5651 3024 5705 l.uadun..
3063 5661 3194 5704 tom.
3223 5651 3433 5705 XXVII.
3458 5667 3579 5705 nan.
3619 5650 3716 5705 62.

2287 5650 2400 5723 (16)
2425 5649 2567 5723 Bibl.
2607 5649 2723 5706 P‘P.
2757 5649 3025 5723 Liigdun.,
3051 5661 3200 5723 tom.
3223 5651 3433 5723 X.\:Y|l,
3458 5667 3579 5723 pag.
3619 5650 3716 5709 62.

2290 5721 2404 5792 (11)
2429 5721 2821 5793 Chronograph.
2855 5737 2978 5792 pag.
3002 5721 3128 5789 218,
3155 5721 3226 5775 al.
3255 5721 3374 5775 171.
