3918 6194
182 289 255 348 293
1040 278 1126 339 DE
1170 282 1328 339 VITA
1365 280 1452 336 ET
1496 279 1623 336 SER

1731 276 1813 332 'IS
1854 277 1909 332 S.
1950 270 2331 332 ΗΙΡΡΟΠΤΙ.

3206 277 3316 333 296

180 418 383 471 Susanna:
406 411 664 483 conjugem
697 411 860 468 dicit:
901 424 999 466 nec
1034 409 1211 465 aliena
1239 418 1322 465 est
1349 425 1379 463 a
1415 409 1639 463 veritate
1667 411 1715 467 Α
1742 410 1956 473 gerunt.
1992 401 2045 456 ld
2073 416 2202 456 vero
2232 398 2491 470 peculiari
2542 394 2783 469 Spiritus
2818 395 3044 452 numine
3075 410 3138 449 ac
3177 412 3311 451 con-

181 516 420 563 sententia.»

236 600 377 653 ferum
399 606 447 649 ut
476 595 572 649 hac
622 595 688 649 de
724 610 783 650 re
833 586 1045 665 plenius
1078 594 1257 649 adhuc
1282 593 1635 653 edoceamur,

180 696 229 748 cl.
251 692 450 747 editorem
477 690 543 741 ita
572 688 873 757 loquentem
923 689 1211 743 audiamus
1237 687 1351 755 (12)
1379 703 1394 741 :
1422 684 1636 750 «Quod,

176 785 312 852 inquit,
337 788 635 848 reprzesento
669 778 935 850 Hippolyti
987 795 1124 849 opus
1153 780 1221 833 de
1249 777 1515 833 Susanna:
1557 777 1640 829 hi-

171 877 286 930 storis
316 874 423 938 (non
456 872 625 940 ipsum
659 870 791 924 forte
826 872 1115 940 integrum,
1147 870 1238 924 sed
1264 871 1423 939 quale
1449 878 1639 923 auctor

169 969 321 1020 Catena:
343 964 498 1029 Regia:
534 964 586 1016 in
621 962 980 1033 Scripturam,
1015 962 1283 1032 ejusmodi
1314 971 1635 1017 catenarum

168 1058 320 1113 licentia
347 1054 482 1124 quasi
512 1070 608 1123 per
638 1055 807 1109 electa
856 1070 969 1109 sua:
1000 1053 1326 1124 expositioni
1384 1054 1635 1121 inseruit)

166 1152 288 1219 ipsum
314 1148 516 1209 videtur,
540 1146 681 1216 quod
713 1146 776 1199 de
806 1145 1023 1199 Daniele
1075 1144 1353 1213 inscripsit
1376 1143 1637 1214 Hierony-

164 1256 261 1303 mus,
303 1254 353 1291 ac
376 1237 591 1292 Pbotius
638 1238 792 1293 alteri
826 1238 944 1306 ejus
981 1236 1051 1291 De
1106 1237 1431 1290 Amic/triste
1481 1236 1639 1290 lucu-

163 1333 327 1387 brationi
348 1331 525 1401 jungit.
563 1331 807 1400 Simplici
836 1331 1092 1400 allegoria
1127 1330 1205 1385 sic
1237 1330 1547 1386 Susannam
1579 1332 1635 1385 in

160 1424 342 1478 Ecclesia:
366 1432 532 1493 typum
558 1422 813 1488 assumit,
855 1432 916 1476 ut
945 1422 1066 1492 ejus
1094 1422 1354 1492 temporis
1380 1422 1635 1477 Ecclesia:

158 1528 298 1569 statum
338 1516 720 1586 nonnullosque
787 1515 959 1569 obiter
1034 1515 1173 1570 ritus
1233 1516 1634 1571 ecclesiasticos

156 1607 331 1675 gnaviter
366 1607 557 1676 aperiat
599 1624 612 1660 :
669 1606 736 1661 de
776 1606 1030 1677 baptismi
1084 1608 1358 1670 unctione,
1399 1608 1465 1662 de
1515 1608 1634 1678 ejus

155 1702 227 1753 ritu
247 1700 432 1755 solemni
462 1700 514 1754 in
552 1698 783 1765 Pascha,
815 1716 909 1770 per
934 1700 1091 1769 cujus
1115 1701 1459 1756 occasionem
1491 1716 1633 1770 prte-

1743 495 1867 550 silio
1896 495 2076 557 ﬁebat,
2110 508 2178 547 ne
2201 492 2450 547 diabolus
2496 491 2822 560 intelligeret
2872 504 2993 559 qua:
3036 488 3317 557 prophetis

1742 586 1797 640 in
1821 584 2096 656 parabolis
2126 584 2270 638 dicta
2304 590 2477 647 erant,
2529 596 2594 636 ac
2634 580 2814 635 denuo
2863 580 2929 633 ad
2983 578 3320 648 perdendum

1740 692 1934 732 rursus
1972 675 2249 730 hominem
2297 674 2522 743 laqueos
2570 672 2835 727 tenderet.
2887 668 3013 724 llaec
3053 668 3320 724 sententia

1741 769 1992 837 proxime
2044 766 2256 822 accedit
2306 766 2374 821 ad
2409 766 2581 827 illam,
2646 779 2809 833 quam
2844 760 2901 816 S.
2952 760 3319 833 Hieronymus

1740 859 1866 914 dixo
1889 857 2117 927 lgnatio,
2154 872 2254 910 cur
2282 854 2345 909 B.
2404 852 2468 908 V.
2523 853 2692 908 Maria
2729 851 2786 906 S.
2822 849 3059 920 Josepho
3084 849 3317 918 despon-

1739 962 1855 1009 sata
1885 952 2071 1016 fuerit,
2102 950 2373 1005 attribuit.

1808 1045 2074 1099 Caeterum
2104 1057 2333 1112 parvum
2362 1041 2467 1095 hoc
2503 1038 2829 1109 opusculum
2866 1036 3000 1090 nihil
3026 1034 3148 1089 divo
3183 1032 3316 1102 Hip«

1737 1133 1920 1203 polyto
1946 1133 2226 1202 indignum
2252 1131 2532 1196 continet;
2560 1129 2735 1199 ipsum
2761 1128 2923 1182 etiam
2950 1135 3182 1195 tempus,
3207 1140 3318 1192 quo

1736 1225 2097 1294 compositum
2157 1222 2353 1286 fuerat,
2398 1221 2633 1292 perbelle
2672 1237 2794 1275 cum
2824 1220 3022 1275 saeculo
3053 1217 3217 1287 hujus
3253 1219 3311 1273 S.

1736 1309 1913 1365 Patris
1947 1310 2264 1365 concordat.
2291 1308 2551 1363 Videmus
2576 1308 2718 1363 enim
2747 1309 2963 1362 Judaeos
2986 1316 3038 1362 et
3067 1308 3315 1376 gentiles,

1735 1401 2191 1471 quemadmodum
2240 1402 2329 1456 hic
2378 1411 2570 1456 auctor
2607 1402 2904 1465 adnotavit,
2938 1403 3316 1472 conspirantes

1735 1493 1999 1547 adversus
2047 1492 2370 1559 Ecclesium,
2405 1500 2725 1547 accusantes
2772 1492 3137 1559 Christianos,
3168 1493 3314 1563 quod

1735 1593 1923 1639 contra
1979 1584 2256 1639 Caesarum
2306 1586 2521 1639 decreta
2577 1592 2759 1652 agant,
2799 1592 3193 1654 proptereaque
3244 1585 3314 1639 ad

1734 1676 2026 1731 tribunalia
2058 1676 2321 1731 adductos
2374 1691 2437 1729 ac
2485 1686 2660 1730 morte
2699 1676 2988 1729 damnatos
3019 1676 3165 1745 (15);
3198 1677 3314 1731 haec

153 1796 260 1863 cipue
285 1794 326 1847 in
354 1792 637 1849 Ecdesinm
671 1764 921 1849 smvir'em
948 1764 1117 1849 Ju’dmi
1144 1806 1197 1849 et
1227 1795 1461 1859 ethnici;
1488 1764 1632 1864 ἆυοά
1665 1764 1708 1821 Β
1734 1777 1913 1823 autem
1940 1767 2334 1838 persecutionis
2357 1768 2608 1838 adjuncta
2639 1768 2703 1821 ad
2746 1767 2955 1820 initium
2987 1777 3040 1821 et
3071 1768 3311 1821 medium

152 1884 506 1940 fortemolestius
555 1886 833 1941 habebant
878 1887 994 1941 ﬁeri
1039 1901 1211 1942 novos
1267 1886 1629 1954 Christianos,

150 1992 262 2044 quam
291 1992 390 2030 esse
412 1978 516 2045 jam
546 1990 778 2033 veteres.
829 1979 921 2033 Sic
972 1994 1113 2047 saepe
1145 1979 1201 2032 in
1244 1977 1395 2033 Actis
1421 1989 1629 2051 marty-

151 2083 231 2121 rum
252 2067 479 2131 videmus,
510 2070 604 2138 qui
632 2085 822 2126 recens
850 2070 917 2125 ad
964 2069 1167 2125 Christi
1195 2080 1373 2126 castra
1404 2073 1633 2127 transie-

150 2170 247 2220 runt,
268 2177 318 2213 ar
344 2170 631 2232 martyrum
677 2178 839 2232 opera
885 2172 1221 2228 reverentur,
1253 2165 1400 2234 ipsos
1430 2166 1493 2218 ad
1517 2180 1632 2234 pie-

149 2266 215 2305 ms
231 2263 441 2317 vocatos;
473 2269 597 2307 cum
629 2254 1055 2310 innumerabiles
1081 2255 1173 2309 alii
1209 2256 1503 2311 Christiani
1539 2272 1629 2312 es-

149 2354 243 2405 sent,
261 2346 427 2413 quibus
476 2354 799 2414 parceretur
826 2353 881 2403 et
932 2346 1026 2415 qui
1065 2347 1151 2400 vix
1204 2347 1375 2402 latere
1414 2348 1628 2417 judices

148 2446 316 2501 possent.
342 2438 489 2491 Extra
512 2439 662 2493 enim
695 2438 1117 2494 Diocletianeam
1144 2439 1330 2495 Roma:
1370 2455 1627 2509 perseeu-

150 2527 303 2590 tionem,
332 2530 407 2582 vix
439 2546 683 2599 unquam
719 2530 774 2584 in
795 2527 1151 2593 Christianos,
1180 2532 1272 2601 qui
1299 2531 1409 2600 jam
1446 2531 1627 2600 plures

147 2628 267 2671 essent
288 2628 331 2672 et
357 2622 613 2689 populum
643 2621 904 2686 facerent,
931 2637 995 2677 ac
1042 2621 1361 2686 Eeclesiam,
1394 2624 1474 2677 sic
1508 2624 1627 2677 uni-

146 2723 248 2763 verse
269 2713 481 2766 saevitum
528 2722 641 2779 est,
694 2723 754 2768 ut
804 2716 983 2770 omnis
1016 2716 1133 2785 ipsa
1182 2715 1471 2770 multitudo
1516 2731 1623 2770 una

145 2802 246 2866 quasi
276 2802 475 2860 furentis
506 2807 794 2862 mucronis
844 2818 1179 2877 quaereretur
1202 2809 1476 2865 victima.»
1498 2808 1625 2864 Πωο

145 2888 434 2951 Combeﬁsius.

187 2982 325 3038 Brevis
353 2986 431 3040 hic
463 2990 899 3045 commentarius
936 2992 1215 3047 historiam
1244 2994 1509 3052 Susanna:
1543 3000 1624 3052 al-

1733 1861 1914 1916 saeculi
1946 1860 2089 1915 tertii
2116 1861 2410 1915 observare
2434 1870 2536 1914 est.
2567 1859 2805 1913 Tandem
2840 1867 3090 1913 auctores
3126 1858 3312 1911 Hiero»

1733 1947 1825 1999 rite
1874 1945 2153 1999 litteraria:
2198 1943 2499 1999 Galliarum
2534 1945 2678 2013 regni
2701 1943 3143 1998 animadvertunt
3195 1944 3310 2015 (16)

1731 2039 2024 2093 verisimile
2065 2052 2209 2098 esse,
2250 2038 2403 2091 illam
2442 2051 2663 2106 parvam
2704 2036 3096 2105 expositionem
3142 2038 3314 2095 fuisse

1733 2130 2015 2185 homiliam
2057 2129 2125 2184 ab
2155 2128 2442 2199 Hippolyto
2470 2129 2535 2182 ad
2568 2128 2827 2198 pupulum
2856 2128 3078 2187 dictam.

2250 2238 2648 2294 ARTICULUS
2695 2239 2785 2294 IV.

1844 2346 1912 2385 DE
1948 2345 2233 2386 TRACTATU
2263 2347 2349 2394 QUI
2385 2345 2721 2385 INSCRIBITUR
2754 2350 2773 2383 ί
2803 2347 3215 2390 ΒΕΗΟΝΒἸἪΑΤΙΟ

2230 2416 2499 2456 Αυνειιδυε
2521 2416 2753 2456 ΙΗΒᾸῙΟΕ.
2788 2420 2807 2453 ι

1798 2510 1930 2578 Quae
1978 2515 2136 2569 tertio
2192 2514 2440 2583 sequitur
2472 2512 2867 2568 Demonstratio
2923 2516 3171 2570 adversus
3204 2515 3309 2568 Ju-

1728 2603 1894 2668 dwos,
1925 2606 2206 2676 designata
2256 2606 2607 2662 existimatur
2636 2606 2691 2660 in
2726 2607 2987 2663 laterculo
3034 2608 3304 2679 Hippolyti

1730 2694 1965 2763 lapideo,
1987 2697 2080 2751 ubi
2104 2697 2247 2751 linea
2274 2698 2450 2766 prima
2476 2697 2557 2751 ha:
2582 2698 2770 2752 litterae
2792 2711 3103 2768 comparent
3127 2701 3304 2763 lOYC;

1726 2786 1780 2841 id
1812 2798 1913 2853 est,
1966 2798 2027 2843 ut
2073 2790 2349 2844 nonnullis
2400 2791 2599 2853 visum,
2628 2790 2953 2854 Ἀποδείξεις
3000 2791 3135 2863 πρὸς
3178 2793 3306 2857 τοὺς·

1738 2879 2040 2945 Ἰουδαίους.
2072 2880 2265 2937 Varias
2301 2882 2537 2936 virorqu
2589 2883 2925 2937 eruditorum
2956 2885 3303 2954 conjecturas

1722 2973 1973 3041 exposuit
2004 2971 2068 3026 V.
2098 2972 2159 3026 Ε.
2202 2972 2484 3028 Fabricius
2517 2982 2647 3026 tom.
2683 2973 2703 3026 Ι
2767 2973 2928 3044 Opp.,
2958 2990 3011 3044 p.
3042 2976 3131 3029 80.
3172 2974 3305 3031 Utut

144 3072 305 3143 legorice
328 3081 553 3148 exponit.
593 3082 651 3135 S.
678 3080 994 3155 Hippolytus
1016 3086 1169 3151 dicit,
1193 3088 1335 3156 quod
1370 3088 1619 3146 Susanna
1649 3104 1690 3162 ο
1725 3060 1798 3116 ³η
1835 3062 1901 3162 d_e
1950 3062 2628 3162 '3lefc'f'ijmc'ﬁi“‘9‘”?
2660 3065 2797 3119 nihil
2825 3065 2876 3119 in
2910 3067 3303 3162 ﬁliumqui}-

147 3163 326 3223 Ecclesia:
348 3173 553 3237 gerebat
611 3173 864 3244 ﬁguram;
904 3175 1148 3231 Joaehim
1198 3195 1325 3235 vero
1369 3182 1449 3235 vir
1479 3185 1619 3252 ejus,
1656 3212 1657 3215 η

146 3254 299 3311 Christi.
354 3258 545 3318 Hortus
620 3279 720 3318 seu
773 3267 1078 3333 pomarium
1128 3268 1343 3321 vocatio
1399 3279 1623 3325 sancto-

150 3361 240 3409 rum,
263 3351 337 3416 qui
385 3360 640 3424 tanquam
694 3356 984 3411 fructiferae
1036 3357 1259 3413 arbores
1298 3359 1352 3413 in
1383 3360 1621 3416 Ecclesia

146 3436 295 3501 plantati
343 3453 475 3498 sunt.
534 3445 780 3517 Babylon
809 3450 1043 3504 mundus
1097 3460 1198 3504 est.
1234 3450 1349 3505 Duo
1379 3453 1621 3509 seniores

144 3531 234 3585 duos
253 3537 445 3604 populos
473 3541 713 3609 ﬁgurare
742 3552 1058 3607 noscuntur,
1086 3544 1178 3612 qui
1211 3542 1464 3599 Ecclesiae
1492 3546 1622 3601 insi-

145 3618 222 3675 dias
245 3635 419 3683 struere
448 3647 556 3685 non
590 3634 881 3686 cessabant
904 3651 919 3699 ;
956 3650 1149 3704 nempe
1176 3635 1395 3693 Judazos
1418 3648 1470 3693 et
1492 3655 1621 3709 gen-

145 3712 222 3767 tiles
246 3718 351 3786 (15).
379 3722 483 3776 Cur
516 3734 701 3776 autem
739 3724 970 3779 historia
1018 3724 1284 3782 Susanna:
1316 3729 1371 3783 in
1427 3730 1532 3785 ﬁne
1555 3731 1621 3785 li-

144 3804 403 3869 briDanielis
425 3815 718 3883 referatur,
754 3833 875 3871 cum
922 3828 1099 3874 tamen
1136 3837 1223 3876 res
1251 3831 1377 3876 nota
1408 3833 1460 3877 ct
1487 3838 1621 3878 eon-

143 3904 275 3954 lestata
294 3905 370 3969 sit,
397 3908 539 3975 quod
570 3914 703 3961 ante
732 3909 916 3963 omnia
957 3909 1062 3963 alia
1094 3926 1122 3964 a
1160 3913 1421 3982 pr0pheta
1450 3916 1617 3969 relata

144 3986 233 4043 facta
273 3998 564 4067 contigerit?
616 3998 927 4069 Respondet
981 4000 1039 4055 S.
1104 4000 1429 4074 Hippolytus
1462 4005 1613 4075 (ll):

143 4077 201 4135 Sic
246 4088 538 4156 scriptorum
595 4105 880 4147 sacrorum
932 4094 1177 4149 moribus
1238 4107 1612 4166 comparatum

140 4186 232 4239 ﬁse,
254 4189 300 4233 ut
328 4198 421 4237 non
453 4201 630 4254 pauca
657 4187 868 4241 inverso
915 4189 1104 4243 ordine
1153 4189 1454 4245 litterarum
1506 4207 1619 4245 ms-

143 4274 337 4330 numentis
355 4279 665 4349 consignata
699 4280 928 4335 tradant.
950 4279 1084 4335 Nam
1108 4281 1270 4336 etiam
1303 4283 1357 4335 in
1380 4284 1615 4352 prephe-

142 4360 185 4413 lis
204 4367 414 4432 quasdam
438 4372 680 4427 visiones
706 4372 1028 4428 offendimus
1056 4374 1210 4443 prius
1235 4377 1575 4445 conscriptas
1595 4420 1609 4443 ,

142 4462 179 4503 Ic
197 4469 341 4513 rursus
384 4462 432 4516 in
463 4464 753 4533 postremis
800 4465 1017 4530 relatas,
1056 4481 1179 4535 quae
1213 4467 1390 4535 primo
1428 4469 1609 4522 conti-

290 4699 583 4779 Comitem”
617 4707 651 4760 l.
677 4724 726 4763 c.
755 4724 882 4779 pag.
920 4709 1010 4766 65.

361 4764 621 4847 Ilippolyt.
652 4780 707 4830 in
743 4764 1061 4834 Sagarinum.

185 4832 261 4918 (in
291 4832 658 4918 ldem'i'bidhn,
686 4850 753 4901 ab
780 4832 953 4904 initio.

166 4907 408 4992 =ilSi‘cHoc
439 4931 587 4992 nunc
608 4907 824 4987 quoque
859 4921 914 4992 in
941 4920 1179 4976 Ecclesia
1216 4923 1422 4988 impleri
1460 4924 1607 4979 inve‘

250 4980 373 5063 illum.
388 4988 525 5063 enim
558 4980 667 5041 duo
707 4980 1314 5063 populirnnsenseriut
1347 5004 1404 5049 ut
1438 5011 1605 5063 quos-

142 5039 303 5142 ρξὶῖυός
339 5054 570 5142 Ecclesia.
594 5039 845 5142 pertlranrt',‘
872 5061 1013 5140 diem
1060 5072 1241 5142 aptum
1282 5039 1605 5132 observant;

143 5121 396 5200 ulgtessique
440 5126 498 5200 in
542 5121 763 5200 domum
808 5121 898 5183 Dei
932 5121 1140 5186 cunctis
1182 5133 1255 5187 ibi
1303 5121 1604 5200 orantibus,

144 5176 342 5272 Elimque
385 5193 742 5272 laudantibus,
786 5204 1151 5272 apprehensus
1180 5176 1459 5272 quosdam.
1484 5176 1605 5259 ira:

143 5246 1606 5343 ξνξιμίςεειιιᾱιίέξξάἰξεξιίρξ’ςννιιξιεῖνξαςδῖςνιῖενθηέ·;σ

143 5332 201 5409 ξίξξι
223 5332 385 5409 fallite,
411 5351 468 5409 ac
496 5337 593 5389 diis
624 5338 819 5409 cultant
851 5332 1117 5404 adhibete;
1143 5332 1294 5409 (μιοᾶ
1309 5346 1354 5396 si
1382 5332 1607 5399 nolueri-

222 5400 524 5482 lffl‘imonium
556 5408 842 5482 adversum
868 5427 951 5464 vos
983 5396 1235 5467 dicentia.
1269 5413 1376 5469 Eos

144 5467 477 5549 ‘lﬁl__ll0luerint,
510 5478 571 5531 ad
613 5479 900 5534 tribunalia
931 5482 1202 5536 adducunt
1241 5495 1295 5538 et
1326 5467 1601 5549 accusant,

146 5530 327 5617 Eim‘lui
360 5549 508 5617 agant
538 5557 723 5602 contra
757 5552 1030 5604 decretum
1058 5530 1308 5617 Caesaris,
1341 5530 1419 5608 acv
1435 5530 1605 5609 morte

146 5594 657 5711 kmznfgn'ffipaulo
690 5620 828 5673 infra
863 5595 1318 5711 :«Eeclesiaenitn
1348 5625 1542 5706 nedum
1573 5643 1602 5676 ει

166 5670 277 5729 imeis
296 5670 519 5753 afﬂigitur
545 5670 609 5744 ac
634 5670 914 5761 anguis—tias
947 5670 1167 5761 patitur,
1204 5670 1600 5750 veruu‘twe‘tiam

1725 3154 1896 3208 currit
1924 3156 2067 3223 quod
2102 3156 2175 3208 sit
2202 3153 2489 3226 Hippolyto
2519 3156 2823 3227 indignum,
2873 3158 3007 3211 nihil
3052 3159 3198 3229 quod
3232 3159 3302 3213 il-

1723 3243 1830 3300 lius
1853 3245 1997 3299 aetati
2038 3260 2145 3298 non
2180 3256 2465 3315 congruat.
2512 3245 2778 3302 Praeterea
2813 3248 3066 3303 laudatur
3093 3251 3299 3319 passim

1723 3335 1793 3389 ab
1830 3348 2053 3391 auctore
2100 3336 2213 3407 (l7)
2252 3338 2353 3393 sub
2388 3337 2697 3394 Salomonis
2749 3341 2964 3395 nomine
3012 3342 3300 3411 Sapientia:

1723 3426 1857 3481 liber
1894 3445 1906 3481 :
1937 3430 2082 3497 quod
2124 3429 2341 3498 quidem
2389 3427 2574 3484 lrenaei
2625 3429 2950 3501 discipulum
3006 3431 3060 3486 in
3104 3433 3297 3502 primis

1722 3518 1896 3585 decet,
1942 3529 1999 3574 ut
2033 3522 2164 3576 viris
2209 3521 2862 3580 doctis-animadversum
2894 3524 3028 3597 (18).
3073 3527 3301 3582 Accedit

1722 3610 2020 3665 auctoritas
2066 3611 2261 3666 veteris
2308 3613 2533 3677 codicis,
2586 3614 2728 3667 unde
2784 3614 3088 3669 versionem
3135 3632 3293 3671 suam

1722 3700 2005 3755 adornavit
2041 3701 2366 3759 Franciscus
2395 3703 2717 3760 Turrianus.
2756 3703 2894 3759 Hinc
2927 3707 3149 3762 minime
3193 3725 3293 3763 au-

1721 3791 1948 3847 diendus
1984 3790 2302 3863 Basnagius,
2334 3795 2448 3864 qui,
2489 3805 2548 3849 ut
2576 3795 2685 3849 duo
2709 3796 3063 3864 prazcedentia
3088 3797 3292 3868 Hippo-

1720 3881 1814 3951 lyti
1849 3882 2048 3951 scripta
2089 3891 2346 3953 tanquam
2378 3885 2567 3940 ﬁetitia
2590 3887 2816 3955 respuit,
2844 3887 2923 3942 sic
2951 3888 3111 3942 etiam
3143 3889 3288 3945 istud

1720 3972 2004 4047 Hippolyto
2028 3976 2367 4047 suppositum
2394 3978 2544 4033 ducit
2577 3978 2710 4049 (l9).
2737 3977 2842 4034 Sed
2865 3981 3285 4049 superciliosum

1719 4080 1997 4121 censorem
2029 4067 2392 4133 dimittamus,
2422 4069 2634 4139 sibique
2677 4071 2771 4125 uni
2823 4072 3025 4141 sapiat;
3061 4073 3154 4142 qui
3202 4073 3290 4127 ni-

1720 4157 1918 4211 mirum
1942 4173 2009 4213 ne
2031 4175 2199 4213 unum
2228 4161 2446 4230 quidem
2482 4162 2706 4217 verbum
2742 4163 3000 4233 proferat,
3028 4180 3138 4234 quo
3172 4166 3285 4219 sal-

1718 4255 1823 4301 tem
1851 4248 2117 4320 signilicet
2153 4267 2251 4306 cur
2278 4252 2351 4306 ita
2377 4253 2594 4308 demum
2628 4255 2843 4309 sentiat.
2886 4253 3137 4309 Turriani
3159 4271 3286 4311 ver-

1718 4339 1922 4394 sionem
1960 4343 2192 4411 primum
2221 4344 2388 4399 edidit
2416 4343 2742 4400 Possevinus
2770 4345 2905 4415 (20),
2937 4348 3130 4403 deinde
3177 4347 3284 4401 lm-

1647 4442 1687 4496 ι)
1716 4428 1946 4484 bonatus
1981 4431 2116 4501 (21),
2152 4441 2427 4501 postremo
2470 4432 2753 4489 Fabricius
2782 4434 2837 4488 in
2865 4435 3043 4506 priore
3086 4436 3284 4509 Hippo-
3356 4446 3359 4447 '

1712 4728 1744 4837 ἓ
1778 4715 2045 4837 ἒθέἓὶϋυε.
2073 4735 2090 4767 ι
2125 4714 2336 4786 llippol.
2373 4718 2426 4771 in
2456 4716 2665 4774 Daniel.
2691 4731 2740 4773 et
2780 4718 3035 4791 Sumam,
3072 4733 3201 4779 tom.
3233 4725 3276 4793 Ι,

1711 4786 2075 4979 ἓξὲξθίδι.
2108 4853 2268 4911 liuér.
2297 4856 2361 4910 de
2407 4856 2462 4911 la
2497 4856 2703 4913 France
2726 4900 2740 4924 ,
2781 4871 2911 4917 tom.
2961 4862 3002 4928 1,
3056 4874 3195 4933 ρατι-
3231 4881 3247 4918 ¹
3267 4908 3272 4921 υ

1710 4938 2225 5068 ρ’ῌῘρροιΥιη
2260 4998 2378 5051 adv.
2414 4996 2568 5068 Iud”
2606 5014 2725 5068 cap.
2767 5018 2821 5056 ix
2854 5014 2904 5058 et
2936 5020 2989 5058 χ,

1807 4993 1892 5061 17)
1933 4992 2225 5067 Hippolyt.,
2260 4998 2378 5051 adv.
2414 4996 2568 5063 Jud.,
2606 5014 2725 5068 cap.
2767 5018 2821 5056 ιχ
2854 5014 2904 5058 et
2936 5020 2989 5058 χ.

1780 4992 2072 5187 {31782.111'31.
2105 5066 2266 5121 littér.
2298 5068 2361 5122 de
2406 5064 2460 5120 la
2510 5067 2737 5135 France,
2791 5083 2921 5127 tom.
2956 5075 2996 5139 l,
3049 5080 3188 5143 part.
3226 5090 3267 5137 ι,

1709 5147 1763 5295 1:.
1780 5147 1828 5295 (Ξ
1838 5147 2164 5295 ὁὲζΒξιᾷεῙιειξ..
2176 5206 2467 5295 ηἰιιέξόγ.
2485 5210 2561 5294 δᾶ,
2574 5209 2824 5292 ἸξΙιεεαην.
2843 5211 3053 5295 Canis,
3066 5212 3265 5295 _tom_..l,

1710 5289 1761 5341 p.
1796 5274 1828 5327 9
1858 5274 1911 5328 et
1939 5291 2056 5345 seq.
2086 5276 2275 5331 Judice
2314 5278 2397 5332 Cl.
2424 5279 2659 5349 Dupinio
2694 5297 2814 5350 pag.
2852 5280 2952 5333 177
2980 5274 3100 5337 Lat.
3135 5274 3265 5338 edit.

1708 5342 2045 5423 Bibliothegw
2087 5356 2381 5423 auctorum,
2413 5349 2799 5423 Qemonstratio
2839 5361 3020 5405 contra
3049 5351 3263 5423 Iudico:

1708 5414 1937 5483 alicujus
1970 5416 2225 5493 homiiize,
2250 5426 2344 5472 aut
2392 5419 2531 5474 alius
2564 5420 2860 5493 cujusdam
2890 5424 3088 5493 operis
3120 5421 3264 5491 frag-

1708 5494 1947 5537 mentum
1982 5494 2083 5541 est.
2122 5485 2313 5542 Utrum
2358 5504 2486 5543 vero
2533 5490 2603 5544 sit
2640 5485 2925 5561 Hippolyti,
2945 5485 3134 5548 'eidem
3180 5485 3258 5547 ίῖι·

1711 5562 1915 5607 certum
1954 5554 2181 5610 videtur.

1778 5622 1888 5764 (20)
1929 5622 2229 5689 Possevin.,
2260 5627 2515 5708 Apparet.
2550 5643 2681 5690 δας..
2716 5637 2752 5684 t.
2791 5628 2830 5695 l,
2854 5645 2907 5700 p.
2938 5620 3441 5767 763-765f

1799 5694 1857 5746 21
1927 5692 2213 5763 lmbonat.,
2253 5697 2392 5753 Bibl.
2426 5697 2543 5753 Lat.
2581 5697 2765 5767 llebr.,
2788 5717 2839 5767 p.
2872 5701 3051 5758 75-76.
3200 5704 3207 5713 ”

1799 5692 1886 5764 21)
1927 5692 2213 5763 lmbonat.,
2253 5692 2392 5753 Bibl.
2426 5697 2543 5753 Lat.
2581 5692 3051 5772 llebr.,p'.'75-76.
3170 5704 3207 5781 ,J
