3918 6194
553 271 661 330 295

1530 267 1618 325 DE
1655 258 1818 324 VITA
1849 256 1938 322 ΕΤ
1979 263 2298 323 SCRIPTIS
2337 265 2395 320 S.
2433 263 2817 321 HIPPOLYTI.

3684 261 3810 319 296

554 392 648 464 lyti
680 391 766 447 sui
793 391 1104 456 volumine;
1143 391 1235 462 qui
1260 399 1444 462 postea
1478 389 1686 446 codicis
1719 389 1965 446 Vaticani
2003 403 2135 460 apo-
2167 393 2205 450 Α
2236 389 2349 454 ire;
2375 387 2506 458 quid
2539 386 2685 442 aliud
2726 385 2830 440 sibi
2871 385 3004 447 vult,
3039 383 3141 437 nisi
3188 382 3333 453 quod
3380 378 3539 436 Luem
3571 396 3685 444 xvi,
3748 377 3830 432 26

553 483 819 554 graphum
848 492 1061 548 nactus,
1090 483 1237 552 quod
1264 497 1387 537 cum
1414 497 1481 537 eo
1517 481 1940 536 communicavit
1965 480 2140 535 Mont-

553 575 842 630 iauconius
869 572 934 628 ν.
967 573 1057 639 C.,
1086 575 1139 626 in
1174 573 1473 643 posteriore
1497 571 1691 628 Graece
1719 582 1774 628 et
1816 571 2008 629 Latine
2047 588 2140 628 eo-

553 668 679 723 dem
742 666 1013 722 Turriauo
1058 666 1351 736 interprete
1395 679 1536 734 opus
1581 665 1840 736 vulgavit.
1883 665 2027 720 Idem
2065 665 2135 720 cl.

557 761 736 817 editor
770 759 1082 830 suspicatur
1115 757 1388 812 laudatam
1422 757 1932 812 Demonstrationem
1954 758 2140 812 adver-

553 870 643 908 sus
691 851 909 906 Judwos
967 865 1088 907 esse
1140 850 1468 920 particulam
1513 851 2014 906 commentariorum
2074 848 2135 905 S.

557 945 835 1017 Hippolyti
875 946 931 998 in
965 942 1231 1006 Psalmos.
1260 952 1385 999 cum
1445 944 1520 1000 sit
1565 946 1734 1001 veluti
1785 947 2138 1016 paraphrasis

555 1039 760 1094 Psalmi
807 1055 999 1103 vaut,
1026 1039 1181 1109 juxta
1235 1034 1492 1092 Hebraeos
1516 1047 1666 1104 Lxrx,
1695 1038 1751 1093 in
1796 1053 1907 1108 quo
1954 1037 2137 1106 passio

555 1131 772 1188 Christo
824 1147 854 1186 a
900 1129 1104 1188 Iudaeis
1133 1130 1414 1187 inferenda
1440 1131 1842 1202 prteuuntiatur
1871 1144 1901 1185 a
1936 1128 2137 1185 Davide

558 1225 706 1296 regio
736 1225 929 1294 psalte.

1101 1351 1500 1410 ARTICULUS
1543 1352 1604 1409 γ.

559 1487 626 1527 DE
652 1486 811 1527 LIBRO
847 1488 867 1524 ι
896 1485 1166 1526 Αυνειιςυε
1201 1485 1440 1530 ῦΜεσοε.
1468 1486 1565 1525 εει]
1607 1485 1816 1525 CONTRA
1855 1483 2133 1525 I’LATONEH

1033 1555 1100 1596 DE
1131 1556 1297 1596 CAUSA
1329 1557 1592 1596 UNIVERSI.
1627 1560 1645 1592 ι

629 1655 836 1722 Quarto
864 1655 984 1708 loco
1020 1652 1434 1708 memorandum
1469 1653 1712 1708 occurrit
1745 1651 1957 1721 insigne
1991 1650 2134 1722 frag-

2244 481 2507 536 Dominus
2524 480 2998 551 pronuntiaverat:
3021 475 3089 530 Et
3117 477 3169 528 in
3200 476 3281 528 his
3301 473 3538 527 erunibus
3558 473 3698 526 inter
3721 487 3828 524 nos

2237 581 2287 630 et
2316 589 2402 627 vos
2429 573 2584 626 chaos
2609 586 2855 642 magnum
2881 570 3150 639 ﬁrmatum
3171 575 3271 632 est,
3288 566 3624 639 ἐστήρικται,
3656 575 3715 618 ut
3743 564 3831 629 hi,

2237 665 2327 734 qui
2352 664 2531 718 volunt
2550 665 2671 717 hinc
2699 663 2926 716 transire
2946 659 3016 714 ad
3038 676 3146 723 vos,
3173 675 3276 712 non
3302 659 3526 728 possint,
3544 674 3705 728 neque
3736 656 3830 710 in~

2237 756 2301 810 de
2323 756 2424 810 huc
2449 765 2774 810 transmeare
2794 755 2820 808 .9

2313 864 2332 897 ι
2364 844 2472 900 Eos
2524 844 2702 900 dedita
2750 857 2917 914 opera
2965 857 3072 896 non
3120 839 3328 908 refello,
3371 839 3466 909 qui
3522 847 3828 894 tractatum

2238 935 2429 1006 istum;
2452 935 2607 1003 Caio,
2661 933 2910 1002 Justiuo,
2958 933 3183 995 Irenaeo,
3234 930 3457 1001 Origeni
3500 939 3555 984 et
3599 929 3833 984 Mclelio

2234 1027 2628 1098 ascripserunt.
2679 1025 2865 1082 Satius
2894 1025 2965 1081 sit
2995 1025 3173 1090 nobis,
3210 1025 3261 1078 in
3294 1024 3650 1093 inscriptione
3680 1023 3836 1092 lapi—

2235 1122 2334 1177 dea
2362 1121 2750 1183 vetustissima,
2774 1134 2896 1190 quae
2924 1119 3220 1173 etiamnum
3252 1125 3451 1180 exstat,
3479 1118 3620 1172 inter
3649 1132 3834 1187 opera

2239 1206 2512 1285 Hippolyti
2538 1214 2856 1268 Portueusis
2875 1211 3114 1282 episcopi
3143 1212 3413 1266 recenseri
3449 1211 3646 1266 librum
3675 1211 3833 1283 πρὸς

2237 1305 2518 1369 Πλάτωνα,
2555 1307 2588 1378 ἢ
2635 1308 2764 1380 περ)⁸
2808 1305 2900 1361 τοῦ
2951 1303 3167 1367 παντός,
3199 1304 3268 1358 ad
3305 1302 3630 1373 (adversus)
3681 1303 3837 1356 Pla-

2237 1410 2430 1463 (onem,
2457 1417 2545 1455 seu
2590 1401 2654 1455 de
2693 1402 2957 1463 universo,
2989 1405 3050 1451 ut
3091 1396 3323 1452 alterum
3355 1397 3501 1452 illius
3532 1408 3834 1467 parentem

2235 1511 2345 1549 non
2377 1509 2708 1565 quaeramus.
2749 1493 3019 1552 Nimirum
3064 1495 3331 1552 accidisse
3379 1502 3594 1564 Oportet
3639 1502 3702 1547 ut
3762 1493 3835 1545 li-

2236 1586 2473 1650 brarius,
2516 1602 2640 1642 eum
2684 1588 2738 1642 in
2783 1589 2991 1655 codice,
3017 1604 3179 1658 quem
3210 1603 3321 1657 pm:
3344 1586 3516 1640 oculis
3558 1585 3834 1648 habebat,

2238 1675 2445 1744 primas
2481 1676 2745 1731 duntaxat
2783 1677 3025 1733 nominis
3054 1675 3327 1746 Hippolyti
3358 1674 3566 1728 litteras
3598 1673 3835 1728 Graecis

559 1759 802 1804 mentum
849 1764 914 1802 ea:
955 1747 1092 1800 libro
1133 1746 1382 1800 adversus
1426 1743 1664 1808 (ἔπεσθε,
1693 1745 1784 1814 qui
1830 1744 2135 1798 inscribitur

2240 1743 2654 1833 legeret,”l::r:o,
2679 1765 2866 1821 deletis
2888 1765 2973 1821 vel
2992 1743 3316 1835 compend-io
3341 1764 3653 1834 suppressis
3674 1765 3832 1828 aliis,

557 1845 804 1897 adversus
879 1840 1178 1906 Platonem,
1233 1840 1297 1894 de
1333 1855 1497 1894 causa
1525 1841 1751 1894 universi
1771 1855 1790 1902 ;
1822 1854 1984 1908 quem
2011 1838 2135 1908 qui-

557 1938 678 1992 dem
715 1938 769 1990 in
805 1934 1068 1990 laterculo
1113 1935 1326 2004 lapideo
1368 1943 1725 1988 memoratum
1757 1931 1963 1996 videas,
1998 1930 2134 2004 πρὸς

560 2029 826 2100 Ἕλληνας
865 2028 958 2081 καὶ
1005 2020 1141 2099 πρὸς
1183 2026 1462 2093 Πλάτωνα,
1493 2025 1526 2098 ἢ
1561 2027 1656 2080 καὶ
1699 2024 1826 2097 περὶ
1858 2024 1949 2079 τοῦ
1996 2042 2134 2078 παν-

558 2120 668 2182 τός.
703 2119 864 2173 Plura
895 2118 962 2174 de
990 2133 1056 2173 eo
1081 2118 1291 2173 erudite
1319 2117 1604 2174 Fabricius
1631 2116 1766 2188 (22).
1803 2114 2000 2186 Scripti
2035 2115 2138 2170 hu-

560 2210 647 2278 ius
677 2207 980 2281 llippolytei
1023 2208 1336 2279 praeSIantia
1386 2209 1496 2264 duo
1528 2218 1802 2277 excerpta,
1834 2217 1886 2262 et
1915 2207 2134 2276 quidem

541 2302 717 2376 peditis
753 2299 1143 2367 emendatiora,
1177 2309 1394 2357 exstant
1424 2301 1479 2354 in
1515 2298 1803 2354 Parallelis
1849 2297 2136 2353 Damasce-

559 2391 700 2446 nicis
751 2389 1194 2460 Rupefucaldinis
1245 2407 1367 2461 pag.
1405 2391 1510 2446 755
1556 2399 1611 2446 et
1655 2389 1776 2453 789,
1808 2390 2135 2460 quibuscum

558 2494 845 2553 propterea
876 2483 1081 2539 editum
1118 2481 1503 2540 Fabrieianum
1539 2482 1773 2539 contulit
1819 2483 1886 2538 cl.
1915 2481 2136 2538 Callan-

559 2573 705 2629 dius.

629 2690 1080 2762 Quandoquidem
1115 2705 1248 2746 vero
1279 2691 1347 2746 de
1372 2690 1535 2761 hujus
1571 2689 1754 2760 operis
1789 2697 2014 2745 auctore
2042 2703 2136 2744 va—

563 2783 644 2838 ria
689 2795 803 2838 tum
856 2793 1136 2850 veterum,
1186 2793 1301 2838 tum
1341 2784 1703 2838 recentiorum
1753 2779 2138 2838 circumfertur

563 2877 768 2946 opinio,
817 2877 870 2930 in
907 2877 1142 2930 medium
1181 2875 1452 2931 adducere
1482 2875 1659 2945 placet
1683 2869 1967 2947 Lequienii
1991 2876 2138 2948 judi-

561 2967 736 3030 cium;
773 2965 930 3035 cujus
973 2967 1191 3035 quidem
1238 2967 1340 3020 viri
1388 2966 1689 3021 doctissimi
1717 2966 2041 3021 sententiam
2072 2965 2139 3019 li-

563 3061 754 3114 benter
787 3059 1184 3128 amplectimur.
1238 3058 1330 3112 Sic
1382 3057 1549 3128 igitur
1591 3058 1681 3112 ille
1707 3059 1865 3128 (25):
1909 3077 1926 3109 ι
1957 3057 2138 3114 Lucu-

563 3150 829 3205 brationis
871 3149 1034 3220 hujus
1063 3148 1201 3220 Περὶ
1245 3147 1339 3201 τοῦ
1383 3148 1604 3212 παντός,
1641 3147 1714 3201 De
1748 3149 2009 3213 universo,
2037 3165 2136 3203 ex-

562 3254 806 3312 cerptum
850 3240 995 3294 aliud
1026 3239 1255 3294 habetur
1288 3239 1342 3292 in
1380 3239 1464 3294 his
1492 3237 1777 3293 Parallelis
1809 3239 2138 3310 Rupel‘ucal-

562 3332 727 3396 diuis,
777 3331 879 3385 litt.
929 3345 980 3394 a,
1013 3330 1094 3384 tit.
1129 3329 1216 3394 7i,
1269 3328 1359 3382 ubi
1406 3327 1616 3383 Meletio
1665 3329 1988 3385 Antioclieno
2039 3331 2137 3386 tri-

564 3421 770 3474 buitur.
837 3418 1062 3474 Photius
1115 3418 1228 3490 (24)
1288 3419 1390 3474 hoc
1433 3419 1571 3474 idem
1631 3435 1768 3490 opus
1801 3423 2136 3492 assignatum

563 3512 734 3568 fuisse
761 3522 948 3567 narrat
973 3513 1176 3568 sanctis
1197 3511 1434 3580 Justino,
1469 3511 1677 3568 Irenaeo
1701 3524 1754 3568 et
1779 3511 1912 3569 Caio
1938 3513 2140 3570 Roma-

563 3620 648 3658 nae
692 3603 949 3659 Ecclesia:
978 3605 1313 3675 presbytero.
1359 3604 1581 3674 Josephi
1627 3607 1844 3676 quidem
1877 3622 1982 3661 non
2017 3620 2139 3662 esse

563 3697 734 3750 fetum
761 3697 886 3752 inde
911 3697 1216 3752 certissime
1243 3709 1496 3754 constare
1515 3699 1770 3762 arbitror,
1795 3701 1936 3770 quod
1965 3699 2140 3754 ambat

565 3792 682 3845 ista:
733 3789 962 3857 laciniae,
1002 3791 1112 3845 imo
1163 3800 1334 3845 totum
1378 3790 1763 3862 fragmentum,
1813 3793 1957 3863 quod
2012 3791 2138 3848 lla:-

564 3884 802 3939 schelius
825 3884 876 3938 in
910 3885 1054 3940 notis
1083 3883 1152 3940 ad
1178 3883 1435 3940 Photium
1470 3884 1656 3941 Graece
1687 3886 1872 3951 edidit,
1899 3902 1964 3940 ac
1985 3884 2137 3940 Gree-

563 3992 625 4032 ce
653 3977 947 4048 Latineque
971 3977 1278 4048 Stephanus
1298 3978 1372 4033 Le
1393 3977 1586 4050 Moyne
1608 3979 1750 4033 inter
1785 3977 1945 4032 Varia
1960 3995 2135 4044 sacra,

562 4069 956 4136 Christianum,
981 4087 1092 4125 non
1125 4069 1370 4127 Judaeum
1405 4081 1683 4126 auctorem
1716 4071 1967 4140 prodant.
2000 4069 2136 4126 Nam

562 4161 843 4218 Christum
869 4179 991 4219 esse
1017 4163 1189 4218 Deum
1221 4161 1463 4218 Verbum
1497 4164 1677 4227 docet,
1704 4164 1814 4217 imo
1851 4162 2020 4218 Deum
2053 4163 2136 4218 fa-

563 4271 710 4311 etum
741 4258 1040 4324 hominem,
1065 4257 1196 4311 Θεὸν
1225 4255 1738 4330 ὲνανθρωπήσαντα.
1787 4255 2138 4326 Evangelieas

564 4349 790 4419 insuper
815 4349 1117 4406 locutiones
1161 4357 1216 4405 et
1262 4348 1558 4406 sententias
1592 4358 1838 4416 usurpat.
1870 4347 1959 4402 Sic
1990 4350 2136 4403 enim

2240 1855 2368 1910 hinc
2400 1857 2698 1912 arbitratus
2727 1858 2820 1922 sit,
2850 1858 3020 1914 fuisse
3048 1859 3311 1927 scriptum
3357 1855 3645 1911 ἰωσίπττου
3680 1858 3830 1928 (ἓὸ)⁹

2238 1947 2381 2002 unde
2424 1961 2561 2018 opus
2590 1945 2827 2018 Josepho
2870 1949 3268 2004 restituendum
3301 1949 3565 2003 intulerit.
3609 1948 3828 2002 Aucta-

2239 2054 2350 2094 rcm
2381 2055 2544 2109 porro
2575 2056 2678 2093 non
2704 2039 2946 2096 Platonis
2975 2041 3262 2111 opiniones
3287 2055 3684 2111 propugnasse.
3728 2042 3825 2094 sed

2239 2131 2415 2200 potius
2444 2131 2812 2201 impugnasse,
2837 2133 3081 2202 adeoque
3113 2133 3399 2204 legendum
3429 2149 3552 2187 esse
3586 2133 3677 2202 (in
3717 2132 3826 2186 Pa-

2236 2222 2439 2276 rallelis
2480 2232 2532 2277 et
2566 2223 2618 2277 iu
2663 2224 2842 2293 operis
2885 2224 3280 2295 inscriptione)
3328 2224 3468 2277 κατὰ
3503 2224 3819 2288 Πλάτωνος,

2239 2323 2293 2368 et
2324 2329 2432 2368 non
2467 2314 2606 2369 κατὰ
2637 2314 2924 2378 Πλάτωνα,
2950 2315 3063 2384 jam
3096 2315 3199 2369 viri
3241 2315 3388 2370 docti
3433 2317 3819 2370 observarunt.

2239 2406 2306 2462 Et
2330 2417 2474 2464 certe
2498 2409 2550 2461 in
2576 2409 2660 2463 his
2686 2408 3005 2479 fragmentis
3030 2406 3432 2463 Platonicorum
3464 2409 3822 2478 philosOphu-

2240 2515 2360 2554 rum
2412 2500 2480 2555 de
2528 2501 2742 2555 inferno
2774 2501 2968 2556 fabulae
3010 2515 3074 2556 ac
3108 2499 3298 2555 naenia:
3324 2499 3499 2555 dedita
3535 2514 3700 2569 opera
3732 2516 3820 2554 re-

2237 2593 2495 2649 felluntur
2528 2594 3022 2664 explodunturque,
3057 2593 3252 2648 horum
3313 2592 3434 2648 loco
3483 2593 3819 2658 substitutis,

2237 2703 2359 2758 qua:
2390 2687 2699 2742 Christiana
2736 2688 2867 2742 fides
2907 2687 3089 2751 tradit,
3117 2687 3163 2742 si
3195 2701 3366 2757 pauca
3392 2686 3604 2752 demas,
3635 2701 3760 2756 quae
3788 2702 3820 2738 a

2238 2780 2513 2836 communi
2537 2779 2932 2834 catholicorum
2953 2780 3201 2835 doctrina
3229 2779 3557 2849 discrepant.
3592 2777 3822 2834 Photius

2238 2873 2490 2930 observat
2511 2889 2649 2943 opus
2672 2872 2814 2927 istud
2843 2873 2895 2926 in
2927 2873 3064 2928 duas
3086 2881 3269 2942 partes
3300 2872 3654 2928 distributum
3684 2871 3822 2926 fuis-

2237 2982 2318 3030 se,
2359 2968 2418 3020 ὲν
2447 2966 2566 3020 δυσὶ
2594 2965 2878 3035 λογιδίοις·
2911 2967 3046 3036 quin
3073 2965 3238 3020 etiam
3271 2965 3327 3020 in
3364 2964 3695 3035 quibusdam
3721 2981 3819 3020 co-

2239 3056 2452 3111 dicibus
2477 3055 2750 3125 ejusmodi
2798 3055 3206 3125 inscriptionem
3251 3055 3530 3119 habuisse,
3560 3056 3690 3127 περὶ
3723 3058 3821 3126 τῆς

2239 3148 2333 3202 τοῦ
2365 3148 2562 3212 παντὸς
2587 3147 2786 3211 αἰτίας,
2820 3148 2884 3202 de
2911 3165 3074 3202 causa
3105 3148 3356 3214 universi,
3378 3157 3432 3204 et
3462 3148 3516 3202 in
3541 3149 3664 3203 aliis
3690 3151 3826 3221 περὶ

2239 3243 2336 3314 τῆς
2369 3242 2461 3296 τοῦ
2489 3242 2686 3304 παντὸς
2713 3241 2921 3305 οὐσίας,
2950 3242 3014 3296 dc
3045 3242 3345 3297 substantia
3371 3243 3619 3297 universi.
3655 3241 3824 3296 Plura

2238 3336 2440 3390 videsis
2473 3335 2612 3404 apud
2641 3335 2890 3389 eumdem
2926 3333 3198 3390 Photium.
3233 3353 3252 3386 ι
3290 3333 3562 3390 Hactenus
3595 3333 3659 3388 γ.
3691 3335 3758 3390 C.

2310 3425 2494 3496 Neque
2549 3427 2637 3481 hic
2691 3426 2965 3495 praeterire
3017 3426 3098 3482 fas
3144 3435 3230 3482 est
3283 3427 3461 3482 locum
3510 3443 3577 3482 ex
3624 3428 3820 3482 eodem

2238 3535 2399 3589 opere
2433 3514 2508 3572 De
2540 3535 2704 3572 causa
2743 3519 2971 3574 universi
3001 3530 3339 3590 excerptum,
3371 3519 3466 3589 qui
3498 3535 3606 3574 non
3640 3529 3826 3574 exstat

2239 3612 2292 3666 iu
2341 3627 2406 3666 eo
2441 3612 2762 3681 fragmento,
2789 3613 2934 3684 quod
2967 3612 3127 3666 hodie
3157 3621 3425 3682 superest.
3462 3609 3630 3666 Nobis
3662 3611 3826 3666 illum

2239 3702 2730 3759 servavitJoanues
2757 3703 3260 3775 Philoponus,lieet
3295 3705 3429 3774 ipse,
3461 3704 3537 3758 uti
3571 3713 3626 3758 et
3653 3703 3825 3758 Joan-

2238 3812 2336 3851 nes
2373 3794 2616 3850 Zonaras
2654 3795 2767 3866 (26)
2818 3811 3124 3866 perperam,
3159 3805 3220 3849 ut
3263 3797 3522 3858 vidimus,
3576 3795 3824 3864 .loseplio

2238 3889 2534 3943 ascribaut.
2566 3887 2663 3942 Est
2701 3899 2880 3942 autem
2910 3887 3180 3958 ejusmodi
3213 3889 3328 3958 (‘27)
3357 3907 3374 3944 :
3400 3889 3472 3941 Τὸ
3504 3884 3617 3952 οὖν,
3641 3905 3823 3956 γενη-

2238 3982 2394 4049 θήτω
2409 3982 2709 4051 στερέωμα
2724 3982 2794 4035 ὲν
2815 3981 2984 4050 μέσῳ
3021 3982 3127 4036 τοῦ
3157 3982 3393 4050 ὕδατος,
3431 3985 3492 4036 οὐ
3515 3980 3715 4054 μεταξὺ
3732 3982 3824 4033 λέ-

2237 4092 2322 4143 γει
2367 4073 2459 4127 τοῦ
2493 4074 2642 4127 κάτω
2671 4072 2865 4137 ὓδατος
2895 4073 2992 4144 τὴν
3011 4073 3103 4126 τοῦ
3140 4075 3515 4147 στερεώματος
3565 4073 3821 4142 γενέσθαι

2239 4165 2508 4237 φύσιν,ὼς
2523 4165 2780 4236 Ἰώσηπος
2809 4165 3098 4236 ὁἙϐραῖος
3123 4169 3179 4220 ὲν
3207 4166 3285 4237 τῷ
3307 4166 3444 4235 Περὶ
3471 4165 3574 4219 τοῦ
3591 4167 3823 4232 παντὸς

2235 4261 2428 4326 αἰτίας
2455 4261 2844 4332 συγγράμματι
2874 4260 3140 4326 βούλεται,
3181 4262 3260 4323 εἰς
3302 4259 3450 4332 τρία,
3475 4257 3667 4327 λέγων,
3702 4259 3823 4329 διη-

2240 4352 2438 4425 ρῆσθαι
2471 4350 2532 4407 τὸ
2565 4353 2727 4425 ὕδωρ,
2764 4353 2858 4406 καὶ
2889 4351 2951 4407 τὸ
2983 4353 3082 4423 μὲν
3115 4353 3294 4424 τρίτον
3337 4350 3500 4405 αὑτοῦ
3544 4352 3624 4412 εἰς
3661 4351 3822 4418 γένε-

563 4441 633 4494 de
658 4440 766 4496 Deo
799 4440 976 4496 Verbo
1004 4457 1166 4498 carne
1194 4440 1338 4498 facto
1365 4442 1609 4513 loquitur
1637 4460 1649 4495 :
1678 4440 1864 4512 Τούτῳ
1885 4441 1913 4495 ὀ
1947 4442 2134 4514 Πατὴρ

2240 4463 2320 4498 σιν
2347 4447 2699 4518 συμπαγῆναι
2729 4446 2825 4500 τοῦ
2859 4445 3236 4518 στερεώματος
3261 4486 3276 4511 ,
3309 4445 3370 4498 τὺ
3398 4444 3455 4498 δὲ
3483 4444 3665 4516 τρίτον
3699 4445 3824 4496 ὲνα-

563 4534 744 4587 πᾶσαν
794 4534 975 4605 κρίσιν
1024 4535 1244 4602 δέδωκε,
1293 4535 1433 4588 Huic
1473 4533 1641 4588 Pater
1681 4551 1830 4588 omne
1867 4535 2134 4602 judicium

564 4625 707 4679 dedit
741 4641 760 4680 :
788 4627 1245 4695 quemadmodum
1273 4628 1479 4682 scilicet
1506 4625 1664 4682 Joan.
1696 4642 1748 4688 ν,
1773 4626 1864 4692 22,
1897 4627 2090 4697 legerat
2118 4646 2132 4682 :

566 4717 750 4788 Neque
793 4721 930 4773 enim
981 4719 1145 4775 Pater
1191 4720 1392 4780 iudicat
1438 4736 1782 4791 quemquam,
1833 4724 1922 4776 sed
1976 4735 2128 4778 omne

566 4805 830 4879 judicium
869 4811 1013 4869 dedit
1050 4811 1213 4867 Filio.
1257 4811 1496 4883 Itemque
1527 4813 1620 4868 ubi
1643 4813 1816 4868 dicit:
1849 4813 1994 4877 Χάος
2027 4812 2134 4884 γὰρ

565 4905 701 4977 βαθὺ
723 4907 815 4960 καὶ
837 4905 979 4977 μέγα
1000 4905 1104 4959 ἀνὰ
1128 4905 1292 4977 μέσον
1317 4907 1654 4978 ἐστήρικται,
1675 4906 1813 4960 ὥστε
1838 4907 1911 4980 μὴ
1931 4907 2136 4961 δίκαιον

565 4998 996 5070 συμπαθήσαντα
1025 4995 1436 5071 προσδέξασθαι,
1466 4998 1602 5072 μήτε
1629 4999 1811 5054 ἄδικον
1835 4999 2136 5070 τολμήσανη

562 5106 629 5143 τα
653 5090 900 5144 διελθεῖν.
919 5089 1089 5144 Chaos
1111 5091 1430 5160 profundum
1451 5100 1500 5144 et
1529 5107 1777 5161 magnum
1803 5091 1938 5143 inter
1962 5100 2136 5143 utros-

562 5200 661 5253 que
683 5185 954 5252 ﬁrmatum
982 5194 1078 5248 est,
1115 5193 1173 5237 ut
1213 5199 1375 5254 neque
1410 5183 1591 5252 justus
1631 5183 1750 5238 illos
1779 5183 2133 5237 miserationis

564 5276 754 5345 a/j’ectu
795 5278 1032 5347 recipiat,
1071 5293 1232 5347 neque
1257 5276 1485 5346 injustus
1510 5277 1580 5330 ad
1609 5277 1699 5329 hos
1741 5275 1932 5328 audeat
1960 5285 2135 5331 trans-

637 5431 749 5501 1⁸22)
788 5431 1320 5496 Faliricius,.Delect.
1351 5447 1556 5502 argum.
1603 5440 1652 5484 et
1697 5427 1900 5500 Syllab.
1947 5431 2130 5499 script.

564 5503 715 5562 εισι,
750 5519 804 5573 p.
833 5503 980 5573 (Siet
1008 5521 1124 5573 seq.

637 5569 762 5643 (23.51
787 5572 860 5626 Le
887 5569 1105 5638 Quien.,
1140 5572 1277 5643 Opp.
1304 5571 1620 5627 Damascen.
1656 5579 1786 5626 tom.
1822 5569 1888 5637 ll,
1922 5585 1974 5639 p.
2007 5569 2128 5626 789.

638 5641 750 5706 (24)
792 5643 972 5705 ΙἸιοι..
1007 5644 1145 5697 Bibl.
1178 5641 1299 5698 cod.
1339 5657 1523 5696 XLVIII.

637 5711 749 5781 (‘25)
791 5710 1056 5767 Scribitur
1113 5715 1364 5784 Ἰώσηπος
1419 5723 1472 5768 et
1519 5712 1853 5786 Ίὼσηππος,
1918 5715 2010 5770 sed
2079 5723 2131 5769 ct

2237 4541 2493 4609 πομεῖναι
2533 4539 2715 4604 κάτω,
2749 4538 2810 4592 τὸ
2847 4539 2904 4592 δὲ
2947 4538 3130 4592 λοιπὸν
3167 4540 3346 4610 τρίτον
3378 4539 3436 4591 ὲν
3473 4541 3584 4601 τοῖς
3626 4536 3820 4601 νώτοις

2237 4633 2317 4696 εἰς
2358 4629 2490 4702 ὕψος
2541 4631 3101 4703 συνανακουφισθῆναι
3157 4631 3235 4702 τῷ
3286 4629 3642 4704 στερεώματι.
3704 4628 3821 4683 Hoc

2236 4731 2350 4776 est:
2383 4721 2551 4778 tlllud
2577 4722 2762 4794 igitur,
2789 4722 2916 4776 Fiat
2944 4725 3335 4791 ﬁrmamentum
3365 4723 3420 4775 in
3448 4721 3618 4775 medio
3638 4737 3818 4792 aqum,

2235 4829 2346 4868 non
2383 4815 2563 4886 arguit
2589 4825 2838 4870 naturam
2890 4815 3214 4870 ﬁrmamenti
3247 4813 3508 4869 exsistere
3540 4813 3592 4866 in
3631 4815 3818 4867 medio

2236 4921 2394 4976 aqum
2447 4908 2612 4978 hujus
2663 4907 2963 4972 inferioris,
2991 4917 3052 4963 ut
3084 4905 3357 4978 Josephus
3405 4905 3662 4962 Hebraeus
3697 4909 3820 4961 vult

2237 5000 2290 5053 in
2324 5000 2484 5060 libro.
2518 5016 2678 5070 quem
2704 5001 3030 5071 conscripsit
3056 5001 3132 5055 De
3155 5016 3318 5054 causa
3344 4999 3594 5063 universi,
3619 4998 3815 5054 dicens

2235 5107 2434 5161 aquam
2476 5092 2801 5161 tripertitam
2846 5107 2988 5158 esse,
3027 5101 3084 5146 et
3116 5106 3280 5147 uuam
3329 5091 3548 5162 quidem
3593 5091 3812 5146 tertiam

2234 5182 2353 5252 ejus
2383 5183 2434 5236 in
2459 5183 2786 5238 ﬁrmamenti
2815 5184 3216 5254 generationem
3238 5184 3506 5240 coaluisse
3532 5201 3548 5243 :
3578 5184 3810 5238 alteram

2234 5289 2364 5328 vero
2386 5275 2600 5343 tertiam
2623 5273 2849 5330 inferius
2879 5277 3239 5342 remansisse;
3271 5275 3501 5346 denique
3531 5275 3808 5330 residuam

2245 5430 2490 5498 Ἰὡσιπος
2518 5447 2582 5487 ac
2625 5427 2928 5498 Ἰώσηπος.

2232 5504 2418 5627 80‘26)
2458 5497 2654 5560 Zonar.
2691 5506 2743 5558 in
2777 5497 2966 5559 Annal.
3001 5505 3095 5560 lib.
3129 5521 3205 5572 vt,
3260 5505 3287 5578 ᾗ
3319 5509 3371 5576 9,
3416 5526 3537 5582 pag.
3567 5509 3694 5575 267,
3729 5510 3810 5568 al.

2232 5642 2770 5783 1’.Ιηιίιοροηη
2816 5644 2887 5702 De
2912 5648 3095 5702 mundi
3122 5659 3282 5703 creat.
3313 5649 3402 5707 lib.
3440 5667 3525 5719 ut,
3555 5667 3675 5721 cap.
3714 5652 3806 5722 16,
