3918 6194
216 287 299 343 ΞΠ

1118 279 1203 334 DE
1244 277 1407 333 VITA
1443 275 1530 331 ET
1567 274 1878 331 SCRIPTIS
1914 275 1971 330 S.
2014 273 2398 330 HIPPOLYTI.

3266 270 3372 326 298

217 407 345 459 aliam
371 399 576 459 tertiam,
605 412 695 468 per
737 395 1151 450 rarelactionem
1201 397 1254 450 in
1297 395 1529 450 sublime
1600 409 1706 448 una
1729 402 1771 455 Λ
1801 393 2008 461 primus
2049 393 2288 461 vulgavit
2325 391 2605 448 Fabricius
2632 407 2696 446 ex
2731 391 2932 447 codicis
2973 391 3214 446 Vaticani
3244 408 3374 461 apo-

219 509 315 547 ctun
341 491 645 542 ﬁrmamento
668 485 925 538 elevatam
951 497 1092 537 esse.
1125 502 1142 534 ι

272 586 481 637 (laetum
513 595 625 632 rem
654 595 748 633 acu
777 578 1014 650 tetigisse
1046 576 1314 638 videntur,
1340 576 1433 644 qui
1467 575 1530 628 ad
1561 575 1702 628 istud

216 689 313 743 opus
352 669 705 739 llippolyteum
757 668 1002 721 adversus
1053 667 1264 721 Gra'cos
1309 677 1360 720 et
1405 665 1700 730 Platonem,

208 764 455 818 existimant
505 759 803 828 respexisse
849 760 1126 812 doctorem
1178 757 1518 820 maximum,
1571 756 1700 808 dum

204 858 259 909 ait
280 854 367 922 (28)
394 873 405 906 :
436 851 654 919 Scripsit
685 861 734 904 et
763 849 1035 904 Miltiades
1058 860 1239 903 contra
1270 859 1440 918 gentes
1465 847 1700 902 volumen

200 948 421 1015 egregiam.
447 941 758 1011 Hippolytus
785 957 1005 1011 quoque,
1033 951 1083 994 et
1112 941 1418 1009 Apollonius
1454 939 1701 994 Romana:

199 1037 305 1087 urbis
340 1045 553 1095 senator,
585 1033 798 1101 propria
827 1033 1082 1102 opuscula
1117 1032 1482 1086 condiderunt.
1515 1031 1700 1086 Imita-

198 1138 261 1181 tus
283 1140 445 1193 nempe
485 1123 649 1178 fuerit
675 1133 897 1179 sanctus
927 1124 1087 1178 Pater
1116 1123 1260 1178 viros
1290 1139 1353 1178 ea
1382 1133 1700 1194 tempestate

195 1220 312 1287 longe
344 1217 698 1280 doctissimos,
731 1217 824 1285 qui
857 1217 1197 1270 ethnicorum
1245 1216 1438 1286 placita
1485 1216 1700 1286 scriptis

193 1313 275 1364 suis
315 1319 534 1364 evertere
567 1310 809 1378 aggressi
862 1319 1022 1375 sunt;
1057 1308 1413 1374 Clementem,
1451 1311 1695 1379 inquam,

189 1403 575 1464 Alexandrinum,
611 1401 803 1457 Caium
833 1401 1069 1457 sodalem
1096 1419 1274 1466 suum,
1306 1402 1561 1458 Ecclesiae
1591 1403 1698 1456 Ro-

191 1510 322 1548 mae
345 1493 733 1565 presbyterum,
763 1504 817 1549 et
851 1495 1011 1550 alios.
1260 1480 1264 1484 ’

650 1605 1045 1661 ARTICULUS
1081 1605 1168 1663 Vl.

275 1715 557 1754 NCTA'I'US
589 1715 640 1755 8.
673 1716 954 1755 IIIPPOLY‘I‘I
994 1720 1012 1751 ‹
1043 1717 1251 1756 CONTRA
1285 1717 1517 1757 NOETUII.
1554 1721 1574 1754 θ

208 1813 280 1886 εἰ.
317 1813 581 1871 Tractatus
614 1827 804 1888 contra
841 1815 1065 1888 Noetum
1095 1827 1172 1871 est
1207 1819 1459 1888 genuinus
1487 1820 1660 1871 sancti

683 1885 955 1956 Hippolyti
987 1888 1141 1955 fetus.

235 1998 454 2064 Quintum
484 1999 670 2054 locum
715 2011 943 2071 occupat
973 2002 1185 2072 egregia
1221 2018 1351 2057 sane
1394 2003 1697 2056 lucubratio

182 2107 316 2145 contra
335 2094 560 2146 hmresim
589 2091 775 2147 Nocti.
805 2093 868 2148 Et
897 2097 1182 2165 scripsisse
1209 2095 1423 2164 quidem
1445 2095 1696 2166 Hippoly-

181 2195 261 2234 tum
287 2194 449 2236 contra
481 2198 679 2239 omnes
711 2185 963 2250 haereses,
1000 2195 1268 2241 testantur
1293 2186 1559 2242 Eusebius
1586 2187 1694 2257 (29)

181 2285 299 2343 atque
321 2275 673 2346 Hieronymus
701 2279 845 2348 (50);
880 2290 933 2332 at
964 2276 1214 2344 Photius,
1245 2279 1338 2348 qui
1383 2294 1520 2348 opus
1552 2279 1695 2334 istud

182 2369 324 2436 lrgisse
352 2371 701 2439 eomperitur,
725 2387 827 2425 nos
855 2371 1042 2426 edocet
1066 2370 1178 2440 (3|)
1203 2371 1473 2442 Hippolyti
1495 2371 1692 2426 librum

182 2463 383 2515 adversus
408 2463 638 2518 hmreses
666 2465 805 2517 duas
844 2475 897 2518 et
923 2463 1141 2535 triginta
1175 2473 1456 2518 exaratum
1488 2463 1690 2530 fuisse;

183 2546 243 2598 uli
271 2547 315 2599 S.
346 2547 490 2603 Pater
515 2551 734 2604 initium
763 2567 792 2605 a
820 2551 1159 2605 Dositheanis
1187 2553 1410 2619 ducens,
1442 2554 1494 2606 in
1525 2553 1694 2607 Noeto

181 2639 428 2705 t'esinebat;
477 2643 571 2712 qui
629 2643 890 2696 nimirum
926 2644 1143 2712 prodire
1173 2644 1339 2712 carpit
1388 2645 1691 2715 imperante

180 2730 423 2783 Alexandro
465 2732 568 2786 sub
619 2748 832 2786 annum
863 2732 994 2795 250;
1029 2741 1090 2787 ut
1136 2733 1383 2802 proinde,
1409 2735 1550 2804 quod
1599 2751 1694 2788 su-

180 2830 310 2885 perest
334 2822 466 2877 illius
499 2824 710 2894 operis,
742 2841 870 2895 pars
897 2825 1087 2879 ultima
1120 2824 1298 2880 fuerit.
1333 2825 1415 2880 Ad
1450 2825 1568 2895 ejus
1593 2841 1692 2881 au-

180 2919 253 2963 tem
294 2913 639 2985 integritatem
691 2917 1066 2982 astruendam,
1098 2917 1228 2972 illud
1265 2917 1316 2971 in
1351 2917 1542 2988 primis
1596 2919 1692 2971 ob-

179 3018 342 3059 servare
362 3015 596 3074 praestat,
629 3008 816 3062 locum
849 3007 1116 3078 insignem
1151 3009 1393 3078 satisque
1418 3009 1686 3078 prolixum

1805 487 2030 556 grapho,
2052 489 2196 556 quod
2227 489 2346 542 viro
2367 486 2820 557 praestantissimo
2847 483 3252 540 Montlauconio
3281 500 3372 539 ac-

1803 587 2020 648 ceptum
2050 580 2253 636 retulit.
2285 580 2520 635 Alterius
2546 580 2750 634 codicis
2778 579 2950 634 Graeci
2979 577 3255 647 exemplar
3279 578 3370 632 de-

1805 672 1936 726 texit
1980 672 2034 726 in
2067 672 2449 741 antiquissimo
2481 671 2536 726 S.
2571 669 2754 725 Basilii
2784 669 3114 724 monasterio
3146 667 3375 723 Guiliel-

1803 779 1924 817 mus
1941 763 2233 818 cardinalis
2255 763 2484 818 Sirletus
2500 804 2513 827 ,
2547 762 2775 832 ejusque
2799 760 3046 816 meminit
3068 760 3122 812 in
3143 757 3373 828 epistola

1802 855 2056 925 Liturgiae
2085 853 2140 910 S.
2165 855 2330 910 Marci
2359 854 2700 925 evangelistse
2727 852 3003 922 praemissa
3040 850 3173 920 (54).

1871 949 2136 1004 Cancrum
2188 946 2368 1016 operis
2416 945 2701 1015 inscriptio
2733 945 2874 1014 apud
2917 942 3247 996 Turrianum
3291 940 3370 995 sic

1802 1041 1994 1110 legitur
2019 1059 2032 1094 :
2065 1037 2392 1098 Homiliade
2416 1037 2524 1091 Deo
2557 1039 2694 1090 trino
2724 1046 2771 1090 et
2800 1051 2923 1100 uno,
2947 1045 2997 1088 et
3027 1034 3090 1086 de
3123 1033 3368 1102 mysterio

1803 1129 2195 1183 Incarnationis
2219 1137 2402 1182 contra
2425 1127 2666 1182 hwresim
2696 1126 2874 1181 Noeti.
2901 1125 2957 1180 In
2985 1127 3171 1181 codice
3186 1136 3368 1183 autem

1805 1220 2063 1274 Vaticano
2105 1225 2186 1274 est
2235 1218 2546 1288 hujusmodi
2595 1236 2607 1272 :
2666 1217 2876 1288 Ὀμιλία
2931 1218 3244 1272 Ἱππολύτου
3290 1219 3371 1278 εἰς

1798 1313 1896 1382 τὴν
1939 1312 2150 1381 αἵρεσιν
2173 1312 2383 1383 Νοήτου
2409 1328 2570 1374 τινος.
2617 1309 2675 1364 In
2703 1325 2766 1365 eo
2805 1311 3080 1363 enimvero
3121 1308 3179 1363 S.
3210 1307 3370 1364 Pater

1801 1405 1984 1458 lideles
2002 1403 2272 1458 interdum
2297 1403 2614 1473 alloquitur.
2638 1413 2696 1456 ut
2726 1404 2778 1455 in
2805 1403 3043 1456 homiliis
3071 1401 3183 1455 ﬁeri
3208 1402 3366 1457 solet.

1800 1490 1905 1543 Sed
1945 1491 2000 1543 in
2038 1491 2160 1545 aliis
2205 1506 2424 1560 quoque
2453 1490 2672 1560 scriptis
2712 1490 2900 1546 eadem
2940 1492 3193 1546 methodo
3237 1507 3369 1548 usos

1800 1581 1970 1636 fuisse
1995 1593 2202 1638 veteres
2236 1583 2370 1638 satis
2411 1583 2604 1654 liquet,
2635 1593 2695 1637 ut
2722 1583 2952 1639 advertit
2977 1585 3227 1641 laudatus
3257 1585 3367 1642 Fa-

1801 1672 2022 1728 bricius.

2143 1766 2170 1837 §
2198 1765 2260 1820 ll.
2292 1767 2539 1836 Analysis
2562 1767 2718 1836 hujus
2748 1776 3023 1823 tractatus.

1869 1899 2074 1957 Noetus
2114 1901 2270 1971 juxta
2309 1900 2373 1957 S.
2405 1902 2750 1975 Hippolytum
2809 1902 2910 1957 fuit
2944 1919 3139 1973 genere
3173 1903 3366 1975 Smyr-

1799 2008 1948 2048 naus
1983 1993 2115 2065 (55).
2152 1993 2298 2048 Dixit
2323 1995 2412 2050 hic
2444 1996 2730 2050 haereticus
2760 1995 3036 2050 Christum
3071 2012 3190 2052 esse
3212 2015 3366 2053 eum-

1797 2089 1917 2142 dem
1967 2085 2205 2150 Patrem,
2260 2087 2548 2158 ipsumque
2603 2086 2816 2142 Patrem
2873 2091 3114 2158 genitum
3163 2105 3283 2146 esse
3313 2100 3366 2146 et

1797 2194 2086 2249 passum...
2116 2177 2297 2234 aiebat
2322 2193 2380 2233 se
2410 2193 2530 2234 esse
2564 2178 2833 2251 Moysem,
2868 2190 2923 2234 et
2956 2179 3175 2234 fratrem
3205 2197 3362 2235 suum

1796 2285 1916 2325 esse
1947 2271 2148 2324 Aaron.
2181 2269 2295 2325 Hoc
2315 2286 2437 2325 cum
2463 2271 2603 2325 beati
2630 2271 2927 2343 presbyteri
2958 2273 3240 2336 audirent,
3275 2290 3367 2328 ac-

1797 2357 2054 2412 cersitum
2098 2373 2283 2413 coram
2327 2356 2570 2416 Ecclesia
2603 2361 3086 2426 examinaverunt;
3123 2363 3211 2419 ille
3238 2379 3364 2418 vero

1797 2449 2026 2517 negabat
2071 2448 2358 2518 principio,
2403 2450 2482 2506 sic
2527 2466 2586 2505 se
2632 2451 2870 2518 sentire;
2921 2463 3105 2522 postea
3142 2470 3268 2508 vero
3309 2456 3363 2508 in

1795 2538 2118 2606 quibusdam
2152 2539 2494 2607 delitescens,
2528 2549 2582 2595 et
2608 2541 2852 2597 collectis
2881 2542 3022 2608 aliis,
3053 2544 3146 2612 qui
3182 2544 3234 2596 in
3267 2558 3367 2598 eo-

1793 2629 1914 2682 dem
1945 2644 2129 2684 errore
2157 2639 2348 2696 erant,
2386 2631 2600 2686 volebat
2637 2641 2821 2702 aperte
2849 2633 3042 2702 dogma
3074 2650 3232 2688 suum
3269 2635 3365 2691 de-

1795 2718 2052 2785 fendere;
2087 2735 2248 2790 quem
2278 2737 2472 2778 rursus
2504 2723 2822 2778 accersitum
2856 2724 3153 2794 presbyteri
3179 2725 3364 2780 redar-

1795 2819 2061 2879 gueruut;
2097 2813 2188 2867 ille
2218 2826 2348 2867 vero
2380 2813 2689 2879 resistebat,
2731 2815 3012 2884 inquiens,
3041 2816 3168 2885 quid
3199 2816 3364 2886 igitur

1795 2903 1920 2958 mali
1977 2903 2136 2968 facio,
2189 2907 2236 2960 si
2277 2904 2556 2961 Christum
2596 2906 2844 2960 honoro?
2891 2907 3019 2963 huic
3063 2907 3360 2979 presbyteri

1793 2998 2188 3063 responderunt
2250 3018 2262 3052 :
2315 2997 2385 3052 Et
2434 3015 2528 3053 nos
2581 3015 2742 3052 unum
2791 2998 2958 3053 Deum
3007 3015 3119 3053 vere
3166 3001 3360 3054 scimus

179 3109 221 3146 ex
242 3111 293 3149 eo
313 3097 656 3168 descripsisse
682 3109 931 3154 sanctum
963 3100 1261 3164 Gelasium,
1281 3101 1368 3155 cui
1392 3117 1527 3169 opus
1551 3101 1685 3170 ejus.
1716 3116 1756 3171 ο
1792 3087 2082 3157 Christum,
2121 3092 2313 3145 scimus
2347 3090 2548 3145 Filium
2576 3107 2786 3161 passum
2811 3133 2826 3160 ,
2869 3093 3004 3147 sicut
3038 3109 3226 3162 passus
3255 3101 3354 3155 est,

181 3186 281 3238 modi
302 3187 567 3244 brevitatis
595 3205 731 3260 ergo
764 3189 1022 3243 Memoria
1049 3191 1307 3244 Iucresum
1337 3189 1558 3244 dicitur.
1597 3189 1688 3246 Sic

180 3276 279 3327 enim
303 3277 396 3342 ille,
426 3294 724 3334 recensens
759 3281 1055 3332 testimonia
1100 3290 1328 3333 veterum
1378 3279 1441 3332 de
1485 3279 1688 3334 duabus

180 3367 216 3417 in
240 3366 413 3424 Christo
442 3373 658 3426 naturis
687 3372 798 3441 (52)
829 3391 839 3425 :
873 3371 921 3424 11
930 3372 1149 3442 ippolyti
1169 3373 1396 3442 episcopi
1419 3381 1470 3426 et
1496 3382 1691 3441 marty-

180 3460 229 3508 ris
261 3462 458 3515 Arabum
489 3464 796 3531 metropolis
826 3466 878 3516 in
907 3463 1164 3516 Memoria
1207 3464 1498 3517 ha'resum:
1527 3481 1545 3514 ε
1585 3462 1688 3516 Hic

179 3553 393 3612 procedens
419 3556 467 3606 in
489 3555 768 3618 mundum,
803 3554 941 3608 Deus
957 3565 1005 3608 et
1035 3555 1187 3608 homo
1216 3557 1483 3625 apparuit,
1523 3577 1540 3606 ο
1575 3553 1683 3610 etc.

181 3638 271 3703 Quae
295 3645 490 3712 quidem
523 3647 692 3701 verba
713 3687 730 3713 ,
763 3648 1012 3717 pauculis
1047 3648 1362 3711 immutatis,
1395 3657 1688 3702 occurrunt

179 3735 279 3798 apud
318 3748 548 3792 sanctum
593 3737 944 3810 Hippolytum
980 3755 1100 3808 cap.
1134 3739 1218 3792 18.
1249 3737 1389 3804 Quid
1431 3739 1575 3808 quod
1603 3739 1685 3792 vel

180 3821 348 3890 ipsemet
390 3827 648 3894 Sandius,
687 3831 912 3900 reliquis
941 3829 1274 3901 Hippolyteis
1304 3838 1559 3898 tanquam
1588 3845 1688 3883 no-

180 3914 256 3969 tltis
292 3920 504 3988 rejectis,
554 3923 662 3975 hoc
696 3938 862 3976 unum
911 3934 1093 3975 contra
1124 3923 1346 3976 Itrrresin
1381 3921 1538 3976 Nocti
1568 3937 1685 3992 ger-

179 4018 344 4062 manum
372 4012 778 4082 agnoscendum
808 4013 1090 4067 exisrimat
1127 4015 1261 4082 (55).

225 4095 505 4156 Praelarum
550 4114 736 4158 autem
770 4105 913 4158 hunc
953 4104 1399 4158 commentarium
1430 4104 1480 4155 in
1509 4104 1682 4156 lucem

177 4192 320 4244 extulit
339 4193 606 4250 Gerardus
633 4192 861 4250 Vossius
883 4192 1216 4264 Tungreusis
1247 4195 1385 4246 inter
1418 4194 1686 4247 Miscella-

180 4291 246 4330 nea
264 4294 532 4338 sanctorum
561 4286 764 4354 aliquot
803 4285 1028 4338 Patrum
1057 4285 1357 4339 Graecorum
1384 4295 1431 4338 et
1464 4284 1684 4339 Latino-

181 4384 278 4432 tim,
308 4375 364 4427 ad
404 4377 607 4431 calcem
645 4375 878 4444 Operutn
917 4375 975 4428 S.
1008 4375 1249 4447 Gregorii
1291 4375 1680 4446 Thaumaturgi
1715 4437 1722 4443 ι

1791 3192 2073 3248 mortuum,
2101 3183 2238 3236 sicut
2268 3193 2507 3236 mortuus
2529 3193 2639 3246 est;
2659 3193 2708 3237 et
2735 3185 3048 3238 suscitatam
3077 3186 3237 3238 tertia
3265 3186 3350 3238 die

1787 3284 1836 3328 et
1868 3276 2126 3329 sedentem
2181 3276 2251 3330 ad
2291 3276 2558 3330 dexteram
2611 3276 2814 3343 Patris,
2869 3285 3242 3347 venturumque
3288 3277 3359 3331 ad

1779 3368 2128 3436 judicandum
2173 3369 2312 3422 vivos
2353 3377 2403 3422 et
2432 3377 2662 3422 mortuos
2689 3367 2837 3439 (36);
2883 3378 3048 3439 atque
3078 3370 3192 3426 hzec
3221 3371 3359 3426 dici-

1790 3477 1909 3514 mus
1944 3477 2064 3530 qua:
2099 3462 2410 3517 didicimus.
2443 3460 2596 3516 Tunc
2637 3461 2798 3517 istum
2832 3465 3144 3518 convictum
3185 3465 3358 3532 ejece—

1788 3562 1914 3607 runt
1940 3569 2005 3608 ex
2032 3553 2300 3618 Ecclesia,
2329 3555 2421 3625 qui
2453 3570 2518 3609 eo
2551 3555 2846 3609 inﬂationis
2872 3563 3035 3622 venit,
3071 3564 3128 3609 ut
3163 3557 3359 3612 docere

1788 3645 2113 3701 institueret.

1854 3735 2155 3804 Antequam
2195 3733 2252 3788 S.
2295 3733 2610 3806 Hippolytus
2646 3736 3046 3791 distinctionem
3085 3737 3356 3792 Persona-

1787 3841 1904 3880 rum
1951 3826 2004 3879 in
2040 3825 2246 3880 unitate
2272 3825 2467 3880 divina:
2495 3835 2700 3880 natura:
2730 3828 2783 3880 in
2820 3825 2919 3880 SS.
2958 3825 3223 3882 Trinitate
3253 3828 3353 3882 de-

1774 3916 2072 3982 monstret,
2098 3917 2251 3987 prius
2276 3928 2592 3987 argumenta
2619 3917 2777 3972 Nocti
2804 3929 2991 3972 contra
3011 3917 3352 3984 Trinitatem,

1787 4025 1883 4065 seu
1908 4009 2310 4066 distinctionem
2336 4010 2642 4065 divinarum
2667 4009 3030 4065 Personarum
3077 4011 3350 4080 proponit,

1785 4113 1833 4158 et
1869 4102 2116 4157 dissolvit
2146 4103 2553 4171 interpretando
2583 4120 2770 4156 verum
2808 4101 2905 4156 SS.
2945 4103 3349 4172 Scripturarum

1785 4211 2026 4260 sensum,
2061 4197 2260 4264 quibus
2297 4194 2543 4250 Noetiani
2575 4197 2970 4258 abutebantur,
3008 4197 3089 4251 vel
3117 4212 3347 4265 quarum

1785 4298 1986 4342 textum
2021 4288 2289 4342 malitiose
2326 4289 2738 4342 detruncabant.
2784 4286 3048 4341 Refutatis
3082 4284 3234 4340 Noeti
3261 4301 3352 4341 ar-

1785 4378 2054 4447 gumentis
2085 4376 2141 4431 S.
2174 4376 2491 4448 Hippolytus
2517 4377 2834 4430 Trinitatem
2863 4385 2917 4430 et
2945 4377 3346 4431 distinctionem

179 4461 598 4537 alitJloguntinaa
637 4468 794 4530 1604,
820 4469 876 4530 4,
916 4485 979 4523 ex
1027 4468 1214 4522 Latina
1243 4468 1490 4522 versione
1513 4467 1684 4521 Fran-
1719 4465 1760 4516 D
1791 4473 2094 4526 divinarum
2136 4468 2498 4526 Personarum
2538 4469 2913 4523 demonstrare
2947 4471 3256 4539 aggreditur
3281 4485 3350 4527 ex

181 4552 272 4607 cisci
309 4556 564 4626 Turriani,
620 4561 876 4630 subjectis
924 4561 1084 4614 etiam
1117 4561 1678 4615 auimadversionibus

182 4651 360 4716 ejusdem
395 4659 697 4728 interpretis
734 4675 856 4729 pag.
881 4659 1067 4712 58-7l.
1113 4657 1320 4712 Exinde
1355 4675 1484 4711 vero
1511 4657 1679 4712 editio

183 4749 346 4810 repetita
370 4752 417 4803 in
443 4751 787 4806 Bibliotltecis
809 4749 1029 4804 Patrum
1055 4751 1364 4805 Coloniensi
1396 4749 1551 4814 1618,
1581 4749 1679 4803 Pa-

182 4837 341 4894 risiensi
369 4842 515 4905 1644,
547 4855 600 4899 et
637 4842 984 4913 Lugdunensi
1015 4842 1172 4906 1677,
1195 4860 1294 4897 nec
1322 4858 1428 4897 non
1455 4847 1509 4897 in
1539 4843 1678 4912 Sup-

183 4926 374 4994 plementi
395 4933 689 4990 Morelliani
719 4948 865 4991 tomo
886 4937 930 4999 Ι,
951 4950 1076 5005 pag.
1106 4933 1226 4988 6‘20.
1249 4933 1432 4990 Graece
1457 4934 1674 4989 demum

233 5084 318 5164 (tt!)
351 5087 674 5164 Hieronymi”
706 5093 863 5164 epist.
900 5091 966 5144 '70
994 5092 1060 5144 ad
1090 5091 1288 5164 Magn.,
1320 5103 1459 5146 orat.
1493 5091 1520 5163 §
1547 5093 1599 5146 4.

233 5157 318 5229 L39)
351 5157 558 5229 Euseb;
590 5162 660 5217 II.
698 5157 764 5216 liv.
798 5164 889 5217 lib.
918 5179 990 5224 vr,
1024 5178 1141 5229 cap.
1176 5157 1264 5216 £22.

233 5226 316 5307 (ξφ)
350 5226 669 5307 [lierotiym.,
702 5233 776 5286 De
809 5236 908 5307 vir.
940 5226 1161 5296 illustr.,
1203 5247 1321 5300 cap.
1350 5233 1437 5286 6i.

233 5298 317 5376 (ξιξ)
352 5298 686 5376 Pilum-Bibl.
711 5306 843 5376 cod.
880 5319 1023 5358 cxxr.

225 5369 318 5440 (ξιξ)
351 5369 537 5438 Celas.,
573 5375 642 5426 De
685 5374 888 5426 duabus
911 5373 1136 5437 naturis,
1177 5382 1306 5424 tom.
1338 5371 1428 5438 ιγ,

187 5427 379 5515 statim},
401 5427 661 5499 I’P.'edit.
693 5444 865 5498 Paris.
922 5443 1077 5515 test,
1111 5427 1162 5512 πὶ.
1199 5443 1321 5496 tat.

234 5508 487 5581 l§5)Sand.
532 5515 686 5568 Nurl.
741 5515 883 5570 Hist.
918 5513 1068 5581 eccl.,
1097 5508 1151 5567 in
1197 5521 1351 5567 tract.
1401 5511 1472 5566 De
1511 5522 1666 5576 veter.

190 5584 319 5655 tmpt.
339 5587 446 5655 eset.
474 5603 590 5654 pag.
613 5587 700 5639 Ξῖ.

194 5648 734 5783 ’ΒίὸιίυιΙι.
787 5655 900 5710 ΡΡ.
956 5655 1134 5710 Paris.
1180 5651 1338 5719 1644,
1388 5662 1522 5710 tom.
1556 5651 1667 5720 XII,

411 5825 660 5886 Pueros.
689 5825 802 5885 Ca.
836 5824 915 5883 Χ.

1459 5381 1597 5442 part.
1634 5389 1669 5437 I,

1784 4564 1914 4632 ipsis
1948 4565 2119 4617 sacris
2146 4562 2460 4631 Scripturis,
2504 4571 2556 4614 et
2581 4561 2631 4613 in
2654 4561 2846 4629 primis
2879 4570 3033 4615 notat
3063 4561 3174 4632 (57)
3204 4563 3343 4632 quod

1781 4671 1914 4708 unus
1930 4655 1995 4707 sit
2015 4654 2174 4715 Deus,
2198 4670 2344 4723 quem
2369 4670 2468 4706 non
2494 4652 2705 4705 aliunde
2721 4653 3072 4722 agnoscimus,
3091 4671 3252 4723 quam
3279 4670 3345 4709 ex

1781 4745 1950 4799 sacris
1985 4743 2342 4814 Scripturis...
2394 4742 2740 4813 Quzecunque
2779 4761 2908 4814 ergo
2943 4743 2999 4798 S.
3050 4744 3344 4814 Scriptum

1779 4838 2091 4907 praedicant,
2149 4835 2416 4900 sciamus;
2452 4845 2505 4889 et
2545 4852 2884 4906 quaecunque
2923 4838 3137 4900 docent,
3173 4852 3342 4906 agno-

1778 4945 2016 4994 scamus,
2053 4937 2108 4982 et
2139 4929 2278 4983 sicut
2308 4930 2422 4983 vult
2446 4929 2600 4983 Pater
2629 4930 2798 4993 credi,
2833 4931 2911 4985 sic
2940 4929 3262 4994 credamus;
3288 4939 3341 4981 et

1848 5092 1959 5163 (35)
1988 5089 2257 5163 llippolyt.
2293 5098 2476 5163 contra
2520 5086 2857 5163 Noet._num.
3013 5080 3334 5163 Theodoret.

1776 5151 1870 5219 lib‘.
1913 5151 1971 5216 ιιι
2005 5151 2202 5214 Hie-ret:
2231 5159 2423 5228 fabul.,
2455 5175 2574 5227 cap.
2600 5159 2652 5220 5,
2686 5158 2844 5228 idem_
2863 5155 3091 5228 allirtnat
3129 5151 3166 5203 S
3219 5151 3339 5228 Epi-

1775 5235 2008 5303 phanius
2035 5248 2160 5285 vero
2181 5222 2534 5303 Ephesiorum
2560 5228 2745 5303 sta_t_uit
2779 5245 2791 5279 :
2816 5223 2877 5278 In
2904 5225 3030 5303 A_sia
3058 5222 3334 5289 oriundus,

1774 5296 1898 5357 urbe
1935 5303 2154 5371 Epheso.
2180 5296 2370 5370 Epiph.
2393 5302 2584 5371 haeres.
2616 5299 2702 5360 57,
2741 5313 2889 5348 ιιιιιιι.

1845 5375 1956 5441 (56)
1981 5361 1990 5371 ’
2015 5371 2080 5424 lli
2123 5361 2335 5426 articuli
2384 5370 2711 5441 ςυιιιετίάιιιιιΔ
2741 5363 3170 5441 cuthymbolo
3202 5381 3230 5415 ιι
3269 5361 3333 5441 ς).

1773 5434 1976 5498 1ι·οἰι;υὸ
2005 5443 2230 5496 recitato
2264 5442 2356 5496 lib.
2410 5457 2460 5497 ι.
2510 5454 2626 5506 cap.
2683 5436 2736 5499 ‘2,
2787 5447 2836 5489 et
2876 5437 2966 5488 lib.
3000 5451 3078 5496 ιιι,
3113 5450 3231 5506 cap.
3264 5434 3330 5498 1i;

1772 5515 2041 5568 ltalmntnr
2064 5514 2226 5566 etiam
2264 5513 2403 5581 apud
2437 5504 2823 5563 Tertulliauutn
2855 5506 2948 5559 lib.
2984 5514 3162 5558 contra
3199 5504 3330 5559 Pra-

1769 5599 1944 5642 xeam,
1972 5598 2089 5649 cap.
2121 5587 2172 5634 ‘2.

1843 5653 1953 5725 (δῖ)
1983 5645 2249 5722 ιΙῑιψυΙγι.
2283 5657 2466 5703 contra
2499 5645 2654 5701 Noet.
2677 5685 2691 5712 ,
2723 5662 2873 5701 num.
2905 5645 2958 5699 9.

2939 5807 3015 5865 10
