3950 6210
370 265 475 323 299
1341 264 1427 320 DE
1467 266 1626 322 VlTA
1665 266 1751 323 ET
1794 265 2104 322 SCRIPTIS
2144 267 2199 323 S.
2242 264 2624 325 HlPPOLY'l'l.
3473 270 3594 326 300

370 383 511 438 sicut
532 380 645 436 vult
674 378 843 437 Filius
867 380 1176 452 gloriﬁcari,
1208 382 1288 437 sic
1313 383 1713 453 glorificemus;
1741 394 1794 440 et
1815 386 1919 441 sic-
1947 392 1992 449 Α
2020 396 2235 453 varunt,
2273 385 2457 442 Graece
2507 386 2723 457 quidem
2772 383 3107 456 Nicephorus
3148 382 3256 440 CP.
3293 384 3348 438 in
3402 386 3598 438 Antir-

370 483 430 528 ut
475 473 586 527 vult
616 472 1093 542 donari‘Spiritum
1144 483 1413 540 sanctum,
1456 474 1545 530 sic
1565 478 1919 546 accipiamus,

368 578 475 619 non
514 564 810 618 secundum
845 564 1114 635 propriam
1143 565 1498 633 voluntatem,
1530 583 1703 637 neque
1730 583 1926 623 secun-

369 655 497 709 dum
522 656 799 725 proprium
824 672 1068 723 sensum,
1100 672 1273 727 neque
1296 658 1401 711 vim
1433 658 1721 715 inferentes
1748 660 1800 714 in
1837 677 1899 716 ea

368 763 489 818 qua
539 747 606 802 ab
639 762 705 802 eo
746 749 869 805 data
903 759 1065 815 sunt,
1119 750 1212 805 sed
1258 752 1531 820 quomodo
1566 752 1678 822 ipse
1722 769 1818 823 per
1863 753 1921 809 S.

371 840 678 909 Scripturas
702 839 895 894 docere
920 840 1111 906 voluit,
1152 840 1231 896 sic
1259 840 1644 912 intelligamus.
1669 826 1682 845 ’

456 925 712 984 Posthtec
727 927 793 983 de
816 913 1158 998 generatione
1186 936 1382 982 aeterna
1411 937 1463 982 et
1484 930 1925 985 consubstantia-

365 1018 516 1075 litate
533 1019 652 1074 Filii
676 1020 895 1076 diSSerit
915 1019 1216 1091 (38),atque
1234 1021 1604 1077 incarnatione
1615 1020 1775 1077 Verbi
1790 1023 1922 1093 (59).

367 1112 533 1167 Docet
563 1114 739 1168 solum
770 1112 1009 1167 Verbum
1043 1115 1383 1167 incarnatum
1402 1113 1512 1184 (40)
1536 1114 1786 1185 idemque
1805 1130 1927 1170 esse

364 1206 558 1261 Filium
596 1207 688 1262 Dei
714 1207 847 1279 (41),
880 1208 1039 1276 idque
1070 1222 1136 1261 ex
1170 1205 1492 1277 Apocalypsi
1521 1207 1682 1262 etiam
1713 1207 1926 1276 probat,

364 1314 526 1367 quam
553 1299 656 1353 sub
684 1299 905 1353 nomine
933 1297 1161 1353 Joannis
1190 1298 1535 1367 evangelista:
1569 1299 1770 1354 laudat.
1808 1299 1924 1355 Non

362 1388 596 1453 Patrem,
630 1389 722 1445 sed
759 1388 965 1443 Filium
997 1389 1172 1444 solum
1198 1389 1534 1443 incarnatum
1562 1388 1731 1444 fuisse
1751 1391 1928 1445 decla-

362 1490 453 1534 rat'
480 1480 592 1551 (42)
638 1484 927 1550 monetque
978 1481 1351 1536 curiositatem
1395 1482 1449 1534 in
1501 1480 1770 1552 mysteriis
1814 1495 1930 1549 per-

362 1570 671 1627 scrutandis
701 1571 975 1624 vitandam
1006 1586 1145 1626 esse.
1188 1569 1428 1624 Tandem
1461 1570 1624 1624 tradit
1651 1569 1787 1624 duas
1826 1585 1926 1622 na-

362 1670 513 1717 turas
555 1661 798 1730 duasque
842 1661 1184 1729 operationes
1231 1662 1283 1715 in
1334 1659 1554 1715 Christo
1593 1658 1924 1728 proﬁtendas

358 1752 484 1806 esse
517 1750 626 1819 (45)
648 1790 665 1813 ,
697 1721 894 1805 etcum
916 1750 1204 1821 doxologia
1240 1751 1507 1806 concludit
1537 1721 1695 1805 su-um
1727 1759 1925 1804 tracta-
1953 1721 1999 1782 Β

363 1849 499 1895 tum.
533 1837 799 1894 Caeterum
831 1839 1250 1904 observandum,
1286 1839 1430 1909 quod
1467 1848 1682 1895 notante
1717 1839 1785 1893 cl.
1816 1837 1927 1892 Til-

362 1930 621 1985 lemontio
663 1931 775 2001 (44)
823 1929 1158 2001 Epiphanius
1186 1931 1376 1986 haeresi
1403 1930 1495 1998 57,
1532 1947 1656 2000 quae
1678 1939 1761 1986 est
1788 1928 1928 1985 Noe-

364 2023 656 2089 tianorum,
688 2036 755 2076 ex
782 2019 1085 2092 Hippolyto,
1113 2021 1241 2076 licet
1272 2036 1379 2076 non
1412 2022 1714 2087 nominato,
1754 2021 1924 2075 multa

361 2114 430 2167 ad
455 2113 679 2167 verbum
703 2120 908 2181 repetat
931 2126 1031 2181 pro
1066 2110 1365 2166 refutandis
1388 2112 1494 2166 illis
1525 2112 1810 2178 haereticis,
1842 2120 1927 2165 at-

363 2216 468 2271 que
485 2202 669 2271 judice
696 2201 970 2255 Ceillierio
998 2201 1108 2272 (45)
1135 2203 1429 2257 verisimile
1457 2203 1617 2257 etiam
1649 2210 1752 2265 est,
1783 2202 1927 2273 quod

363 2290 698 2361 Epiphanius
737 2306 804 2344 ex
847 2291 949 2345 hoc
978 2288 1296 2362 Hippolyteo
1334 2290 1639 2362 fragmento
1668 2293 1816 2347 illum
1846 2294 1927 2347 lo-

362 2398 485 2436 cum
531 2381 847 2437 historicum
892 2380 960 2436 de
1004 2382 1564 2436 excommunicatione
1604 2381 1758 2438 Nocti
1802 2399 1926 2437 mu-

362 2481 554 2528 tuatus
588 2472 769 2527 fuerit.
802 2471 1039 2527 Tandem
1087 2474 1188 2528 hoc
1231 2472 1514 2545 Hyppolyti
1544 2473 1924 2545 fragmentum,

362 2571 552 2617 contra
602 2561 894 2632 Dupinium
939 2562 1052 2635 (46)
1112 2563 1246 2618 illud
1300 2564 1647 2628 inliciantem,
1716 2563 1929 2634 egregie

359 2655 638 2710 vindicant
707 2664 956 2727 auctores
1022 2654 1277 2711 Historia
1341 2655 1615 2711 litterariae
1690 2654 1929 2711 Franco-

370 2764 494 2801 rum
511 2746 644 2818 (ιγ).

907 2836 1302 2893 ARTlCULUS
1341 2835 1455 2891 VH.

360 2944 431 2987 οε
469 2945 757 2984 TRACTA'I'U
791 2945 838 2985 8ο
881 2944 1163 2984 HIPPOLYTI
1211 2946 1276 2983 DE
1323 2943 1620 2983 THEOLOGIA
1651 2945 1719 2982 ET
1752 2944 1931 2984 INCAB-

558 3014 786 3053 NATIONE
812 3015 1079 3054 ADVERSUS
1102 3015 1345 3054 BEBONEI
1378 3015 1449 3052 ET
1478 3014 1727 3053 ιιειιεειι.

364 3084 459 3160 91.
486 3085 748 3157 Excerpta
781 3086 921 3160 VIII
941 3102 1005 3140 ea:
1040 3104 1274 3160 sermone
1302 3090 1366 3140 de
1389 3088 1648 3156 theologia
1678 3097 1726 3142 et
1749 3087 1923 3140 incar-

744 3158 954 3211 natione
975 3158 1092 3227 quis
1117 3156 1264 3210 nobis
1288 3160 1532 3210 servarit.

434 3268 755 3322 Anastasius
795 3266 1076 3337 presbyter
1105 3282 1170 3322 ac
1213 3264 1472 3321 Romana:
1504 3266 1758 3322 Ecclesia:
1790 3282 1923 3337 apo-

363 3357 646 3412 crisiarius
678 3358 822 3412 circa
840 3357 1075 3411 medium
1094 3358 1274 3412 saeculi
1295 3358 1507 3426 septimi
1536 3365 1765 3412 testatur
1788 3358 1923 3429 (48),

363 3450 507 3519 quod
556 3464 678 3505 cum
739 3448 1210 3518 Constantinopoli
1243 3461 1609 3505 commoratus
1650 3463 1816 3515 esset,
1855 3452 1925 3506 ad

363 3541 540 3609 ipsum
593 3540 801 3595 delatus
841 3539 1004 3594 fuerit
1055 3541 1194 3596 liber
1254 3540 1311 3595 S.
1368 3541 1633 3613 llippolyti
1686 3543 1923 3613 episcopi

364 3630 557 3688 Portus
594 3631 825 3687 Romani
872 3647 937 3687 ac
974 3634 1249 3704 martyris,
1294 3634 1347 3687 in
1381 3650 1490 3703 quo
1520 3635 1816 3706 anticipato
1836 3651 1925 3691 re-

368 3723 505 3778 fellit
538 3724 786 3779 haeresim
827 3723 1330 3791 Monothelitarum;
1380 3741 1540 3796 quem
1583 3742 1705 3782 cum
1757 3735 1926 3782 totum

363 3816 668 3871 describere
694 3817 871 3882 vellet,
917 3817 1005 3870 vix
1039 3817 1207 3872 valuit
1232 3833 1299 3871 ex
1330 3817 1447 3887 ipso
1471 3817 1590 3888 plus
1616 3834 1778 3889 quam
1804 3827 1926 3874 octo

363 3907 484 3965 loca
517 3923 613 3965 seu
643 3909 953 3965 testimonia
979 3910 1282 3976 extrahere,
1321 3910 1521 3965 invidia
1556 3910 1928 3966 Monothelita—

364 4001 613 4072 ωσι,ᾳυί
633 4001 881 4056 eumdem
906 4001 1102 4055 librum
1127 4016 1157 4056 e
1176 4001 1424 4055 manibus
1441 4001 1541 4071 ipsi
1564 4002 1924 4072 diripuerunt.

364 4087 499 4147 Octo
523 4092 636 4146 haec
657 4090 954 4162 fragmenta
981 4106 1048 4145 ex
1082 4104 1333 4146 sermone
1369 4090 1443 4144 De
1479 4091 1734 4162 theologia
1764 4102 1810 4147 et
1840 4094 1925 4147 in-

365 4179 669 4233 carnatione
697 4187 888 4234 contra
937 4177 1200 4233 Beronem
1226 4187 1280 4233 et
1329 4176 1565 4233 Helicem
1599 4181 1756 4237 nobis
1809 4198 1925 4237 ser-

438 4412 552 4488 (§§)
577 4413 846 4488 llippolyt.
866 4428 1052 4472 contra
1084 4417 1238 4473 Noet.
1272 4433 1422 4473 num.
1454 4419 1644 4486 10,11.

437 4483 548 4554 (ξι9)
577 4483 832 4554 1(1.“ἱι)ἰ‹ῖ.,
855 4504 1005 4542 num.
1037 4490 1126 4544 l2.

437 4551 547 4620 (40)
577 4552 655 4607 ld.
680 4551 833 4621 ibid.,
862 4574 1013 4612 num.
1048 4561 1135 4613 14.

438 4621 551 4692 (41)
580 4621 659 4692 ld.
689 4624 845 4692 ibid.,
878 4644 1028 4682 num.
1055 4629 1136 4683 15.

439 4689 550 4762 (42)
579 4689 655 4747 1(1.
675 4689 839 4758 ἰδίει,
858 4711 1011 4751 num.
1041 4697 1129 4759 16,
1157 4700 1245 4753 17.

461 4762 550 4830 45)
579 4762 654 4816 Id.
683 4762 814 4818 ibid.
836 4805 852 4830 ,
885 4781 1035 4819 num.
1066 4768 1130 4821 17
1162 4779 1215 4823 et
1242 4770 1327 4825 18.

577 4831 924 4912 {illemontm
950 4834 1217 4912 Mém_oi_r.,
1253 4849 1384 4895 tom.
1414 4840 1503 4912 111,
1535 4857 1657 4912 pag.
1687 4842 1814 4912 107.

581 4901 1229 4984 Eeillier,__llist._géiiér.,
1267 4919 1400 4963 tom.
1433 4901 1499 4984 ll,
1527 4901 1803 4984 ρεξάῥρἳ.

580 4971 1051 5049 I_)_u_pin,__Bililioth'.
1086 4971 1252 5049 auct:
1278 4989 1413 5034 tom.
1440 4971 1492 5045 1,’
1510 4971 1629 5049 βεικῖ
1650 4981 1770 5036 177.

462 5041 731 5169 “agilia.
773 5043 938 5098 littér.
979 5044 1044 5099 de
1090 5045 1146 5099 la
1191 5045 1417 5114 France,
1455 5041 1673 5116 to'mfl,
1719 5060 1855 5120 part.
1886 5068 1924 5117 I,

370 5132 490 5186 pag.
510 5132 638 5186 pse.

444 5181 555 5256 (48)
588 5203 607 5234 ι
639 5181 920 5258 Pragterea
938 5186 1059 5241 misi
1086 5185 1152 5240 ad
1171 5203 1410 5258 praesens
1433 5203 1557 5243 cum
1578 5188 1678 5242 hac
1701 5188 1927 5258 epistola

371 5254 561 5310 mea...
619 5254 856 5309 notulam
907 5254 1192 5311 habentem
1235 5258 1541 5312 testimonia
1581 5274 1647 5312 ex
1679 5254 1837 5312 dictis
1869 5260 1926 5315 S.

373 5322 650 5407 Hippolyti
690 5324 938 5407 episcopi
1003 5324 1195 5382 Portus
1252 5326 1482 5383 Romani
1542 5343 1606 5382 ac
1657 5330 1929 5407 _m_artyris

372 5392 588 5450 Christi
614 5392 705 5449 Dei
731 5392 936 5462 nostri,
984 5412 1091 5466 quo
1120 5409 1173 5451 et
1206 5413 1301 5466 per
1341 5414 1405 5452 ea
1451 5412 1615 5453 nosse
1657 5392 1927 5463 habeatis,

373 5479 535 5534 quam
568 5467 911 5520 concorditer
947 5483 1070 5521 cum
1095 5468 1216 5522 aliis
1250 5468 1503 5522 omnibus
1525 5468 1727 5522 sanctis
1757 5466 1931 5522 Patri-

371 5532 475 5589 lius
510 5532 807 5608 Salvatoris
835 5537 1003 5608 nostri
1026 5534 1152 5593 Jesu
1190 5536 1393 5593 Christi
1426 5538 1681 5608 praedicet
1706 5545 1930 5594 naturas

372 5615 427 5679 et
451 5603 812 5672 operatioues,
838 5605 1045 5661 refellat
1071 5616 1250 5679 autem
1278 5623 1395 5671 eos.
1415 5603 1509 5679 Qui
1540 5622 1705 5679 unam
1733 5622 1924 5677 opera-

375 5675 575 5741 tionem
605 5683 657 5729 et
690 5683 937 5731 naturam
969 5691 1132 5734 unam
1164 5675 1460 5738 divinitatis
1488 5685 1543 5734 et
1578 5675 1927 5735 humanitatis

2024 480 2235 533 rheticis
2277 487 2465 533 contra
2498 477 2919 545 lconomachos;
2949 477 3274 531 Anastasius
3297 487 3426 531 vero
3452 491 3599 546 apo-

2020 569 2301 625 crisiarius
2341 571 2394 624 in
2442 570 2556 625 suis
2595 568 2938 624 Collectaneis
2995 567 3186 621 Latine
3223 565 3453 621 reddita.
3506 564 3597 621 Ex

2024 659 2273 715 Turriani
2301 661 2553 714 versione
2572 660 2778 729 primus
2804 659 2895 713 illa
2927 658 3168 727 vulgavit
3191 655 3457 712 Henricus
3476 655 3597 711 Ca-

2022 752 2216 807 nisius.
2252 750 2435 806 Graeca
2474 751 2724 820 deinceps
2754 766 2818 804 ex
2850 750 3091 819 ejusdem
3117 747 3373 801 Turriani
3398 746 3597 801 codice

2023 842 2225 896 addidit
2269 840 2643 895 Anastasianas
2688 840 2927 895 versioni
2975 838 3322 892 Sirmondus.
3397 836 3596 892 Graece

2023 933 2149 987 item
2174 942 2229 986 et
2253 931 2440 986 Latine
2462 929 2697 1001 Operum
2730 931 2788 985 S.
2813 930 3033 985 Maximi
3071 938 3219 985 torno
3254 926 3274 982 1
3306 929 3595 999 praemissa

2022 1026 2192 1081 edidit
2224 1024 2606 1087 Combelisius,
2644 1023 2737 1093 qui
2774 1032 2828 1078 et
2856 1022 3129 1078 Anastasii
3163 1021 3469 1075 versionem
3504 1033 3598 1074 ro-

2022 1116 2254 1172 censuit.
2297 1114 2493 1169 Eadem
2523 1113 2717 1169 exinde
2741 1113 2795 1167 in
2835 1128 2995 1167 suum
3028 1110 3372 1181 Hippolytum
3408 1116 3597 1162 trans-

2026 1207 2147 1261 tulit
2192 1205 2495 1260 Fabricius.
2561 1203 2808 1259 Posthaec
2857 1219 2923 1258 ex
2970 1201 3279 1257 Combellsii
3326 1200 3590 1264 editione.

2023 1298 2207 1352 Graeca
2244 1296 2543 1365 desumpsit
2594 1294 2915 1364 Basnagius,
2951 1308 3016 1347 ac
3052 1291 3306 1346 Turriani
3348 1289 3594 1344 versiont

2024 1388 2267 1459 adjunxit
2303 1394 2439 1441 tom.
2483 1385 2502 1440 Ι
2540 1385 2793 1439 Thesauri
2829 1377 3140 1446 Canisiahi;
3175 1383 3241 1435 ad
3276 1380 3436 1449 cujus
3474 1379 3597 1434 cal-

2025 1493 2142 1535 cem
2194 1487 2451 1549 praaterea
2497 1475 2562 1530 Υ.
2608 1475 2668 1531 C.
2723 1474 2933 1530 Claudii
2974 1471 3413 1543 Cappcronnierii
3467 1470 3612 1525 ani-.

2026 1571 2427 1626 madversioues
2477 1569 2531 1623 in
2578 1566 2848 1622 Anastasii
2890 1565 3193 1621 versionem
3228 1578 3352 1618 cum
3383 1560 3596 1616 Graecis

2027 1662 2275 1717 collatam
2322 1659 2538 1731 adjecit.
2590 1656 2686 1712 His
2734 1657 2995 1712 subsidiis
3026 1656 3324 1711 instructus
3353 1654 3424 1709 cl.
3457 1651 3596 1708 Gal-

2028 1752 2240 1807 landius
2300 1750 2599 1806 editionem'
2650 1763 2804 1804 suam
2868 1746 3114 1817 paravit;
3168 1745 3590 1815 praecedentium

2025 1843 2289 1899 editorum
2323 1841 2727 1897 observationes
2769 1838 3017 1907 subjecit,
3054 1851 3229 1907 neque
3262 1845 3417 1891 notas
3444 1837 3594 1889 omi-

2026 1936 2115 2000 sit,
2157 1950 2294 2006 quas
2323 1933 2566 1989 eruditus
2611 1929 3116 1986 Sirmondianorum
3148 1928 3323 1982 editor
3356 1927 3593 1997 margini

2026 2028 2237 2089 allevit;
2272 2023 2546 2079 Anastasii
2593 2022 2831 2077 versioni
2875 2019 3309 2076 testimoniorum
3338 2017 3596 2089 Hippoly-

2029 2128 2259 2182 teorum,
2300 2114 2753 2171 Combelisianam
2793 2111 3168 2167 recensionem
3201 2111 3473 2180 apposuit,
3506 2120 3599 2164 at-

2025 2225 2132 2279 que
2174 2209 2412 2278 integras
2448 2202 2887 2276 Cappcronnicrii
2925 2202 3425 2257 animadversiones
3456 2202 3597 2258 sub-

2025 2302 2178 2367 didit.

2098 2390 2170 2446 De
2218 2388 2398 2459 aperis
2442 2387 2746 2458 integritate
2787 2400 2899 2443 non
2926 2393 3012 2441 est
3041 2383 3285 2454 profecto
3319 2398 3419 2439 cur
3462 2382 3596 2453 jure

2026 2480 2274 2535 dubitare
2301 2480 2424 2549 quis
2454 2479 2648 2533 valeat.
2682 2475 2827 2530 Nihil
2855 2475 3054 2546 quippe
3079 2476 3135 2529 in
3159 2476 3244 2531 his
3273 2474 3595 2546 fragmentis

2026 2570 2202 2639 legere
2250 2579 2350 2632 est,
2395 2567 2540 2638 quod
2575 2565 2919 2636 Hippolytum
2955 2566 3195 2635 apprime
3228 2580 3332 2621 non
3361 2567 3590 2633 deceat;

2026 2662 2275 2732 quinimo
2308 2661 2421 2714 sive
2459 2667 2840 2730 argumentum
2874 2663 3106 2727 spectes,
3138 2656 3253 2712 sive
3276 2656 3595 2725 disputandi

2030 2754 2328 2819 rationem;
2385 2751 2573 2818 omnia
2634 2765 2769 2818 pene
2820 2748 3030 2818 gemina
3085 2762 3206 2802 cum
3268 2746 3593 2816 praecedenti

2029 2845 2292 2915 opusculo
2325 2852 2511 2898 contra
2544 2842 2771 2896 Nectum
2803 2840 3038 2909 reperias
3066 2857 3081 2905 ;
3128 2847 3186 2893 ut
3220 2840 3445 2909 proinde
3475 2841 3595 2894 fra-

2031 2946 2246 3005 gmenta
2295 2934 2563 3006 ejusmodi
2610 2934 2803 2987 merito
2847 2931 3116 2986 vindicent
3163 2928 3449 3002 Hippolyto
3483 2932 3590 2986 viri

1953 3062 1995 3119 ο
2029 3027 2350 3093 doctissimi,
2382 3025 2568 3081 Bullus
2594 3025 2704 3096 (49)
2746 3025 2798 3077 in
2815 3023 3028 3093 primis,
3065 3021 3442 3077 Tillemontius
3472 3021 3595 3094 (50)

2061 3116 2245 3169 liioue.

2028 3131 2117 3171 ani
2161 3131 2245 3171 ue.

2097 3133 2200 3263 Sid
2248 3208 2331 3261 vir
2385 3205 2738 3262 doctissimus
2764 3205 2929 3261 Ellies
2954 3204 3199 3276 Dupinus
3224 3205 3476 3270 dubitat,
3521 3222 3595 3262 an

2027 3298 2115 3352 illa
2142 3306 2393 3368 excerpta
2429 3296 2486 3351 S.
2512 3297 2850 3369 Hippolytum
2885 3298 3120 3352 habeant
3142 3305 3416 3353 auctorem
3436 3299 3594 3371 (5t);

2032 3387 2238 3465 Natalis
2260 3398 2438 3443 autem
2468 3389 2790 3455 Alexander,
2834 3387 3107 3454 Petavius,
3136 3388 3368 3444 Sandius
3394 3390 3511 3462 (52)
3538 3402 3599 3446 et
3680 3424 3685 3425 ί

2026 3479 2322 3551 Basnagius
2351 3480 2461 3550 (55)
2483 3481 2710 3551 probare
2736 3481 3215 3535 conanturlihrum
3234 3480 3308 3536 De
3329 3482 3595 3553 theologia

2027 3583 2074 3627 et
2095 3572 2456 3626 incarnatione
2473 3587 2579 3624 non
2596 3587 2716 3626 esse
2734 3570 2791 3626 S.
2824 3570 3092 3644 Hippolyti
3118 3589 3254 3642 opus
3269 3571 3593 3642 genuinum.

2026 3663 2324 3718 Audiamus
2358 3663 2535 3733 ipsum
2565 3660 2808 3718 Natalem
2844 3663 3208 3718 Alexandrum
3244 3663 3356 3734 (54)
3401 3675 3594 3718 contra

2025 3755 2140 3809 hzec
2168 3764 2418 3824 excerpta
2442 3755 2543 3810 ista
2564 3755 2918 3810 disserentem
2949 3772 2962 3808 :
2992 3773 3010 3805 ι
3043 3752 3202 3809 Liber
3227 3754 3301 3808 De
3329 3755 3599 3826 theologia

2026 3857 2074 3901 et
2102 3847 2462 3901 incarnatione
2502 3855 2689 3902 contra
2728 3845 2991 3901 Bcronem
3022 3856 3076 3901 et
3101 3845 3338 3903 Helicem
3371 3851 3598 3905 lucreti-

2026 3953 2190 3992 cos...
2220 3952 2330 3993 non
2378 3937 2589 3992 videtur
2615 3952 2736 3991 esse
2777 3937 2948 3992 sancti
2980 3935 3271 4008 Hippolyti,
3302 3939 3459 4008 cujus
3491 3955 3598 3994 no-

2028 4045 2150 4084 men
2180 4027 2414 4099 praefert.
2447 4026 2557 4084 Nec
2583 4028 2726 4081 enim
2755 4029 2873 4097 ejus
2899 4029 3195 4083 meminere
3216 4037 3447 4097 veteres,
3487 4046 3599 4087 nec

2027 4119 2279 4189 congruit
2312 4117 2644 4187 temporibus
2675 4115 2969 4189 Hippolyti.
3003 4117 3221 4173 Befellit
3252 4120 3398 4175 enim
3434 4136 3599 4177 erro-

2027 4226 2141 4266 rem
2169 4208 2494 4278 Apollinaris
2527 4217 2583 4263 et
2621 4207 2930 4281 Eutychetis
2954 4210 3022 4266 de
3056 4212 3360 4267 mutatione
3392 4212 3599 4269 divini-

1955 4406 2001 4462 Ῑ)
2030 4423 2148 4493 ejus
2203 4424 2634 4503 dogniatizant...
2687 4424 2841 4482 Hunc
2890 4428 3088 4503 librum
3123 4428 3364 4503 Byzantii
3409 4433 3594 4495 nobis.

2028 4504 2314 4567 antequam
2359 4496 2503 4564 passi
2546 4496 2858 4562 fuissemus,
2888 4498 3148 4567 delatum,
3168 4496 3307 4555 'cum
3344 4503 3489 4557 hunc
3517 4515 3599 4558 to-

2029 4574 2140 4640 tum
2207 4565 2486 4640 vellemus
2523 4568 2910 4640 transcribere,
2955 4565 3141 4624 subito
3170 4571 3326 4640 juxta
3358 4586 3597 4629 consue-

2028 4634 2266 4689 tudinem
2293 4649 2447 4689 suam
2473 4635 2783 4691 insistentes
2817 4639 3112 4693 adversarii
3140 4634 3411 4695 latronum
3437 4659 3596 4699 more

2026 4712 2345 4781 rapuerunt,
2394 4714 2466 4781 et_
2498 4722 2619 4781 non
2656 4707 2922 4781 valuimus
2976 4724 3044 4781 ex
3095 4711 3214 4779 ipso
3259 4711 3381 4781 plus
3422 4729 3595 4780 quam

2027 4783 2151 4849 ριξιο
2199 4775 2313 4849 haec
2349 4776 2653 4849 testimonia
2684 4778 2889 4832 tollere.
2945 4795 2963 4829 ι
3009 4775 3285 4849 Anastas.',
3334 4775 3495 4849 epist.
3522 4787 3592 4838 ad

2026 4841 2296 4972 giliegdlgs.
2309 4846 2562 4972 ξῖδῗὶιγι.
2596 4846 2918 4943 Gangrens.,
2940 4858 3071 4902 tom.
3097 4847 3165 4903 111
3185 4841 3322 4920 Opp.
3348 4841 3596 4907 Sirmon-

2067 4928 2126 4978 ι.,
2149 4929 2274 4982 pag.
2309 4928 2433 4972 519.
2804 4938 2808 4943 α

2033 5050 2060 5123 ἑ
2091 4984 2446 5123 ἓιεέἃξυξὲε,
2486 4984 2696 5055 Defens.
2725 4987 2820 5056 ῥά.
2860 4987 3088 5056 Νἰοωηη
3120 5000 3254 5046 sect.
3280 5007 3341 5060 ιι,
3369 5007 3491 5063 cap.
3534 4995 3591 5060 8,

2105 5055 2560 5203 ἷῇςςῖειῖίᾶἕίιιοηῐ,
2585 5122 2830 5182 Memoir.
2854 5128 3005 5196 eccl.,
3040 5140 3175 5187 tom.
3200 5128 3289 5197 Ill,
3320 5147 3444 5203 pag.
3487 5132 3595 5186 108

2028 5201 2081 5246 et
2101 5195 2442 5339 (gibus...
2467 5263 2605 5339 gibt.
2640 5275 2805 5334 auch,
2831 5283 2953 5337 pag.
2980 5269 3100 5325 ns.

2238 5333 2431 5411 §and.,
2466 5333 2578 5411 Yet.
2610 5333 2797 5411 script.
2832 5333 3047 5411 coclea,
3070 5356 3190 5411 pag.
3215 5341 3309 5396 27.

2099 5403 2498 5529 ἑῗὸῃξὶεὲιθξὲ,
2522 5403 2896 5529 ﬁtimadvers.
2912 5410 2980 5465 ad
3010 5403 3260 5467 Thesanr.
3284 5410 3600 5525 Cartisian.,

2029 5480 2163 5528 toni.
2186 5480 2228 5536 Ι,
2294 5489 2379 5544 ag.
2412 5480 2498 5540 10,
2524 5480 2610 5529 11.
3374 5521 3378 5525 .
3584 5480 3589 5481 “

2041 5546 2075 5630 ι’
2102 5490 2419 5630 Nata}
2454 5545 2766 5630 Alexandr"
2792 5546 2936 5607 Hist.
2964 5551 3170 5622 ποίει,
3197 5565 3322 5609 saec.
3355 5565 3441 5618 ιιι,
3461 5566 3596 5625 cap.

2030 5612 2086 5680 4,
2114 5612 2329 5670 articul.
2368 5616 2419 5683 1,
2451 5630 2570 5687 pag.
2607 5617 2691 5674 65.

3848 3937 3921 3983 2:2:
