3950 6210
228 280 277 335 50
286 280 297 330 Ι

1099 265 1182 319 οε
1222 263 1381 322 VlTA
1419 261 1506 318 ET
1545 263 1853 319 SCRIPTIS
1893 264 1949 318 s.
1988 249 2388 319 HIPPOLYTI.‘

3237 267 3342 321 502

231 393 324 447 tatis
352 392 393 443 in
415 402 630 450 carnem,
669 386 744 438 vel
772 385 952 440 carnis
980 384 1032 438 in
1067 384 1234 440 Deum
1270 387 1352 451 (ut
1377 395 1591 440 constat
1618 401 1679 436 ex
1716 395 1756 446 Α
1787 385 2046 437 adversus
2091 382 2454 453 Eutyehianos
2489 381 2800 450 protulisset
2854 382 2907 435 in
2968 383 3141 438 tribus
3173 385 3344 441 dialo-

230 488 314 539 illis
335 483 465 536 verbis
478 478 647 546 caput)
683 496 695 530 :
731 475 904 541 Quum
930 479 1227 543 essentiam,
1253 479 1450 546 inquit,
1479 477 1684 530 habebit

231 573 576 639 eorsmfopinione
591 571 754 638 factus
773 569 925 621 homo
954 580 1150 622 mutata
1179 571 1454 624 divinitate
1482 571 1534 622 in
1567 587 1685 622 car-

231 664 408 720 ηεηιέὶί
429 679 564 731 quam
589 662 786 714 habebit
809 661 944 715 Deus
973 672 1175 714 mutata
1207 679 1361 716 carne
1392 664 1445 715 in
1475 662 1636 715 Deum
1661 663 1686 716 .’

228 760 395 814 llatstio
407 759 521 810 enim
543 758 760 809 duarum
779 757 1232 808 naturaruminter
1247 772 1320 817 se,
1345 756 1586 809 interitus
1607 765 1683 809 est

222 855 445 903 ambarum.
493 845 590 900 Nec
637 845 812 899 solum
856 853 976 912 post
1007 845 1235 896 haereses
1273 843 1598 912 Apollinaris
1631 851 1685 896 et

222 939 463 1009 Eutychetis
485 937 585 1004 jam
612 945 782 1000 ortas,
816 951 998 988 verum
1029 934 1188 987 etiam
1219 945 1341 1003 post
1368 932 1685 987 Monotheli-

217 1042 344 1082 tarum
362 1029 576 1080 ha‘resim
602 1026 828 1078 effusam
851 1068 866 1089 ,
901 1024 1237 1092 conscriptus
1269 1024 1476 1078 videtur
1499 1024 1598 1078 iste
1620 1025 1684 1077 li-

215 1122 292 1173 ber.
319 1118 422 1171 Nam
453 1120 498 1170 in
525 1132 587 1171 eo
611 1117 847 1170 maxima
879 1131 1004 1184 pars
1027 1114 1144 1184 ejus
1172 1126 1432 1181 versatur,
1473 1126 1528 1170 ut
1548 1116 1683 1170 duas

212 1214 249 1265 in
277 1212 450 1264 Christo
474 1208 808 1278 operationes
839 1209 1059 1277 probet;
1091 1208 1329 1278 alioquin
1367 1219 1680 1262 naturarum

210 1303 503 1358 confusionem
546 1311 886 1368 secuturam;
933 1301 1010 1355 sic
1052 1317 1243 1370 nempe
1275 1303 1432 1356 habet
1457 1318 1574 1370 cap.
1666 1321 1678 1356 :

210 1394 370 1449 Carnem
397 1411 424 1446 a
469 1393 622 1447 Verbo
650 1403 997 1461 assumptum,
1029 1410 1187 1445 unam
1222 1404 1270 1446 et
1301 1393 1532 1446 eamdem
1566 1412 1684 1462 ope-

208 1488 395 1538 rationem
421 1485 613 1550 habere,
645 1502 806 1554 quam
835 1486 1104 1550 divinitas,
1132 1497 1342 1553 propter
1364 1487 1682 1554 assumptio-

206 1593 309 1637 nrm;
327 1577 616 1628 divinitatem
640 1593 763 1629 vero
794 1578 1025 1629 eamdem
1045 1580 1360 1645 passionem,
1384 1596 1540 1649 quant
1557 1597 1680 1633 caro

203 1681 355 1737 propter
380 1671 775 1722 exinanitionem
791 1686 807 1732 ;
847 1671 922 1722 sic
949 1673 1288 1724 mutationem
1321 1673 1480 1725 simul
1507 1683 1556 1728 et
1583 1677 1682 1727 mi-

202 1764 364 1814 xtionem
395 1778 450 1813 ac
482 1763 874 1830 confusionem,
908 1773 954 1816 et
996 1763 1268 1816 ambarum
1291 1776 1603 1818 naturarum
1630 1768 1682 1819 in

201 1854 345 1918 seipse:
365 1855 734 1906 conversionem
760 1857 994 1907 tradunt.
1034 1854 1093 1909 Si
1152 1858 1290 1909 enim
1320 1873 1440 1909 caro
1475 1874 1682 1912 assum-

200 1957 262 2010 pta
281 1947 472 1998 eumdem
502 1948 861 2015 operationem
888 1949 1071 2012 habet,
1103 1965 1259 2018 quant
1295 1950 1542 2003 divinitas
1569 1968 1586 2014 ;
1619 1953 1686 2004 li-

198 2049 280 2104 quet
317 2039 485 2105 factum
534 2056 646 2094 esse
689 2050 883 2093 natura
932 2040 1099 2094 Deum
1148 2041 1432 2112 habereque
1487 2045 1683 2110 omnia,

196 2148 279 2183 triti
299 2132 454 2201 quibus
486 2135 812 2186 naturaliter
843 2133 1157 2202 intelligitur
1183 2133 1355 2197 Deus;
1385 2144 1433 2187 et
1465 2136 1510 2186 si
1546 2136 1684 2188 divi-

196 2223 291 2276 nitas
309 2224 555 2277 exinanita
574 2225 822 2277 eamdem
841 2225 1136 2292 passionem
1158 2224 1325 2287 subit,
1343 2242 1497 2294 quam
1525 2243 1682 2294 caro;

195 2317 308 2384 liquet
343 2319 523 2385 [actam
564 2334 684 2371 esse
736 2329 928 2371 natura
976 2334 1206 2382 carnem,
1256 2317 1540 2388 habereque
1590 2320 1686 2374 illa

193 2409 334 2469 omnia,
376 2425 482 2462 cum
533 2409 731 2479 quibus
776 2410 1095 2462 naturaliter
1132 2410 1278 2462 nosci
1329 2420 1496 2478 potest
1539 2428 1682 2465 caro.

197 2497 285 2560 Qua
302 2501 414 2552 enim
444 2502 578 2553 inter
601 2517 662 2554 se
703 2511 824 2554 sunt
846 2501 1075 2570 ejusdem
1105 2503 1442 2569 operationis,
1487 2515 1533 2555 et
1582 2504 1685 2572 e/ﬁ-

192 2595 358 2658 cietttire,
399 2612 457 2647 ac
504 2595 852 2665 cognitionis.
897 2604 946 2648 et
977 2597 1189 2650 omnino
1221 2597 1357 2649 idem
1384 2599 1679 2666 patiuntur,

192 2684 339 2736 nullam
373 2699 562 2740 natura
599 2687 962 2754 differentium
996 2687 1303 2741 admittunt.
1333 2686 1398 2742 Et
1436 2704 1554 2757 cap.
1597 2692 1628 2742 6
1666 2707 1679 2742 :

193 2772 265 2835 Qui
297 2777 501 2829 eamdem
555 2778 920 2830 ooerationem
969 2778 1187 2832 diversis
1242 2781 1449 2832 naturis
1488 2780 1686 2834 Christi

191 2865 353 2929 tribuit,
379 2869 739 2937 confusionem
773 2877 1082 2922 naturarum
1114 2871 1271 2922 simul
1308 2873 1615 2939 introducit,
1639 2886 1685 2926 et

187 2956 426 3014 divisionem
453 2977 840 3030 personarum;
887 2979 1000 3015 cum
1040 2963 1301 3016 naturalis
1329 2966 1551 3017 essentia
1585 2983 1685 3019 ua-

190 3058 371 3104 tmrum
405 3071 490 3120 per
529 3055 888 3108 mutationem
925 3058 1302 3124 proprietatum
1332 3059 1538 3123 penitus
1561 3061 1684 3111 sub-
1713 3073 1755 3130 ς

188 3139 266 3194 lata
285 3146 356 3197 sit.
385 3144 442 3199 Et
469 3161 586 3215 cap.
623 3147 659 3199 7
701 3169 710 3200 :
747 3147 966 3200 Creator
997 3149 1229 3199 omnium
1261 3162 1324 3199 ea:
1351 3159 1535 3201 sancta
1578 3148 1685 3201 Vir-

190 3233 268 3298 giae
306 3235 457 3288 Μανία
493 3239 543 3289 in
569 3247 828 3305 conceptu
862 3254 1014 3306 puro,
1061 3240 1171 3291 sine
1205 3240 1523 3303 mutatione,
1568 3242 1685 3293 ani-

189 3339 287 3376 mant
321 3328 686 3398 intelligentem
735 3345 852 3381 cum
887 3345 1098 3396 corpore
1143 3333 1392 3384 sentiente
1419 3332 1520 3386 sibi
1563 3336 1684 3386 sub-

189 3420 445 3474 stantialiter
489 3423 708 3483 aniens,
746 3421 917 3487 factus
963 3431 1038 3475 est
1075 3423 1256 3486 homo,
1289 3435 1477 3478 natura
1510 3444 1541 3479 a
1567 3443 1686 3494 pec—

187 3517 272 3560 cato
294 3510 492 3569 alienus.
533 3514 688 3566 Deus
732 3511 970 3578 Verbum,
1007 3513 1142 3566 idem
1172 3513 1306 3568 Deus
1338 3526 1508 3579 totus,
1550 3519 1686 3570 ident

190 3600 278 3651 item
301 3603 432 3656 homo
463 3615 626 3669 totus,
693 3604 962 3657 divinitate
1004 3606 1212 3674 quidem
1261 3607 1436 3659 divina
1467 3625 1686 3676 operans

187 3704 253 3755 ριη
276 3705 479 3748 sanctam
513 3711 756 3760 carnem,
789 3711 902 3763 qute
935 3708 1127 3748 natura
1165 3712 1266 3749 non
1303 3707 1453 3752 erant
1479 3701 1687 3764 εανηίε;

186 3783 451 3841 humanitate
475 3805 594 3841 vero
621 3789 884 3850 humana,
923 3805 1038 3858 quae
1072 3803 1264 3843 natura
1302 3806 1404 3843 non
1424 3803 1571 3844 erant
1600 3792 1686 3844 di-

188 3875 397 3941 rinitatis;
425 3882 630 3947 patiens
675 3882 1050 3934 sustentatione
1085 3881 1411 3947 divinitatis,
1450 3883 1580 3935 nihil
1607 3885 1692 3935 di-

188 3967 313 4020 rutum
344 3974 528 4025 nudum
579 3987 802 4038 corpore
846 3987 1081 4039 operans,
1126 3971 1356 4041 nihilque
1404 3973 1690 4025 huntanum

187 4074 320 4129 (xpers
351 4066 682 4129 divinitatis;
709 4081 918 4118 servans
947 4067 1046 4118 sibi
1088 4081 1272 4117 novum
1311 4068 1551 4131 modum,
1589 4083 1690 4136 quo

187 4161 372 4221 utraque.
411 4157 588 4209 divina
635 4155 838 4208 scilicet
885 4164 934 4207 et
977 4155 1205 4206 humana
1235 4167 1473 4222 operatus
1507 4166 1603 4213 est.
1635 4168 1689 4208 ut

188 4240 226 4290 in
246 4256 396 4299 neutra
423 4257 617 4300 natura
648 4247 872 4299 mutatio
900 4247 1064 4315 ﬁeret.
1094 4245 1251 4302 Certe
1279 4265 1401 4302 cum
1437 4251 1548 4304 haec
1582 4250 1694 4302 Mo-

189 4336 511 4392 nothclitarum
573 4354 846 4398 errorem,
886 4341 1098 4392 unicam
1128 4341 1177 4392 in
1206 4340 1420 4393 Christo
1444 4341 1692 4393 volunta-

1787 475 1890 544 gis,
1913 489 2052 542 quos
2083 483 2270 528 contra
2299 473 2443 542 ipsos
2467 473 2801 542 composuit:
2838 474 3068 528 maxime
3090 491 3211 528 eum
3238 477 3344 531 alia

1785 580 1850 619 ex
1883 562 2146 633 Ope-ribus
2179 563 2442 634 Hippolyti
2486 564 2603 619 loca
2647 575 2940 631 recenseat,
2979 567 3234 620 nimirum
3281 584 3346 621 c1:

1786 656 2022 708 oratione
2052 654 2114 708 de
2147 656 2514 709 distributione
2544 655 2882 719 talentorum,
2925 670 2988 708 ea:
3021 656 3243 724 epistola
3275 656 3345 709 ad

1785 749 2068 814 quamdam
2099 749 2352 816 reginam,
2391 763 2454 800 ex
2486 764 2721 801 sermone
2753 749 2807 800 in
2839 746 3130 801 Helcanam
3161 759 3210 802 et
3237 752 3348 803 An-

1787 853 1941 903 nam,
1989 855 2108 908 quge
2138 841 2316 893 minus
2348 840 2622 908 splendida
2656 851 2783 894 sunt
2813 848 2868 894 et
2913 839 3114 894 diserta
3136 881 3148 902 ,
3181 858 3344 910 quam

1785 945 1871 992 ea,
1905 947 2024 999 qua:
2066 933 2306 1000 proxime
2345 934 2688 988 adduximus.
2726 933 2841 988 Non
2881 936 3155 991 omisisset
3200 944 3348 991 certe

1791 1023 2237 1092 diligentissimus
2287 1025 2520 1094 seiiptor
2559 1028 2865 1080 testimonia
2919 1027 3232 1095 deprompta
3278 1043 3348 1082 ex

1785 1114 1922 1166 l;ln°o
1950 1113 2020 1168 De
2055 1116 2313 1185 theologia
2346 1127 2393 1169 et
2428 1118 2809 1184 incarnatione,
2846 1127 2899 1172 et
2937 1119 2986 1172 in
3027 1135 3184 1173 suum
3227 1136 3348 1176 sco-

1785 1221 1911 1274 pum
1941 1215 2047 1260 tam
2079 1208 2279 1261 directe
2302 1209 2663 1272 collineantia,
2705 1225 2806 1264 suo
2834 1219 2940 1263 tam
2973 1213 3346 1269 convenientia

1785 1311 2122 1367 argumento,
2154 1300 2198 1353 si
2224 1301 2275 1353 in
2303 1315 2480 1353 rerum
2512 1311 2700 1355 natura
2746 1301 2881 1355 liber
2911 1301 3218 1370 bujusmodi
3261 1322 3349 1358 es-

1785 1391 2028 1444 stitisset.

1859 1499 1877 1531 ‹
1913 1480 2153 1549 Denique
2176 1479 2400 1536 Berouis
2423 1491 2474 1535 et
2506 1483 2710 1538 Helices
2738 1484 3132 1552 haereticorum,
3158 1496 3346 1542 contra

1783 1587 1920 1640 quos
1943 1573 2120 1627 editus
2153 1572 2340 1636 fertur,
2373 1575 2516 1627 nulla
2553 1586 2636 1629 est
2681 1576 2732 1628 in
2779 1586 2887 1630 tota
2925 1587 3070 1632 retro
3106 1580 3348 1648 antiqui-

1788 1674 1894 1719 tate
1929 1665 2212 1719 memoria.
2256 1685 2273 1716 ι
2323 1663 2594 1720 Hactenus
2627 1665 2690 1722 V.
2717 1668 2780 1722 C.
2813 1667 2920 1722 Nec
2953 1671 3092 1723 valet
3119 1686 3346 1739 respon-

1785 1773 1904 1809 sum
1950 1757 2153 1820 Canisii
2195 1766 2248 1810 et
2284 1756 2599 1823 Possevini,
2650 1775 2884 1814 errorem
2936 1762 3004 1815 de
3052 1765 3349 1816 mutatione

1785 1848 2080 1903 divinitatis
2113 1849 2166 1902 in
2211 1849 2622 1916 humanitatem,
2663 1853 2746 1905 vel
2785 1853 3138 1909 humanitatis
3170 1857 3222 1908 in
3261 1858 3347 1910 di-

1784 1941 2096 2006 vinitatem,
2140 1956 2261 1995 esse
2305 1942 2662 2010 antiquiorem
2697 1942 2990 2013 Eutychete
3035 1963 3097 2000 ac
3147 1948 3349 2016 Apoll:-

1785 2035 1922 2098 narl,
1961 2051 2080 2088 cuin
2128 2035 2246 2103 ejus
2286 2036 2594 2089 meminerit
2631 2045 2850 2092 sanctus
2885 2037 3130 2093 Justinus
3160 2041 3212 2094 in
3240 2041 3350 2096 Ea:-

1783 2128 2038 2195 positione
2063 2127 2208 2194 ﬁdei,
2239 2127 2478 2197 adeoque
2505 2145 2610 2182 non
2638 2144 2757 2184 esse
2783 2131 3200 2200 abjudicandum
3227 2149 3351 2187 san-

1784 2227 1871 2272 cto
1900 2215 2184 2288 Hippolyto
2215 2219 2408 2272 librum
2456 2221 2523 2274 de
2568 2237 2676 2289 quo
2711 2223 2940 2291 agimus,
2986 2225 3129 2293 quod
3161 2241 3349 2279 eorum

1784 2326 2024 2366 errorem
2056 2311 2282 2366 refellat.
2319 2311 2451 2366 Nam
2482 2314 2663 2368 statim
2695 2317 2984 2385 respondet
3007 2316 3212 2371 Natalis
3248 2319 3354 2370 lia-ﬁ

1785 2404 2093 2473 positionem
2121 2404 2246 2472 fidei
2290 2420 2398 2459 non
2443 2421 2564 2461 esse
2609 2407 2899 2475 genuinum
2945 2410 3117 2464 sancti
3151 2410 3349 2464 .lustini

1785 2495 1856 2548 Μ.
1891 2512 2049 2565 opus,
2093 2498 2335 2566 adeoque
2374 2499 2782 2566 reSponsioneni
2826 2497 3032 2554 Canisii
3078 2509 3130 2556 et
3156 2501 3351 2557 Posse-

1785 2589 1893 2643 vini
1930 2589 1983 2642 iu
2009 2605 2171 2644 auras
2206 2604 2546 2644 evanescere.

1855 2704 1882 2776 ς
1909 2703 1971 2758 ιι.
2004 2704 2710 2776 Respondetu[argumentis
2743 2705 2930 2758 Natat.
2959 2706 3268 2773 Alexandri,
3300 2719 3348 2761 et

2028 2776 2324 2829 vindicatur
2353 2773 2637 2844 Hippolyto
2667 2776 2760 2828 hoc
2789 2779 3114 2842 opusculum.

1859 2866 2060 2921 Verum
2109 2867 2220 2920 haec
2252 2864 2456 2920 Natalis
2503 2876 2817 2936 argumenta
2858 2883 2956 2936 pro
2989 2869 3352 2937 abjudicando

1789 2959 1848 3012 S.
1899 2957 2182 3028 llippolyto
2241 2965 2506 3015 tractatu.
2550 2960 2602 3011 in
2647 2959 2803 3027 cujus
2848 2962 3190 3029 possessione
3232 2965 3354 3033 plus

1787 3067 1948 3120 quam
1973 3051 2118 3104 mille
2148 3065 2320 3103 annos
2352 3050 2469 3108 fuit.
2499 3066 2604 3102 non
2627 3060 2752 3105 sunt
2781 3054 2911 3106 satis
2935 3055 3136 3122 gravia.
3167 3055 3352 3111 Primo

1790 3143 1930 3196 enim
1979 3143 2175 3196 mirum
2221 3143 2376 3196 nobis
2405 3143 2646 3206 videtur,
2679 3159 2776 3197 cur
2813 3161 2919 3199 non
2967 3149 3134 3215 possit
3167 3161 3356 3204 auctor

1790 3234 2090 3288 catholicus
2122 3235 2417 3302 primorum
2463 3234 2621 3287 trium
2655 3237 2968 3290 saeculorum
3006 3239 3145 3293 idem
3190 3244 3354 3310 profi-

1793 3328 1893 3382 teri
1935 3343 1999 3381 ac
2044 3326 2330 3381 defendere
2359 3325 2500 3394 quod
2535 3342 2746 3394 semper
2769 3329 3033 3384 creditum
3077 3331 3177 3385 fuit
3217 3334 3270 3387 in
3305 3347 3357 3388 et

1792 3421 1860 3473 ab
1891 3418 2126 3475 Ecclesia
2174 3427 2280 3472 tam
2325 3426 2449 3471 ante
2472 3457 2486 3480 ,
2522 3434 2682 3486 quam
2715 3429 2836 3488 post
2861 3436 3075 3478 exortas
3101 3425 3351 3482 haereses.

1793 3509 2049 3564 Fatemur
2078 3509 2293 3578 quidem
2324 3523 2418 3562 eos
2448 3509 2634 3562 Patres
2654 3549 2667 3571 ,
2699 3512 2790 3577 qui
2835 3522 2953 3580 post
2983 3525 3174 3570 enatos
3202 3532 3354 3571 erro-

1794 3619 1904 3668 res,
1933 3616 2071 3672 quos
2103 3601 2264 3655 etiam
2295 3613 2769 3670 oppugnaverunt,
2805 3615 3078 3669 Vixerunt,
3121 3609 3356 3676 pleraru-

1793 3708 1899 3761 que
1928 3690 2235 3744 accuratius
2265 3689 2408 3742 circa
2442 3693 2696 3745 veritates
2728 3693 2778 3744 in
2808 3697 3233 3750 controversiam
3264 3701 3358 3751 atl-

1794 3783 1986 3837 ductas
2010 3797 2128 3835 sese
2155 3781 2506 3850 expressisse,
2537 3799 2699 3851 quam
2737 3784 2876 3848 illos,
2903 3786 2993 3855 qui
3019 3797 3142 3842 ante
3171 3805 3368 3842 erratas.

1795 3874 2167 3946 contentiones
2213 3875 2499 3944 scripsere.
2548 3878 2615 3930 At
2647 3892 2773 3932 vero
2822 3879 2945 3932 inde
2992 3880 3133 3934 haud
3175 3884 3355 3936 statim

1797 3966 2152 4034 colligmdum
2179 3977 2280 4032 est,
2329 3968 2580 4033 loquendi
2627 3967 2914 4033 formulas,
2953 3987 3074 4040 quae
3113 3981 3232 4041 post
3261 3975 3360 4027 ali-

1797 4055 1952 4123 cujus
1976 4049 2242 4111 Inereseos
2263 4057 2522 4127 originem
2545 4059 2958 4122 adhibebantur,
2987 4076 3092 4114 non
3120 4063 3360 4130 potuisse

1799 4146 2047 4214 usurpari
2087 4146 2281 4200 saltem
2310 4147 2377 4201 ab
2407 4148 2679 4217 aliquibus
2728 4161 2853 4204 ante
2901 4152 3046 4206 illius
3092 4153 3360 4209 haereseos

1799 4237 1970 4290 initia.
2011 4237 2166 4291 Certe
2198 4236 2254 4291 S.
2294 4237 2657 4305 Athanasius,
2691 4242 2783 4309 qui
2817 4242 2905 4296 diu
2957 4253 3078 4297 ante
3111 4243 3360 4299 haeresim

1799 4329 2303 4394 Monothelitarum,
2334 4331 2777 4387 Nestoriauorum
2813 4344 2865 4388 et
2901 4335 3358 4406 Eutychianorum

190 4431 266 4477 tem
287 4431 750 4500 propugnantium,
773 4433 972 4484 directe
1002 4441 1212 4500 petant;
1248 4433 1693 4484 verisimillinuim
1729 4437 1772 4490 ο
1801 4421 2110 4489 scripserat,
2144 4421 2498 4476 nihilominus
2531 4425 2846 4492 mysterium
2874 4424 3265 4490 lncarnationis
3297 4445 3360 4482 ea

189 4528 263 4577 est,
289 4521 462 4575 librum
494 4523 654 4576 illum
687 4534 811 4575 ante
840 4523 1124 4591 septimum
1162 4523 1438 4582 saeculum,
1468 4538 1575 4590 quo
1605 4538 1697 4574 ex-

191 4610 269 4662 orti
292 4623 400 4666 sunt
430 4614 835 4678 Monothelitie,
871 4616 1242 4668 elucubratuni
1296 4629 1400 4667 non
1438 4613 1623 4667 fuisse.

243 4701 460 4760 «Deinde
507 4708 553 4761 si
604 4708 903 4760 exstitisset
951 4715 1190 4773 tempore
1243 4704 1697 4758 Chalcedonensis

192 4794 386 4859 concilii,
429 4796 810 4852 Theodoretus
842 4799 931 4851 illa
962 4801 1148 4868 procul
1187 4798 1352 4851 dubio
1390 4797 1697 4852 testimonia

245 5012 335 5081 (55)
375 5035 392 5067 ι
425 5017 677 5089 Cumque
709 5019 786 5090 ait
817 5019 1098 5074 Christus:
1134 5020 1322 5082 Pater,
1371 5023 1418 5075 si
1462 5022 1703 5090 possibile

193 5093 262 5144 est,
284 5095 494 5142 transeat
525 5108 556 5142 a
588 5105 667 5142 me
703 5089 845 5142 calix
875 5093 1004 5142 iste:
1058 5101 1408 5145 verumtamen
1446 5089 1546 5145 non
1590 5110 1703 5145 mea

195 5153 405 5219 voluntas,
430 5161 518 5212 sed
545 5170 640 5212 tua
669 5161 795 5228 ﬁat;
827 5170 907 5212 et:
948 5159 1176 5226 Spiritus
1205 5164 1410 5230 quidem
1438 5177 1702 5231 proruptus

195 5232 266 5297 est,
290 5242 397 5279 caro
422 5243 596 5282 autem
638 5231 881 5297 inﬁrma:
915 5231 1053 5284 duas
1085 5233 1386 5287 voluntates
1419 5234 1489 5286 ibi
1525 5244 1704 5285 osten-

195 5289 277 5370 φὶς
311 5300 518 5352 alteram
559 5289 888 5363 humanam,
930 5317 1050 5370 quae
1093 5311 1176 5355 est
1220 5305 1429 5365 carnis;
1483 5304 1702 5354 alteram

199 5362 408 5438 timeam.
440 5385 562 5438 qua:
595 5370 687 5423 Dei
717 5381 816 5424 est.
847 5362 1167 5435 siAt'hanas,
1195 5371 1266 5423 De
1289 5362 1563 5426 Incarnat.
1591 5388 1706 5424 con-

201 5437 260 5509 m,
280 5434 506 5502 Ανίαιιοὲ,
542 5456 666 5508 pag.
699 5440 822 5494 887.
862 5459 878 5489 ι
904 5441 1086 5510 Itaque
1111 5434 1270 5495 verus
1296 5453 1377 5497 est
1402 5444 1491 5496 Dei
1515 5443 1704 5504 Filius,

202 5511 488 5580 Pflusquanr
513 5511 681 5563 homo
727 5514 916 5574 ﬁeret;
971 5523 1024 5564 et
1071 5520 1353 5580 postquam
1402 5515 1573 5569 factus
1604 5527 1705 5574 est.

205 5574 417 5640 {Etcdiator
465 5578 557 5630 Dei
605 5591 659 5633 c-t
705 5583 978 5636 hominum
1029 5574 1485 5637 homo-Christus
1529 5585 1704 5640 Jesus.

205 5632 286 5721 [ioc
309 5648 437 5700 enim
447 5690 460 5710 ,
489 5660 574 5703 est.
594 5668 630 5721 η
639 5632 736 5704 uoti
749 5632 921 5715 cit,
937 5632 994 5705 et
1177 5632 1235 5705 in
1245 5632 1334 5705 isit
1352 5632 1709 5709 m'Clii'i;

207 5715 332 5780 “um,
358 5721 562 5772 un'uum
590 5715 738 5775 Patri
761 5715 1054 5778 secundum
1081 5720 1339 5790 Spiritum
1390 5726 1545 5781 nobis
1580 5740 1708 5780 vero

1797 4513 2005 4566 ratione
2053 4513 2306 4581 exponit,
2353 4529 2459 4582 qua
2505 4530 2694 4568 omnes
2743 4515 2933 4569 horum
2983 4518 3358 4573 lueretieorum

1796 4618 2008 4656 errores
2033 4603 2310 4671 aequaliter
2345 4604 2728 4672 impugnantur
2765 4614 2818 4659 et
2848 4607 3182 4676 jugulantur.
3228 4612 3361 4665 Pro-

1798 4693 1980 4747 ﬁtetur
2013 4695 2155 4748 enim
2203 4695 2340 4748 duas
2388 4696 2691 4750 voluntates
2723 4697 2836 4767 (55)
2871 4709 2924 4754 et
2963 4701 3099 4754 duas
3138 4712 3362 4757 naturas

1800 4785 1852 4837 in
1878 4782 2002 4838 Jesu
2036 4783 2255 4839 Christo
2287 4787 2404 4840 sine
2428 4785 2746 4842 confusione
2769 4829 2784 4854 ,
2834 4797 2928 4843 aut
2967 4792 3314 4860 permistione
3343 4834 3359 4858 ,

1801 5035 2098 5090 secundum
2124 5051 2378 5103 carnem;
2409 5050 2463 5093 et
2495 5039 2573 5094 sic
2600 5041 2950 5095 mediatorem
2987 5043 3077 5098 Dei
3103 5056 3154 5098 et
3190 5044 3365 5095 homi»

1804 5122 1954 5170 nnm,
1999 5107 2092 5174 qui
2128 5123 2233 5160 non
2268 5109 2440 5162 solum
2475 5110 2656 5173 homo,
2693 5113 2784 5164 sed
2819 5115 2978 5164 etiam
3013 5113 3154 5168 Deus
3201 5124 3302 5167 est.
3339 5133 3358 5164 ι

1805 5174 1936 5250 Ibid.
1969 5217 1984 5241 ,
2013 5193 2131 5250 pag:
2163 5177 2286 5232 888.
2343 5197 2360 5229 ι
2399 5179 2595 5250 Sicque
2621 5181 2881 5235 dicendus
2913 5181 3074 5236 fuerit
3115 5184 3364 5238 Christus

1804 5245 2073 5320 pet-[cetus
2092 5245 2243 5320 Deus
2269 5257 2323 5300 et
2356 5245 2624 5317 perfectus
2653 5253 2845 5315 homo;
2886 5268 2988 5305 non
3016 5257 3158 5320 quod
3182 5255 3362 5308 divina

1807 5315 2083 5390 perfectio
2116 5318 2168 5370 in
2211 5315 2499 5390 humanam
2553 5321 2931 5388 perfectionem
2993 5315 3195 5377 mutata
3255 5325 3364 5390 sit,

1806 5388 1946 5454 quod
1975 5403 2005 5440 a
2034 5387 2233 5456 pietate
2259 5389 2492 5442 alienum
2521 5387 2630 5454 est;
2664 5406 2834 5458 neque
2857 5406 2951 5458 per
2978 5387 3366 5450 incrementqu

1807 5458 2052 5519 virtutis,
2099 5467 2151 5509 et
2183 5461 2492 5513 accessione
2525 5461 2769 5526 justiti-.12,
2805 5463 2980 5523 absit,
3027 5466 3116 5516 sed
3159 5467 3368 5521 ratione

1808 5526 2134 5600 essistentiae
2163 5528 2538 5588 indeficientis,
2573 5539 2631 5582 ut
2657 5540 2884 5598 utraque
2911 5548 3053 5585 unus
3081 5536 3208 5600 sint,
3241 5550 3364 5589 om-

1810 5597 1938 5645 nino
1969 5595 2234 5674 perfectus
2261 5599 2399 5652 idem
2429 5599 2570 5674 licus
2599 5607 2650 5654 ct
2685 5595 2865 5656 homo.
2902 5621 2923 5655 ι
2962 5595 3246 5674 Athanas.,
3274 5606 3366 5663 Μ).

1809 5679 1825 5719 ι
1851 5674 2014 5718 contr.
2046 5667 2274 5739 Apollitt.
2296 5710 2309 5736 ,
2339 5684 2390 5738 p.
2425 5668 2547 5724 956.
