3918 6194
496 267 602 325 ’505

1473 271 1559 325 DE
1598 271 1762 326 VITA
1798 270 1887 325 ET
1929 266 2238 325 SCRlPTIS
2282 262 2338 321 S.
2377 264 2754 322 HIPPOLYTI.

3622 256 3737 311 505

497 392 581 445 vel
630 392 968 459 mutatione;
1019 402 1072 448 et
1106 393 1316 448 beatam
1364 391 1638 464 Virginem
1691 393 1914 449 Mariam
1964 394 2070 449 ire.
2099 402 2144 456 Α
2171 400 2361 448 contra
2390 390 2705 462 Eutychetis
2729 386 3001 451 haeresim,
3040 390 3230 454 praeter
3260 382 3385 437 illas
3420 376 3747 435 Tertulliani

495 493 725 555 quenter
751 484 905 539 titulo
933 483 1121 540 Matris
1152 485 1243 539 Dei
1276 486 1510 540 honorat
1539 486 1673 557 (56).
1709 486 2072 540 Tertullianus

497 576 798 631 Athanasio
824 591 888 631 ac
917 576 1117 631 Basilio
1141 577 1301 648 longe
1330 577 1629 647 antiquior,
1667 577 2071 632 distinctionem

499 667 728 722 duarum
777 678 1116 731 naturarum,
1167 683 1231 723 ac
1277 668 1539 722 unitatem
1568 668 1730 723 unius
1774 668 1827 722 in
1856 667 2072 722 Christo

497 757 625 814 Jesu
660 773 903 829 personae
932 769 1041 814 tam
1072 760 1217 815 clare
1245 762 1460 826 astruit,
1510 775 1575 815 ac
1615 760 1662 815 si
1707 760 1819 830 jam
1852 769 1965 814 tum
2016 759 2071 813 in

500 860 771 905 certamen
793 864 918 904 cum
946 850 1139 906 haeresi
1167 847 1402 905 Nestor-ii
1431 859 1485 905 et
1510 850 1820 921 Eutychetis
1850 850 2074 905 descen-

500 939 866 998 dissetJDeus
890 980 905 1005 ,
940 941 1115 1010 inquit
1146 938 1297 1011 (57),
1332 957 1493 1011 neque
1523 941 1712 994 desinit
1738 957 1880 1005 esse,
1916 956 2074 1011 neque

504 1035 650 1092 aliud
677 1042 840 1104 potest
874 1050 1007 1089 esse.
1043 1031 1224 1087 Sermo
1256 1044 1431 1087 autent
1458 1032 1631 1098 Deus;
1674 1043 1723 1087 et
1767 1049 1936 1087 sermo
1965 1032 2074 1085 Do-

504 1128 634 1182 mini
660 1135 831 1180 manet
864 1126 916 1179 in
951 1136 1224 1189 internum,
1260 1123 1632 1194 perseverando
1659 1123 1859 1179 scilicet
1894 1124 1951 1176 in
1977 1140 2077 1177 sua

506 1220 696 1291 forma.
733 1218 898 1284 Quem
928 1219 974 1273 si
1008 1234 1111 1271 non
1141 1218 1281 1287 capit
1328 1217 1724 1286 transﬁgurari,
1764 1230 2074 1286 consequens

504 1319 604 1377 est,
637 1321 693 1364 ut
725 1311 801 1364 sic
825 1325 949 1362 caro
978 1309 1149 1378 factus
1173 1307 1524 1378 intelligatur,
1559 1308 1683 1360 dum
1714 1307 1774 1376 ﬁt
1810 1307 1865 1359 in
1899 1321 2075 1371 carne,

504 1411 552 1456 et
601 1401 993 1470 manifestatur,
1032 1409 1082 1453 et
1124 1399 1347 1465 videtur,
1375 1408 1423 1452 et
1452 1406 1804 1451 contrectatur
1838 1414 1928 1465 per
1958 1412 2077 1450 car-

508 1510 654 1555 nem;
674 1494 798 1563 quia
819 1502 864 1546 et
894 1500 1082 1549 caetera
1108 1491 1184 1543 sic
1213 1490 1377 1559 accipi
1398 1491 1633 1560 exigunt.
1659 1487 1716 1545 Si
1743 1490 1881 1543 enim
1908 1504 2077 1543 sermo

509 1581 972 1652 transﬁguratione
1002 1590 1052 1634 et
1084 1579 1442 1634 demutatione
1482 1580 1810 1646 substantiae,
1843 1596 1966 1634 caro
1997 1580 2080 1649 fa-

509 1686 624 1731 ctus
647 1684 747 1743 est,
777 1690 883 1728 una
894 1674 1012 1743 jam
1032 1674 1132 1727 erit
1162 1672 1461 1726 substantia
1487 1669 1641 1726 Iesus
1666 1687 1731 1727 ea:
1755 1670 1983 1737 duabus,
2014 1686 2079 1725 ea:

508 1784 697 1831 carne,
741 1781 806 1821 ea:
854 1766 1047 1836 spiritu
1085 1765 1309 1818 mistura
1360 1764 1747 1834 queedam,.....
1780 1773 1828 1817 et
1872 1764 2081 1817 tertium

506 1861 633 1933 quid
672 1861 906 1931 ematur.
970 1856 1152 1928 Neque
1197 1871 1319 1927 ergo
1363 1855 1502 1910 Deus
1549 1857 1649 1909 erit
1693 1855 1870 1920 Jesus,
1913 1871 2080 1909 sermo

507 1954 647 2007 enim
672 1952 826 2006 desiit
859 1966 987 2014 esse,
1017 1950 1107 2018 qui
1134 1964 1257 2002 caro
1289 1948 1462 2017 factus
1490 1956 1568 2002 est
1587 1987 1601 2012 ,
1644 1964 1802 2018 neque
1833 1964 1957 2001 caro
1976 1989 1990 2013 ,
2026 1948 2081 2000 id

507 2054 584 2098 est
623 2044 775 2097 homo
787 2057 955 2107 ;,caro
979 2043 1116 2094 enim
1139 2055 1240 2093 non
1269 2040 1476 2108 proprie
1502 2048 1601 2102 est,
1644 2041 1735 2109 qui
1762 2054 1929 2093 sermo
1957 2037 2081 2108 fuit,

509 2138 589 2191 ita
615 2150 680 2189 ea:
710 2143 929 2204 utroque
962 2141 1205 2186 neutrunt
1229 2140 1342 2195 est;
1383 2129 1532 2183 aliud
1558 2130 1709 2201 longe
1741 2131 1952 2184 tertium
1980 2140 2081 2194 est,

509 2243 669 2298 quam
708 2235 1006 2295 utrumque.
1051 2222 1153 2278 Sed
1189 2223 1327 2276 enim
1357 2221 1644 2279 invenimus
1675 2221 1827 2275 illum
1865 2222 2084 2287 directo,

508 2324 559 2369 et
608 2313 806 2378 Deum,
846 2324 897 2367 et
936 2312 1196 2366 hominem
1237 2312 1569 2380 expositum,
1602 2312 1715 2381 ipso
1754 2312 1849 2365 hoc
1882 2311 2086 2381 psalmo

511 2408 1141 2481 suggerente:Quoniam
1171 2406 1315 2463 Deus
1345 2408 1510 2463 homo
1540 2417 1703 2464 natus
1731 2417 1815 2463 est
1842 2408 1895 2462 in
1926 2408 2082 2465 illa...

526 2502 768 2556 Videmus
814 2502 1075 2572 duplicem
1119 2510 1315 2556 statum
1360 2517 1462 2555 non
1501 2500 1798 2570 confusum,
1828 2502 1917 2554 sed
1966 2516 2089 2553 con-

514 2594 760 2664 junctum
801 2593 858 2647 in
885 2610 991 2647 una
1030 2609 1270 2662 persona,
1299 2592 1461 2647 Deum
1507 2601 1556 2646 et
1601 2592 1859 2645 hominem
1880 2590 2082 2646 Iesum.

516 2682 589 2741 Et
620 2683 750 2737 adeo
800 2683 947 2737 salva
975 2692 1052 2737 est
1097 2685 1371 2753 utriusque
1418 2683 1709 2750 proprietas
1744 2683 2086 2749 substantia,

514 2786 571 2831 ut
596 2786 646 2831 et
676 2775 907 2846 Spiritus
945 2791 1026 2830 res
1054 2792 1179 2831 suas
1210 2786 1382 2847 ageret
1408 2779 1462 2829 in
1489 2774 1600 2842 illo,
1626 2775 1680 2828 id
1710 2786 1818 2839 est,
1850 2776 2086 2843 virtutes,

515 2879 565 2923 et
593 2884 771 2938 opera,
799 2878 849 2923 et
881 2868 1054 2938 signa,
1092 2877 1141 2922 et
1183 2885 1305 2922 caro
1337 2869 1608 2939 passiones
1635 2884 1759 2921 suas
1787 2868 1970 2937 functa
1995 2869 2085 2934 sit,

514 2960 746 3013 esuriens
775 2958 868 3012 sub
901 2957 1133 3021 diabolo,
1184 2973 1202 3007 ι
1227 2962 1334 3010 etc.
1369 2956 1628 3029 Origenes
1660 2966 1845 3009 contra
1879 2954 2088 3010 Celsum

506 3043 633 3107 'suis
666 3051 720 3106 in
751 3050 924 3116 libris,
957 3048 1013 3104 S.
1048 3049 1339 3120 Gregorius
1368 3047 1740 3103 Nazianzenus
1801 3047 1856 3101 in
1898 3047 2088 3103 litteris

515 3142 633 3198 suis
662 3142 731 3197 ad
767 3141 1088 3197 Cledouium
1109 3180 1123 3203 ,
1170 3155 1277 3195 non
1312 3140 1492 3194 minus
1524 3139 1670 3194 clare
1710 3138 1967 3208 rejiciunt
1996 3152 2087 3193 er-

515 3245 669 3288 rores
707 3239 892 3301 postea
939 3244 1034 3300 per
1060 3226 1369 3283 Nestorium
1413 3236 1468 3282 et
1516 3226 1866 3297 Eutychetem
1912 3226 2089 3282 disse-

519 3324 775 3379 minatos.
804 3322 870 3377 Et
893 3324 981 3378 cui
1007 3335 1244 3391 unquam
1269 3320 1581 3374 criticorum
1606 3318 1753 3373 venit
1774 3319 1827 3373 in
1855 3327 2090 3372 mentem

518 3417 586 3470 de
635 3416 829 3470 horum
880 3428 1199 3485 magnorum
1253 3412 1495 3466 virorum
1543 3410 1761 3480 scriptis
1808 3416 2091 3480 propterea

519 3507 920 3563 contentionem
964 3519 1201 3569 movere,
1226 3504 1354 3574 quia
1393 3502 1508 3573 pari
1543 3503 1754 3557 ratione
1781 3516 1840 3556 se
1866 3515 2089 3571 expres-

520 3607 705 3654 serant
749 3606 804 3652 et
842 3611 1058 3651 errores
1094 3595 1265 3651 multo
1288 3604 1409 3665 post
1440 3594 1561 3649 illos
1594 3594 1846 3649 subortos
1877 3601 1985 3647 tam
2009 3592 2091 3647 di-

519 3696 663 3742 serte
684 3702 749 3741 ac
770 3686 1053 3757 perspicue
1084 3685 1612 3741 condemnaverant?
1644 3683 1787 3739 Falsi
1820 3698 1950 3739 sane
1981 3682 2093 3739 fue-

519 3788 648 3833 runt
669 3778 922 3834 Canisius
950 3786 1005 3833 et
1039 3777 1368 3832 Possevinus
1410 3777 1466 3831 in
1497 3791 1585 3843 eo,
1617 3776 1761 3847 quod
1789 3774 2093 3845 Expositio-

520 3884 637 3923 nent
687 3869 811 3937 ﬁdei
863 3866 921 3923 8.
974 3865 1188 3923 Justino
1228 3866 1450 3937 martyri
1492 3865 1814 3930 tribuerint;
1848 3879 2089 3919 errorem

523 3971 703 4016 tamen
734 3960 802 4016 de
827 3960 1175 4030 permistione
1205 3969 1520 4014 naturarum
1563 3958 1619 4012 in
1648 3957 1864 4013 Christo
1889 3956 2093 4027 Apolli-

522 4052 641 4107 nari
693 4061 747 4107 et
790 4050 1084 4122 Eutychete
1128 4050 1489 4118 antiquiorem
1541 4063 1694 4114 esse,
1741 4047 1872 4117 quin
1921 4056 1976 4102 et
2025 4047 2094 4101 ab

522 4139 775 4196 Ecclesia:
803 4140 1119 4195 doctoribus
1142 4179 1159 4206 ,
1190 4140 1283 4209 qui
1334 4138 1679 4209 Hippolytum
1720 4148 2089 4204 antecessere,

525 4234 897 4303 impugnatum
929 4231 1121 4297 fuisse,
1155 4245 1220 4286 ex
1260 4230 1543 4285 Athanasii
1572 4239 1625 4285 et
1658 4228 1975 4284 Tertulliani
2004 4244 2095 4284 su-

524 4340 620 4394 pra
669 4325 847 4379 allatis
877 4324 1011 4379 locis
1040 4321 1444 4379 evidentissime
1473 4330 1637 4391 patet.
1689 4321 1756 4376 Et
1797 4336 1929 4376 sane
1962 4319 2094 4375 Ter-

2171 484 2486 540 sententias.
2525 482 2660 549 Quis
2700 490 2885 536 tamen
2928 493 3026 549 pro
3074 476 3287 547 egregio
3321 473 3562 544 sepbista
3588 471 3748 525 illum

2172 590 2281 631 non
2313 576 2556 639 haberet,
2591 574 2683 645 qui
2714 573 2842 627 hinc
2872 569 3233 632 concluderet,
3265 568 3461 622 librum
3487 565 3748 620 adversus

2179 667 2443 723 Praxeam
2491 664 2810 721 Tertulliani
2835 679 2942 718 non
2966 678 3105 728 esse,
3136 662 3228 717 sed
3260 661 3496 715 auctoris
3523 661 3618 730 qui
3649 660 3751 715 de-

2172 777 2321 816 mum
2368 769 2489 830 post
2522 758 2872 830 Eutychetem
2913 754 3169 824 scripsit?
3218 754 3321 808 Sed
3355 753 3635 815 nimirum,
3683 759 3753 807 ut

2173 855 2225 908 in
2274 853 2496 919 mundo,
2546 853 2616 906 ita
2666 852 2720 906 in
2757 849 2996 905 Ecclesia
3024 847 3211 902 eadem
3255 861 3467 915 semper
3508 847 3754 901 recurrit

2180 946 2388 1009 fabula,
2431 955 2485 1000 et
2516 961 2653 1014 quas
2695 942 2961 1013 posterior
2993 947 3123 995 aetas
3169 953 3337 993 novas
3376 939 3609 993 haereses
3645 953 3754 1008 ap-

2175 1037 2356 1106 pellat,
2388 1051 2463 1089 ere
2494 1043 2623 1090 sunt
2650 1047 2835 1088 revera
2862 1030 3071 1101 pristini
3098 1037 3307 1083 tantum
3335 1041 3550 1083 errores
3576 1041 3744 1082 reuo-

2175 1128 2305 1189 vati,
2342 1122 2509 1197 atque
2532 1126 2602 1181 ab
2631 1124 2773 1180 Orco
2801 1122 3060 1178 revocati.

2244 1217 2429 1289 Neque
2455 1219 2655 1272 mirum
2684 1216 2839 1270 nobis
2866 1213 3034 1268 videri
3064 1212 3242 1277 debet,
3279 1212 3325 1267 sl
3356 1212 3409 1267 in
3436 1217 3586 1265 tanta
3616 1224 3762 1279 0pc-

2178 1328 2299 1368 rum
2332 1310 2676 1365 multitudine
2701 1323 2731 1362 a
2766 1305 2827 1362 S.
2855 1305 3143 1376 Hippolyto
3174 1316 3542 1368 exaratorum,
3572 1317 3758 1356 unum

2178 1411 2272 1457 aut
2312 1402 2539 1455 alterum
2576 1398 2909 1470 diligentiam
2952 1395 3210 1452 indefessi
3240 1395 3561 1470 Theodoreti
3594 1393 3761 1461 fuge-

2178 1496 2267 1548 rit.
2328 1492 2471 1548 Sane
2516 1493 2605 1547 hic
2652 1464 2843 1546 auctor
2891 1489 3095 1544 nullam
3142 1489 3210 1544 de
3256 1464 3395 1542 libro
3435 1486 3764 1541 Antichristi

2181 1585 2509 1640 mentionem
2550 1584 2697 1645 iacit,
2736 1583 2860 1638 licet
2903 1582 2949 1637 is
2988 1591 3249 1636 tractatus
3290 1580 3408 1635 loca
3448 1581 3625 1650 magis
3652 1579 3761 1633 de-

2181 1677 2413 1731 cretoria
2441 1676 2831 1745 complectatur
2869 1689 3030 1744 quam
3064 1672 3154 1727 alii
3198 1672 3320 1726 libri
3345 1670 3401 1726 8.
3452 1670 3759 1742 Hippolyti,

2115 1748 2157 1809 Β
2182 1786 2246 1825 ex
2278 1770 2474 1840 quibus
2502 1769 2815 1823 testimonia
2843 1768 2894 1820 in
2925 1767 3165 1822 medium
3189 1765 3428 1821 adducit.
3460 1763 3596 1819 Num
3623 1780 3764 1834 pro-

2183 1873 2363 1934 pterea
2391 1863 2514 1933 quis
2570 1861 2857 1917 alﬁrmabit
2884 1860 3031 1929 quod
3078 1859 3168 1914 ille
3214 1868 3473 1914 tractatus
3522 1872 3630 1912 non
3679 1858 3766 1911 sit

2185 1956 2348 2025 hujus
2382 1952 2440 2008 S.
2486 1952 2776 2025 martyris?
2819 1952 3073 2015 Accedit,
3109 1952 3254 2021 quod
3284 1951 3511 2021 ipsemet
3544 1949 3765 2004 Basna-

2184 2046 2323 2117 gius,
2351 2053 2411 2099 ut
2433 2044 2569 2099 bene
2607 2043 2894 2099 observant
2919 2040 3250 2097 Benedictini
3277 2055 3308 2095 e
3337 2039 3766 2111 congregatione

2189 2137 2248 2190 S.
2282 2135 2452 2191 Mauri
2478 2135 2620 2205 (58),
2656 2134 2887 2189 fateatur
2921 2134 3033 2204 (59)
3064 2132 3462 2188 Theodoretuut
3489 2131 3590 2185 alia
3627 2146 3770 2201 pro-

2188 2226 2331 2282 ferre
2364 2228 2672 2282 testimonia
2703 2241 2768 2280 ex
2800 2224 2858 2282 8.
2891 2225 3159 2297 Hippolyti
3196 2225 3470 2296 operibus,
3502 2241 3624 2296 quae
3649 2227 3767 2280 ali-

2187 2334 2350 2390 quam
2376 2316 2899 2373 verisimilitudinem
2933 2317 3165 2372 habeant
3201 2332 3328 2373 cum
3379 2317 3447 2372 iis
3473 2358 3489 2384 ,
3528 2318 3595 2371 de
3634 2319 3771 2387 qui-

2188 2414 2290 2468 bus
2317 2412 2406 2466 hic
2428 2411 2645 2482 'agitur.
2686 2411 2818 2477 Quae
2853 2409 3124 2464 confessio
3154 2408 3405 2481 Basnagii
3442 2410 3658 2473 sullicit,
3689 2424 3771 2463 ne

2188 2505 2239 2561 ei
2266 2504 2381 2558 hate
2404 2513 2527 2558 octo
2553 2512 2805 2572 excerpta
2836 2501 3231 2570 ahjudicemus.

2261 2592 2393 2648 Dein
2446 2594 2491 2648 si
2543 2591 2716 2649 Beron
2768 2600 2821 2646 et
2854 2589 3012 2644 Helix
3047 2590 3180 2660 (60)
3226 2603 3335 2642 non
3384 2588 3598 2642 fuerant
3642 2589 3771 2641 noti

2189 2685 2389 2743 saeculo
2421 2684 2599 2751 tertio,
2628 2684 2801 2738 multo
2827 2683 3009 2736 minus
3054 2682 3107 2735 id
3154 2692 3316 2735 erunt
3356 2680 3566 2735 saeculis
3608 2678 3770 2735 inse-

2188 2778 2502 2851 quentibus.
2558 2776 2625 2831 Et
2679 2784 2813 2846 quot
2868 2775 3021 2829 fuere
3074 2773 3309 2828 haeretici
3357 2773 3717 2843 particulares
3747 2814 3767 2839 ,

2190 2871 2433 2943 quinimo
2461 2877 2515 2923 et
2544 2877 2703 2924 sectae
2742 2868 2982 2937 integrat,
3011 2866 3079 2920 de
3114 2865 3313 2935 quibus
3336 2881 3401 2921 es
3433 2865 3591 2920 unico
3617 2880 3772 2934 saepe

2194 2963 2463 3016 duntaxat
2489 2958 2628 3013 libro
2657 2957 2906 3011 notitiam
2945 2954 3293 3023 accepimus?
3327 2951 3429 3007 Sed
3460 2952 3625 3006 audio
3657 2950 3772 3005 ali-

2116 3084 2158 3142 ρ
2193 3066 2355 3122 quem
2400 3050 2670 3104 dicentem
2710 3045 2972 3101 Beronem
3004 3053 3060 3099 et
3101 3043 3337 3099 Helicem
3384 3057 3505 3097 esse
3536 3040 3771 3095 nomina

2196 3143 2337 3198 ﬁcta.
2382 3143 2451 3195 At
2481 3156 2607 3194 vero
2639 3149 2881 3206 tempore
2911 3135 3187 3190 Anastasii
3222 3134 3542 3205 presbyteri,
3572 3132 3626 3186 id
3652 3140 3770 3196 est,

2189 3232 2335 3288 circa
2365 3213 2601 3286 medium
2631 3227 2814 3285 saeculi
2857 3226 3071 3296 septimi
3106 3226 3172 3296 (si
3211 3239 3356 3279 anno
3383 3224 3485 3279 666
3513 3231 3773 3278 mortuus

2191 3325 2294 3380 fuit
2326 3324 2414 3378 hic
2447 3322 2735 3391 scriptor),
2771 3333 2931 3373 nemo
2963 3316 3230 3373 dubitavit
3259 3316 3391 3385 quin
3424 3315 3495 3368 illi
3522 3312 3773 3368 haeretici

2191 3411 2390 3469 saeculo
2420 3410 2580 3466 tertio
2606 3408 2929 3464 exstiterint.
2973 3407 3149 3476 Atque
3186 3414 3396 3469 auctor,
3430 3404 3523 3473 qui
3549 3419 3644 3457 eos
3673 3419 3772 3459 re-

2191 3503 2402 3569 futavit,
2430 3503 2632 3556 diserte
2675 3501 2806 3554 dicit
2848 3498 2962 3570 (6i)
2998 3497 3143 3568 quod
3173 3496 3347 3551 Beron
3378 3510 3485 3549 non
3527 3496 3600 3549 ita
3641 3496 3770 3564 pri-

2190 3596 2314 3650 dem
2338 3602 2539 3650 sectam
2564 3590 3066 3647 V'alentinianorum
3088 3587 3416 3653 deseruerit;
3442 3596 3496 3641 et
3519 3586 3772 3656 profecto

2190 3689 2347 3744 valde
2380 3686 2567 3741 dubito
2591 3699 2715 3739 cum
2745 3683 2814 3738 cl.
2844 3679 3193 3737 Tillemontio
3219 3678 3351 3750 (62),
3388 3693 3515 3731 num
3548 3679 3769 3733 ostendi

2191 3781 2366 3852 possit
2412 3778 2557 3850 quod
2601 3777 2823 3831 haeresis
2854 3771 3357 3828 Valentinianorum
3401 3770 3468 3824 ad
3501 3768 3769 3824 saeculum

2192 3887 2366 3942 usque
2411 3871 2698 3941 septimum
2727 3865 3064 3937 perdurarit,
3096 3878 3206 3934 quo
3235 3871 3522 3918 tractatum
3567 3870 3770 3915 contra

2192 3965 2457 4020 Beronent
2498 3970 2553 4017 et
2578 3959 2813 4015 Helicem
2853 3957 3213 4027 compositum
3258 3953 3429 4009 fuisse
3463 3962 3610 4021 putat
3647 3949 3770 4006 Na-

2190 4059 2317 4113 talis
2350 4054 2671 4111 Alesander.
2723 4052 2851 4106 Erat
2879 4050 3024 4105 enim
3072 4055 3219 4103 secta
3254 4045 3788 4106 Valentinianorurn.

2192 4159 2330 4205 teste
2373 4148 2634 4218 Gregorio
2674 4140 3309 4212 Nazianzeno(63),ante
3358 4142 3518 4193 tinent
3573 4136 3769 4191 saeculi

2192 4243 2339 4297 velut
2359 4242 2472 4311 jam
2513 4240 2800 4294 exstincta.
2852 4234 3083 4289 Notante
3122 4243 3300 4287 tamen
3345 4227 3772 4299 diligentissimo

2194 4332 2538 4388 Tillemontio
2560 4331 2692 4402 (64),
2711 4328 3124 4399 reperiebantur
3152 4324 3329 4380 adhuc
3356 4322 3567 4390 exiguae
3606 4334 3772 4388 qua!-

525 4416 784 4471 tullianus
811 4417 865 4470 in
895 4416 1113 4472 laudato
1151 4415 1289 4469 libro
1322 4414 1468 4469 circa
1496 4412 1634 4469 duas
1673 4413 1727 4466 in
1750 4411 1971 4467 Christo
1997 4427 2094 4465 na-
2125 4420 2168 4475 ι)
2196 4426 2320 4481 dam
2355 4424 2500 4478 imus
2525 4421 2768 4492 ι-θῃιιυίε
2793 4418 3127 4489 temporibus
3152 4414 3210 4471 S,
3240 4413 3345 4469 Nili
3376 4412 3488 4485 (65)
3510 4420 3565 4466 et
3590 4409 3775 4464 Theo-

531 4517 681 4562 turas
721 4516 956 4562 mentem
994 4523 1149 4562 suam
1184 4508 1371 4564 eodem
1401 4507 1561 4562 modo
1589 4505 1779 4560 Latine
1806 4504 2090 4573 exprimit,

527 4611 636 4667 quo
664 4596 722 4651 8.
755 4596 1071 4669 Hippolytus
1105 4599 1221 4655 suis
1248 4599 1303 4653 in
1335 4598 1653 4669 fragmentis
1680 4596 1893 4663 Graece;
1929 4595 2091 4650 nihil-

526 4705 635 4761 quc
674 4691 986 4760 expressius
1028 4700 1120 4745 aut
1164 4689 1435 4745 efﬁcacius
1478 4689 1682 4744 dictum
1726 4701 1967 4757 unquam
1999 4685 2097 4739 luit

600 4861 716 4935 (56)
761 4881 781 4916 ι
818 4863 955 4919 Hinc
982 4865 1097 4935 ipse
1126 4880 1393 4935 apparens
1420 4864 1683 4935 angelus,
1708 4877 1783 4935 se
1804 4877 1834 4916 a
1868 4859 2098 4935 Dom_in_o

531 4930 761 4989 missum
793 4951 913 4991 esse
956 4930 1177 4999 fatetur,
1199 4930 1270 4989 'ut
1297 4930 1518 4990 Gabriel
1564 4933 1857 4997 Zachariae,
1884 4941 1940 4985 et
1978 4930 2103 4984 Dei-

533 5021 677 5076 pars:
703 5005 989 5078 (Θεοτόκῳ)
1019 5005 1247 5078 MariaaL
1264 5005 1570 5078 confessus
1597 5012 1759 5078 est.)
1791 5002 2059 5078 :A_t_l_ianas.
2082 5037 2097 5062 ,

535 5072 669 5131 tom.
715 5072 738 5128 Ι
782 5072 1106 5148 υρρ.;’ρδε.
1148 5075 1285 5139 563,
1318 5075 1443 5138 579,
1470 5074 1593 5137 583,
1628 5073 1754 5139 642,
1787 5072 1913 5135 875,
1945 5080 2050 5126 etc.
2060 5092 2075 5138 ε

602 5167 719 5239 (57)
758 5166 1075 5223 Tertullian.
1097 5208 1112 5233 ,
1149 5166 1239 5220 lib.
1268 5176 1438 5220 contr.
1472 5165 1637 5219 I’rax.
1657 5204 1672 5229 ,
1700 5178 1821 5231 cap.
1852 5161 1942 5216 27.

535 5342 555 5383 ι
605 5258 720 5332 (58)
931 5260 1092 5314 littér.
1120 5258 1183 5313 de
1206 5259 1259 5312 la
1287 5256 1515 5313 France.
1543 5256 1806 5321 Mémoir.,
1829 5262 1870 5310 t.
1894 5256 1937 5322 l,
1962 5262 2102 5325 part.

565 5371 577 5385 .
609 5345 733 5385 nae.
876 5372 889 5385 .

562 5371 577 5395 ,
609 5345 733 5401 pag.
764 5345 889 5387 sua.

606 5423 719 5494 (59)
759 5422 1013 5494 Dasuag.,
1044 5422 1083 5477 l.
1115 5436 1326 5494 c.,pag.
1355 5418 1441 5494 l2.

761 5492 802 5547 Τ
808 5485 1156 5574 illertfontius,
1187 5485 1427 5575 treason.
1453 5532 1468 5556 ,
1498 5499 1634 5544 tom.
1662 5486 1751 5557 Ill,
1779 5504 1904 5613 frag.
1936 5485 2060 5570 109.

632 5566 695 5618 bl
769 5583 788 5615 ι
833 5563 971 5619 Bero
1012 5578 1157 5618 enim
1184 5562 1403 5633 quidam
1435 5575 1623 5629 nuper,
1649 5569 1704 5615 et
1744 5575 1773 5614 a
1800 5577 1833 5613 ιι
1864 5559 2060 5629 quidan

610 5634 809 5688 ientini
837 5634 1118 5688 phantasia
1151 5633 1385 5688 deserta.
1423 5632 1676 5686 deteriori
1735 5630 1930 5685 irretiti
1982 5644 2060 5682 θυι

632 5559 722 5633 61)
769 5583 788 5615 ι
833 5563 971 5619 Bero
1012 5564 1157 5618 enim
1184 5562 1403 5633 quidam
1435 5575 1623 5633 nuper,
1649 5569 1704 5633 et
1737 5559 1833 5633 alii
1864 5559 2107 5633 quidam,

539 5627 809 5688 Valentini
837 5634 1118 5703 phantasia
1151 5627 1385 5703 deserta,
1423 5627 1676 5686 deteriori
1735 5627 1930 5703 irreti'ti
1982 5637 2113 5703 sunt
2210 5627 2274 5684 21

540 5694 868 5773 prasitum}
900 5703 1055 5758 Tom.
1091 5702 1112 5757 ι
1156 5701 1293 5774 Opp.
1332 5694 1569 5773 llippol.,
1601 5717 1720 5772 pag.
1756 5700 1883 5767 2‘28,
1915 5708 1969 5755 et
1994 5694 2111 5754 Col-

2196 4514 2368 4569 doreti
2399 4510 2534 4581 (66).

2265 4603 2410 4658 Nihil
2452 4616 2584 4672 ergo
2620 4615 2722 4655 nos
2757 4597 2979 4669 impedit
3024 4596 3317 4666 quominus
3338 4593 3454 4647 hanc
3490 4597 3614 4646 octo
3652 4587 3774 4642 ira-

2197 4705 2411 4768 gmenta
2440 4693 2498 4750 8.
2524 4693 2807 4765 Hippolyto
2836 4692 3227 4762 adjudicemus.
3259 4686 3525 4741 Debemus
3550 4683 3644 4737 illa
3676 4682 3775 4736 in-

2199 4855 2387 4908 lectan.
2417 4849 2687 4905 Anastasii
2714 4863 2834 4919 pag.
2858 4847 2986 4912 2'25,
3016 4861 3136 4919 cap.
3158 4844 3219 4919 ξος

2293 4923 2379 4987 6‘2)
2419 4913 2731 4975 Tillemont:
2748 4925 2763 4984 ;
2787 4913 2834 4973 Ῑ.
2865 4934 2940 4982 c.,
2966 4913 3239 4987 pag—109.

2293 4930 2362 4977 62
2420 4930 2763 4984 'l‘illemont.,
2798 4930 2834 4973 ι.
2865 4934 2940 4982 c.,
2966 4932 3086 4987 pag.
3119 4930 3239 4967 1W.

2271 4930 2558 5065 (63)¢B‘uit_
2586 4990 2869 5065 quondam
2905 4989 3036 5042 illud
3067 4995 3314 5065 tempus.
3342 4997 3466 5039 cum
3492 4979 3567 5060 ab.

2203 5049 2321 5121 sum
2346 5049 2907 5134 procellis‘tranquilla
2934 5057 3115 5134 eximia
3138 5049 3493 5113 habebamus,
3518 5049 3777 5134 videlicet

2202 5119 2704 5195 cunt-Simonem...
2752 5119 3175 5184 Valentiniani...
3221 5138 3381 5193 atque
3408 5136 3599 5178 omnes
3651 5119 3779 5172 illo—

2202 5221 2324 5261 rum
2350 5220 2569 5272 nugte...
2604 5210 2817 5255 suomet
2845 5200 3082 5280 tandem,
3134 5204 3207 5275 ut_
3231 5208 3444 5263 aequum
3471 5198 3612 5255 erat,
3636 5204 3777 5315 ἓνο-

2205 5277 2374 5332 fundo
2417 5273 2684 5341 absorpta:
2720 5286 2784 5325 ac
2825 5271 3039 5341 silentio
3074 5267 3283 5341 tradita:
3313 5264 3550 5318 fuerunt.
3583 5278 3605 5312 ι
3688 5276 3771 5313 re-

2206 5361 2329 5419 gor.
2348 5336 2613 5419 Naziani.
2636 5384 2651 5408 ,
2687 5352 2824 5419 orat.
2852 5338 2944 5404 εὖ,
2978 5354 3100 5409 pag.
3127 5336 3249 5390 414.

2280 5415 2390 5485 (64)
2428 5412 2769 5485 Ῑίιιειηοιιιη
2803 5412 2837 5465 l.
2871 5428 2921 5485 (ξ.

2277 5475 2388 5557 (65)
2428 5483 2530 5557 Nil.
2554 5524 2569 5545 ,
2598 5484 2691 5557 lib.
2722 5475 2765 5546 t,
2787 5480 3183 5557 ep.__i'54,_pag:
3218 5475 3308 5557 _87_.
3449 5545 3460 5556 .

2428 5544 2755 5611 TheOdoret.
2776 5593 2792 5618 ,
2820 5544 3102 5607 'llteretic.
3135 5544 3386 5619 'fabular.
3425 5544 3521 5600 tib.
3561 5558 3603 5608 ι,
3648 5556 3778 5613 pag.
