3918 6194
191 307 275 368 είὶὸ
1099 298 1185 353 DE
1223 299 1383 352 νιΤΑ
1418 298 1506 352 ET
1548 297 1858 352 SCRIPTIS
1897 299 1953 352 S.
1996 296 2380 352 HIPPOLYTL

3265 305 3369 359 5υῦ

184 429 365 483 dustria:
393 423 644 476 Anastasii
667 463 683 487 ,
720 420 1052 489 apocrisiarii
1104 418 1335 476 Romani
1381 419 1681 489 pontificis,
1715 429 1757 483 Α
1789 419 2073 472 humanum
2099 419 2235 472 idem
2276 420 2382 487 ipse
2413 419 2676 484 privatum
2707 421 2982 474 divinitate
3016 438 3216 491 gerens,
3252 440 3368 477 ser-

184 521 260 590 qui
287 535 335 572 ea
364 512 648 584 naufragio,
681 530 786 583 quo
825 514 1094 582 reliquum
1127 513 1309 580 operis
1335 512 1560 575 interiit,
1591 512 1700 565 cri-

184 613 288 678 puit.
321 605 518 659 'llustris
548 605 638 658 hic
666 604 783 657 fidei
807 603 874 657 tle
904 603 1116 659 duabus
1154 604 1527 658 voluntatibus
1554 618 1689 658 con-

184 716 243 756 tra
265 696 613 752 lonothelitas
641 694 920 750 confessor
966 704 1019 748 et
1063 695 1286 759 athleta,
1325 712 1447 750 cum
1475 696 1586 765 jam
1636 695 1689 749 in

183 809 231 846 eo
258 801 394 850 esset,
419 799 472 841 ut
501 798 675 841 totum
712 787 853 840 hunc
883 784 940 840 S.
972 785 1242 858 Hippolyti
1277 795 1567 841 tractatum
1598 786 1690 840 de-

177 884 361 940 scribere
386 881 660 950 inciperet,
707 879 905 934 invidia
937 879 1284 935 inimicorum
1314 879 1557 935 veritatis
1587 879 1691 932 im-

175 977 342 1044 petitns,
380 987 478 1026 non
526 972 633 1024 nisi
673 971 783 1025 haec
828 980 951 1026 octo
994 972 1113 1027 loca
1158 986 1448 1042 excerpere
1493 971 1684 1040 potuit.

173 1067 366 1122 Profecto
408 1065 451 1118 si
498 1065 615 1119 haec
646 1074 896 1134 excerpta
930 1066 1076 1120 velut
1107 1075 1312 1135 partem
1343 1065 1524 1134 operis
1555 1062 1686 1134 Hip-

171 1161 319 1231 polytei
348 1174 445 1212 non
487 1158 918 1229 susciperemus,
958 1158 1142 1229 injurii
1185 1173 1431 1214 essemus
1463 1158 1516 1211 in
1546 1163 1690 1212 hunc

169 1250 486 1307 doctissimum
515 1250 730 1315 virum;
766 1252 1067 1320 prasertim
1095 1265 1221 1306 cum
1253 1251 1397 1303 nulla
1427 1249 1569 1304 adsit
1594 1264 1689 1318 po-

168 1347 286 1400 sitiva
327 1345 474 1406 ratio,
507 1359 619 1412 qua
651 1343 956 1398 elevaretur
986 1343 1284 1398 auctoritas
1312 1352 1421 1396 tam
1464 1356 1689 1395 venera-

166 1442 274 1494 tione
299 1438 431 1508 digni
483 1436 770 1506 scriptoris
793 1478 808 1500 ,
857 1435 1162 1506 qualisest
1205 1433 1560 1500 Anastasius,
1591 1432 1684 1502 qui

168 1536 383 1600 integrum
405 1545 540 1598 Opus
571 1529 629 1582 in
659 1529 913 1584 manibus
939 1528 1148 1583 habuit.

369 1619 395 1691 ᾗ
425 1619 510 1673 lll.
539 1620 796 1690 Analysis
819 1619 1006 1673 horum
1035 1629 1417 1688 excerptorum.

213 1711 394 1765 Initium
427 1711 589 1781 hujus
619 1719 885 1766 tractatus
914 1711 1070 1782 juxta
1105 1709 1455 1765 Anastasium
1481 1706 1687 1762 Biblio-

1795 527 1923 566 vans
1951 510 2156 564 sibimet
2184 513 2397 564 modum
2427 512 2712 566 secundum
2745 526 3019 583 utrumque
3058 515 3366 569 immutabi-

1793 602 1914 664 lem,
1938 619 2029 672 per
2058 620 2209 672 quem
2236 616 2478 673 operatus
2507 617 2583 660 est
2619 616 2838 675 utraque
2861 606 3058 660 decenti
3091 609 3264 669 modo,
3299 610 3366 660 ad

1793 697 2221 765 approbationem
2267 699 2530 766 perfectas,
2567 715 2628 752 ac
2661 716 2810 764 uerat,
2859 699 3088 770 nihilque
3130 700 3366 753 habentis

1790 788 2068 856 pravitatis
2097 787 2546 843 inhumanationis
2595 806 2725 844 sum.
2784 788 2971 850 Itaque
2995 789 3128 842 Bero
3158 791 3366 860 quidem

1789 880 1866 934 sic
1905 896 1958 933 se
1991 879 2206 942 habens,
2245 889 2300 932 ut
2332 880 2467 946 dixi,
2510 882 2826 950 operationis
2867 881 3089 935 monade
3118 881 3368 935 deitatem

1791 971 1989 1028 Christi
2018 984 2066 1028 et
2087 974 2468 1028 humanitatem
2496 974 2809 1028 naturaliter
2833 974 2991 1031 simul
3022 975 3366 1043 confundens,

1788 1075 1836 1118 et
1880 1069 2112 1135 partiens
2141 1068 2526 1137 personaliter,
2577 1069 2818 1123 dissolvit
2869 1071 3069 1134 vitam,
3119 1071 3366 1140 ignorans

1789 1158 1953 1211 solius
1989 1159 2414 1213 connaturalium
2446 1176 2794 1228 personarum
2823 1161 3187 1214 connaturalis
3217 1161 3366 1214 iden-

1790 1250 1959 1303 titatis
2009 1251 2244 1304 eamdem
2295 1253 2460 1321 ipsam
2508 1254 2863 1322 operationem
2907 1270 3016 1307 esse
3052 1254 3365 1323 signiﬁcati-

1791 1359 1925 1396 vam.

2298 1434 2696 1492 AHTICULUS
2732 1438 2862 1494 Vill.

1932 1543 1976 1582 Β.
2007 1543 2289 1583 ΗΙΡΡο1.ΥΤΙ
2324 1546 2640 1585 ΤΒΑΟΤΑΊἪΒ
2672 1547 2737 1585 DE
2772 1548 3222 1599 CHAHISIIATlBllS,

2156 1616 2223 1652 ET
2260 1614 2478 1654 HOMILIA
2513 1616 2562 1654 IN
2597 1618 2991 1657 THEOPHANIAM.

1892 1685 1920 1757 §
1960 1684 2004 1742 Ι.
2037 1684 2098 1744 S.
2133 1687 2408 1758 Hippolyti
2440 1699 2697 1744 tractatus
2730 1690 2804 1744 De
2833 1691 3264 1746 charismatibus.

159 1805 400 1859 thecarium
434 1804 504 1856 ita
539 1804 739 1858 habet:
772 1804 996 1870 Ἄγιος,
1027 1803 1200 1871 ἅγιος,
1235 1802 1389 1870 ἅγιος
1425 1800 1678 1854 Dominus

1858 1802 1975 1858 Non
2004 1804 2179 1859 solum
2215 1821 2279 1858 ex
2319 1806 2641 1860 auctoritate
2674 1808 3013 1861 monumenti
3053 1811 3368 1871 marmorei.

160 1898 358 1957 Sabaoth,
390 1896 678 1949 incessanti
725 1913 844 1950 voce
874 1895 1166 1949 clamantes
1217 1893 1480 1964 sernphim
1520 1891 1687 1946 Deum

158 1987 417 2056 glorificent.

207 2080 345 2132 Beron
370 2090 422 2133 et
446 2079 599 2133 illius
637 2093 901 2148 sequaces
931 2077 1285 2132 admittebant
1309 2075 1684 2132 confusionem

155 2175 333 2226 duarum
378 2187 706 2227 naturarum
755 2172 811 2226 in
855 2170 1094 2236 Christo,
1131 2180 1185 2225 et
1228 2185 1334 2224 non
1371 2170 1476 2225 nisi
1519 2185 1682 2224 unam

154 2268 460 2332 agnoscebant
498 2265 556 2319 in
597 2280 672 2318 eo
713 2265 1102 2334 operationem.
1154 2264 1461 2319 Credebant
1491 2263 1686 2318 divini-

153 2366 275 2408 tatem
303 2371 413 2410 esse
443 2355 795 2425 passibilem,
835 2364 891 2410 et
934 2356 1326 2410 humanitatem
1369 2357 1682 2411 earumdem

152 2449 490 2518 operationum,
518 2464 652 2518 quae
679 2448 778 2503 soli
796 2445 976 2502 Verbo
1004 2455 1396 2518 competerent,
1427 2464 1679 2519 capacem

154 2543 248 2595 fore.
293 2540 405 2596 Haec
440 2542 642 2611 opinio
683 2555 748 2596 eo
793 2540 914 2595 illos
953 2540 1200 2604 adduxit,
1240 2550 1300 2594 ut
1334 2541 1681 2597 defenderent

153 2633 337 2690 Verbum
371 2636 660 2690 hominem
706 2635 911 2690 factum
953 2649 1076 2690 esse
1115 2635 1414 2689 mutatione
1453 2651 1566 2691 sua:
1598 2635 1681 2690 di-

151 2727 338 2782 vinitatis
362 2729 414 2780 in
447 2739 712 2782 naturam
746 2730 1066 2793 humanam,
1096 2737 1148 2780 et
1181 2727 1454 2782 hominem
1474 2726 1676 2782 factum

150 2819 273 2874 fuisse
288 2817 446 2873 Deum
487 2820 803 2874 mutatione
834 2819 1083 2873 humana:
1107 2828 1315 2873 naturae
1342 2819 1398 2872 in
1423 2818 1678 2873 divinita-

148 2921 242 2964 tem.
282 2909 344 2964 Ut
381 2911 726 2981 impietatem
761 2911 902 2965 hanc
936 2908 1197 2964 refutaret
1230 2907 1292 2963 .S.
1333 2907 1674 2980 Hippolytus,

147 3000 184 3050 1⁸
209 3001 341 3056 docet
371 3000 619 3056 Verbum
654 3003 672 3070 (
689 3001 790 3072 67)
819 3002 1062 3056 divinum
1096 3001 1426 3056 assumendo
1453 3016 1673 3055 carnem

146 3105 182 3147 et
202 3106 418 3150 naturam
450 3097 756 3150 humanam
785 3096 986 3150 nullam
1029 3096 1082 3149 in
1115 3095 1396 3150 divinitate
1420 3111 1518 3150 sua
1548 3111 1672 3149 mu-

146 3188 351 3241 tationem
385 3204 623 3257 passum
655 3187 856 3253 fuisse;
883 3187 939 3240 2°
978 3188 1115 3242 duas
1140 3197 1367 3242 naturas
1403 3188 1599 3242 astruit
1623 3187 1677 3240 in

145 3280 470 3351 Christo(68),
514 3281 761 3336 divinam
812 3291 866 3336 et
897 3281 1190 3335 humanam
1239 3281 1587 3346 inconfusas,
1627 3290 1682 3335 et

144 3371 245 3427 duas
263 3375 604 3443 operationes
621 3391 684 3429 ac
706 3374 1041 3440 voluntates;
1071 3375 1127 3428 5°
1154 3376 1373 3444 exponit
1406 3376 1680 3445 quomodo

146 3464 250 3519 Deus
276 3482 358 3536 per
387 3481 621 3520 carnem
666 3473 920 3535 operetur
955 3464 1112 3536 (69);
1163 3464 1216 3517 ιε’
1257 3480 1322 3519 ex
1368 3465 1580 3519 duabus
1624 3465 1678 3518 in

142 3551 313 3609 Christo
349 3557 572 3610 naturis
603 3555 981 3624 proprietates,
1022 3564 1075 3608 et
1112 3554 1458 3623 operationes
1483 3554 1680 3608 distin—

143 3657 229 3700 ctas
258 3647 473 3704 ulterius
512 3647 716 3717 probat
745 3644 802 3700 S.
831 3645 1153 3717 Hippolytus
1183 3645 1332 3716 (70);
1363 3645 1418 3700 5°
1447 3645 1678 3700 demou-

144 3749 247 3792 strat
287 3753 468 3794 contra
515 3739 788 3794 Beronem
826 3748 880 3792 et
921 3739 1043 3808 ejus
1095 3754 1358 3808 sequaces
1405 3754 1570 3792 unam
1621 3738 1676 3792 in

143 3831 314 3885 Christo
353 3847 473 3886 esse
516 3846 811 3900 personam
848 3830 999 3900 (7i);
1047 3831 1242 3885 deinde
1284 3831 1518 3885 ostendit
1549 3847 1674 3886 car-

142 3935 232 3973 nem
262 3921 308 3973 in
338 3932 592 3976 naturam
635 3921 872 3974 divinam
908 3920 1108 3974 mutari
1145 3921 1287 3974 haud
1319 3936 1511 3990 posse;
1543 3936 1677 3989 ope-

143 4013 462 4083 rationemque
487 4016 788 4068 humanam
811 4030 838 4067 a
860 4013 1043 4069 divina
1066 4014 1379 4068 distinctam
1405 4029 1522 4069 esse
1538 4016 1672 4086 (7‘2).

142 4101 333 4159 Tandem
358 4123 419 4160 ex
457 4107 547 4160 his
581 4105 859 4159 concludit
881 4114 1104 4159 sanctus
1125 4103 1283 4157 Pater
1309 4105 1378 4157 ita
1403 4105 1544 4174 (73):
1581 4104 1676 4159 Pie

137 4210 227 4263 ergo
262 4198 532 4266 conﬁtetur
580 4196 828 4260 credens,
876 4196 1002 4265 quia
1049 4206 1260 4264 propter
1311 4197 1536 4249 salutem
1581 4214 1674 4250 no-

140 4295 284 4349 stram,
321 4302 363 4341 et
399 4299 455 4341 ut
497 4287 570 4340 ad
611 4285 1163 4340 inconversibilitatem
1197 4287 1384 4357 ligaret
1420 4289 1676 4342 universi-

141 4389 280 4441 tatem,
326 4382 693 4433 universorum
719 4379 972 4435 Conditor
997 4397 1060 4432 ea:
1090 4381 1426 4434 sanctissima
1475 4399 1677 4452 semper

1792 1895 1885 1948 sed
1922 1895 2085 1949 etiam
2122 1910 2187 1950 ex
2225 1895 2541 1950 testimonio
2584 1897 3084 1966 manuscriptorum
3119 1899 3368 1954 codicum

1791 1985 2134 2052 Viennensis,
2173 2001 2270 2041 seu
2320 1985 2776 2053 Vindobonensis,
2829 1998 2881 2042 et
2928 1987 3257 2045 Oxouiensis
3300 1991 3366 2045 ad

1791 2077 1846 2130 S.
1897 2076 2245 2150 Hippolytum
2295 2094 2324 2132 a
2375 2079 2507 2134 viris
2551 2081 2780 2134 eruditis
2819 2079 3116 2137 Pcarsonio
3159 2083 3270 2154 (74)
3313 2093 3369 2138 et

1787 2169 2036 2226 Fabricio
2077 2172 2188 2242 ('75)
2227 2171 2460 2226 refertur
2503 2172 2641 2239 Περὶ
2690 2173 3067 2243 χαρισμάτων
3099 2175 3368 2234 ,ἀποστυ-

1784 2262 1924 2332 λικὴ
1959 2261 2322 2332 παράδοσις,
2365 2263 2441 2318 De
2471 2266 2880 2320 charismatibus
2921 2268 3214 2336 apostolica
3259 2276 3368 2321 tra-

1783 2356 1939 2421 ditio,
1981 2370 2089 2409 una
2131 2371 2254 2409 cum
2294 2355 2415 2410 aliis
2467 2358 2776 2418 nonnullis.
2823 2375 2945 2428 quae
2987 2361 3207 2429 quidem
3253 2363 3364 2431 jam

1783 2446 1989 2517 pridem
2017 2447 2162 2502 edita
2197 2445 2415 2502 fuerunt
2439 2449 2491 2502 in
2515 2450 2652 2503 libro
2681 2459 2872 2504 octavo
2919 2450 3366 2506 Constitutionum

1783 2540 2219 2608 apostolicarum,
2247 2555 2406 2609 quas,
2443 2555 2567 2594 cum
2597 2557 2662 2594 ex
2689 2541 2856 2596 variis
2882 2541 3103 2595 secundi
3137 2551 3192 2597 et
3222 2544 3365 2597 tertii

1781 2633 1965 2686 satculi
2002 2635 2372 2688 monumentis
2406 2634 2799 2704 consarcinata:
2831 2633 2961 2695 sint,
2995 2632 3365 2688 Clementinas

1780 2723 1942 2792 vulgo
1980 2739 2077 2778 seu
2107 2724 2434 2794 apostolicas
2485 2723 2725 2778 solemus
2765 2724 3057 2792 appellare,
3092 2725 3144 2776 in
3187 2725 3363 2779 lucem

1778 2824 1958 2870 tamen
2003 2817 2325 2885 prodierunt
2365 2817 2484 2870 sine
2523 2816 2743 2869 nomine
2785 2814 2843 2869 S.
2887 2814 3182 2888 Hippolyti.
3225 2815 3364 2882 Quia

1775 2920 1907 2959 vero
1953 2905 2009 2959 in
2055 2907 2243 2961 codice
2271 2922 2404 2960 mss.
2433 2906 2684 2961 Caesareo
2716 2904 3147 2974 Vindobonensi,
3192 2917 3245 2961 et
3282 2909 3363 2961 al-

1775 3013 1891 3067 εει-ο
1921 2995 2239 3065 Oxoniensi,
2285 2999 2339 3052 in
2372 3000 2571 3068 quibus
2611 2997 2883 3070 Hippolyti
2915 3015 3112 3054 nomen
3142 3015 3366 3069 expres—

1781 3104 1903 3143 sum
1930 3099 2033 3154 est,
2065 3091 2312 3159 quaedam
2343 3091 2499 3144 aliter
2527 3090 2800 3160 leguntur,
2842 3107 3006 3160 quam
3040 3091 3094 3146 in
3123 3093 3353 3161 vulgatis

1783 3180 2230 3237 Constitutionum
2281 3181 2453 3241 libris,
2487 3183 2740 3236 Albertus
2772 3182 3056 3237 Fabricius
3089 3183 3197 3237 illis
3226 3185 3365 3238 inter

1781 3288 1943 3343 opera
1974 3271 2032 3328 S.
2068 3273 2339 3346 Hippolyti
2369 3274 2548 3328 locum
2591 3276 2865 3329 concessit
2888 3292 2952 3329 ex
2977 3276 3232 3330 versione
3259 3275 3363 3330 La-

1785 3367 1894 3420 tina
1927 3365 2071 3421 Guil.
2118 3365 2329 3420 Ernesti
2361 3365 2572 3432 Grabe,
2625 3382 2788 3436 quam
2839 3368 3149 3421 versionem
3198 3370 3358 3422 etiam

1779 3457 2016 3514 Joannes
2046 3459 2346 3515 Cotelerius
2387 3460 2692 3515 adornavit.
2723 3461 2917 3531 Agitur
2942 3471 3124 3516 autem
3159 3463 3212 3516 in
3258 3462 3362 3516 hoc

1781 3558 2012 3605 tractatu
2081 3551 2147 3606 de
2209 3551 2632 3606 charismatibus
2701 3553 2937 3622 Spiritus
2995 3555 3212 3618 sancti,
3271 3555 3359 3609 cui

1778 3641 1972 3697 deinde
1997 3643 2179 3713 aliqua
2207 3642 2311 3697 alia
2349 3658 2414 3697 ex
2449 3645 2594 3698 dicto
2620 3645 2757 3698 libro
2784 3655 2978 3700 octavo
3009 3644 3360 3700 Constitutio-

1780 3753 1900 3790 num
1936 3737 2348 3805 apostolicarum
2378 3737 2766 3806 subjiciuntur.

1846 3829 2114 3884 Caeterum
2172 3831 2463 3885 observant
2509 3830 2697 3886 Patres
2742 3831 2974 3900 Maurini
3009 3831 3161 3902 (76),
3212 3821 3360 3904 ιτςῑὸιι

1779 3931 1999 3977 sanctus
2031 3921 2353 3993 Hippolytus
2385 3923 2437 3976 in
2472 3933 2704 3978 tractatu
2733 3923 2808 3976 De
2849 3911 3260 3982 charismatt'ous
3290 3931 3358 3983 ad

1777 4030 1897 4084 cap.
1950 4031 2024 4068 xu
2071 4016 2298 4084 apostoli
2357 4016 2506 4070 l’auli
2558 4016 2812 4086 Epistqu
2856 4015 2874 4068 l
2927 4017 2994 4070 ad
3040 4017 3358 4074 Corinthios

1776 4106 2010 4162 fortasse
2056 4108 2386 4177 respexerit,
2427 4109 2480 4162 in
2534 4125 2645 4178 quo
2691 4108 2839 4161 varia
2890 4105 3130 4176 Spiritus
3182 4114 3356 4166 sancti

1775 4200 1917 4254 dona
1985 4210 2485 4255 commemorantur
2542 4204 2594 4254 in
2661 4200 3024 4256 ministerium
3097 4203 3356 4260 Ecclesia:

1775 4293 1920 4346 data.
1960 4292 2196 4362 Indeque
2228 4293 2432 4361 colligit
2466 4292 2754 4361 perdoctus
2787 4291 3030 4364 Scaliger
3065 4295 3122 4350 ὃ.
3155 4295 3356 4367 Hippo-

1776 4383 1943 4454 lytum
1993 4393 2265 4447 nostrum,
2322 4399 2428 4437 non
2475 4387 2528 4437 iu
2567 4384 2807 4454 integros
2841 4382 3138 4454 Scripturae
3184 4404 3354 4446 sacra:

149 4468 314 4540 Virgine
362 4474 543 4526 Maria
595 4488 688 4541 per
728 4474 1111 4541 conceptionem
1158 4473 1513 4526 inviolabilem
1560 4475 1672 4528 sine
1705 4496 1745 4549 ι)
1777 4478 1964 4542 libros,
2015 4475 2109 4531 sed
2163 4478 2217 4530 in
2251 4477 2448 4531 selecta
2478 4477 2741 4531 duntaxat
2769 4477 2887 4531 loca
2926 4483 3352 4538 commentarios

139 4565 537 4619 contersibilitate
589 4564 950 4617 substantians
985 4562 1189 4616 sibimet
1227 4565 1462 4617 animam
1510 4566 1668 4618 intel-

140 4655 366 4710 ldixalent
421 4675 545 4710 cum
595 4657 839 4711 sensitive
891 4672 1124 4724 corpore,
1151 4669 1341 4710 natura
1384 4658 1557 4727 factus
1591 4669 1666 4712 est

140 4749 272 4813 homo,
297 4752 513 4804 malitia:
547 4751 786 4814 alienus;
821 4760 958 4803 totus
990 4751 1130 4803 Deus
1160 4753 1301 4820 ipse,
1336 4760 1474 4805 totus
1513 4752 1667 4805 homo

140 4841 242 4892 idem
261 4845 396 4911 ipse;
439 4853 581 4907 totus
626 4843 765 4896 Deus
795 4854 995 4911 pariter
1030 4855 1246 4907 natura,
1276 4853 1324 4895 et
1352 4843 1502 4895 homo
1530 4843 1667 4896 idem

140 4937 236 4996 ipse.
271 4940 476 4995 Deitate
501 4942 710 5011 quidem
741 4941 918 4993 divina
944 4958 1035 5009 per
1061 4957 1214 4994 suam
1242 4941 1410 5009 ipsius
1440 4939 1668 4992 sanctis-

141 5029 289 5080 simam
316 5047 524 5083 carnem
545 5047 644 5082 non
673 5032 979 5084 exsistentia
1003 5043 1194 5084 natura
1219 5031 1394 5083 carnis
1423 5046 1662 5098 operans,

141 5120 424 5176 humanitate
453 5141 571 5178 vero
597 5125 829 5177 humana
855 5141 958 5178 non
986 5125 1292 5179 exsistentia
1331 5133 1525 5177 natura
1559 5123 1667 5175 dei-

143 5215 254 5267 nnis.
301 5215 450 5269 Nihil
495 5218 731 5270 divinum
769 5219 967 5271 nudum
1008 5236 1221 5290 corpore
1259 5227 1542 5290 operatur,
1592 5217 1666 5268 nil

190 5350 284 5426 (67)
321 5353 589 5426 Hippolyt.
618 5356 904 5426 fragment.
936 5358 981 5413 Ι.

189 5423 284 5497 (tif)
320 5423 462 5497 idem
489 5423 772 5497 fragment.
804 5429 861 5482 2.

325 5493 468 5568 idem
500 5493 783 5568 fragment.
815 5503 869 5551 5.

324 5565 466 5644 idem
495 5562 782 5644 fragment.

193 5634 289 5706 (Ε)
327 5637 470 5690 Idem
500 5634 781 5706 fragment.
807 5640 860 5694 5.

195 5700 292 5769 (72)
329 5705 470 5759 Idem
503 5700 632 5762 ibid.

200 5771 294 5841 {73)
332 5778 471 5832 idem
501 5779 797 5849 fragmento
828 5780 879 5834 8.

1769 4585 2043 4624 exarasse.
2083 4571 2532 4639 Sapientissimus
2565 4569 2946 4628 Tillcmontius
2977 4574 3142 4644 hujus
3171 4577 3351 4646 operis

1771 4662 1984 4715 titulum
2038 4678 2162 4716 cum
2215 4663 2602 4732 subsequentis
2660 4665 2714 4718 in
2775 4665 2995 4720 laudato
3041 4684 3350 4723 marmoreo

1768 4767 2122 4811 monumento
2166 4757 2292 4810 libri
2328 4757 2486 4811 titulo
2516 4758 2821 4828 conjungit,
2857 4775 3019 4830 quem
3053 4761 3125 4815 ita
3165 4771 3345 4817 trans-

1767 4851 1941 4919 ponit,
1973 4859 2033 4902 ut
2059 4851 2415 4920 posteriorem
2441 4852 2616 4921 primo
2648 4851 2789 4918 loco,
2816 4861 2869 4906 et
2898 4853 3132 4922 primum
3158 4853 3346 4908 ultimo

1767 4943 1888 4997 loco
1921 4953 2106 5012 ponat,
2154 4954 2317 5013 atque
2347 4958 2412 4998 ex
2443 4945 2658 4998 duobus
2694 4960 2863 4997 unttm
2908 4945 3172 4998 duntaxat
3213 4945 3344 4998 titu-

1767 5040 1878 5094 lum
1927 5039 2120 5104 faciat,
2177 5040 2265 5095 cui
2334 5040 2480 5094 hunc
2545 5055 2766 5094 sensum
2823 5041 3060 5092 astruit:
3105 5037 3344 5092 Traditio

1768 5133 2059 5200 apostolica
2105 5131 2168 5185 de
2213 5130 2618 5184 charismatibus
2662 5131 3012 5184 uerisimiliter
3049 5147 3142 5200 pro
3198 5131 3342 5200 refu-

1770 5226 1943 5277 tandis
1979 5224 2316 5276 Montanistis
2345 5223 2480 5294 (Π).
2538 5221 2603 5276 Hi
2640 5223 2779 5276 tituli
2813 5223 2886 5276 ita
2920 5223 3128 5277 aduuiti
3175 5222 3345 5278 habe-

1836 5358 1946 5422 (74)
1986 5356 2268 5420 Pearson.,
2313 5353 2520 5407 Vindic.
2557 5353 2758 5424 Ignat.,
2789 5365 2929 5424 part.
2962 5370 3000 5418 ι,
3027 5370 3146 5424 cap.
3179 5355 3234 5410 ι.

1837 5429 1949 5496 (75)
1989 5427 2202 5480 Fabric.
2228 5467 2243 5491 ,
2287 5435 2419 5479 tom.
2458 5423 2641 5493 IOpp.
2691 5426 2748 5477 S.
2792 5423 3038 5494 llippul.,
3087 5423 3341 5494 Prwfat.,

1768 5513 1890 5567 pag.
1924 5497 1974 5549 7.

1837 5562 1947 5653 (.76)
1990 5565 2136 5620 Hist.
2167 5566 2431 5620 littéraire
2458 5565 2521 5618 de
2551 5563 2602 5616 la
2635 5562 2862 5631 France,
2890 5577 3021 5621 tum.
3051 5567 3139 5622 cit.
3163 5609 3178 5634 ,
3215 5584 3341 5640 pag.

1765 5639 1950 5779 582’s,
1986 5705 2331 5774 Tillemont.,
2362 5709 2398 5762 ι.
2433 5724 2504 5776 c.,
2538 5722 2659 5778 pag.
2693 5706 2813 5760 tos.
