3950 6210
602 300 704 355 ’.³507

1574 301 1660 357 DE
1695 302 1857 358 VlTA
1895 303 1982 357 ET
2023 303 2331 359 SCRIPTIS
2370 304 2425 359 S.
2469 299 2848 359 HIPPOLYTI.

3638 310 3796 365 ‘508

607 429 727 472 rent
770 432 899 472 sane
929 418 1267 486 aptissimum
1308 398 1667 489 signiﬁcatum
1699 420 1766 476 ad
1800 422 1999 478 multos
2023 422 2163 477 dim-
2191 432 2235 484 Α
2268 424 2423 478 theca
2474 422 2764 477 Bodleiana
2823 422 2962 476 inter
3010 421 3223 476 codices
3259 418 3616 475 Barocciauos
3659 438 3793 478 num.

604 508 863 561 cultatum
889 509 1058 563 nodos
1077 509 1360 573 secandos,
1385 510 1681 565 dummodo
1704 513 1817 567 haec
1839 513 2166 568 Tillemontii

603 602 914 670 conjectura
969 611 1076 656 tam
1127 612 1272 659 certa
1303 613 1445 659 esset
1472 620 1537 659 ac
1571 605 1871 675 ingeniosa.
1925 603 2070 661 Ordo
2111 622 2167 656 e-

604 694 736 756 nim,
786 709 945 764 quem
978 695 1030 748 in
1065 711 1125 749 ea
1159 696 1351 750 tabella
1391 697 1765 759 observamus,
1815 714 1921 753 non
1957 699 2167 753 videtur

602 801 723 839 eam
769 786 1241 854 transpositionem
1286 789 1586 844 admittere.
1638 789 1765 845 Post
1804 790 2015 844 titulum
2058 801 2167 845 tra-

604 887 780 931 ctatus
814 874 886 930 De
913 879 1348 946 charismatibus,
1396 881 1540 935 illico
1581 881 1807 951 legimus
1852 892 2164 952 sequentem

605 966 660 1021 ‘n
691 967 910 1023 laudato
950 968 1163 1039 lapideo
1188 982 1576 1027 monumento:
1616 972 1968 1045 Ἀποστολικὴ
2000 973 2167 1045 παρά-

600 1071 780 1124 υοσις,
833 1063 1121 1130 apostolica
1170 1064 1406 1117 traditio.
1459 1063 1746 1118 Doctorum
1795 1065 2008 1120 animos
2053 1066 2167 1120 haec

603 1154 861 1221 quaesxio:
904 1170 1063 1224 quem
1112 1155 1307 1209 librum
1340 1157 1387 1211 is
1418 1157 1610 1211 titulus
1646 1158 1957 1223 annnntiet,
1986 1158 2167 1212 varias

603 1243 659 1296 in
690 1244 974 1312 Opiniones
1004 1246 1256 1301 detraxit.
1291 1245 1623 1302 Sententiam
1646 1247 1975 1303 Tillemontii
2005 1250 2166 1319 paulo

603 1343 761 1390 antea
793 1339 1167 1406 exposuimus.
1199 1339 1435 1409 Scaliger
1468 1341 1575 1411 (78)
1605 1349 1792 1396 censet
1820 1339 2164 1413 Hippolytum

605 1437 847 1482 nostrum
886 1429 989 1484 hoc
1029 1430 1130 1484 sub
1173 1430 1330 1485 titulo
1378 1431 1518 1495 idem
1548 1441 1922 1502 argumentum
1961 1445 2166 1503 pertra-

604 1528 814 1585 ctasse,
848 1521 993 1590 quod
1028 1520 1084 1576 S.
1121 1521 1353 1578 lrenaaus
1389 1523 1528 1577 libro
1566 1526 1722 1578 tertio
1759 1526 1877 1579 adv.
1921 1527 2162 1599 luere-ses,

608 1626 730 1680 cap.
759 1613 794 1664 ἓ
821 1623 874 1666 et
899 1613 932 1667 5
958 1614 1145 1682 paucis
1166 1612 1429 1669 duntaxat
1451 1624 1766 1685 persecutus
1794 1626 1895 1671 est.
1926 1615 1997 1670 Le
2020 1615 2167 1688 Moy-

605 1702 731 1757 nius
772 1717 879 1757 non
912 1704 1183 1775 discrepat
1216 1706 1284 1760 ab
1315 1706 1416 1761 hac
1442 1705 1722 1776 opinione,
1760 1709 1886 1762 dum
1929 1709 2164 1763 arbitra-

2267 514 2338 569 26
2362 523 2416 568 et
2442 512 2543 567 185
2574 521 2750 568 exstat
2776 527 2939 566 manu
2971 521 3189 566 exarata
3232 519 3364 566 teste
3390 509 3677 566 Pearsonio
3700 513 3796 579 {80)

2267 615 2319 657 et
2351 602 2551 659 Grabio
2579 602 2711 674 (81),
2743 612 2904 672 atque
2944 602 2997 654 in
3047 602 3414 669 manuscripto
3461 600 3647 656 Graeco
3673 606 3797 672 apud

2268 695 2613 750 Lambecium
2631 694 2740 766 (82)
2759 696 2902 749 hunc
2936 708 3112 764 pra-se
3135 693 3237 748 fert
3263 695 3473 748 titulum
3500 713 3513 748 :
3540 696 3802 762 Διατάξεις

2266 788 2374 841 τῶν
2394 788 2564 856 ἁγίων
2596 787 2903 842 ἀποστόλων
2930 785 3017 839 διὰ
3056 784 3387 840 Ἱππολύτου.
3415 782 3732 841 Pearsonius
3757 799 3803 841 et

2268 877 2579 935 Dodwellus
2629 887 2941 934 asseverant
3008 878 3111 932 hoc
3176 875 3446 947 Hippolyti
3496 879 3802 946 opusculum

2268 972 2443 1040 quoad
2497 971 2790 1024 maximam
2849 977 3053 1039 partem
3107 969 3218 1038 jam
3278 968 3551 1038 vulgatum
3608 982 3728 1022 esse
3755 968 3805 1023 in

2268 1072 2460 1116 octavo
2494 1061 2938 1115 Constitutionum
2970 1060 3380 1130 apostolicarum
3426 1060 3586 1123 libro,
3623 1074 3808 1127 quam-

2267 1156 2350 1209 vis
2373 1154 2631 1208 nonnulla
2658 1154 2813 1209 aliter
2843 1153 3167 1222 quandoque
3200 1150 3471 1218 leguntur,
3506 1159 3563 1202 ut
3587 1148 3811 1205 Grabius

2268 1244 2498 1305 monuit,
2526 1244 2618 1312 qui
2663 1257 2784 1313 pag.
2814 1241 2920 1296 286
2949 1240 3040 1295 illa
3099 1238 3382 1310 Sptcilegro
3423 1238 3645 1291 Patrum
3678 1240 3812 1292 tertii

2268 1336 2448 1392 saeculi
2476 1337 2802 1390 inserturum
2836 1350 2893 1389 se
2929 1332 3205 1402 pollicitus
3231 1341 3315 1386 est
3366 1329 3498 1400 (85).
3534 1333 3603 1383 At
3631 1339 3694 1384 ut
3728 1346 3813 1385 ve-

2267 1445 2388 1483 rum
2441 1428 2726 1490 fateamur,
2777 1424 3040 1495 quidquid
3096 1422 3296 1477 laudati
3332 1422 3504 1476 critici
3554 1422 3816 1476 disserere

2267 1527 2581 1590 potuerunt,
2613 1525 2671 1572 ut
2699 1518 2853 1572 nobis
2879 1515 3164 1584 aliqualem
3197 1514 3372 1568 ideam
3401 1513 3816 1583 suppeditareut,

2267 1612 2397 1682 quid
2434 1610 2610 1665 isthoc
2634 1609 2689 1663 in
2717 1624 2879 1678 opere
2919 1605 2977 1661 S.
3012 1606 3279 1677 Hippolyti
3305 1606 3702 1668 contineretur,
3730 1620 3815 1657 ne.

2267 1717 2541 1773 quaquam
2590 1700 2805 1757 excedit
2852 1700 3114 1769 sphaeram
3165 1712 3436 1751 morarum
3482 1696 3818 1764 conjectura-

603 1802 698 1846 tur
725 1796 827 1849 hoc
854 1810 993 1865 opus
1024 1797 1294 1852 disserere
1337 1799 1405 1853 de
1453 1799 1696 1853 doctrina
1741 1815 1836 1855 seu
1881 1800 2167 1853 traditione
2200 1799 2241 1857 Β
2269 1810 2423 1859 rum;
2453 1808 2627 1863 neque
2670 1791 2826 1846 nobis
2868 1790 3001 1845 satis
3050 1787 3239 1843 ellicax
3268 1787 3480 1842 videtur
3528 1800 3818 1854 argumen-

605 1885 930 1953 apostolica;
960 1887 1102 1956 quod
1136 1888 1258 1942 inde
1284 1890 1504 1960 colligit,
1529 1889 1655 1960 quia
1679 1897 1916 1958 tempore
1946 1887 2003 1945 S.
2038 1888 2167 1958 Hip-

605 1977 773 2047 polyti
805 1977 955 2032 varia
984 1978 1145 2047 hujus
1173 1982 1385 2048 generis
1407 2022 1422 2043 ,
1468 1993 1521 2035 et
1549 1980 1764 2050 quidem
1795 1981 1959 2034 multa
1991 1991 2166 2035 exsta-

608 2066 738 2121 bant
768 2082 953 2136 opera,
986 2077 1148 2138 atque
1176 2070 1355 2125 adhuc
1388 2072 1833 2125 conficiebantur.
1874 2070 2006 2127 Nam
2041 2088 2164 2128 cum

608 2156 839 2212 lueretici
866 2156 1051 2229 [verba
1075 2166 1202 2213 sunt
1222 2158 1521 2215 doctissimi
1546 2160 1595 2214 le
1615 2159 1812 2231 Moynii
1834 2160 1970 2234 (79)]
1999 2162 2167 2215 multa

601 2246 890 2313 jactarent,
926 2264 1048 2317 quae
1084 2258 1339 2319 tanquam
1375 2251 1445 2306 ab
1475 2252 1734 2320 apostolis
1763 2253 1957 2308 hausta
1986 2253 2165 2307 omni-

607 2339 708 2392 bus
730 2338 1166 2406 obtruderentur,
1192 2341 1500 2408 orthodoxi,
1539 2352 1596 2397 nt
1620 2345 1890 2414 grassanti
1913 2346 2003 2401 isti
2024 2347 2167 2400 malo

605 2441 827 2498 possent
854 2433 995 2487 viam
1039 2435 1426 2499 intercludere,
1477 2444 1531 2492 et
1574 2437 1835 2507 impedire
1876 2439 2167 2508 quominus

605 2526 878 2595 simplices
910 2538 963 2583 et
1006 2528 1253 2584 rudiores
1284 2529 1462 2600 specie
1506 2530 1768 2585 doctrinae
1798 2532 2165 2601 apostolorum

605 2615 948 2671 ﬂecterentur
988 2627 1043 2672 et
1090 2619 1508 2683 seducerentur,
1543 2634 1725 2674 veram
1775 2628 1830 2675 et
1877 2622 2164 2691 genuinam

606 2707 918 2773 apostolicae
969 2710 1279 2765 traditionis
1325 2711 1518 2767 seriem
1565 2722 2051 2781 repraesentarunt,
2103 2730 2168 2769 ne

608 2799 885 2865 splendida
917 2803 1282 2868 apostolorum
1315 2805 1636 2860 auctoritate
1660 2807 1782 2861 aliis
1815 2806 1973 2861 fucus
1996 2806 2162 2870 ﬁeret,

606 2900 660 2943 ct
706 2890 817 2945 illis
859 2892 1196 2948 illuderetur.
1245 2893 1381 2949 Hinc
1424 2896 1641 2950 traditio
1689 2898 2055 2967 apostolorum
2101 2898 2170 2953 ab

608 2979 811 3034 Irenaeo
853 2997 976 3036 vera
1015 2986 1566 3052 repraesentatalibro
1600 3002 1682 3050 tu,
1715 3003 1833 3057 cap.
1871 2989 1925 3051 3,
1962 2989 2015 3052 4,
2061 2998 2164 3043 etc.

610 3070 754 3124 Nam
803 3088 916 3125 cum
979 3073 1333 3128 Valentiniani
1357 3086 1404 3129 et
1434 3075 1667 3132 Gnostici
1707 3078 1871 3132 multa
1919 3080 2166 3148 ﬁgmenta

2267 1893 2384 1939 tum
2420 1883 2547 1937 illud
2582 1898 2645 1936 ex
2672 1890 2904 1951 utroque
2944 1877 3312 1946 manuscripto
3340 1874 3750 1931 Vindobonensi
3773 1883 3823 1929 et

2267 1973 2561 2032 Oxoniensi
2594 1973 2844 2044 petitum,
2872 1970 3015 2041 quod
3045 1970 3300 2024 nimirum
3332 1968 3385 2022 in
3435 1977 3672 2037 utroque
3698 1982 3820 2021 mss.

2268 2068 2362 2123 lib.
2429 2082 2527 2121 vnt
2582 2064 3031 2121 Constitutionum
3086 2060 3496 2130 apostolicon
3543 2061 3821 2129 praeﬁxum

2269 2160 2465 2217 habeat
2494 2173 2689 2214 nomen
2726 2155 2784 2210 S.
2816 2154 3086 2225 Hippolyti
3140 2154 3242 2209 hoc
3285 2153 3388 2209 sub
3445 2153 3627 2217 titulo,
3666 2150 3826 2205 Διδα-

2267 2252 2493 2306 σκαλία
2528 2249 2645 2303 τῶν
2702 2249 2884 2318 ἁγίων
2931 2248 3286 2302 ἀποστόλων
3342 2245 3473 2314 περὶ
3534 2242 3824 2313 χαρισμά-

2268 2362 2401 2398 corr.
2440 2342 2718 2412 Siquidem
2776 2355 2914 2409 opus
2969 2337 3414 2393 Constitutionum
3459 2352 3489 2390 a
3536 2335 3824 2406 posteriori

2269 2444 2432 2489 manu
2452 2443 2507 2488 et
2538 2432 2606 2487 ab
2635 2439 2858 2488 auctore
2911 2430 3094 2485 saeculi
3128 2427 3309 2500 quarti
3357 2427 3660 2499 proiectum
3714 2443 3826 2482 esse

2267 2524 2469 2595 passim
2497 2522 2695 2578 eruditi
2730 2521 3082 2575 arbitrantur.

2271 2636 2299 2709 ᾗ
2336 2635 2398 2689 ll.
2449 2635 2526 2689 De
2555 2651 2789 2690 sermone
2846 2632 2903 2688 S.
2930 2632 3209 2709 Hippolyti
3253 2650 3271 2684 ι
3301 2632 3354 2685 in
3384 2630 3633 2686 Sanctam
3665 2628 3828 2683 Theo-

2878 2705 3147 2773 pltaniant.
3174 2721 3194 2754 ι

2339 2796 2628 2853 Homiliam
2657 2796 2712 2851 in
2744 2794 3173 2865 TheOpbaniam,
3197 2793 3310 2849 sive
3353 2792 3406 2847 in
3444 2790 3650 2846 Christi
3711 2788 3828 2845 Sal-

2270 2889 2482 2945 vatoris
2499 2888 2852 2959 baptismum,
2877 2886 3038 2941 edere
3060 2885 3232 2940 voluit
3260 2885 3329 2941 cl.
3361 2883 3675 2939 Holslcnius
3702 2891 3831 2937 teste

2274 2979 2566 3034 Lambecio
2624 2990 2768 3033 torno
2819 2976 2836 3029 l
2887 2973 3136 3029 Biblioth.
3200 2972 3514 3035 Vindobon.,
3550 2988 3680 3042 pag.
3711 2972 3829 3026 ill.

2272 3071 2640 3140 Eamdemque
2674 3067 2950 3123 homiliam
3002 3066 3312 3123 Christiano
3346 3064 3572 3120 Daumio
3604 3065 3677 3118 ad
3716 3080 3832 3119 ma-

604 3168 657 3214 et
695 3160 884 3215 delirio
929 3164 1183 3218 credendo
1214 3166 1553 3227 venditorem,
1591 3177 1768 3236 utpote
1809 3168 1873 3220 ab
1916 3171 2165 3238 apostolis
2193 3152 2235 3210 (ἶ
2268 3178 2372 3217 nus
2395 3162 2564 3216 fuisse
2593 3170 2742 3215 notat
2762 3160 2973 3231 Itligius
3013 3159 3068 3214 in
3101 3158 3480 3214 dissertatione
3514 3156 3589 3210 De
3616 3154 3834 3212 Notiti-

606 3253 731 3318 tpsis
766 3256 1083 3308 annuntiata
1117 3267 1167 3308 et
1213 3256 1478 3319 derivata;
1528 3257 1762 3313 Irenazus
1800 3276 1973 3314 veram
2021 3272 2165 3332 urget

607 3337 963 3405 apostolorum
984 3339 1316 3395 traditionem
1341 3350 1389 3395 et
1419 3342 1734 3407 doctrinam,
1765 3360 1924 3413 quam
1962 3344 2026 3396 ab
2059 3347 2168 3412 epi-

606 3429 773 3496 scopis
819 3431 1175 3498 apostolorum
1227 3434 1608 3487 successoribus
1657 3442 1707 3487 et
1748 3432 2029 3502 Ecclesiis,
2078 3437 2167 3490 ubi

607 3520 962 3588 apostolorum
1003 3520 1251 3592 discipuli
1282 3525 1590 3590 docuerunt,
1620 3529 1900 3581 eruendam
1932 3536 1981 3581 et
2027 3528 2169 3581 deri-

607 3610 833 3663 vandam
857 3613 1143 3670 contendit.
1172 3611 1243 3665 Et
1275 3615 1441 3681 primo
1470 3626 1615 3686 urget
1640 3616 1887 3672 Romana:
1920 3617 2170 3675 Ecclesia:

606 3699 972 3765 traditionem,
1005 3702 1092 3755 ubi
1124 3705 1336 3773 praefuit
1379 3704 1649 3772 Clemens;
1681 3707 2034 3778 Smyrnensis,
2076 3710 2165 3763 ubi

604 3792 785 3867 defuit
820 3791 1177 3864 Polycarpus;
1207 3795 1504 3865 Ephesium,
1530 3799 1617 3853 ubi
1650 3800 1917 3870 apostolus
1937 3799 2167 3856 Joannes

606 3885 951 3958 Euangelium
982 3896 1055 3940 tot
1086 3890 1242 3941 annis
1265 3899 1313 3942 et
1339 3897 1484 3943 tanto
1514 3907 1631 3944 cum
1655 3891 1829 3960 fructu
1852 3894 2169 3961 praedicave-

608 3990 689 4032 rat
720 3990 767 4032 et
797 3989 1147 4048 promoverat.
1192 3979 1281 4034 Sic
1307 3981 1464 4049 paulo
1490 3992 1605 4049 post
1637 3981 1920 4050 Irenazum,
1966 3983 2172 4054 Hippo-

607 4072 747 4141 lytus
780 4072 938 4124 etiam
960 4071 1169 4140 scripsit
1197 4087 1348 4124 suam
1368 4071 1707 4140 Παράδοσιν
1735 4076 2166 4146 ἀποστολικήν,
2199 4070 2211 4094 ‘

607 4174 667 4219 ut
709 4164 1073 4219 Itwreticorum
1110 4162 1303 4217 delirio
1345 4173 1393 4217 et
1438 4166 1643 4219 somnia
1674 4166 1946 4234 refutaret,
1980 4178 2030 4222 et
2075 4170 2171 4223 do—

606 4255 839 4308 ctrinam
869 4263 1167 4324 perpetuam
1208 4256 1586 4325 apostolorum.
1632 4258 1689 4310 in
1726 4258 2032 4325 ﬂorentibus
2061 4259 2168 4313 Ec-

606 4347 779 4402 clesiis
807 4349 1136 4417 superstitem
1164 4357 1210 4402 et
1243 4348 1497 4403 sinceram
1533 4349 1770 4404 omnibus
1810 4352 1927 4405 istis
1967 4352 2169 4407 deliriis

2270 3255 2393 3308 tatis
2413 3253 2619 3324 .Christi
2650 3253 2804 3321 festo,
2836 3267 2955 3323 pag.
3004 3249 3129 3314 595,
3164 3259 3286 3320 post
3314 3249 3668 3319 appendicem
3696 3249 3835 3303 diss.

2269 3346 2347 3400 De
2375 3344 2761 3400 hwresiarchis.
2804 3341 2977 3409 Quam
3005 3340 3196 3396 habuit
3238 3340 3400 3396 etiam
3459 3338 3706 3393 Thomas
3731 3338 3835 3393 Ga-

2269 3439 2389 3493 lens
2425 3445 2562 3492 teste
2610 3435 2788 3490 Caveo
2821 3433 2954 3505 (84).
2998 3431 3192 3502 Incipit
3239 3440 3460 3486 autem:
3508 3429 3698 3482 Πάντα
3739 3428 3836 3499 μὲν

2270 3528 2409 3584 καλὰ
2441 3528 2534 3582 καὶ
2565 3525 2706 3581 καλὰ
2728 3525 2870 3580 λίαν.
2896 3523 2975 3578 Ex
2997 3523 3186 3579 codice
3213 3523 3435 3579 Thomas
3470 3520 3619 3577 Galei
3643 3519 3836 3575 Graece

2270 3620 2592 3690 descriptam
2617 3618 2823 3687 accepit
2848 3616 3091 3670 eamdem
3139 3615 3415 3669 homiliam
3448 3629 3478 3668 a
3505 3612 3711 3667 Wollio
3746 3613 3840 3667 Al-

2270 3714 2456 3769 bertus
2506 3712 2810 3774 Fabricius,
2855 3723 3085 3779 eamque
3133 3706 3435 3762 colleCtioui
3490 3720 3725 3776 operum
3776 3703 3835 3758 S.

2270 3803 2537 3875 Hippolyti
2576 3803 2822 3858 inseruit.
2856 3799 3054 3855 Sancto
3105 3798 3233 3853 huic
3271 3797 3492 3868 martyri
3541 3797 3841 3851 ascriben-

2268 3898 2390 3952 dam
2419 3911 2539 3951 esse
2559 3911 2623 3949 ex
2671 3894 2789 3947 solo
2823 3891 2933 3946 fere
2986 3888 3141 3945 titulo
3189 3889 3409 3960 probari
3457 3896 3656 3958 potest,
3713 3904 3842 3958 quae

2268 3987 2615 4056 conjectura,
2675 3999 2798 4039 cum
2854 3980 3221 4036 omnimodam
3279 3978 3658 4034 certitudinem
3724 3995 3843 4032 non

2271 4080 2539 4149 praebeat,
2591 4074 2833 4131 ulteriori
2882 4076 3012 4129 crisi
3078 4074 3413 4129 eruditorum
3476 4072 3843 4141 relinquitur.

2275 4170 2417 4225 Sane
2451 4169 2581 4223 nihil
2616 4168 2675 4222 S.
2714 4167 3000 4239 Hippolyto
3039 4169 3394 4238 incongruum
3430 4165 3846 4234 complectitur,

2271 4272 2325 4317 et
2356 4260 2693 4331 praesentiam
2720 4258 2816 4313 Dei
2871 4257 3169 4313 Salvatoris
3205 4256 3373 4312 nostri
3407 4272 3504 4327 per
3551 4272 3711 4312 suam
3751 4258 3843 4310 in-

2274 4352 2642 4408 carnationem
2669 4350 2905 4405 maxime
2950 4351 3005 4404 in
3063 4350 3331 4419 baptismo
3373 4364 3475 4403 suo
3503 4363 3600 4418 per
3638 4361 3848 4403 vocem

606 4450 655 4490 et
695 4438 959 4492 erroribus
1005 4449 1392 4509 opponeret.....
1452 4438 1591 4494 Hinc
1630 4442 1792 4497 etiam
1830 4442 2166 4512 Παράδοσις
2197 4493 2240 4547 D
2271 4443 2451 4499 Patris
2506 4443 2573 4498 de
2618 4442 2759 4497 cmlo
2813 4442 3087 4512 delapsam
3156 4439 3551 4496 manifestatam
3601 4439 3850 4494 demon-

604 4528 972 4597 ἁποστολική
1011 4529 1075 4582 ab
1107 4529 1390 4600 Hippolyto
1418 4531 1697 4599 adornata,
1740 4536 1794 4588 id
1828 4544 1905 4589 est
1926 4538 2163 4590 narratio

606 4619 939 4688 dogmatum,
970 4638 1088 4692 qua:
1111 4626 1335 4691 apostoli
1376 4626 1754 4681 successoribus
1790 4628 1897 4682 suis
1936 4629 2167 4683 tradide-

609 4720 770 4776 rant,
792 4712 1034 4779 posteris,
1085 4714 1153 4766 ad
1197 4714 1386 4770 ultima
1428 4719 1609 4772 mundi
1654 4719 1789 4789 fata,
1835 4720 2088 4775 tradenda
2117 4731 2168 4775 et

609 4804 1066 4858 communicanda.
1095 4802 1366 4862 Hactenus
1397 4808 1744 4864 doctissimus
1782 4811 1831 4867 le
1863 4811 2127 4883 Moynins.

682 4894 784 4948 Alii
811 4905 1137 4951 censuerunt
1171 4913 1265 4967 per
1286 4909 1576 4956 tractatum
1620 4903 1721 4958 sub
1744 4903 1898 4959 titulo
1932 4904 2168 4959 Traditio

612 4988 902 5058 apostolica
956 4992 1338 5047 annuntiatum
1404 4995 1626 5066 intelligi
1688 5012 1849 5066 posse
1912 4999 2167 5053 διδασκα-

612 5079 752 5145 λίαν,
783 5095 876 5135 seu
907 5079 1201 5135 doctrinam
1228 5085 1401 5137 sancti
1432 5084 1725 5156 Hippolyti,
1757 5102 1877 5157 quze
1901 5087 1952 5143 in
1977 5090 2171 5144 biblio—

616 5255 798 5379 72£58)
839 5255 1098 5328 Scaliger,
1145 5258 1222 5312 De
1269 5259 1526 5314 emendat.
1571 5271 1732 5332 temp.
1772 5263 1864 5317 lib.
1902 5279 1998 5328 vn,
2048 5278 2167 5337 pag.

686 5395 796 5467 (79)
836 5395 913 5453 Le
944 5396 1164 5472 Moyne,
1207 5399 1368 5455 Varia
1397 5417 1571 5467 sacra,
1600 5411 1733 5458 tom.
1782 5403 1846 5472 ll,
1885 5406 2171 5475 pag-1062

613 5476 661 5522 ﬂ
830 5538 1112 5613 Iiearsonn
1156 5541 1369 5613 l’indicL
1387 5542 1588 5613 lgnat.,
1614 5558 1736 5613 pag.
1772 5543 1847 5598 60
1865 5554 1917 5599 et
1943 5546 2030 5601 6‘2.

836 5608 1035 5685 (frobe,
1072 5623 1207 5685 tom),
1236 5612 1276 5676 l,
1333 5605 1853 5685 δρὶὶὶιερςΡαῖνᾳιη,
1887 5631 2006 5685 pag.
2042 5615 2168 5685 Q85.

616 5675 805 5800 dog?!)
836 5677 1077 5734 Lambec.
1099 5722 1114 5748 ,
1157 5675 1400 5749 lib.rvut',
1432 5675 1555 5755 pag'.
1584 5684 1720 5751 429,
1751 5675 2003 5740 Βὶὂιῖοιῆ.
2047 5683 2172 5739 Vin-

2267 4546 2423 4592 strat.

2337 4626 2638 4684 Observant
2695 4627 2997 4682 doctissimi
3071 4627 3301 4681 Maurini
3363 4625 3472 4695 (85)
3545 4624 3852 4679 homiliam

2268 4724 2411 4776 hanc
2439 4722 2538 4777 abs
2568 4719 2625 4776 S.
2655 4719 2942 4795 Hippolyto
2984 4721 3386 4793 pronuntiatam
3442 4719 3612 4773 fuisse
3640 4733 3857 4774 coram

2272 4815 2582 4885 gentilibus.
2614 4815 2737 4870 Han:
2763 4815 3075 4886 singillatim
3128 4822 3422 4884 pertractat
3444 4812 3510 4883 de
3556 4812 3857 4881 baptismo

2270 4907 2398 4962 Jesu
2425 4906 2648 4975 Christi,
2682 4908 2910 4978 ejusque
2966 4906 3245 4963 effectibus
3274 4906 3440 4961 relate
3465 4905 3532 4960 ad
3579 4904 3860 4961 homines

2270 5003 2591 5071 praesertim.
2630 5003 2832 5055 Auctor
2860 5000 3157 5054 orationem
3203 5014 3358 5053 suam
3388 4996 3549 5053 modo
3569 4997 3636 5052 ad
3663 5012 3859 5051 unam

2274 5093 2558 5158 duntaxat,
2593 5092 2755 5148 modo
2799 5093 2866 5147 ad
2916 5092 3096 5162 plures
3129 5090 3311 5161 dirigit
3347 5106 3628 5161 personas.
3683 5088 3859 5142 Nihil

2345 5273 2456 5344 (85)
2495 5271 2576 5328 Cl.
2639 5272 2871 5330 Grabius
2926 5282 3097 5327 morte
3145 5280 3465 5344 praeventus
3499 5270 3855 5344 promissum

2272 5340 2550 5399 exsolt'ere
2594 5358 2699 5397 non
2739 5345 2940 5413 potuit;
2979 5340 3163 5398 verum
3197 5343 3394 5396 Albert.
3427 5340 3709 5395 Fabricius
3736 5356 3858 5394 na-

2274 5422 2396 5468 ctus
2423 5414 2607 5467 eadem
2636 5414 2703 5467 ad
2747 5414 2858 5482 jam
2898 5414 3073 5469 dictos
3109 5428 3241 5467 mss.
3291 5413 3457 5466 libros
3504 5413 3777 5482 recensita
3816 5426 3859 5465 a

2273 5483 2508 5547 Grabio,
2560 5484 2653 5553 qui
2697 5482 2887 5538 Latina
2938 5484 3184 5538 versione
3223 5483 3383 5537 etiam
3430 5482 3518 5535 illa
3569 5481 3862 5547 donavit,

2275 5553 2465 5624 tomoil
2494 5553 2733 5624 Operam
2754 5553 3019 5624 Hippolyti
3051 5553 3298 5624 inseruit.

2349 5623 2461 5690 (84)
2496 5620 2655 5686 Cave.
2692 5620 2838 5678 Hist.
2859 5620 3027 5677 litter.
3047 5664 3062 5689 ,
3088 5632 3220 5677 tom.
3253 5620 3292 5675 l.

2346 5685 2458 5765 (85)
2498 5685 2639 5748 Hist.
2675 5694 2834 5749 littér.
2869 5694 2932 5749 de
2959 5693 3013 5747 la
3045 5685 3267 5759 France,
3302 5699 3431 5748 tom.
3473 5690 3519 5757 l,
3548 5705 3677 5761 pag.
3702 5685 3865 5744 370.
