  <div class='ocr_page' id='page_1' title='image "/cluster/home/n/w/nwhite01/storage/ocr_20150623/10/hvd.32044073501330/174.png"; bbox 0 0 3950 6210; ppageno 0'>
   <div class='ocr_carea' id='block_1_1' title="bbox 234 186 255 221">
    <p class='ocr_par' dir='ltr' id='par_1_1' title="bbox 234 186 255 221">
     <span class='ocr_line' id='line_1_1' title="bbox 234 186 255 221; baseline 0 0"><span class='ocrx_word' id='word_1_1' title='bbox 234 186 255 221; x_wconf 69' lang='grc' dir='ltr'><strong><em>ο</em></strong></span> 
     </span>
    </p>
   </div>
   <div class='ocr_carea' id='block_1_2' title="bbox 259 260 1758 328">
    <p class='ocr_par' dir='ltr' id='par_1_2' title="bbox 259 265 1753 328">
     <span class='ocr_line' id='line_1_2' title="bbox 259 265 1753 328; baseline -0.005 -1"><span class='ocrx_word' id='word_1_2' title='bbox 259 271 342 328; x_wconf 67' lang='lat'><strong>309</strong></span> <span class='ocrx_word' id='word_1_3' title='bbox 1150 265 1240 320; x_wconf 86' lang='lat' dir='ltr'><strong>DE</strong></span> <span class='ocrx_word' id='word_1_4' title='bbox 1279 266 1439 328; x_wconf 75' lang='lat' dir='ltr'><strong>VlTA</strong></span> <span class='ocrx_word' id='word_1_5' title='bbox 1477 266 1564 322; x_wconf 87' lang='grc' dir='ltr'><strong>ΕΤ</strong></span> <span class='ocrx_word' id='word_1_6' title='bbox 1605 265 1753 321; x_wconf 68' lang='grc' dir='ltr'>εειιι</span> 
     </span>
    </p>
   </div>
   <div class='ocr_carea' id='block_1_3' title="bbox 1861 260 2423 328">
    <p class='ocr_par' dir='ltr' id='par_1_3' title="bbox 1861 260 2423 319">
     <span class='ocr_line' id='line_1_3' title="bbox 1861 260 2423 319; baseline -0.007 0"><span class='ocrx_word' id='word_1_7' title='bbox 1861 263 1910 319; x_wconf 81' lang='lat' dir='ltr'><strong>lS</strong></span> <span class='ocrx_word' id='word_1_8' title='bbox 1948 264 2005 319; x_wconf 81' lang='lat' dir='ltr'><strong>S.</strong></span> <span class='ocrx_word' id='word_1_9' title='bbox 2048 260 2423 317; x_wconf 82' lang='lat' dir='ltr'><strong>HlPPOLYTl.</strong></span> 
     </span>
    </p>
   </div>
   <div class='ocr_carea' id='block_1_4' title="bbox 3284 259 3387 313">
    <p class='ocr_par' dir='ltr' id='par_1_4' title="bbox 3284 259 3387 313">
     <span class='ocr_line' id='line_1_4' title="bbox 3284 259 3387 313; baseline 0 0"><span class='ocrx_word' id='word_1_10' title='bbox 3284 259 3387 313; x_wconf 77' lang='lat' dir='ltr'><strong>3l0</strong></span> 
     </span>
    </p>
   </div>
   <div class='ocr_carea' id='block_1_5' title="bbox 265 380 3399 456">
    <p class='ocr_par' dir='ltr' id='par_1_5' title="bbox 265 380 3399 456">
     <span class='ocr_line' id='line_1_5' title="bbox 265 380 3399 456; baseline -0.002 -14"><span class='ocrx_word' id='word_1_11' title='bbox 265 403 438 456; x_wconf 84' lang='lat' dir='ltr'><strong>quoque</strong></span> <span class='ocrx_word' id='word_1_12' title='bbox 462 385 507 439; x_wconf 89' lang='lat' dir='ltr'><strong>in</strong></span> <span class='ocrx_word' id='word_1_13' title='bbox 541 386 639 439; x_wconf 87' lang='lat' dir='ltr'><strong>hoc</strong></span> <span class='ocrx_word' id='word_1_14' title='bbox 683 383 932 439; x_wconf 82' lang='lat' dir='ltr'><strong>discursu</strong></span> <span class='ocrx_word' id='word_1_15' title='bbox 970 394 1063 440; x_wconf 91' lang='lat' dir='ltr'><strong>aut</strong></span> <span class='ocrx_word' id='word_1_16' title='bbox 1109 387 1404 453; x_wconf 65' lang='lat' dir='ltr'><strong>docti-inte,</strong></span> <span class='ocrx_word' id='word_1_17' title='bbox 1461 398 1555 443; x_wconf 90' lang='lat' dir='ltr'><strong>aut</strong></span> <span class='ocrx_word' id='word_1_18' title='bbox 1605 390 1746 443; x_wconf 78' lang='lat' dir='ltr'><strong>:etati</strong></span> <span class='ocrx_word' id='word_1_19' title='bbox 1777 393 1816 448; x_wconf 74' lang='grc' dir='ltr'><strong>Α</strong></span> <span class='ocrx_word' id='word_1_20' title='bbox 1848 386 2057 442; x_wconf 87' lang='lat' dir='ltr'><strong>Domini</strong></span> <span class='ocrx_word' id='word_1_21' title='bbox 2090 386 2249 451; x_wconf 80' lang='grc'><strong>1551,</strong></span> <span class='ocrx_word' id='word_1_22' title='bbox 2276 401 2342 439; x_wconf 82' lang='lat' dir='ltr'><strong>ex</strong></span> <span class='ocrx_word' id='word_1_23' title='bbox 2402 398 2529 455; x_wconf 89' lang='lat' dir='ltr'><strong>agro</strong></span> <span class='ocrx_word' id='word_1_24' title='bbox 2557 382 2770 437; x_wconf 79' lang='lat' dir='ltr'><strong>Verano</strong></span> <span class='ocrx_word' id='word_1_25' title='bbox 2809 397 2914 435; x_wconf 89' lang='lat' dir='ltr'><strong>non</strong></span> <span class='ocrx_word' id='word_1_26' title='bbox 2963 381 3148 450; x_wconf 86' lang='lat' dir='ltr'><strong>procul</strong></span> <span class='ocrx_word' id='word_1_27' title='bbox 3177 380 3243 434; x_wconf 82' lang='lat' dir='ltr'><strong>ab</strong></span> <span class='ocrx_word' id='word_1_28' title='bbox 3287 380 3399 435; x_wconf 72' lang='lat' dir='ltr'><strong>aede</strong></span> 
     </span>
    </p>
   </div>
   <div class='ocr_carea' id='block_1_6' title="bbox 268 477 1748 549">
    <p class='ocr_par' dir='ltr' id='par_1_6' title="bbox 268 477 1748 549">
     <span class='ocr_line' id='line_1_6' title="bbox 268 477 1748 549; baseline -0.001 -13"><span class='ocrx_word' id='word_1_29' title='bbox 268 482 314 536; x_wconf 77' lang='grc' dir='ltr'><strong>ὃ.</strong></span> <span class='ocrx_word' id='word_1_30' title='bbox 336 477 551 548; x_wconf 75' lang='lat' dir='ltr'><strong>Hippolyti</strong></span> <span class='ocrx_word' id='word_1_31' title='bbox 610 478 987 532; x_wconf 86' lang='lat' dir='ltr'><strong>inconveniens</strong></span> <span class='ocrx_word' id='word_1_32' title='bbox 1024 479 1328 548; x_wconf 89' lang='lat' dir='ltr'><strong>reperitur;</strong></span> <span class='ocrx_word' id='word_1_33' title='bbox 1365 480 1610 549; x_wconf 89' lang='lat' dir='ltr'><strong>quinimo</strong></span> <span class='ocrx_word' id='word_1_34' title='bbox 1635 480 1748 535; x_wconf 84' lang='lat' dir='ltr'><strong>sive</strong></span> 
     </span>
    </p>
   </div>
   <div class='ocr_carea' id='block_1_7' title="bbox 266 568 1749 640">
    <p class='ocr_par' dir='ltr' id='par_1_7' title="bbox 266 568 1749 640">
     <span class='ocr_line' id='line_1_7' title="bbox 266 568 1749 640; baseline 0 -15"><span class='ocrx_word' id='word_1_35' title='bbox 266 570 413 639; x_wconf 80' lang='lat' dir='ltr'><strong>stylum</strong></span> <span class='ocrx_word' id='word_1_36' title='bbox 432 578 644 637; x_wconf 84' lang='lat' dir='ltr'><strong>spectes,</strong></span> <span class='ocrx_word' id='word_1_37' title='bbox 666 568 778 621; x_wconf 75' lang='lat' dir='ltr'><strong>sive</strong></span> <span class='ocrx_word' id='word_1_38' title='bbox 806 569 1016 624; x_wconf 88' lang='lat' dir='ltr'><strong>dicendi</strong></span> <span class='ocrx_word' id='word_1_39' title='bbox 1040 570 1256 624; x_wconf 84' lang='lat' dir='ltr'><strong>modum</strong></span> <span class='ocrx_word' id='word_1_40' title='bbox 1291 571 1341 624; x_wconf 93' lang='lat' dir='ltr'><strong>in</strong></span> <span class='ocrx_word' id='word_1_41' title='bbox 1361 571 1488 626; x_wconf 82' lang='lat' dir='ltr'><strong>aliis</strong></span> <span class='ocrx_word' id='word_1_42' title='bbox 1516 586 1749 640; x_wconf 87' lang='lat' dir='ltr'><strong>opuscu-</strong></span> 
     </span>
    </p>
   </div>
   <div class='ocr_carea' id='block_1_8' title="bbox 265 658 1749 731">
    <p class='ocr_par' dir='ltr' id='par_1_8' title="bbox 265 658 1749 731">
     <span class='ocr_line' id='line_1_8' title="bbox 265 658 1749 731; baseline 0.001 -17"><span class='ocrx_word' id='word_1_43' title='bbox 265 663 327 723; x_wconf 85' lang='lat' dir='ltr'><strong>lis,</strong></span> <span class='ocrx_word' id='word_1_44' title='bbox 352 674 451 731; x_wconf 73' lang='lat' dir='ltr'><strong>qua:</strong></span> <span class='ocrx_word' id='word_1_45' title='bbox 476 658 683 712; x_wconf 89' lang='lat' dir='ltr'><strong>indubie</strong></span> <span class='ocrx_word' id='word_1_46' title='bbox 714 659 887 727; x_wconf 89' lang='lat' dir='ltr'><strong>ipsius</strong></span> <span class='ocrx_word' id='word_1_47' title='bbox 940 669 1086 721; x_wconf 91' lang='lat' dir='ltr'><strong>sunt,</strong></span> <span class='ocrx_word' id='word_1_48' title='bbox 1133 660 1453 724; x_wconf 87' lang='lat' dir='ltr'><strong>adhibitum,</strong></span> <span class='ocrx_word' id='word_1_49' title='bbox 1502 664 1749 716; x_wconf 90' lang='lat' dir='ltr'><strong>eumdem</strong></span> 
     </span>
    </p>
   </div>
   <div class='ocr_carea' id='block_1_9' title="bbox 258 751 1751 821">
    <p class='ocr_par' dir='ltr' id='par_1_9' title="bbox 258 751 1751 821">
     <span class='ocr_line' id='line_1_9' title="bbox 258 751 1751 821; baseline 0.002 -15"><span class='ocrx_word' id='word_1_50' title='bbox 258 752 530 821; x_wconf 87' lang='lat' dir='ltr'><strong>ipsissimum</strong></span> <span class='ocrx_word' id='word_1_51' title='bbox 574 751 627 803; x_wconf 89' lang='lat' dir='ltr'><strong>in</strong></span> <span class='ocrx_word' id='word_1_52' title='bbox 680 752 783 805; x_wconf 86' lang='lat' dir='ltr'><strong>hac</strong></span> <span class='ocrx_word' id='word_1_53' title='bbox 810 752 1032 805; x_wconf 88' lang='lat' dir='ltr'><strong>homilia</strong></span> <span class='ocrx_word' id='word_1_54' title='bbox 1071 753 1444 809; x_wconf 79' lang='lat' dir='ltr'><strong>observamus.</strong></span> <span class='ocrx_word' id='word_1_55' title='bbox 1483 752 1751 808; x_wconf 84' lang='lat' dir='ltr'><strong>Notatin-</strong></span> 
     </span>
    </p>
   </div>
   <div class='ocr_carea' id='block_1_10' title="bbox 254 841 1745 915">
    <p class='ocr_par' dir='ltr' id='par_1_10' title="bbox 254 841 1745 915">
     <span class='ocr_line' id='line_1_10' title="bbox 254 841 1745 915; baseline 0.003 -18"><span class='ocrx_word' id='word_1_56' title='bbox 254 858 381 911; x_wconf 84' lang='lat' dir='ltr'><strong>super</strong></span> <span class='ocrx_word' id='word_1_57' title='bbox 400 841 730 895; x_wconf 81' lang='lat' dir='ltr'><strong>doctissimus</strong></span> <span class='ocrx_word' id='word_1_58' title='bbox 761 841 1036 910; x_wconf 78' lang='lat' dir='ltr'><strong>Remigius</strong></span> <span class='ocrx_word' id='word_1_59' title='bbox 1066 844 1281 898; x_wconf 84' lang='lat' dir='ltr'><strong>Ceillier</strong></span> <span class='ocrx_word' id='word_1_60' title='bbox 1328 844 1441 915; x_wconf 86' lang='lat'><strong>(86)</strong></span> <span class='ocrx_word' id='word_1_61' title='bbox 1476 846 1745 901; x_wconf 76' lang='lat' dir='ltr'><strong>laudatam</strong></span> 
     </span>
    </p>
   </div>
   <div class='ocr_carea' id='block_1_11' title="bbox 254 933 1750 1008">
    <p class='ocr_par' dir='ltr' id='par_1_11' title="bbox 254 933 1750 1008">
     <span class='ocr_line' id='line_1_11' title="bbox 254 933 1750 1008; baseline 0.005 -22"><span class='ocrx_word' id='word_1_62' title='bbox 254 934 477 986; x_wconf 81' lang='lat' dir='ltr'><strong>homiliam</strong></span> <span class='ocrx_word' id='word_1_63' title='bbox 507 948 623 987; x_wconf 90' lang='lat' dir='ltr'><strong>esse</strong></span> <span class='ocrx_word' id='word_1_64' title='bbox 663 933 912 998; x_wconf 90' lang='lat' dir='ltr'><strong>nitidam,</strong></span> <span class='ocrx_word' id='word_1_65' title='bbox 969 934 1393 999; x_wconf 68' lang='lat' dir='ltr'><strong>aediﬁcatoriam,</strong></span> <span class='ocrx_word' id='word_1_66' title='bbox 1427 937 1750 1008; x_wconf 78' lang='lat' dir='ltr'><strong>dignamque</strong></span> 
     </span>
    </p>
   </div>
   <div class='ocr_carea' id='block_1_12' title="bbox 253 1022 1753 1099">
    <p class='ocr_par' dir='ltr' id='par_1_12' title="bbox 253 1022 1753 1099">
     <span class='ocr_line' id='line_1_12' title="bbox 253 1022 1753 1099; baseline 0.005 -22"><span class='ocrx_word' id='word_1_67' title='bbox 253 1033 401 1078; x_wconf 73' lang='lat' dir='ltr'><strong>sancto</strong></span> <span class='ocrx_word' id='word_1_68' title='bbox 416 1022 680 1092; x_wconf 88' lang='lat' dir='ltr'><strong>episcopo,</strong></span> <span class='ocrx_word' id='word_1_69' title='bbox 710 1039 921 1077; x_wconf 86' lang='lat' dir='ltr'><strong>necnon</strong></span> <span class='ocrx_word' id='word_1_70' title='bbox 951 1033 1004 1078; x_wconf 90' lang='lat' dir='ltr'><strong>et</strong></span> <span class='ocrx_word' id='word_1_71' title='bbox 1050 1027 1180 1079; x_wconf 88' lang='lat' dir='ltr'><strong>satis</strong></span> <span class='ocrx_word' id='word_1_72' title='bbox 1208 1028 1559 1089; x_wconf 89' lang='lat' dir='ltr'><strong>elaboratam,</strong></span> <span class='ocrx_word' id='word_1_73' title='bbox 1592 1040 1753 1099; x_wconf 89' lang='lat' dir='ltr'><strong>atque</strong></span> 
     </span>
    </p>
   </div>
   <div class='ocr_carea' id='block_1_13' title="bbox 249 1117 1752 1186">
    <p class='ocr_par' dir='ltr' id='par_1_13' title="bbox 249 1117 1752 1186">
     <span class='ocr_line' id='line_1_13' title="bbox 249 1117 1752 1186; baseline 0.004 -17"><span class='ocrx_word' id='word_1_74' title='bbox 249 1118 373 1186; x_wconf 83' lang='lat' dir='ltr'><strong>longe</strong></span> <span class='ocrx_word' id='word_1_75' title='bbox 409 1117 699 1184; x_wconf 89' lang='lat' dir='ltr'><strong>politiorem</strong></span> <span class='ocrx_word' id='word_1_76' title='bbox 726 1118 935 1170; x_wconf 66' lang='lat' dir='ltr'><strong>caateris</strong></span> <span class='ocrx_word' id='word_1_77' title='bbox 976 1120 1337 1173; x_wconf 84' lang='lat' dir='ltr'><strong>communiter</strong></span> <span class='ocrx_word' id='word_1_78' title='bbox 1380 1129 1622 1175; x_wconf 78' lang='lat' dir='ltr'><strong>veterum</strong></span> <span class='ocrx_word' id='word_1_79' title='bbox 1652 1121 1752 1175; x_wconf 89' lang='lat' dir='ltr'><strong>Pa-</strong></span> 
     </span>
    </p>
   </div>
   <div class='ocr_carea' id='block_1_14' title="bbox 247 1208 619 1263">
    <p class='ocr_par' dir='ltr' id='par_1_14' title="bbox 247 1208 619 1263">
     <span class='ocr_line' id='line_1_14' title="bbox 247 1208 619 1263; baseline -0.003 0"><span class='ocrx_word' id='word_1_80' title='bbox 247 1218 358 1263; x_wconf 87' lang='lat' dir='ltr'><strong>trum</strong></span> <span class='ocrx_word' id='word_1_81' title='bbox 381 1208 619 1262; x_wconf 89' lang='lat' dir='ltr'><strong>homiliis.</strong></span> 
     </span>
    </p>
   </div>
   <div class='ocr_carea' id='block_1_15' title="bbox 298 1301 1753 1373">
    <p class='ocr_par' dir='ltr' id='par_1_15' title="bbox 298 1301 1753 1373">
     <span class='ocr_line' id='line_1_15' title="bbox 298 1301 1753 1373; baseline 0.003 -20"><span class='ocrx_word' id='word_1_82' title='bbox 298 1301 485 1355; x_wconf 83' lang='lat' dir='ltr'><strong>Addunt</strong></span> <span class='ocrx_word' id='word_1_83' title='bbox 513 1310 771 1370; x_wconf 70' lang='lat' dir='ltr'><strong>praeterea</strong></span> <span class='ocrx_word' id='word_1_84' title='bbox 810 1302 1037 1356; x_wconf 85' lang='lat' dir='ltr'><strong>Maurini</strong></span> <span class='ocrx_word' id='word_1_85' title='bbox 1068 1302 1201 1373; x_wconf 84' lang='lat'><strong>(87),</strong></span> <span class='ocrx_word' id='word_1_86' title='bbox 1254 1303 1519 1373; x_wconf 89' lang='lat' dir='ltr'><strong>quosdam</strong></span> <span class='ocrx_word' id='word_1_87' title='bbox 1568 1304 1753 1357; x_wconf 88' lang='lat' dir='ltr'><strong>erudi-</strong></span> 
     </span>
    </p>
   </div>
   <div class='ocr_carea' id='block_1_16' title="bbox 244 1393 1755 1449">
    <p class='ocr_par' dir='ltr' id='par_1_16' title="bbox 244 1393 1755 1449">
     <span class='ocr_line' id='line_1_16' title="bbox 244 1393 1755 1449; baseline 0.001 -2"><span class='ocrx_word' id='word_1_88' title='bbox 244 1403 310 1449; x_wconf 87' lang='lat' dir='ltr'><strong>tos</strong></span> <span class='ocrx_word' id='word_1_89' title='bbox 329 1393 645 1447; x_wconf 80' lang='lat' dir='ltr'><strong>existimasse</strong></span> <span class='ocrx_word' id='word_1_90' title='bbox 698 1393 971 1447; x_wconf 86' lang='lat' dir='ltr'><strong>laudatam</strong></span> <span class='ocrx_word' id='word_1_91' title='bbox 1025 1394 1299 1448; x_wconf 89' lang='lat' dir='ltr'><strong>bomiliam</strong></span> <span class='ocrx_word' id='word_1_92' title='bbox 1351 1395 1592 1448; x_wconf 90' lang='lat' dir='ltr'><strong>eamdem</strong></span> <span class='ocrx_word' id='word_1_93' title='bbox 1636 1409 1755 1449; x_wconf 87' lang='lat' dir='ltr'><strong>esse</strong></span> 
     </span>
    </p>
   </div>
   <div class='ocr_carea' id='block_1_17' title="bbox 244 1482 1753 1557">
    <p class='ocr_par' dir='ltr' id='par_1_17' title="bbox 244 1482 1753 1557">
     <span class='ocr_line' id='line_1_17' title="bbox 244 1482 1753 1557; baseline 0.005 -22"><span class='ocrx_word' id='word_1_94' title='bbox 244 1499 371 1551; x_wconf 85' lang='lat' dir='ltr'><strong>quam</strong></span> <span class='ocrx_word' id='word_1_95' title='bbox 414 1483 464 1535; x_wconf 91' lang='lat' dir='ltr'><strong>S.</strong></span> <span class='ocrx_word' id='word_1_96' title='bbox 501 1482 868 1554; x_wconf 78' lang='lat' dir='ltr'><strong>Hieronymus</strong></span> <span class='ocrx_word' id='word_1_97' title='bbox 917 1484 1055 1538; x_wconf 91' lang='lat' dir='ltr'><strong>inter</strong></span> <span class='ocrx_word' id='word_1_98' title='bbox 1102 1486 1211 1540; x_wconf 83' lang='lat' dir='ltr'><strong>divi</strong></span> <span class='ocrx_word' id='word_1_99' title='bbox 1264 1484 1535 1557; x_wconf 82' lang='lat' dir='ltr'><strong>Hippolyti</strong></span> <span class='ocrx_word' id='word_1_100' title='bbox 1593 1503 1753 1557; x_wconf 86' lang='lat' dir='ltr'><strong>opera</strong></span> 
     </span>
    </p>
   </div>
   <div class='ocr_carea' id='block_1_18' title="bbox 246 1575 1756 1633">
    <p class='ocr_par' dir='ltr' id='par_1_18' title="bbox 246 1575 1756 1633">
     <span class='ocr_line' id='line_1_18' title="bbox 246 1575 1756 1633; baseline 0.005 -7"><span class='ocrx_word' id='word_1_101' title='bbox 246 1576 321 1627; x_wconf 87' lang='lat' dir='ltr'><strong>hoc</strong></span> <span class='ocrx_word' id='word_1_102' title='bbox 344 1575 430 1628; x_wconf 92' lang='lat' dir='ltr'><strong>sub</strong></span> <span class='ocrx_word' id='word_1_103' title='bbox 451 1576 601 1627; x_wconf 87' lang='lat' dir='ltr'><strong>titulo</strong></span> <span class='ocrx_word' id='word_1_104' title='bbox 626 1576 911 1629; x_wconf 82' lang='lat' dir='ltr'><strong>denotavit</strong></span> <span class='ocrx_word' id='word_1_105' title='bbox 943 1595 955 1630; x_wconf 77' lang='grc' dir='ltr'>ε</span> <span class='ocrx_word' id='word_1_106' title='bbox 986 1575 1223 1629; x_wconf 84' lang='lat' dir='ltr'><strong>Homilia</strong></span> <span class='ocrx_word' id='word_1_107' title='bbox 1264 1578 1468 1632; x_wconf 88' lang='lat' dir='ltr'><strong>scilicet</strong></span> <span class='ocrx_word' id='word_1_108' title='bbox 1499 1579 1563 1631; x_wconf 90' lang='lat' dir='ltr'><strong>de</strong></span> <span class='ocrx_word' id='word_1_109' title='bbox 1602 1578 1756 1633; x_wconf 84' lang='lat' dir='ltr'><strong>laude</strong></span> 
     </span>
    </p>
   </div>
   <div class='ocr_carea' id='block_1_19' title="bbox 244 1664 1755 1739">
    <p class='ocr_par' dir='ltr' id='par_1_19' title="bbox 244 1664 1755 1739">
     <span class='ocr_line' id='line_1_19' title="bbox 244 1664 1755 1739; baseline 0.003 -20"><span class='ocrx_word' id='word_1_110' title='bbox 244 1664 510 1719; x_wconf 66' lang='lat' dir='ltr'><strong>Saluatoris.</strong></span> <span class='ocrx_word' id='word_1_111' title='bbox 547 1665 753 1720; x_wconf 85' lang='lat' dir='ltr'><strong>Verum</strong></span> <span class='ocrx_word' id='word_1_112' title='bbox 804 1667 859 1720; x_wconf 92' lang='lat' dir='ltr'><strong>in</strong></span> <span class='ocrx_word' id='word_1_113' title='bbox 909 1667 1131 1737; x_wconf 73' lang='lat' dir='ltr'><strong>prmfata</strong></span> <span class='ocrx_word' id='word_1_114' title='bbox 1165 1668 1386 1722; x_wconf 88' lang='lat' dir='ltr'><strong>homilia</strong></span> <span class='ocrx_word' id='word_1_115' title='bbox 1419 1685 1523 1723; x_wconf 91' lang='lat' dir='ltr'><strong>non</strong></span> <span class='ocrx_word' id='word_1_116' title='bbox 1560 1669 1755 1739; x_wconf 82' lang='lat' dir='ltr'><strong>legitur</strong></span> 
     </span>
    </p>
   </div>
   <div class='ocr_carea' id='block_1_20' title="bbox 243 1757 1748 1831">
    <p class='ocr_par' dir='ltr' id='par_1_20' title="bbox 243 1757 1748 1831">
     <span class='ocr_line' id='line_1_20' title="bbox 243 1757 1748 1831; baseline 0.004 -22"><span class='ocrx_word' id='word_1_117' title='bbox 243 1758 358 1823; x_wconf 90' lang='lat' dir='ltr'><strong>illud,</strong></span> <span class='ocrx_word' id='word_1_118' title='bbox 411 1759 546 1828; x_wconf 91' lang='lat' dir='ltr'><strong>quod</strong></span> <span class='ocrx_word' id='word_1_119' title='bbox 614 1760 684 1813; x_wconf 84' lang='lat'><strong>1).</strong></span> <span class='ocrx_word' id='word_1_120' title='bbox 736 1757 1093 1829; x_wconf 87' lang='lat' dir='ltr'><strong>Hieronymus</strong></span> <span class='ocrx_word' id='word_1_121' title='bbox 1144 1760 1440 1831; x_wconf 83' lang='lat' dir='ltr'><strong>subjungit,</strong></span> <span class='ocrx_word' id='word_1_122' title='bbox 1494 1761 1748 1816; x_wconf 89' lang='lat' dir='ltr'><strong>nimirum</strong></span> 
     </span>
    </p>
   </div>
   <div class='ocr_carea' id='block_1_21' title="bbox 244 1852 1748 1923">
    <p class='ocr_par' dir='ltr' id='par_1_21' title="bbox 244 1852 1748 1923">
     <span class='ocr_line' id='line_1_21' title="bbox 244 1852 1748 1923; baseline 0.003 -18"><span class='ocrx_word' id='word_1_123' title='bbox 244 1860 444 1905; x_wconf 81' lang='lat' dir='ltr'><strong>sanetum</strong></span> <span class='ocrx_word' id='word_1_124' title='bbox 490 1859 740 1906; x_wconf 90' lang='lat' dir='ltr'><strong>nostrum</strong></span> <span class='ocrx_word' id='word_1_125' title='bbox 792 1852 845 1903; x_wconf 93' lang='lat' dir='ltr'><strong>in</strong></span> <span class='ocrx_word' id='word_1_126' title='bbox 890 1852 1170 1920; x_wconf 66' lang='lat' dir='ltr'><strong>praesentia</strong></span> <span class='ocrx_word' id='word_1_127' title='bbox 1202 1852 1447 1923; x_wconf 85' lang='lat' dir='ltr'><strong>Origenis</strong></span> <span class='ocrx_word' id='word_1_128' title='bbox 1504 1854 1748 1909; x_wconf 85' lang='lat' dir='ltr'><strong>eamdem</strong></span> 
     </span>
    </p>
   </div>
   <div class='ocr_carea' id='block_1_22' title="bbox 240 1943 1753 2014">
    <p class='ocr_par' dir='ltr' id='par_1_22' title="bbox 240 1943 1753 2014">
     <span class='ocr_line' id='line_1_22' title="bbox 240 1943 1753 2014; baseline 0.002 -17"><span class='ocrx_word' id='word_1_129' title='bbox 240 1945 588 2012; x_wconf 84' lang='lat' dir='ltr'><strong>pronuntiasse.</strong></span> <span class='ocrx_word' id='word_1_130' title='bbox 620 1943 884 1998; x_wconf 85' lang='lat' dir='ltr'><strong>Fatemur</strong></span> <span class='ocrx_word' id='word_1_131' title='bbox 908 1943 1150 2014; x_wconf 89' lang='lat' dir='ltr'><strong>quidem,</strong></span> <span class='ocrx_word' id='word_1_132' title='bbox 1205 1946 1347 2013; x_wconf 91' lang='lat' dir='ltr'><strong>quod</strong></span> <span class='ocrx_word' id='word_1_133' title='bbox 1382 1945 1445 1998; x_wconf 90' lang='lat' dir='ltr'><strong>ad</strong></span> <span class='ocrx_word' id='word_1_134' title='bbox 1470 1945 1753 2001; x_wconf 84' lang='lat' dir='ltr'><strong>diliiculta—</strong></span> 
     </span>
    </p>
   </div>
   <div class='ocr_carea' id='block_1_23' title="bbox 240 2034 1751 2104">
    <p class='ocr_par' dir='ltr' id='par_1_23' title="bbox 240 2034 1751 2104">
     <span class='ocr_line' id='line_1_23' title="bbox 240 2034 1751 2104; baseline 0.001 -16"><span class='ocrx_word' id='word_1_135' title='bbox 240 2043 321 2088; x_wconf 86' lang='lat' dir='ltr'><strong>tem</strong></span> <span class='ocrx_word' id='word_1_136' title='bbox 350 2034 475 2087; x_wconf 86' lang='lat' dir='ltr'><strong>hanc</strong></span> <span class='ocrx_word' id='word_1_137' title='bbox 497 2034 873 2088; x_wconf 74' lang='lat' dir='ltr'><strong>extricandatn</strong></span> <span class='ocrx_word' id='word_1_138' title='bbox 927 2035 1145 2104; x_wconf 91' lang='lat' dir='ltr'><strong>quidam</strong></span> <span class='ocrx_word' id='word_1_139' title='bbox 1190 2035 1503 2099; x_wconf 87' lang='lat' dir='ltr'><strong>obtendant,</strong></span> <span class='ocrx_word' id='word_1_140' title='bbox 1552 2036 1751 2091; x_wconf 79' lang='lat' dir='ltr'><strong>factum</strong></span> 
     </span>
    </p>
   </div>
   <div class='ocr_carea' id='block_1_24' title="bbox 240 2124 1755 2196">
    <p class='ocr_par' dir='ltr' id='par_1_24' title="bbox 240 2124 1755 2196">
     <span class='ocr_line' id='line_1_24' title="bbox 240 2124 1755 2196; baseline 0.004 -19"><span class='ocrx_word' id='word_1_141' title='bbox 240 2126 317 2178; x_wconf 86' lang='lat' dir='ltr'><strong>hoc</strong></span> <span class='ocrx_word' id='word_1_142' title='bbox 336 2125 420 2179; x_wconf 88' lang='lat' dir='ltr'><strong>abs</strong></span> <span class='ocrx_word' id='word_1_143' title='bbox 446 2124 504 2179; x_wconf 85' lang='grc' dir='ltr'><strong>Ι).</strong></span> <span class='ocrx_word' id='word_1_144' title='bbox 537 2124 876 2196; x_wconf 82' lang='lat' dir='ltr'><strong>Hieronymo</strong></span> <span class='ocrx_word' id='word_1_145' title='bbox 933 2128 1204 2196; x_wconf 90' lang='lat' dir='ltr'><strong>proditum</strong></span> <span class='ocrx_word' id='word_1_146' title='bbox 1250 2143 1458 2182; x_wconf 89' lang='lat' dir='ltr'><strong>merum</strong></span> <span class='ocrx_word' id='word_1_147' title='bbox 1506 2143 1626 2183; x_wconf 90' lang='lat' dir='ltr'><strong>esse</strong></span> <span class='ocrx_word' id='word_1_148' title='bbox 1670 2145 1755 2183; x_wconf 85' lang='lat' dir='ltr'><strong>er-</strong></span> 
     </span>
    </p>
   </div>
   <div class='ocr_carea' id='block_1_25' title="bbox 240 2217 1753 2287">
    <p class='ocr_par' dir='ltr' id='par_1_25' title="bbox 240 2217 1753 2287">
     <span class='ocr_line' id='line_1_25' title="bbox 240 2217 1753 2287; baseline 0.005 -20"><span class='ocrx_word' id='word_1_149' title='bbox 240 2230 378 2268; x_wconf 84' lang='lat' dir='ltr'><strong>rorem</strong></span> <span class='ocrx_word' id='word_1_150' title='bbox 398 2231 459 2270; x_wconf 82' lang='lat' dir='ltr'><strong>ex</strong></span> <span class='ocrx_word' id='word_1_151' title='bbox 492 2217 635 2271; x_wconf 89' lang='lat' dir='ltr'><strong>male</strong></span> <span class='ocrx_word' id='word_1_152' title='bbox 669 2218 939 2271; x_wconf 89' lang='lat' dir='ltr'><strong>intellecto</strong></span> <span class='ocrx_word' id='word_1_153' title='bbox 985 2219 1159 2287; x_wconf 88' lang='lat' dir='ltr'><strong>capite</strong></span> <span class='ocrx_word' id='word_1_154' title='bbox 1193 2219 1261 2272; x_wconf 75' lang='lat'><strong>25</strong></span> <span class='ocrx_word' id='word_1_155' title='bbox 1303 2220 1423 2273; x_wconf 87' lang='lat' dir='ltr'><strong>libri</strong></span> <span class='ocrx_word' id='word_1_156' title='bbox 1474 2236 1526 2273; x_wconf 74' lang='grc' dir='ltr'><strong>γι</strong></span> <span class='ocrx_word' id='word_1_157' title='bbox 1582 2220 1753 2275; x_wconf 86' lang='lat' dir='ltr'><strong>Euse—</strong></span> 
     </span>
    </p>
   </div>
   <div class='ocr_carea' id='block_1_26' title="bbox 242 2306 1756 2378">
    <p class='ocr_par' dir='ltr' id='par_1_26' title="bbox 242 2306 1756 2378">
     <span class='ocr_line' id='line_1_26' title="bbox 242 2306 1756 2378; baseline 0.007 -22"><span class='ocrx_word' id='word_1_158' title='bbox 242 2306 295 2358; x_wconf 85' lang='lat' dir='ltr'><strong>hii</strong></span> <span class='ocrx_word' id='word_1_159' title='bbox 314 2317 528 2374; x_wconf 84' lang='lat' dir='ltr'><strong>enatum,</strong></span> <span class='ocrx_word' id='word_1_160' title='bbox 562 2324 846 2378; x_wconf 85' lang='lat' dir='ltr'><strong>quemque</strong></span> <span class='ocrx_word' id='word_1_161' title='bbox 868 2309 1153 2363; x_wconf 87' lang='lat' dir='ltr'><strong>clarissimi</strong></span> <span class='ocrx_word' id='word_1_162' title='bbox 1179 2310 1281 2364; x_wconf 91' lang='lat' dir='ltr'><strong>viri</strong></span> <span class='ocrx_word' id='word_1_163' title='bbox 1318 2310 1543 2366; x_wconf 89' lang='lat' dir='ltr'><strong>Huetius</strong></span> <span class='ocrx_word' id='word_1_164' title='bbox 1573 2321 1626 2366; x_wconf 89' lang='lat' dir='ltr'><strong>et</strong></span> <span class='ocrx_word' id='word_1_165' title='bbox 1653 2312 1756 2366; x_wconf 79' lang='lat' dir='ltr'><strong>Va-</strong></span> 
     </span>
    </p>
   </div>
   <div class='ocr_carea' id='block_1_27' title="bbox 240 2397 1755 2468">
    <p class='ocr_par' dir='ltr' id='par_1_27' title="bbox 240 2397 1755 2468">
     <span class='ocr_line' id='line_1_27' title="bbox 240 2397 1755 2468; baseline 0.006 -20"><span class='ocrx_word' id='word_1_166' title='bbox 240 2397 370 2452; x_wconf 82' lang='lat' dir='ltr'><strong>lesius</strong></span> <span class='ocrx_word' id='word_1_167' title='bbox 410 2401 735 2454; x_wconf 80' lang='lat' dir='ltr'><strong>refutarunt.</strong></span> <span class='ocrx_word' id='word_1_168' title='bbox 796 2399 996 2454; x_wconf 76' lang='lat' dir='ltr'><strong>Verum</strong></span> <span class='ocrx_word' id='word_1_169' title='bbox 1054 2402 1155 2455; x_wconf 92' lang='lat' dir='ltr'><strong>hoc</strong></span> <span class='ocrx_word' id='word_1_170' title='bbox 1202 2417 1309 2456; x_wconf 90' lang='lat' dir='ltr'><strong>non</strong></span> <span class='ocrx_word' id='word_1_171' title='bbox 1369 2412 1477 2457; x_wconf 92' lang='lat' dir='ltr'><strong>tam</strong></span> <span class='ocrx_word' id='word_1_172' title='bbox 1524 2415 1755 2468; x_wconf 89' lang='lat' dir='ltr'><strong>certum,</strong></span> 
     </span>
    </p>
   </div>
   <div class='ocr_carea' id='block_1_28' title="bbox 189 2490 1755 2566">
    <p class='ocr_par' dir='ltr' id='par_1_28' title="bbox 189 2490 1755 2566">
     <span class='ocr_line' id='line_1_28' title="bbox 189 2490 1755 2566; baseline 0.006 -25"><span class='ocrx_word' id='word_1_173' title='bbox 189 2543 193 2551; x_wconf 88' lang='lat'><em>_</em></span> <span class='ocrx_word' id='word_1_174' title='bbox 240 2490 647 2554; x_wconf 80' lang='lat' dir='ltr'><strong>quemadmodum</strong></span> <span class='ocrx_word' id='word_1_175' title='bbox 683 2492 1005 2555; x_wconf 84' lang='lat' dir='ltr'><strong>venditatur,</strong></span> <span class='ocrx_word' id='word_1_176' title='bbox 1033 2493 1335 2547; x_wconf 88' lang='lat' dir='ltr'><strong>habendum</strong></span> <span class='ocrx_word' id='word_1_177' title='bbox 1359 2504 1459 2550; x_wconf 91' lang='lat' dir='ltr'><strong>est.</strong></span> <span class='ocrx_word' id='word_1_178' title='bbox 1479 2496 1755 2566; x_wconf 87' lang='lat' dir='ltr'><strong>Siquidem</strong></span> 
     </span>
    </p>
   </div>
   <div class='ocr_carea' id='block_1_29' title="bbox 240 2576 1755 2657">
    <p class='ocr_par' dir='ltr' id='par_1_29' title="bbox 240 2576 1755 2657">
     <span class='ocr_line' id='line_1_29' title="bbox 240 2576 1755 2657; baseline 0.007 -26"><span class='ocrx_word' id='word_1_179' title='bbox 240 2576 550 2650; x_wconf 73' lang='lat' dir='ltr'><strong>Hieronymus</strong></span> <span class='ocrx_word' id='word_1_180' title='bbox 577 2582 676 2636; x_wconf 89' lang='lat' dir='ltr'><strong>hic</strong></span> <span class='ocrx_word' id='word_1_181' title='bbox 702 2598 807 2636; x_wconf 89' lang='lat' dir='ltr'><strong>non</strong></span> <span class='ocrx_word' id='word_1_182' title='bbox 837 2585 1131 2638; x_wconf 86' lang='lat' dir='ltr'><strong>secundum</strong></span> <span class='ocrx_word' id='word_1_183' title='bbox 1165 2585 1456 2640; x_wconf 87' lang='lat' dir='ltr'><strong>Eusebium</strong></span> <span class='ocrx_word' id='word_1_184' title='bbox 1497 2587 1755 2657; x_wconf 89' lang='lat' dir='ltr'><strong>loquitur.</strong></span> 
     </span>
    </p>
   </div>
   <div class='ocr_carea' id='block_1_30' title="bbox 242 2667 1761 2748">
    <p class='ocr_par' dir='ltr' id='par_1_30' title="bbox 242 2667 1761 2748">
     <span class='ocr_line' id='line_1_30' title="bbox 242 2667 1761 2748; baseline 0.009 -29"><span class='ocrx_word' id='word_1_185' title='bbox 242 2667 330 2734; x_wconf 86' lang='lat' dir='ltr'><strong>Ipse</strong></span> <span class='ocrx_word' id='word_1_186' title='bbox 353 2673 482 2724; x_wconf 89' lang='lat' dir='ltr'><strong>enim</strong></span> <span class='ocrx_word' id='word_1_187' title='bbox 510 2673 575 2726; x_wconf 92' lang='lat' dir='ltr'><strong>de</strong></span> <span class='ocrx_word' id='word_1_188' title='bbox 611 2672 773 2727; x_wconf 88' lang='lat' dir='ltr'><strong>libris</strong></span> <span class='ocrx_word' id='word_1_189' title='bbox 811 2688 839 2725; x_wconf 88' lang='lat' dir='ltr'><strong>a</strong></span> <span class='ocrx_word' id='word_1_190' title='bbox 864 2676 1040 2743; x_wconf 86' lang='lat' dir='ltr'><strong>seipso</strong></span> <span class='ocrx_word' id='word_1_191' title='bbox 1076 2676 1226 2730; x_wconf 90' lang='lat' dir='ltr'><strong>lectis</strong></span> <span class='ocrx_word' id='word_1_192' title='bbox 1247 2676 1496 2743; x_wconf 89' lang='lat' dir='ltr'><strong>disserit;</strong></span> <span class='ocrx_word' id='word_1_193' title='bbox 1527 2693 1761 2748; x_wconf 84' lang='lat' dir='ltr'><strong>quapro-</strong></span> 
     </span>
    </p>
   </div>
   <div class='ocr_carea' id='block_1_31' title="bbox 242 2764 1759 2827">
    <p class='ocr_par' dir='ltr' id='par_1_31' title="bbox 242 2764 1759 2827">
     <span class='ocr_line' id='line_1_31' title="bbox 242 2764 1759 2827; baseline 0.008 -15"><span class='ocrx_word' id='word_1_194' title='bbox 242 2769 331 2827; x_wconf 75' lang='lat' dir='ltr'><strong>pter</strong></span> <span class='ocrx_word' id='word_1_195' title='bbox 354 2764 856 2819; x_wconf 67' lang='lat' dir='ltr'><strong>rerosimiliushmc</strong></span> <span class='ocrx_word' id='word_1_196' title='bbox 894 2767 990 2819; x_wconf 88' lang='lat' dir='ltr'><strong>abs</strong></span> <span class='ocrx_word' id='word_1_197' title='bbox 1042 2777 1228 2821; x_wconf 88' lang='lat' dir='ltr'><strong>sancto</strong></span> <span class='ocrx_word' id='word_1_198' title='bbox 1283 2768 1502 2823; x_wconf 90' lang='lat' dir='ltr'><strong>doctore</strong></span> <span class='ocrx_word' id='word_1_199' title='bbox 1546 2769 1759 2824; x_wconf 89' lang='lat' dir='ltr'><strong>laudata</strong></span> 
     </span>
    </p>
   </div>
   <div class='ocr_carea' id='block_1_32' title="bbox 243 2850 1762 2925">
    <p class='ocr_par' dir='ltr' id='par_1_32' title="bbox 243 2850 1762 2925">
     <span class='ocr_line' id='line_1_32' title="bbox 243 2850 1762 2925; baseline 0.009 -25"><span class='ocrx_word' id='word_1_200' title='bbox 243 2850 423 2904; x_wconf 86' lang='lat' dir='ltr'><strong>homilia</strong></span> <span class='ocrx_word' id='word_1_201' title='bbox 447 2869 566 2908; x_wconf 90' lang='lat' dir='ltr'><strong>cum</strong></span> <span class='ocrx_word' id='word_1_202' title='bbox 627 2854 880 2924; x_wconf 88' lang='lat' dir='ltr'><strong>pluribus</strong></span> <span class='ocrx_word' id='word_1_203' title='bbox 925 2856 1045 2909; x_wconf 88' lang='lat' dir='ltr'><strong>aliis</strong></span> <span class='ocrx_word' id='word_1_204' title='bbox 1090 2857 1332 2925; x_wconf 80' lang='lat' dir='ltr'><strong>ejusdem</strong></span> <span class='ocrx_word' id='word_1_205' title='bbox 1392 2860 1630 2914; x_wconf 90' lang='lat' dir='ltr'><strong>auctoris</strong></span> <span class='ocrx_word' id='word_1_206' title='bbox 1682 2861 1762 2913; x_wconf 90' lang='lat' dir='ltr'><strong>iu-</strong></span> 
     </span>
    </p>
   </div>
   <div class='ocr_carea' id='block_1_33' title="bbox 238 2940 1758 3017">
    <p class='ocr_par' dir='ltr' id='par_1_33' title="bbox 238 2940 1758 3017">
     <span class='ocr_line' id='line_1_33' title="bbox 238 2940 1758 3017; baseline 0.01 -26"><span class='ocrx_word' id='word_1_207' title='bbox 238 2940 385 3009; x_wconf 81' lang='lat' dir='ltr'><strong>teriit,</strong></span> <span class='ocrx_word' id='word_1_208' title='bbox 454 2945 918 3014; x_wconf 87' lang='lat' dir='ltr'><strong>quemadmodum</strong></span> <span class='ocrx_word' id='word_1_209' title='bbox 996 2948 1157 3017; x_wconf 83' lang='lat' dir='ltr'><strong>paulo</strong></span> <span class='ocrx_word' id='word_1_210' title='bbox 1236 2947 1464 3005; x_wconf 84' lang='lat' dir='ltr'><strong>inferius</strong></span> <span class='ocrx_word' id='word_1_211' title='bbox 1540 2950 1758 3005; x_wconf 87' lang='lat' dir='ltr'><strong>docebi-</strong></span> 
     </span>
    </p>
   </div>
   <div class='ocr_carea' id='block_1_34' title="bbox 239 3046 349 3086">
    <p class='ocr_par' dir='ltr' id='par_1_34' title="bbox 239 3046 349 3086">
     <span class='ocr_line' id='line_1_34' title="bbox 239 3046 349 3086; baseline 0.036 -4"><span class='ocrx_word' id='word_1_212' title='bbox 239 3046 276 3082; x_wconf 80' lang='grc' dir='ltr'>ω</span> <span class='ocrx_word' id='word_1_213' title='bbox 283 3047 349 3086; x_wconf 81' lang='lat' dir='ltr'><strong>IIS.</strong></span> 
     </span>
    </p>
   </div>
   <div class='ocr_carea' id='block_1_35' title="bbox 718 3127 1233 3184">
    <p class='ocr_par' dir='ltr' id='par_1_35' title="bbox 718 3127 1233 3184">
     <span class='ocr_line' id='line_1_35' title="bbox 718 3127 1233 3184; baseline 0.006 -3"><span class='ocrx_word' id='word_1_214' title='bbox 718 3127 1110 3183; x_wconf 83' lang='lat' dir='ltr'><strong>ARTICULUS</strong></span> <span class='ocrx_word' id='word_1_215' title='bbox 1144 3128 1233 3184; x_wconf 83' lang='lat' dir='ltr'><strong>IX.</strong></span> 
     </span>
    </p>
   </div>
   <div class='ocr_carea' id='block_1_36' title="bbox 470 3253 1481 3302">
    <p class='ocr_par' dir='ltr' id='par_1_36' title="bbox 470 3253 1481 3302">
     <span class='ocr_line' id='line_1_36' title="bbox 470 3253 1481 3302; baseline 0.011 -11"><span class='ocrx_word' id='word_1_216' title='bbox 470 3253 535 3293; x_wconf 72' lang='lat' dir='ltr'><strong>DE</strong></span> <span class='ocrx_word' id='word_1_217' title='bbox 568 3255 780 3295; x_wconf 71' lang='lat' dir='ltr'><strong>CANONB</strong></span> <span class='ocrx_word' id='word_1_218' title='bbox 803 3258 1049 3299; x_wconf 74' lang='lat' dir='ltr'><strong>PASCHALI</strong></span> <span class='ocrx_word' id='word_1_219' title='bbox 1092 3261 1137 3299; x_wconf 88' lang='lat' dir='ltr'><strong>S.</strong></span> <span class='ocrx_word' id='word_1_220' title='bbox 1181 3263 1481 3302; x_wconf 72' lang='lat' dir='ltr'><strong>HIPPOLYTI.</strong></span> 
     </span>
    </p>
   </div>
   <div class='ocr_carea' id='block_1_37' title="bbox 244 3323 1763 3415">
    <p class='ocr_par' dir='ltr' id='par_1_37' title="bbox 244 3323 1763 3415">
     <span class='ocr_line' id='line_1_37' title="bbox 244 3323 1763 3415; baseline 0.013 -38"><span class='ocrx_word' id='word_1_221' title='bbox 244 3325 264 3391; x_wconf 67' lang='grc' dir='ltr'>ᾗ</span> <span class='ocrx_word' id='word_1_222' title='bbox 292 3323 323 3378; x_wconf 92' lang='lat' dir='ltr'><strong>l.</strong></span> <span class='ocrx_word' id='word_1_223' title='bbox 346 3326 398 3382; x_wconf 91' lang='lat' dir='ltr'><strong>S.</strong></span> <span class='ocrx_word' id='word_1_224' title='bbox 430 3327 714 3402; x_wconf 83' lang='lat' dir='ltr'><strong>Hippolyti</strong></span> <span class='ocrx_word' id='word_1_225' title='bbox 739 3333 919 3415; x_wconf 72' lang='lat' dir='ltr'><strong>canon</strong></span> <span class='ocrx_word' id='word_1_226' title='bbox 951 3353 1041 3389; x_wconf 83' lang='lat' dir='ltr'><strong>seu</strong></span> <span class='ocrx_word' id='word_1_227' title='bbox 1088 3336 1294 3415; x_wconf 57' lang='lat' dir='ltr'><strong>Cyclas</strong></span> <span class='ocrx_word' id='word_1_228' title='bbox 1314 3338 1591 3395; x_wconf 73' lang='lat' dir='ltr'><strong>Paschalis</strong></span> <span class='ocrx_word' id='word_1_229' title='bbox 1625 3350 1763 3395; x_wconf 77' lang='lat' dir='ltr'><strong>inte-</strong></span> 
     </span>
    </p>
   </div>
   <div class='ocr_carea' id='block_1_38' title="bbox 658 3408 1323 3471">
    <p class='ocr_par' dir='ltr' id='par_1_38' title="bbox 658 3408 1323 3471">
     <span class='ocr_line' id='line_1_38' title="bbox 658 3408 1323 3471; baseline 0.009 -16"><span class='ocrx_word' id='word_1_230' title='bbox 658 3420 746 3471; x_wconf 84' lang='lat' dir='ltr'><strong>gre</strong></span> <span class='ocrx_word' id='word_1_231' title='bbox 772 3408 1007 3459; x_wconf 82' lang='lat' dir='ltr'><strong>inuentus</strong></span> <span class='ocrx_word' id='word_1_232' title='bbox 1040 3424 1129 3460; x_wconf 86' lang='lat' dir='ltr'><strong>an.</strong></span> <span class='ocrx_word' id='word_1_233' title='bbox 1169 3408 1323 3461; x_wconf 78' lang='grc'><strong>1551.</strong></span> 
     </span>
    </p>
   </div>
   <div class='ocr_carea' id='block_1_39' title="bbox 295 3489 1762 3570">
    <p class='ocr_par' dir='ltr' id='par_1_39' title="bbox 295 3489 1762 3570">
     <span class='ocr_line' id='line_1_39' title="bbox 295 3489 1762 3570; baseline 0.009 -27"><span class='ocrx_word' id='word_1_234' title='bbox 295 3489 531 3546; x_wconf 82' lang='lat' dir='ltr'><strong>Cononem</strong></span> <span class='ocrx_word' id='word_1_235' title='bbox 579 3494 911 3560; x_wconf 86' lang='lat' dir='ltr'><strong>paschalem,</strong></span> <span class='ocrx_word' id='word_1_236' title='bbox 966 3513 1059 3552; x_wconf 84' lang='lat' dir='ltr'><strong>seu</strong></span> <span class='ocrx_word' id='word_1_237' title='bbox 1116 3498 1331 3568; x_wconf 81' lang='lat' dir='ltr'><strong>Cyclum</strong></span> <span class='ocrx_word' id='word_1_238' title='bbox 1380 3502 1696 3570; x_wconf 88' lang='lat' dir='ltr'><strong>paschalem,</strong></span> <span class='ocrx_word' id='word_1_239' title='bbox 1733 3518 1762 3556; x_wconf 90' lang='lat' dir='ltr'><strong>a</strong></span> 
     </span>
    </p>
   </div>
   <div class='ocr_carea' id='block_1_40' title="bbox 243 3578 1761 3659">
    <p class='ocr_par' dir='ltr' id='par_1_40' title="bbox 243 3578 1761 3659">
     <span class='ocr_line' id='line_1_40' title="bbox 243 3578 1761 3659; baseline 0.011 -27"><span class='ocrx_word' id='word_1_240' title='bbox 243 3578 286 3632; x_wconf 87' lang='lat' dir='ltr'><strong>S.</strong></span> <span class='ocrx_word' id='word_1_241' title='bbox 315 3580 583 3655; x_wconf 88' lang='lat' dir='ltr'><strong>Hippolyto</strong></span> <span class='ocrx_word' id='word_1_242' title='bbox 623 3588 1010 3655; x_wconf 87' lang='lat' dir='ltr'><strong>compositum,</strong></span> <span class='ocrx_word' id='word_1_243' title='bbox 1057 3590 1215 3659; x_wconf 88' lang='lat' dir='ltr'><strong>cujus</strong></span> <span class='ocrx_word' id='word_1_244' title='bbox 1241 3592 1527 3647; x_wconf 86' lang='lat' dir='ltr'><strong>Anatolius</strong></span> <span class='ocrx_word' id='word_1_245' title='bbox 1562 3592 1761 3648; x_wconf 87' lang='lat' dir='ltr'><strong>Laodi-</strong></span> 
     </span>
    </p>
   </div>
   <div class='ocr_carea' id='block_1_41' title="bbox 242 3675 1764 3756">
    <p class='ocr_par' dir='ltr' id='par_1_41' title="bbox 242 3675 1764 3756">
     <span class='ocr_line' id='line_1_41' title="bbox 242 3675 1764 3756; baseline 0.011 -32"><span class='ocrx_word' id='word_1_246' title='bbox 242 3675 386 3730; x_wconf 88' lang='lat' dir='ltr'><strong>censis</strong></span> <span class='ocrx_word' id='word_1_247' title='bbox 419 3678 548 3745; x_wconf 84' lang='lat'><strong>(88),</strong></span> <span class='ocrx_word' id='word_1_248' title='bbox 586 3677 862 3734; x_wconf 86' lang='lat' dir='ltr'><strong>Eusebius</strong></span> <span class='ocrx_word' id='word_1_249' title='bbox 915 3680 1025 3751; x_wconf 91' lang='lat'><strong>(89)</strong></span> <span class='ocrx_word' id='word_1_250' title='bbox 1062 3691 1115 3735; x_wconf 92' lang='lat' dir='ltr'><strong>et</strong></span> <span class='ocrx_word' id='word_1_251' title='bbox 1166 3682 1223 3736; x_wconf 90' lang='lat' dir='ltr'><strong>S.</strong></span> <span class='ocrx_word' id='word_1_252' title='bbox 1269 3681 1625 3756; x_wconf 79' lang='lat' dir='ltr'><strong>Hieronymus</strong></span> <span class='ocrx_word' id='word_1_253' title='bbox 1654 3686 1764 3756; x_wconf 88' lang='lat'><strong>(90)</strong></span> 
     </span>
    </p>
   </div>
   <div class='ocr_carea' id='block_1_42' title="bbox 242 3767 1765 3843">
    <p class='ocr_par' dir='ltr' id='par_1_42' title="bbox 242 3767 1765 3843">
     <span class='ocr_line' id='line_1_42' title="bbox 242 3767 1765 3843; baseline 0.01 -27"><span class='ocrx_word' id='word_1_254' title='bbox 242 3767 587 3831; x_wconf 79' lang='lat' dir='ltr'><strong>meminerunt,</strong></span> <span class='ocrx_word' id='word_1_255' title='bbox 635 3769 819 3825; x_wconf 72' lang='lat' dir='ltr'><strong>Graece</strong></span> <span class='ocrx_word' id='word_1_256' title='bbox 864 3780 918 3825; x_wconf 88' lang='lat' dir='ltr'><strong>et</strong></span> <span class='ocrx_word' id='word_1_257' title='bbox 964 3770 1153 3826; x_wconf 87' lang='lat' dir='ltr'><strong>Latine</strong></span> <span class='ocrx_word' id='word_1_258' title='bbox 1186 3774 1475 3843; x_wconf 84' lang='lat' dir='ltr'><strong>interprete</strong></span> <span class='ocrx_word' id='word_1_259' title='bbox 1511 3777 1765 3831; x_wconf 90' lang='lat' dir='ltr'><strong>eruditis-</strong></span> 
     </span>
    </p>
   </div>
   <div class='ocr_carea' id='block_1_43' title="bbox 241 3856 1766 3937">
    <p class='ocr_par' dir='ltr' id='par_1_43' title="bbox 241 3856 1766 3937">
     <span class='ocr_line' id='line_1_43' title="bbox 241 3856 1766 3937; baseline 0.009 -29"><span class='ocrx_word' id='word_1_260' title='bbox 241 3856 351 3912; x_wconf 83' lang='lat' dir='ltr'><strong>simo</strong></span> <span class='ocrx_word' id='word_1_261' title='bbox 393 3859 690 3917; x_wconf 87' lang='lat' dir='ltr'><strong>Francisco</strong></span> <span class='ocrx_word' id='word_1_262' title='bbox 742 3862 1076 3931; x_wconf 88' lang='lat' dir='ltr'><strong>Blancbinio,</strong></span> <span class='ocrx_word' id='word_1_263' title='bbox 1110 3866 1362 3935; x_wconf 86' lang='lat' dir='ltr'><strong>notisque</strong></span> <span class='ocrx_word' id='word_1_264' title='bbox 1405 3867 1604 3937; x_wconf 63' lang='lat' dir='ltr'><strong>Egidii</strong></span> <span class='ocrx_word' id='word_1_265' title='bbox 1661 3868 1766 3922; x_wconf 80' lang='lat' dir='ltr'><strong>Bu—</strong></span> 
     </span>
    </p>
   </div>
   <div class='ocr_carea' id='block_1_44' title="bbox 240 3950 1766 4015">
    <p class='ocr_par' dir='ltr' id='par_1_44' title="bbox 240 3950 1766 4015">
     <span class='ocr_line' id='line_1_44' title="bbox 240 3950 1766 4015; baseline 0.008 -14"><span class='ocrx_word' id='word_1_266' title='bbox 240 3950 377 4006; x_wconf 88' lang='lat' dir='ltr'><strong>cberii</strong></span> <span class='ocrx_word' id='word_1_267' title='bbox 403 3963 453 4006; x_wconf 88' lang='lat' dir='ltr'><strong>et</strong></span> <span class='ocrx_word' id='word_1_268' title='bbox 480 3956 721 4007; x_wconf 85' lang='lat' dir='ltr'><strong>aliorum</strong></span> <span class='ocrx_word' id='word_1_269' title='bbox 758 3956 997 4010; x_wconf 84' lang='lat' dir='ltr'><strong>virorum</strong></span> <span class='ocrx_word' id='word_1_270' title='bbox 1041 3957 1481 4014; x_wconf 87' lang='lat' dir='ltr'><strong>doctissimorum</strong></span> <span class='ocrx_word' id='word_1_271' title='bbox 1524 3961 1766 4015; x_wconf 80' lang='lat' dir='ltr'><strong>illustra-</strong></span> 
     </span>
    </p>
   </div>
   <div class='ocr_carea' id='block_1_45' title="bbox 242 4040 1765 4119">
    <p class='ocr_par' dir='ltr' id='par_1_45' title="bbox 242 4040 1765 4119">
     <span class='ocr_line' id='line_1_45' title="bbox 242 4040 1765 4119; baseline 0.014 -35"><span class='ocrx_word' id='word_1_272' title='bbox 242 4043 348 4100; x_wconf 78' lang='lat' dir='ltr'><strong>turn,</strong></span> <span class='ocrx_word' id='word_1_273' title='bbox 374 4040 554 4095; x_wconf 90' lang='lat' dir='ltr'><strong>ultimo</strong></span> <span class='ocrx_word' id='word_1_274' title='bbox 586 4042 808 4097; x_wconf 89' lang='lat' dir='ltr'><strong>tandem</strong></span> <span class='ocrx_word' id='word_1_275' title='bbox 848 4044 987 4104; x_wconf 89' lang='lat' dir='ltr'><strong>loco,</strong></span> <span class='ocrx_word' id='word_1_276' title='bbox 1039 4046 1165 4100; x_wconf 87' lang='lat' dir='ltr'><strong>licet</strong></span> <span class='ocrx_word' id='word_1_277' title='bbox 1201 4048 1270 4102; x_wconf 89' lang='lat' dir='ltr'><strong>ob</strong></span> <span class='ocrx_word' id='word_1_278' title='bbox 1318 4065 1469 4102; x_wconf 90' lang='lat' dir='ltr'><strong>suam</strong></span> <span class='ocrx_word' id='word_1_279' title='bbox 1503 4058 1765 4119; x_wconf 54' lang='lat' dir='ltr'><strong>praestan-</strong></span> 
     </span>
    </p>
   </div>
   <div class='ocr_carea' id='block_1_46' title="bbox 242 4127 1767 4207">
    <p class='ocr_par' dir='ltr' id='par_1_46' title="bbox 242 4127 1767 4207">
     <span class='ocr_line' id='line_1_46' title="bbox 242 4127 1767 4207; baseline 0.01 -29"><span class='ocrx_word' id='word_1_280' title='bbox 242 4127 343 4181; x_wconf 81' lang='lat' dir='ltr'><strong>tiam</strong></span> <span class='ocrx_word' id='word_1_281' title='bbox 372 4139 421 4184; x_wconf 89' lang='lat' dir='ltr'><strong>et</strong></span> <span class='ocrx_word' id='word_1_282' title='bbox 452 4133 822 4202; x_wconf 83' lang='lat' dir='ltr'><strong>integritatem</strong></span> <span class='ocrx_word' id='word_1_283' title='bbox 873 4134 1009 4188; x_wconf 89' lang='lat' dir='ltr'><strong>inter</strong></span> <span class='ocrx_word' id='word_1_284' title='bbox 1032 4134 1347 4207; x_wconf 76' lang='lat' dir='ltr'><strong>Hippolyten</strong></span> <span class='ocrx_word' id='word_1_285' title='bbox 1401 4139 1573 4207; x_wconf 91' lang='lat' dir='ltr'><strong>primo</strong></span> <span class='ocrx_word' id='word_1_286' title='bbox 1603 4141 1767 4195; x_wconf 87' lang='lat' dir='ltr'><strong>collo-</strong></span> 
     </span>
    </p>
   </div>
   <div class='ocr_carea' id='block_1_47' title="bbox 242 4221 1768 4289">
    <p class='ocr_par' dir='ltr' id='par_1_47' title="bbox 242 4221 1768 4289">
     <span class='ocr_line' id='line_1_47' title="bbox 242 4221 1768 4289; baseline 0.01 -19"><span class='ocrx_word' id='word_1_287' title='bbox 242 4221 414 4277; x_wconf 80' lang='lat' dir='ltr'><strong>candus</strong></span> <span class='ocrx_word' id='word_1_288' title='bbox 433 4234 578 4277; x_wconf 81' lang='lat' dir='ltr'><strong>esset</strong></span> <span class='ocrx_word' id='word_1_289' title='bbox 610 4225 753 4289; x_wconf 90' lang='lat' dir='ltr'><strong>loco,</strong></span> <span class='ocrx_word' id='word_1_290' title='bbox 788 4241 1153 4281; x_wconf 89' lang='lat' dir='ltr'><strong>recensemus.</strong></span> <span class='ocrx_word' id='word_1_291' title='bbox 1195 4226 1434 4284; x_wconf 88' lang='lat' dir='ltr'><strong>Perierat</strong></span> <span class='ocrx_word' id='word_1_292' title='bbox 1462 4231 1563 4285; x_wconf 86' lang='lat' dir='ltr'><strong>iste</strong></span> <span class='ocrx_word' id='word_1_293' title='bbox 1588 4230 1768 4285; x_wconf 89' lang='lat' dir='ltr'><strong>Canon</strong></span> 
     </span>
    </p>
   </div>
   <div class='ocr_carea' id='block_1_48' title="bbox 241 4316 1768 4389">
    <p class='ocr_par' dir='ltr' id='par_1_48' title="bbox 241 4316 1768 4389">
     <span class='ocr_line' id='line_1_48' title="bbox 241 4316 1768 4389; baseline 0.01 -26"><span class='ocrx_word' id='word_1_294' title='bbox 241 4327 337 4365; x_wconf 86' lang='lat' dir='ltr'><strong>cum</strong></span> <span class='ocrx_word' id='word_1_295' title='bbox 369 4317 574 4370; x_wconf 76' lang='lat' dir='ltr'><strong>czeteris</strong></span> <span class='ocrx_word' id='word_1_296' title='bbox 643 4316 882 4384; x_wconf 79' lang='lat' dir='ltr'><strong>ejusdem</strong></span> <span class='ocrx_word' id='word_1_297' title='bbox 920 4316 1188 4389; x_wconf 86' lang='lat' dir='ltr'><strong>Hippolyti</strong></span> <span class='ocrx_word' id='word_1_298' title='bbox 1233 4323 1617 4387; x_wconf 86' lang='lat' dir='ltr'><strong>monumentis,</strong></span> <span class='ocrx_word' id='word_1_299' title='bbox 1669 4340 1768 4379; x_wconf 90' lang='lat' dir='ltr'><strong>nec</strong></span> 
     </span>
    </p>
   </div>
   <div class='ocr_carea' id='block_1_49' title="bbox 1852 471 3399 542">
    <p class='ocr_par' dir='ltr' id='par_1_49' title="bbox 1852 471 3399 542">
     <span class='ocr_line' id='line_1_49' title="bbox 1852 471 3399 542; baseline -0.006 -10"><span class='ocrx_word' id='word_1_300' title='bbox 1852 478 1909 533; x_wconf 91' lang='lat' dir='ltr'><strong>S.</strong></span> <span class='ocrx_word' id='word_1_301' title='bbox 1933 478 2207 531; x_wconf 89' lang='lat' dir='ltr'><strong>Laurentii</strong></span> <span class='ocrx_word' id='word_1_302' title='bbox 2235 476 2303 530; x_wconf 89' lang='lat' dir='ltr'><strong>ad</strong></span> <span class='ocrx_word' id='word_1_303' title='bbox 2332 474 2525 529; x_wconf 85' lang='lat' dir='ltr'><strong>Urbem</strong></span> <span class='ocrx_word' id='word_1_304' title='bbox 2556 490 2585 530; x_wconf 90' lang='lat' dir='ltr'><strong>e</strong></span> <span class='ocrx_word' id='word_1_305' title='bbox 2618 474 2890 528; x_wconf 69' lang='lat' dir='ltr'><strong>memoriae</strong></span> <span class='ocrx_word' id='word_1_306' title='bbox 2937 472 3204 542; x_wconf 79' lang='lat' dir='ltr'><strong>Hippolyti</strong></span> <span class='ocrx_word' id='word_1_307' title='bbox 3254 471 3399 525; x_wconf 88' lang='lat' dir='ltr'><strong>anti-</strong></span> 
     </span>
    </p>
   </div>
   <div class='ocr_carea' id='block_1_50' title="bbox 1849 566 3401 638">
    <p class='ocr_par' dir='ltr' id='par_1_50' title="bbox 1849 566 3401 638">
     <span class='ocr_line' id='line_1_50' title="bbox 1849 566 3401 638; baseline -0.005 -15"><span class='ocrx_word' id='word_1_308' title='bbox 1849 585 1969 638; x_wconf 73' lang='lat' dir='ltr'><strong>quae</strong></span> <span class='ocrx_word' id='word_1_309' title='bbox 1999 568 2289 623; x_wconf 90' lang='lat' dir='ltr'><strong>ruderibus</strong></span> <span class='ocrx_word' id='word_1_310' title='bbox 2317 567 2512 623; x_wconf 70' lang='lat' dir='ltr'><strong>effossa</strong></span> <span class='ocrx_word' id='word_1_311' title='bbox 2548 566 2746 637; x_wconf 89' lang='lat' dir='ltr'><strong>prodiit</strong></span> <span class='ocrx_word' id='word_1_312' title='bbox 2781 566 3001 634; x_wconf 87' lang='lat' dir='ltr'><strong>antiqua</strong></span> <span class='ocrx_word' id='word_1_313' title='bbox 3056 580 3086 617; x_wconf 93' lang='lat' dir='ltr'><strong>e</strong></span> <span class='ocrx_word' id='word_1_314' title='bbox 3128 578 3401 616; x_wconf 82' lang='lat' dir='ltr'><strong>marmore</strong></span> 
     </span>
    </p>
   </div>
   <div class='ocr_carea' id='block_1_51' title="bbox 1850 654 3401 725">
    <p class='ocr_par' dir='ltr' id='par_1_51' title="bbox 1850 654 3401 725">
     <span class='ocr_line' id='line_1_51' title="bbox 1850 654 3401 725; baseline -0.005 -10"><span class='ocrx_word' id='word_1_315' title='bbox 1850 659 2048 723; x_wconf 80' lang='lat' dir='ltr'><strong>statua,</strong></span> <span class='ocrx_word' id='word_1_316' title='bbox 2106 662 2242 714; x_wconf 90' lang='lat' dir='ltr'><strong>solio</strong></span> <span class='ocrx_word' id='word_1_317' title='bbox 2302 659 2572 725; x_wconf 89' lang='lat' dir='ltr'><strong>insidens,</strong></span> <span class='ocrx_word' id='word_1_318' title='bbox 2631 658 2832 713; x_wconf 69' lang='lat' dir='ltr'><strong>Graecis</strong></span> <span class='ocrx_word' id='word_1_319' title='bbox 2902 657 3154 724; x_wconf 90' lang='lat' dir='ltr'><strong>utrinque</strong></span> <span class='ocrx_word' id='word_1_320' title='bbox 3209 654 3401 708; x_wconf 86' lang='lat' dir='ltr'><strong>litteris</strong></span> 
     </span>
    </p>
   </div>
   <div class='ocr_carea' id='block_1_52' title="bbox 1851 747 3403 822">
    <p class='ocr_par' dir='ltr' id='par_1_52' title="bbox 1851 747 3403 822">
     <span class='ocr_line' id='line_1_52' title="bbox 1851 747 3403 822; baseline -0.003 -17"><span class='ocrx_word' id='word_1_321' title='bbox 1851 752 2128 822; x_wconf 88' lang='lat' dir='ltr'><strong>inscripta.</strong></span> <span class='ocrx_word' id='word_1_322' title='bbox 2170 751 2385 806; x_wconf 70' lang='lat' dir='ltr'><strong>Litterae</strong></span> <span class='ocrx_word' id='word_1_323' title='bbox 2422 752 2476 804; x_wconf 91' lang='lat' dir='ltr'><strong>in</strong></span> <span class='ocrx_word' id='word_1_324' title='bbox 2513 750 2656 805; x_wconf 89' lang='lat' dir='ltr'><strong>binis</strong></span> <span class='ocrx_word' id='word_1_325' title='bbox 2709 749 2977 805; x_wconf 59' lang='lat' dir='ltr'><strong>cathedrae.</strong></span> <span class='ocrx_word' id='word_1_326' title='bbox 3009 747 3282 801; x_wconf 89' lang='lat' dir='ltr'><strong>laterculis</strong></span> <span class='ocrx_word' id='word_1_327' title='bbox 3306 761 3403 817; x_wconf 87' lang='lat' dir='ltr'><strong>cy-</strong></span> 
     </span>
    </p>
   </div>
   <div class='ocr_carea' id='block_1_53' title="bbox 1850 837 3402 914">
    <p class='ocr_par' dir='ltr' id='par_1_53' title="bbox 1850 837 3402 914">
     <span class='ocr_line' id='line_1_53' title="bbox 1850 837 3402 914; baseline -0.007 -15"><span class='ocrx_word' id='word_1_328' title='bbox 1850 846 1964 900; x_wconf 88' lang='lat' dir='ltr'><strong>clos</strong></span> <span class='ocrx_word' id='word_1_329' title='bbox 2020 844 2301 914; x_wconf 88' lang='lat' dir='ltr'><strong>paschales</strong></span> <span class='ocrx_word' id='word_1_330' title='bbox 2372 857 2639 897; x_wconf 82' lang='lat' dir='ltr'><strong>annorum</strong></span> <span class='ocrx_word' id='word_1_331' title='bbox 2698 839 2967 895; x_wconf 81' lang='lat' dir='ltr'><strong>sexdecim</strong></span> <span class='ocrx_word' id='word_1_332' title='bbox 3044 837 3402 901; x_wconf 77' lang='lat' dir='ltr'><strong>exhibebant;</strong></span> 
     </span>
    </p>
   </div>
   <div class='ocr_carea' id='block_1_54' title="bbox 1851 928 3408 1005">
    <p class='ocr_par' dir='ltr' id='par_1_54' title="bbox 1851 928 3408 1005">
     <span class='ocr_line' id='line_1_54' title="bbox 1851 928 3408 1005; baseline -0.005 -16"><span class='ocrx_word' id='word_1_333' title='bbox 1851 944 2166 1005; x_wconf 90' lang='lat' dir='ltr'><strong>quartarum</strong></span> <span class='ocrx_word' id='word_1_334' title='bbox 2184 934 2516 989; x_wconf 89' lang='lat' dir='ltr'><strong>decimarum</strong></span> <span class='ocrx_word' id='word_1_335' title='bbox 2538 932 2748 996; x_wconf 80' lang='lat' dir='ltr'><strong>dextro,</strong></span> <span class='ocrx_word' id='word_1_336' title='bbox 2766 929 3166 985; x_wconf 89' lang='lat' dir='ltr'><strong>Dominicarum</strong></span> <span class='ocrx_word' id='word_1_337' title='bbox 3186 928 3408 998; x_wconf 87' lang='lat' dir='ltr'><strong>pascha-</strong></span> 
     </span>
    </p>
   </div>
   <div class='ocr_carea' id='block_1_55' title="bbox 1852 1019 3405 1093">
    <p class='ocr_par' dir='ltr' id='par_1_55' title="bbox 1852 1019 3405 1093">
     <span class='ocr_line' id='line_1_55' title="bbox 1852 1019 3405 1093; baseline -0.006 -13"><span class='ocrx_word' id='word_1_338' title='bbox 1852 1026 1983 1080; x_wconf 91' lang='lat' dir='ltr'><strong>lium</strong></span> <span class='ocrx_word' id='word_1_339' title='bbox 2042 1026 2284 1089; x_wconf 83' lang='lat' dir='ltr'><strong>sinistro,</strong></span> <span class='ocrx_word' id='word_1_340' title='bbox 2338 1035 2599 1093; x_wconf 85' lang='lat' dir='ltr'><strong>utrosque</strong></span> <span class='ocrx_word' id='word_1_341' title='bbox 2638 1031 2854 1077; x_wconf 89' lang='lat' dir='ltr'><strong>centum</strong></span> <span class='ocrx_word' id='word_1_342' title='bbox 2910 1020 3195 1074; x_wconf 81' lang='lat' dir='ltr'><strong>duodecim</strong></span> <span class='ocrx_word' id='word_1_343' title='bbox 3248 1019 3405 1072; x_wconf 89' lang='lat' dir='ltr'><strong>annis</strong></span> 
     </span>
    </p>
   </div>
   <div class='ocr_carea' id='block_1_56' title="bbox 1853 1107 3405 1183">
    <p class='ocr_par' dir='ltr' id='par_1_56' title="bbox 1853 1107 3405 1183">
     <span class='ocr_line' id='line_1_56' title="bbox 1853 1107 3405 1183; baseline -0.006 -14"><span class='ocrx_word' id='word_1_344' title='bbox 1853 1117 2149 1169; x_wconf 90' lang='lat' dir='ltr'><strong>uuiversim</strong></span> <span class='ocrx_word' id='word_1_345' title='bbox 2204 1115 2647 1183; x_wconf 82' lang='lat' dir='ltr'><strong>comprehensos,</strong></span> <span class='ocrx_word' id='word_1_346' title='bbox 2711 1128 2819 1181; x_wconf 90' lang='lat' dir='ltr'><strong>qua</strong></span> <span class='ocrx_word' id='word_1_347' title='bbox 2868 1125 3135 1164; x_wconf 92' lang='lat' dir='ltr'><strong>annorum</strong></span> <span class='ocrx_word' id='word_1_348' title='bbox 3182 1107 3405 1178; x_wconf 84' lang='lat' dir='ltr'><strong>periodo</strong></span> 
     </span>
    </p>
   </div>
   <div class='ocr_carea' id='block_1_57' title="bbox 1853 1200 3404 1271">
    <p class='ocr_par' dir='ltr' id='par_1_57' title="bbox 1853 1200 3404 1271">
     <span class='ocr_line' id='line_1_57' title="bbox 1853 1200 3404 1271; baseline -0.007 -8"><span class='ocrx_word' id='word_1_349' title='bbox 1853 1209 2019 1263; x_wconf 82' lang='lat' dir='ltr'><strong>ferias</strong></span> <span class='ocrx_word' id='word_1_350' title='bbox 2051 1208 2266 1265; x_wconf 90' lang='lat' dir='ltr'><strong>easdem</strong></span> <span class='ocrx_word' id='word_1_351' title='bbox 2296 1209 2349 1261; x_wconf 91' lang='lat' dir='ltr'><strong>in</strong></span> <span class='ocrx_word' id='word_1_352' title='bbox 2373 1208 2555 1260; x_wconf 90' lang='lat' dir='ltr'><strong>orbem</strong></span> <span class='ocrx_word' id='word_1_353' title='bbox 2587 1205 2761 1259; x_wconf 88' lang='lat' dir='ltr'><strong>redire</strong></span> <span class='ocrx_word' id='word_1_354' title='bbox 2807 1203 3033 1258; x_wconf 86' lang='lat' dir='ltr'><strong>credidit</strong></span> <span class='ocrx_word' id='word_1_355' title='bbox 3067 1200 3404 1271; x_wconf 85' lang='lat' dir='ltr'><strong>Hippolytus.</strong></span> 
     </span>
    </p>
   </div>
   <div class='ocr_carea' id='block_1_58' title="bbox 1854 1292 3406 1368">
    <p class='ocr_par' dir='ltr' id='par_1_58' title="bbox 1854 1292 3406 1368">
     <span class='ocr_line' id='line_1_58' title="bbox 1854 1292 3406 1368; baseline -0.005 -16"><span class='ocrx_word' id='word_1_356' title='bbox 1854 1298 1969 1352; x_wconf 84' lang='lat' dir='ltr'><strong>Non</strong></span> <span class='ocrx_word' id='word_1_357' title='bbox 1995 1311 2112 1354; x_wconf 89' lang='lat' dir='ltr'><strong>erat</strong></span> <span class='ocrx_word' id='word_1_358' title='bbox 2143 1298 2361 1368; x_wconf 89' lang='lat' dir='ltr'><strong>quidem</strong></span> <span class='ocrx_word' id='word_1_359' title='bbox 2391 1311 2709 1366; x_wconf 80' lang='lat' dir='ltr'><strong>expressum</strong></span> <span class='ocrx_word' id='word_1_360' title='bbox 2767 1293 3038 1365; x_wconf 87' lang='lat' dir='ltr'><strong>Hippolyti</strong></span> <span class='ocrx_word' id='word_1_361' title='bbox 3066 1308 3284 1352; x_wconf 84' lang='lat' dir='ltr'><strong>nomen,</strong></span> <span class='ocrx_word' id='word_1_362' title='bbox 3314 1292 3406 1346; x_wconf 90' lang='lat' dir='ltr'><strong>sed</strong></span> 
     </span>
    </p>
   </div>
   <div class='ocr_carea' id='block_1_59' title="bbox 1857 1384 3407 1459">
    <p class='ocr_par' dir='ltr' id='par_1_59' title="bbox 1857 1384 3407 1459">
     <span class='ocr_line' id='line_1_59' title="bbox 1857 1384 3407 1459; baseline -0.005 -16"><span class='ocrx_word' id='word_1_363' title='bbox 1857 1390 2011 1445; x_wconf 78' lang='lat' dir='ltr'><strong>facile</strong></span> <span class='ocrx_word' id='word_1_364' title='bbox 2044 1391 2159 1459; x_wconf 92' lang='lat' dir='ltr'><strong>ipsa</strong></span> <span class='ocrx_word' id='word_1_365' title='bbox 2186 1387 2735 1444; x_wconf 69' lang='lat' dir='ltr'><strong>heccaedecaeteridos</strong></span> <span class='ocrx_word' id='word_1_366' title='bbox 2760 1386 3031 1449; x_wconf 90' lang='lat' dir='ltr'><strong>methodo,</strong></span> <span class='ocrx_word' id='word_1_367' title='bbox 3064 1394 3118 1439; x_wconf 91' lang='lat' dir='ltr'><strong>et</strong></span> <span class='ocrx_word' id='word_1_368' title='bbox 3148 1384 3407 1436; x_wconf 87' lang='lat' dir='ltr'><strong>librorum</strong></span> 
     </span>
    </p>
   </div>
   <div class='ocr_carea' id='block_1_60' title="bbox 1855 1472 3405 1548">
    <p class='ocr_par' dir='ltr' id='par_1_60' title="bbox 1855 1472 3405 1548">
     <span class='ocr_line' id='line_1_60' title="bbox 1855 1472 3405 1548; baseline -0.006 -16"><span class='ocrx_word' id='word_1_369' title='bbox 1855 1480 2129 1545; x_wconf 87' lang='lat' dir='ltr'><strong>lemmate,</strong></span> <span class='ocrx_word' id='word_1_370' title='bbox 2190 1478 2332 1548; x_wconf 91' lang='lat' dir='ltr'><strong>quod</strong></span> <span class='ocrx_word' id='word_1_371' title='bbox 2388 1478 2637 1531; x_wconf 82' lang='lat' dir='ltr'><strong>dextrum</strong></span> <span class='ocrx_word' id='word_1_372' title='bbox 2696 1476 3013 1529; x_wconf 90' lang='lat' dir='ltr'><strong>laterculum</strong></span> <span class='ocrx_word' id='word_1_373' title='bbox 3065 1472 3405 1535; x_wconf 85' lang='lat' dir='ltr'><strong>continebat,</strong></span> 
     </span>
    </p>
   </div>
   <div class='ocr_carea' id='block_1_61' title="bbox 1859 1562 3409 1643">
    <p class='ocr_par' dir='ltr' id='par_1_61' title="bbox 1859 1562 3409 1643">
     <span class='ocr_line' id='line_1_61' title="bbox 1859 1562 3409 1643; baseline -0.007 -18"><span class='ocrx_word' id='word_1_374' title='bbox 1859 1572 2130 1643; x_wconf 88' lang='lat' dir='ltr'><strong>proditum</strong></span> <span class='ocrx_word' id='word_1_375' title='bbox 2173 1581 2288 1635; x_wconf 89' lang='lat' dir='ltr'><strong>est;</strong></span> <span class='ocrx_word' id='word_1_376' title='bbox 2318 1582 2505 1624; x_wconf 90' lang='lat' dir='ltr'><strong>eorum</strong></span> <span class='ocrx_word' id='word_1_377' title='bbox 2536 1569 2677 1622; x_wconf 88' lang='lat' dir='ltr'><strong>enim</strong></span> <span class='ocrx_word' id='word_1_378' title='bbox 2720 1567 2961 1622; x_wconf 90' lang='lat' dir='ltr'><strong>omnium</strong></span> <span class='ocrx_word' id='word_1_379' title='bbox 2996 1577 3270 1621; x_wconf 87' lang='lat' dir='ltr'><strong>auctorem</strong></span> <span class='ocrx_word' id='word_1_380' title='bbox 3301 1562 3409 1615; x_wconf 85' lang='lat' dir='ltr'><strong>Eu-</strong></span> 
     </span>
    </p>
   </div>
   <div class='ocr_carea' id='block_1_62' title="bbox 1858 1656 3410 1731">
    <p class='ocr_par' dir='ltr' id='par_1_62' title="bbox 1858 1656 3410 1731">
     <span class='ocr_line' id='line_1_62' title="bbox 1858 1656 3410 1731; baseline -0.006 -14"><span class='ocrx_word' id='word_1_381' title='bbox 1858 1664 2064 1727; x_wconf 87' lang='lat' dir='ltr'><strong>sebius,</strong></span> <span class='ocrx_word' id='word_1_382' title='bbox 2098 1662 2473 1731; x_wconf 87' lang='lat' dir='ltr'><strong>Hieronymus,</strong></span> <span class='ocrx_word' id='word_1_383' title='bbox 2502 1659 2700 1728; x_wconf 87' lang='lat' dir='ltr'><strong>aliique</strong></span> <span class='ocrx_word' id='word_1_384' title='bbox 2728 1656 3069 1727; x_wconf 89' lang='lat' dir='ltr'><strong>Hippolytum</strong></span> <span class='ocrx_word' id='word_1_385' title='bbox 3097 1657 3410 1725; x_wconf 90' lang='lat' dir='ltr'><strong>episcopum</strong></span> 
     </span>
    </p>
   </div>
   <div class='ocr_carea' id='block_1_63' title="bbox 1853 1746 3414 1819">
    <p class='ocr_par' dir='ltr' id='par_1_63' title="bbox 1853 1746 3414 1819">
     <span class='ocr_line' id='line_1_63' title="bbox 1853 1746 3414 1819; baseline -0.006 -10"><span class='ocrx_word' id='word_1_386' title='bbox 1853 1756 2077 1809; x_wconf 77' lang='lat' dir='ltr'><strong>faciunt.</strong></span> <span class='ocrx_word' id='word_1_387' title='bbox 2107 1754 2238 1808; x_wconf 91' lang='lat' dir='ltr'><strong>Tam</strong></span> <span class='ocrx_word' id='word_1_388' title='bbox 2264 1753 2488 1815; x_wconf 90' lang='lat' dir='ltr'><strong>illustre,</strong></span> <span class='ocrx_word' id='word_1_389' title='bbox 2514 1760 2624 1803; x_wconf 90' lang='lat' dir='ltr'><strong>tam</strong></span> <span class='ocrx_word' id='word_1_390' title='bbox 2654 1765 2835 1803; x_wconf 90' lang='lat' dir='ltr'><strong>rarum</strong></span> <span class='ocrx_word' id='word_1_391' title='bbox 2859 1748 3141 1819; x_wconf 69' lang='lat' dir='ltr'><strong>primitiva:</strong></span> <span class='ocrx_word' id='word_1_392' title='bbox 3162 1746 3414 1800; x_wconf 81' lang='lat' dir='ltr'><strong>Ecclesia:</strong></span> 
     </span>
    </p>
   </div>
   <div class='ocr_carea' id='block_1_64' title="bbox 1854 1839 3410 1903">
    <p class='ocr_par' dir='ltr' id='par_1_64' title="bbox 1854 1839 3410 1903">
     <span class='ocr_line' id='line_1_64' title="bbox 1854 1839 3410 1903; baseline -0.006 -2"><span class='ocrx_word' id='word_1_393' title='bbox 1854 1858 2265 1903; x_wconf 89' lang='lat' dir='ltr'><strong>monumentum</strong></span> <span class='ocrx_word' id='word_1_394' title='bbox 2297 1844 2548 1897; x_wconf 86' lang='lat' dir='ltr'><strong>Marcello</strong></span> <span class='ocrx_word' id='word_1_395' title='bbox 2578 1843 2810 1897; x_wconf 85' lang='lat' dir='ltr'><strong>Cervino</strong></span> <span class='ocrx_word' id='word_1_396' title='bbox 2848 1852 2978 1895; x_wconf 89' lang='lat' dir='ltr'><strong>tunc</strong></span> <span class='ocrx_word' id='word_1_397' title='bbox 3006 1840 3063 1895; x_wconf 91' lang='lat' dir='ltr'><strong>S.</strong></span> <span class='ocrx_word' id='word_1_398' title='bbox 3102 1840 3165 1893; x_wconf 75' lang='lat' dir='ltr'><strong>ll.</strong></span> <span class='ocrx_word' id='word_1_399' title='bbox 3200 1839 3261 1891; x_wconf 85' lang='grc' dir='ltr'><strong>Ε.</strong></span> <span class='ocrx_word' id='word_1_400' title='bbox 3288 1854 3410 1893; x_wconf 90' lang='lat' dir='ltr'><strong>car-</strong></span> 
     </span>
    </p>
   </div>
   <div class='ocr_carea' id='block_1_65' title="bbox 1853 1926 3413 2006">
    <p class='ocr_par' dir='ltr' id='par_1_65' title="bbox 1853 1926 3413 2006">
     <span class='ocr_line' id='line_1_65' title="bbox 1853 1926 3413 2006; baseline -0.008 -15"><span class='ocrx_word' id='word_1_401' title='bbox 1853 1938 2045 1998; x_wconf 89' lang='lat' dir='ltr'><strong>dinali,</strong></span> <span class='ocrx_word' id='word_1_402' title='bbox 2070 1945 2256 2006; x_wconf 87' lang='lat' dir='ltr'><strong>postea</strong></span> <span class='ocrx_word' id='word_1_403' title='bbox 2284 1934 2445 1987; x_wconf 91' lang='lat' dir='ltr'><strong>etiam</strong></span> <span class='ocrx_word' id='word_1_404' title='bbox 2475 1933 2716 2001; x_wconf 84' lang='lat' dir='ltr'><strong>ejusdem</strong></span> <span class='ocrx_word' id='word_1_405' title='bbox 2746 1930 2983 1984; x_wconf 90' lang='lat' dir='ltr'><strong>nominis</strong></span> <span class='ocrx_word' id='word_1_406' title='bbox 3030 1944 3179 1999; x_wconf 76' lang='lat' dir='ltr'><strong>papae</strong></span> <span class='ocrx_word' id='word_1_407' title='bbox 3226 1926 3291 1987; x_wconf 90' lang='grc'><strong>11,</strong></span> <span class='ocrx_word' id='word_1_408' title='bbox 3327 1928 3413 1980; x_wconf 86' lang='lat' dir='ltr'><strong>di-</strong></span> 
     </span>
    </p>
   </div>
   <div class='ocr_carea' id='block_1_66' title="bbox 1855 2018 3415 2097">
    <p class='ocr_par' dir='ltr' id='par_1_66' title="bbox 1855 2018 3415 2097">
     <span class='ocr_line' id='line_1_66' title="bbox 1855 2018 3415 2097; baseline -0.007 -16"><span class='ocrx_word' id='word_1_409' title='bbox 1855 2028 2181 2097; x_wconf 83' lang='lat' dir='ltr'><strong>gnissimum</strong></span> <span class='ocrx_word' id='word_1_410' title='bbox 2217 2026 2392 2079; x_wconf 85' lang='lat' dir='ltr'><strong>visum</strong></span> <span class='ocrx_word' id='word_1_411' title='bbox 2427 2022 2573 2091; x_wconf 88' lang='lat' dir='ltr'><strong>quod</strong></span> <span class='ocrx_word' id='word_1_412' title='bbox 2604 2021 2828 2075; x_wconf 84' lang='lat' dir='ltr'><strong>Romam</strong></span> <span class='ocrx_word' id='word_1_413' title='bbox 2869 2022 2992 2074; x_wconf 90' lang='lat' dir='ltr'><strong>inde</strong></span> <span class='ocrx_word' id='word_1_414' title='bbox 3036 2018 3334 2074; x_wconf 78' lang='lat' dir='ltr'><strong>deferretur</strong></span> <span class='ocrx_word' id='word_1_415' title='bbox 3361 2025 3415 2070; x_wconf 86' lang='lat' dir='ltr'><strong>et</strong></span> 
     </span>
    </p>
   </div>
   <div class='ocr_carea' id='block_1_67' title="bbox 1854 2110 3415 2175">
    <p class='ocr_par' dir='ltr' id='par_1_67' title="bbox 1854 2110 3415 2175">
     <span class='ocr_line' id='line_1_67' title="bbox 1854 2110 3415 2175; baseline -0.009 0"><span class='ocrx_word' id='word_1_416' title='bbox 1854 2122 1907 2175; x_wconf 91' lang='lat' dir='ltr'><strong>in</strong></span> <span class='ocrx_word' id='word_1_417' title='bbox 1947 2120 2200 2174; x_wconf 87' lang='lat' dir='ltr'><strong>Vaticana</strong></span> <span class='ocrx_word' id='word_1_418' title='bbox 2256 2118 2577 2172; x_wconf 80' lang='lat' dir='ltr'><strong>bibliotheca</strong></span> <span class='ocrx_word' id='word_1_419' title='bbox 2627 2115 2979 2173; x_wconf 81' lang='lat' dir='ltr'><strong>conderetur;</strong></span> <span class='ocrx_word' id='word_1_420' title='bbox 3011 2110 3177 2165; x_wconf 89' lang='lat' dir='ltr'><strong>edidit</strong></span> <span class='ocrx_word' id='word_1_421' title='bbox 3223 2111 3415 2164; x_wconf 86' lang='lat' dir='ltr'><strong>deinde</strong></span> 
     </span>
    </p>
   </div>
   <div class='ocr_carea' id='block_1_68' title="bbox 1856 2199 3415 2274">
    <p class='ocr_par' dir='ltr' id='par_1_68' title="bbox 1856 2199 3415 2274">
     <span class='ocr_line' id='line_1_68' title="bbox 1856 2199 3415 2274; baseline -0.01 -7"><span class='ocrx_word' id='word_1_422' title='bbox 1856 2213 2063 2274; x_wconf 74' lang='lat' dir='ltr'><strong>Grmce,</strong></span> <span class='ocrx_word' id='word_1_423' title='bbox 2089 2219 2149 2265; x_wconf 88' lang='lat' dir='ltr'><strong>ut</strong></span> <span class='ocrx_word' id='word_1_424' title='bbox 2171 2220 2308 2273; x_wconf 89' lang='lat' dir='ltr'><strong>erat,</strong></span> <span class='ocrx_word' id='word_1_425' title='bbox 2359 2224 2481 2262; x_wconf 87' lang='lat' dir='ltr'><strong>cum</strong></span> <span class='ocrx_word' id='word_1_426' title='bbox 2533 2205 2770 2274; x_wconf 85' lang='lat' dir='ltr'><strong>antiquis</strong></span> <span class='ocrx_word' id='word_1_427' title='bbox 2823 2204 2936 2256; x_wconf 87' lang='lat' dir='ltr'><strong>suis</strong></span> <span class='ocrx_word' id='word_1_428' title='bbox 2973 2199 3415 2269; x_wconf 90' lang='lat' dir='ltr'><strong>inscriptionibus</strong></span> 
     </span>
    </p>
   </div>
   <div class='ocr_carea' id='block_1_69' title="bbox 1856 2288 3412 2366">
    <p class='ocr_par' dir='ltr' id='par_1_69' title="bbox 1856 2288 3412 2366">
     <span class='ocr_line' id='line_1_69' title="bbox 1856 2288 3412 2366; baseline -0.012 -8"><span class='ocrx_word' id='word_1_429' title='bbox 1856 2303 2157 2366; x_wconf 88' lang='lat' dir='ltr'><strong>Gruterus;</strong></span> <span class='ocrx_word' id='word_1_430' title='bbox 2222 2298 2458 2366; x_wconf 81' lang='lat' dir='ltr'><strong>Scaliger</strong></span> <span class='ocrx_word' id='word_1_431' title='bbox 2514 2297 2674 2351; x_wconf 88' lang='lat' dir='ltr'><strong>etiam</strong></span> <span class='ocrx_word' id='word_1_432' title='bbox 2730 2296 2871 2349; x_wconf 86' lang='lat' dir='ltr'><strong>notis</strong></span> <span class='ocrx_word' id='word_1_433' title='bbox 2908 2290 3217 2347; x_wconf 88' lang='lat' dir='ltr'><strong>illustravit.</strong></span> <span class='ocrx_word' id='word_1_434' title='bbox 3281 2288 3412 2359; x_wconf 79' lang='lat' dir='ltr'><strong>Ego,</strong></span> 
     </span>
    </p>
   </div>
   <div class='ocr_carea' id='block_1_70' title="bbox 1858 2381 3414 2464">
    <p class='ocr_par' dir='ltr' id='par_1_70' title="bbox 1858 2381 3414 2464">
     <span class='ocr_line' id='line_1_70' title="bbox 1858 2381 3414 2464; baseline -0.01 -17"><span class='ocrx_word' id='word_1_435' title='bbox 1858 2395 2034 2464; x_wconf 89' lang='lat' dir='ltr'><strong>inquit</strong></span> <span class='ocrx_word' id='word_1_436' title='bbox 2087 2391 2421 2453; x_wconf 79' lang='lat' dir='ltr'><strong>Eucherius,</strong></span> <span class='ocrx_word' id='word_1_437' title='bbox 2470 2392 2551 2442; x_wconf 88' lang='lat' dir='ltr'><strong>hic</strong></span> <span class='ocrx_word' id='word_1_438' title='bbox 2606 2387 2790 2441; x_wconf 85' lang='lat' dir='ltr'><strong>Latine</strong></span> <span class='ocrx_word' id='word_1_439' title='bbox 2848 2384 3075 2455; x_wconf 81' lang='lat' dir='ltr'><strong>ﬁdeliter</strong></span> <span class='ocrx_word' id='word_1_440' title='bbox 3130 2381 3414 2445; x_wconf 86' lang='lat' dir='ltr'><strong>redditum,</strong></span> 
     </span>
    </p>
   </div>
   <div class='ocr_carea' id='block_1_71' title="bbox 1858 2470 3415 2550">
    <p class='ocr_par' dir='ltr' id='par_1_71' title="bbox 1858 2470 3415 2550">
     <span class='ocr_line' id='line_1_71' title="bbox 1858 2470 3415 2550; baseline -0.012 -10"><span class='ocrx_word' id='word_1_441' title='bbox 1858 2497 2093 2541; x_wconf 88' lang='lat' dir='ltr'><strong>nontam</strong></span> <span class='ocrx_word' id='word_1_442' title='bbox 2138 2486 2200 2537; x_wconf 91' lang='lat' dir='ltr'><strong>de</strong></span> <span class='ocrx_word' id='word_1_443' title='bbox 2254 2499 2381 2536; x_wconf 85' lang='lat' dir='ltr'><strong>nouo</strong></span> <span class='ocrx_word' id='word_1_444' title='bbox 2435 2482 2716 2550; x_wconf 71' lang='lat' dir='ltr'><strong>explicare,</strong></span> <span class='ocrx_word' id='word_1_445' title='bbox 2770 2494 2925 2548; x_wconf 85' lang='lat' dir='ltr'><strong>quam</strong></span> <span class='ocrx_word' id='word_1_446' title='bbox 2955 2474 3285 2546; x_wconf 80' lang='lat' dir='ltr'><strong>paschalibus</strong></span> <span class='ocrx_word' id='word_1_447' title='bbox 3322 2470 3415 2523; x_wconf 86' lang='lat' dir='ltr'><strong>Vi-</strong></span> 
     </span>
    </p>
   </div>
   <div class='ocr_carea' id='block_1_72' title="bbox 1859 2562 3414 2638">
    <p class='ocr_par' dir='ltr' id='par_1_72' title="bbox 1859 2562 3414 2638">
     <span class='ocr_line' id='line_1_72' title="bbox 1859 2562 3414 2638; baseline -0.012 -7"><span class='ocrx_word' id='word_1_448' title='bbox 1859 2578 2013 2631; x_wconf 86' lang='lat' dir='ltr'><strong>ctorii</strong></span> <span class='ocrx_word' id='word_1_449' title='bbox 2064 2576 2231 2629; x_wconf 86' lang='lat' dir='ltr'><strong>nostri</strong></span> <span class='ocrx_word' id='word_1_450' title='bbox 2286 2573 2699 2638; x_wconf 88' lang='lat' dir='ltr'><strong>Latinorumque</strong></span> <span class='ocrx_word' id='word_1_451' title='bbox 2767 2570 3056 2637; x_wconf 88' lang='lat' dir='ltr'><strong>primorum</strong></span> <span class='ocrx_word' id='word_1_452' title='bbox 3124 2562 3414 2615; x_wconf 83' lang='lat' dir='ltr'><strong>rationibus</strong></span> 
     </span>
    </p>
   </div>
   <div class='ocr_carea' id='block_1_73' title="bbox 1861 2652 3415 2738">
    <p class='ocr_par' dir='ltr' id='par_1_73' title="bbox 1861 2652 3415 2738">
     <span class='ocr_line' id='line_1_73' title="bbox 1861 2652 3415 2738; baseline -0.012 -16"><span class='ocrx_word' id='word_1_453' title='bbox 1861 2670 2201 2738; x_wconf 81' lang='lat' dir='ltr'><strong>conformem,</strong></span> <span class='ocrx_word' id='word_1_454' title='bbox 2253 2664 2433 2734; x_wconf 82' lang='lat' dir='ltr'><strong>paucis</strong></span> <span class='ocrx_word' id='word_1_455' title='bbox 2492 2662 2755 2716; x_wconf 83' lang='lat' dir='ltr'><strong>ostendere</strong></span> <span class='ocrx_word' id='word_1_456' title='bbox 2814 2656 3080 2713; x_wconf 84' lang='lat' dir='ltr'><strong>constitui.</strong></span> <span class='ocrx_word' id='word_1_457' title='bbox 3144 2652 3415 2707; x_wconf 80' lang='lat' dir='ltr'><strong>Hactenus</strong></span> 
     </span>
    </p>
   </div>
   <div class='ocr_carea' id='block_1_74' title="bbox 1861 2749 2965 2826">
    <p class='ocr_par' dir='ltr' id='par_1_74' title="bbox 1861 2749 2965 2826">
     <span class='ocr_line' id='line_1_74' title="bbox 1861 2749 2965 2826; baseline -0.01 -13"><span class='ocrx_word' id='word_1_458' title='bbox 1861 2758 2207 2815; x_wconf 89' lang='lat' dir='ltr'><strong>doctissimus</strong></span> <span class='ocrx_word' id='word_1_459' title='bbox 2237 2756 2485 2826; x_wconf 65' lang='lat' dir='ltr'><strong>Egidius</strong></span> <span class='ocrx_word' id='word_1_460' title='bbox 2512 2752 2810 2807; x_wconf 86' lang='lat' dir='ltr'><strong>Bucherius</strong></span> <span class='ocrx_word' id='word_1_461' title='bbox 2832 2749 2965 2820; x_wconf 85' lang='lat' dir='ltr'><strong>(9i).</strong></span> 
     </span>
    </p>
   </div>
   <div class='ocr_carea' id='block_1_75' title="bbox 1935 2856 3417 2924">
    <p class='ocr_par' dir='ltr' id='par_1_75' title="bbox 1935 2856 3417 2924">
     <span class='ocr_line' id='line_1_75' title="bbox 1935 2856 3417 2924; baseline -0.008 -1"><span class='ocrx_word' id='word_1_462' title='bbox 1935 2869 2044 2924; x_wconf 88' lang='lat' dir='ltr'><strong>Hos</strong></span> <span class='ocrx_word' id='word_1_463' title='bbox 2090 2876 2268 2923; x_wconf 89' lang='lat' dir='ltr'><strong>autem</strong></span> <span class='ocrx_word' id='word_1_464' title='bbox 2324 2866 2480 2921; x_wconf 90' lang='lat' dir='ltr'><strong>binos</strong></span> <span class='ocrx_word' id='word_1_465' title='bbox 2524 2861 2941 2919; x_wconf 81' lang='lat' dir='ltr'><strong>sexderennales</strong></span> <span class='ocrx_word' id='word_1_466' title='bbox 2973 2873 3207 2914; x_wconf 87' lang='lat' dir='ltr'><strong>canones</strong></span> <span class='ocrx_word' id='word_1_467' title='bbox 3245 2856 3298 2909; x_wconf 90' lang='lat' dir='ltr'><strong>in</strong></span> <span class='ocrx_word' id='word_1_468' title='bbox 3325 2872 3417 2911; x_wconf 80' lang='lat' dir='ltr'><strong>ea-</strong></span> 
     </span>
    </p>
   </div>
   <div class='ocr_carea' id='block_1_76' title="bbox 1860 2949 3415 3025">
    <p class='ocr_par' dir='ltr' id='par_1_76' title="bbox 1860 2949 3415 3025">
     <span class='ocr_line' id='line_1_76' title="bbox 1860 2949 3415 3025; baseline -0.01 -11"><span class='ocrx_word' id='word_1_469' title='bbox 1860 2959 1981 3014; x_wconf 90' lang='lat' dir='ltr'><strong>dem</strong></span> <span class='ocrx_word' id='word_1_470' title='bbox 2015 2957 2271 3012; x_wconf 87' lang='lat' dir='ltr'><strong>cathedra</strong></span> <span class='ocrx_word' id='word_1_471' title='bbox 2320 2955 2527 3025; x_wconf 87' lang='lat' dir='ltr'><strong>lapidea</strong></span> <span class='ocrx_word' id='word_1_472' title='bbox 2576 2952 2874 3021; x_wconf 90' lang='lat' dir='ltr'><strong>insculptos</strong></span> <span class='ocrx_word' id='word_1_473' title='bbox 2929 2949 3117 3013; x_wconf 80' lang='lat' dir='ltr'><strong>fuisse,</strong></span> <span class='ocrx_word' id='word_1_474' title='bbox 3152 2963 3257 3002; x_wconf 90' lang='lat' dir='ltr'><strong>non</strong></span> <span class='ocrx_word' id='word_1_475' title='bbox 3311 2963 3415 3000; x_wconf 84' lang='lat' dir='ltr'><strong>una</strong></span> 
     </span>
    </p>
   </div>
   <div class='ocr_carea' id='block_1_77' title="bbox 1790 3040 3411 3122">
    <p class='ocr_par' dir='ltr' id='par_1_77' title="bbox 1790 3040 3411 3122">
     <span class='ocr_line' id='line_1_77' title="bbox 1790 3040 3411 3122; baseline -0.011 -11"><span class='ocrx_word' id='word_1_476' title='bbox 1790 3055 1832 3111; x_wconf 86' lang='lat' dir='ltr'><strong><em>C</em></strong></span> <span class='ocrx_word' id='word_1_477' title='bbox 1867 3054 2025 3122; x_wconf 87' lang='lat' dir='ltr'><strong>plane</strong></span> <span class='ocrx_word' id='word_1_478' title='bbox 2075 3051 2216 3106; x_wconf 86' lang='lat' dir='ltr'><strong>ratio</strong></span> <span class='ocrx_word' id='word_1_479' title='bbox 2258 3050 2468 3115; x_wconf 90' lang='lat' dir='ltr'><strong>suadet,</strong></span> <span class='ocrx_word' id='word_1_480' title='bbox 2518 3058 2578 3102; x_wconf 90' lang='lat' dir='ltr'><strong>ut</strong></span> <span class='ocrx_word' id='word_1_481' title='bbox 2631 3056 2775 3101; x_wconf 89' lang='lat' dir='ltr'><strong>recte</strong></span> <span class='ocrx_word' id='word_1_482' title='bbox 2814 3042 3194 3099; x_wconf 80' lang='lat' dir='ltr'><strong>animadvertit</strong></span> <span class='ocrx_word' id='word_1_483' title='bbox 3246 3040 3310 3095; x_wconf 71' lang='grc' dir='ltr'><strong>ν.</strong></span> <span class='ocrx_word' id='word_1_484' title='bbox 3354 3042 3411 3095; x_wconf 89' lang='lat' dir='ltr'><strong>C.</strong></span> 
     </span>
    </p>
   </div>
   <div class='ocr_carea' id='block_1_78' title="bbox 1863 3131 3419 3211">
    <p class='ocr_par' dir='ltr' id='par_1_78' title="bbox 1863 3131 3419 3211">
     <span class='ocr_line' id='line_1_78' title="bbox 1863 3131 3419 3211; baseline -0.006 -16"><span class='ocrx_word' id='word_1_485' title='bbox 1863 3140 2101 3197; x_wconf 85' lang='lat' dir='ltr'><strong>Joannes</strong></span> <span class='ocrx_word' id='word_1_486' title='bbox 2131 3140 2410 3211; x_wconf 83' lang='lat' dir='ltr'><strong>Vignolins</strong></span> <span class='ocrx_word' id='word_1_487' title='bbox 2447 3138 2580 3208; x_wconf 74' lang='lat'><strong>(9‘2).</strong></span> <span class='ocrx_word' id='word_1_488' title='bbox 2634 3137 2756 3191; x_wconf 78' lang='lat' dir='ltr'><strong>Pro:</strong></span> <span class='ocrx_word' id='word_1_489' title='bbox 2807 3136 3029 3199; x_wconf 78' lang='lat' dir='ltr'><strong>cwteris,</strong></span> <span class='ocrx_word' id='word_1_490' title='bbox 3072 3131 3265 3202; x_wconf 78' lang='lat' dir='ltr'><strong>inquit,</strong></span> <span class='ocrx_word' id='word_1_491' title='bbox 3302 3145 3419 3201; x_wconf 71' lang='lat' dir='ltr'><strong>qua:</strong></span> 
     </span>
    </p>
   </div>
   <div class='ocr_carea' id='block_1_79' title="bbox 1861 3224 3419 3303">
    <p class='ocr_par' dir='ltr' id='par_1_79' title="bbox 1861 3224 3419 3303">
     <span class='ocr_line' id='line_1_79' title="bbox 1861 3224 3419 3303; baseline -0.008 -15"><span class='ocrx_word' id='word_1_492' title='bbox 1861 3234 1972 3303; x_wconf 72' lang='lat' dir='ltr'><strong>ejus</strong></span> <span class='ocrx_word' id='word_1_493' title='bbox 2021 3233 2252 3287; x_wconf 84' lang='lat' dir='ltr'><strong>creditur</strong></span> <span class='ocrx_word' id='word_1_494' title='bbox 2274 3242 2483 3294; x_wconf 86' lang='lat' dir='ltr'><strong>statua;</strong></span> <span class='ocrx_word' id='word_1_495' title='bbox 2539 3245 2695 3299; x_wconf 84' lang='lat' dir='ltr'><strong>quam</strong></span> <span class='ocrx_word' id='word_1_496' title='bbox 2719 3238 2775 3281; x_wconf 88' lang='lat' dir='ltr'><strong>ut</strong></span> <span class='ocrx_word' id='word_1_497' title='bbox 2816 3227 2980 3281; x_wconf 85' lang='lat' dir='ltr'><strong>eidem</strong></span> <span class='ocrx_word' id='word_1_498' title='bbox 3031 3226 3201 3278; x_wconf 91' lang='lat' dir='ltr'><strong>adhuc</strong></span> <span class='ocrx_word' id='word_1_499' title='bbox 3234 3224 3419 3277; x_wconf 83' lang='lat' dir='ltr'><strong>viventi</strong></span> 
     </span>
    </p>
   </div>
   <div class='ocr_carea' id='block_1_80' title="bbox 1860 3313 3417 3395">
    <p class='ocr_par' dir='ltr' id='par_1_80' title="bbox 1860 3313 3417 3395">
     <span class='ocr_line' id='line_1_80' title="bbox 1860 3313 3417 3395; baseline -0.008 -16"><span class='ocrx_word' id='word_1_500' title='bbox 1860 3327 2085 3395; x_wconf 86' lang='lat' dir='ltr'><strong>positam</strong></span> <span class='ocrx_word' id='word_1_501' title='bbox 2117 3324 2495 3387; x_wconf 75' lang='lat' dir='ltr'><strong>existimemus,</strong></span> <span class='ocrx_word' id='word_1_502' title='bbox 2526 3337 2629 3375; x_wconf 90' lang='lat' dir='ltr'><strong>non</strong></span> <span class='ocrx_word' id='word_1_503' title='bbox 2681 3319 2824 3372; x_wconf 85' lang='lat' dir='ltr'><strong>illius</strong></span> <span class='ocrx_word' id='word_1_504' title='bbox 2867 3319 2963 3371; x_wconf 79' lang='lat' dir='ltr'><strong>wvi</strong></span> <span class='ocrx_word' id='word_1_505' title='bbox 3016 3316 3228 3369; x_wconf 87' lang='lat' dir='ltr'><strong>humilis</strong></span> <span class='ocrx_word' id='word_1_506' title='bbox 3265 3313 3417 3368; x_wconf 87' lang='lat' dir='ltr'><strong>Chri-</strong></span> 
     </span>
    </p>
   </div>
   <div class='ocr_carea' id='block_1_81' title="bbox 1862 3409 3415 3482">
    <p class='ocr_par' dir='ltr' id='par_1_81' title="bbox 1862 3409 3415 3482">
     <span class='ocr_line' id='line_1_81' title="bbox 1862 3409 3415 3482; baseline -0.008 -12"><span class='ocrx_word' id='word_1_507' title='bbox 1862 3418 2156 3471; x_wconf 87' lang='lat' dir='ltr'><strong>stianorum</strong></span> <span class='ocrx_word' id='word_1_508' title='bbox 2195 3413 2447 3480; x_wconf 89' lang='lat' dir='ltr'><strong>conditio,</strong></span> <span class='ocrx_word' id='word_1_509' title='bbox 2491 3427 2650 3482; x_wconf 89' lang='lat' dir='ltr'><strong>neque</strong></span> <span class='ocrx_word' id='word_1_510' title='bbox 2682 3411 2847 3480; x_wconf 83' lang='lat' dir='ltr'><strong>ipsius</strong></span> <span class='ocrx_word' id='word_1_511' title='bbox 2888 3409 2987 3463; x_wconf 83' lang='lat' dir='ltr'><strong>viri</strong></span> <span class='ocrx_word' id='word_1_512' title='bbox 3017 3409 3270 3461; x_wconf 87' lang='lat' dir='ltr'><strong>sanctitas</strong></span> <span class='ocrx_word' id='word_1_513' title='bbox 3301 3421 3415 3459; x_wconf 86' lang='lat' dir='ltr'><strong>om-</strong></span> 
     </span>
    </p>
   </div>
   <div class='ocr_carea' id='block_1_82' title="bbox 1863 3498 3415 3576">
    <p class='ocr_par' dir='ltr' id='par_1_82' title="bbox 1863 3498 3415 3576">
     <span class='ocr_line' id='line_1_82' title="bbox 1863 3498 3415 3576; baseline -0.007 -15"><span class='ocrx_word' id='word_1_514' title='bbox 1863 3509 1988 3562; x_wconf 88' lang='lat' dir='ltr'><strong>nino</strong></span> <span class='ocrx_word' id='word_1_515' title='bbox 2010 3509 2123 3576; x_wconf 91' lang='lat' dir='ltr'><strong>pati</strong></span> <span class='ocrx_word' id='word_1_516' title='bbox 2164 3507 2388 3560; x_wconf 80' lang='lat' dir='ltr'><strong>videtur.</strong></span> <span class='ocrx_word' id='word_1_517' title='bbox 2417 3507 2583 3574; x_wconf 83' lang='lat' dir='ltr'><strong>Atque</strong></span> <span class='ocrx_word' id='word_1_518' title='bbox 2605 3504 2718 3572; x_wconf 87' lang='lat' dir='ltr'><strong>ejus</strong></span> <span class='ocrx_word' id='word_1_519' title='bbox 2747 3502 2931 3556; x_wconf 87' lang='lat' dir='ltr'><strong>deinde</strong></span> <span class='ocrx_word' id='word_1_520' title='bbox 2962 3501 3214 3553; x_wconf 86' lang='lat' dir='ltr'><strong>librorum</strong></span> <span class='ocrx_word' id='word_1_521' title='bbox 3252 3498 3415 3563; x_wconf 85' lang='lat' dir='ltr'><strong>tituli,</strong></span> 
     </span>
    </p>
   </div>
   <div class='ocr_carea' id='block_1_83' title="bbox 1863 3591 3419 3669">
    <p class='ocr_par' dir='ltr' id='par_1_83' title="bbox 1863 3591 3419 3669">
     <span class='ocr_line' id='line_1_83' title="bbox 1863 3591 3419 3669; baseline -0.006 -18"><span class='ocrx_word' id='word_1_522' title='bbox 1863 3614 2082 3669; x_wconf 88' lang='lat' dir='ltr'><strong>quorum</strong></span> <span class='ocrx_word' id='word_1_523' title='bbox 2133 3598 2190 3650; x_wconf 91' lang='lat' dir='ltr'><strong>in</strong></span> <span class='ocrx_word' id='word_1_524' title='bbox 2227 3597 2461 3665; x_wconf 86' lang='lat' dir='ltr'><strong>margine</strong></span> <span class='ocrx_word' id='word_1_525' title='bbox 2528 3595 2788 3648; x_wconf 77' lang='lat' dir='ltr'><strong>cathedra:</strong></span> <span class='ocrx_word' id='word_1_526' title='bbox 2838 3593 3028 3646; x_wconf 87' lang='lat' dir='ltr'><strong>mentio</strong></span> <span class='ocrx_word' id='word_1_527' title='bbox 3079 3601 3284 3654; x_wconf 68' lang='lat' dir='ltr'><strong>exstat;</strong></span> <span class='ocrx_word' id='word_1_528' title='bbox 3331 3591 3419 3659; x_wconf 87' lang='lat' dir='ltr'><strong>qui</strong></span> 
     </span>
    </p>
   </div>
   <div class='ocr_carea' id='block_1_84' title="bbox 1866 3681 3422 3757">
    <p class='ocr_par' dir='ltr' id='par_1_84' title="bbox 1866 3681 3422 3757">
     <span class='ocr_line' id='line_1_84' title="bbox 1866 3681 3422 3757; baseline -0.006 -16"><span class='ocrx_word' id='word_1_529' title='bbox 1866 3690 2073 3742; x_wconf 88' lang='lat' dir='ltr'><strong>nonnisi</strong></span> <span class='ocrx_word' id='word_1_530' title='bbox 2102 3696 2218 3757; x_wconf 87' lang='lat' dir='ltr'><strong>post</strong></span> <span class='ocrx_word' id='word_1_531' title='bbox 2240 3686 2386 3739; x_wconf 87' lang='lat' dir='ltr'><strong>illius</strong></span> <span class='ocrx_word' id='word_1_532' title='bbox 2433 3683 2629 3738; x_wconf 87' lang='lat' dir='ltr'><strong>obitum</strong></span> <span class='ocrx_word' id='word_1_533' title='bbox 2660 3684 2722 3737; x_wconf 92' lang='lat' dir='ltr'><strong>ob</strong></span> <span class='ocrx_word' id='word_1_534' title='bbox 2766 3683 2871 3737; x_wconf 89' lang='lat' dir='ltr'><strong>alio</strong></span> <span class='ocrx_word' id='word_1_535' title='bbox 2894 3683 3117 3750; x_wconf 83' lang='lat' dir='ltr'><strong>appositi</strong></span> <span class='ocrx_word' id='word_1_536' title='bbox 3143 3681 3304 3750; x_wconf 73' lang='lat' dir='ltr'><strong>fuisse</strong></span> <span class='ocrx_word' id='word_1_537' title='bbox 3347 3681 3422 3733; x_wconf 76' lang='lat' dir='ltr'><strong>ui-</strong></span> 
     </span>
    </p>
   </div>
   <div class='ocr_carea' id='block_1_85' title="bbox 1864 3772 3418 3845">
    <p class='ocr_par' dir='ltr' id='par_1_85' title="bbox 1864 3772 3418 3845">
     <span class='ocr_line' id='line_1_85' title="bbox 1864 3772 3418 3845; baseline -0.005 -13"><span class='ocrx_word' id='word_1_538' title='bbox 1864 3780 2073 3845; x_wconf 87' lang='lat' dir='ltr'><strong>dentur,</strong></span> <span class='ocrx_word' id='word_1_539' title='bbox 2104 3786 2164 3831; x_wconf 85' lang='lat' dir='ltr'><strong>ut</strong></span> <span class='ocrx_word' id='word_1_540' title='bbox 2209 3777 2265 3830; x_wconf 91' lang='lat' dir='ltr'><strong>in</strong></span> <span class='ocrx_word' id='word_1_541' title='bbox 2312 3778 2476 3845; x_wconf 88' lang='lat' dir='ltr'><strong>ipsius</strong></span> <span class='ocrx_word' id='word_1_542' title='bbox 2523 3776 2765 3827; x_wconf 85' lang='lat' dir='ltr'><strong>honorem</strong></span> <span class='ocrx_word' id='word_1_543' title='bbox 2816 3774 3123 3843; x_wconf 85' lang='lat' dir='ltr'><strong>laudemque</strong></span> <span class='ocrx_word' id='word_1_544' title='bbox 3165 3772 3418 3825; x_wconf 87' lang='lat' dir='ltr'><strong>cederent.</strong></span> 
     </span>
    </p>
   </div>
   <div class='ocr_carea' id='block_1_86' title="bbox 1867 3862 3416 3932">
    <p class='ocr_par' dir='ltr' id='par_1_86' title="bbox 1867 3862 3416 3932">
     <span class='ocr_line' id='line_1_86' title="bbox 1867 3862 3416 3932; baseline -0.005 -12"><span class='ocrx_word' id='word_1_545' title='bbox 1867 3867 2019 3932; x_wconf 84' lang='lat' dir='ltr'><strong>Quod</strong></span> <span class='ocrx_word' id='word_1_546' title='bbox 2053 3882 2171 3919; x_wconf 87' lang='lat' dir='ltr'><strong>cum</strong></span> <span class='ocrx_word' id='word_1_547' title='bbox 2219 3868 2296 3918; x_wconf 92' lang='lat' dir='ltr'><strong>ita</strong></span> <span class='ocrx_word' id='word_1_548' title='bbox 2330 3865 2420 3928; x_wconf 85' lang='lat' dir='ltr'><strong>sit,</strong></span> <span class='ocrx_word' id='word_1_549' title='bbox 2478 3864 2757 3917; x_wconf 81' lang='lat' dir='ltr'><strong>uerisimile</strong></span> <span class='ocrx_word' id='word_1_550' title='bbox 2797 3862 3078 3915; x_wconf 89' lang='lat' dir='ltr'><strong>admodum</strong></span> <span class='ocrx_word' id='word_1_551' title='bbox 3125 3878 3233 3915; x_wconf 86' lang='lat' dir='ltr'><strong>esse</strong></span> <span class='ocrx_word' id='word_1_552' title='bbox 3281 3878 3416 3919; x_wconf 84' lang='lat' dir='ltr'><strong>reor,</strong></span> 
     </span>
    </p>
   </div>
   <div class='ocr_carea' id='block_1_87' title="bbox 1868 3954 3421 4028">
    <p class='ocr_par' dir='ltr' id='par_1_87' title="bbox 1868 3954 3421 4028">
     <span class='ocr_line' id='line_1_87' title="bbox 1868 3954 3421 4028; baseline -0.005 -16"><span class='ocrx_word' id='word_1_553' title='bbox 1868 3958 2070 4028; x_wconf 87' lang='lat' dir='ltr'><strong>aliquid</strong></span> <span class='ocrx_word' id='word_1_554' title='bbox 2120 3959 2176 4012; x_wconf 88' lang='lat' dir='ltr'><strong>in</strong></span> <span class='ocrx_word' id='word_1_555' title='bbox 2200 3959 2378 4011; x_wconf 88' lang='lat' dir='ltr'><strong>eodem</strong></span> <span class='ocrx_word' id='word_1_556' title='bbox 2429 3972 2625 4010; x_wconf 88' lang='lat' dir='ltr'><strong>canone</strong></span> <span class='ocrx_word' id='word_1_557' title='bbox 2682 3956 3017 4008; x_wconf 83' lang='lat' dir='ltr'><strong>commissum</strong></span> <span class='ocrx_word' id='word_1_558' title='bbox 3051 3955 3231 4023; x_wconf 79' lang='lat' dir='ltr'><strong>fuisse,</strong></span> <span class='ocrx_word' id='word_1_559' title='bbox 3285 3954 3421 4023; x_wconf 88' lang='lat' dir='ltr'><strong>quod</strong></span> 
     </span>
    </p>
   </div>
   <div class='ocr_carea' id='block_1_88' title="bbox 1868 4043 3420 4118">
    <p class='ocr_par' dir='ltr' id='par_1_88' title="bbox 1868 4043 3420 4118">
     <span class='ocr_line' id='line_1_88' title="bbox 1868 4043 3420 4118; baseline -0.004 -17"><span class='ocrx_word' id='word_1_560' title='bbox 1868 4049 2013 4101; x_wconf 85' lang='lat' dir='ltr'><strong>nullo</strong></span> <span class='ocrx_word' id='word_1_561' title='bbox 2042 4058 2195 4118; x_wconf 91' lang='lat' dir='ltr'><strong>pacto</strong></span> <span class='ocrx_word' id='word_1_562' title='bbox 2218 4057 2399 4101; x_wconf 80' lang='lat' dir='ltr'><strong>sancto</strong></span> <span class='ocrx_word' id='word_1_563' title='bbox 2432 4045 2715 4115; x_wconf 79' lang='lat' dir='ltr'><strong>Hippolyto</strong></span> <span class='ocrx_word' id='word_1_564' title='bbox 2744 4054 2820 4097; x_wconf 87' lang='lat' dir='ltr'><strong>est</strong></span> <span class='ocrx_word' id='word_1_565' title='bbox 2846 4044 3231 4098; x_wconf 89' lang='lat' dir='ltr'><strong>ascribendum.</strong></span> <span class='ocrx_word' id='word_1_566' title='bbox 3268 4043 3420 4096; x_wconf 84' lang='lat' dir='ltr'><strong>Non-</strong></span> 
     </span>
    </p>
   </div>
   <div class='ocr_carea' id='block_1_89' title="bbox 1868 4138 3421 4209">
    <p class='ocr_par' dir='ltr' id='par_1_89' title="bbox 1868 4138 3421 4209">
     <span class='ocr_line' id='line_1_89' title="bbox 1868 4138 3421 4209; baseline -0.005 -14"><span class='ocrx_word' id='word_1_567' title='bbox 1868 4141 2013 4195; x_wconf 92' lang='lat' dir='ltr'><strong>nulla</strong></span> <span class='ocrx_word' id='word_1_568' title='bbox 2043 4142 2142 4195; x_wconf 79' lang='lat' dir='ltr'><strong>riri</strong></span> <span class='ocrx_word' id='word_1_569' title='bbox 2172 4140 2466 4194; x_wconf 83' lang='lat' dir='ltr'><strong>doctissimi</strong></span> <span class='ocrx_word' id='word_1_570' title='bbox 2505 4140 2622 4209; x_wconf 86' lang='lat' dir='ltr'><strong>jam</strong></span> <span class='ocrx_word' id='word_1_571' title='bbox 2659 4146 3043 4207; x_wconf 74' lang='lat' dir='ltr'><strong>prtenotarunt,</strong></span> <span class='ocrx_word' id='word_1_572' title='bbox 3076 4153 3191 4206; x_wconf 74' lang='lat' dir='ltr'><strong>qua:</strong></span> <span class='ocrx_word' id='word_1_573' title='bbox 3228 4138 3421 4208; x_wconf 88' lang='lat' dir='ltr'><strong>partim</strong></span> 
     </span>
    </p>
   </div>
   <div class='ocr_carea' id='block_1_90' title="bbox 1868 4230 3421 4302">
    <p class='ocr_par' dir='ltr' id='par_1_90' title="bbox 1868 4230 3421 4302">
     <span class='ocr_line' id='line_1_90' title="bbox 1868 4230 3421 4302; baseline -0.004 -16"><span class='ocrx_word' id='word_1_574' title='bbox 1868 4232 2147 4302; x_wconf 83' lang='lat' dir='ltr'><strong>sculptoris</strong></span> <span class='ocrx_word' id='word_1_575' title='bbox 2197 4234 2485 4299; x_wconf 82' lang='lat' dir='ltr'><strong>inscitiam,</strong></span> <span class='ocrx_word' id='word_1_576' title='bbox 2536 4232 2733 4301; x_wconf 88' lang='lat' dir='ltr'><strong>partim</strong></span> <span class='ocrx_word' id='word_1_577' title='bbox 2768 4230 2983 4283; x_wconf 87' lang='lat' dir='ltr'><strong>alterius</strong></span> <span class='ocrx_word' id='word_1_578' title='bbox 3030 4230 3291 4282; x_wconf 86' lang='lat' dir='ltr'><strong>incuriam</strong></span> <span class='ocrx_word' id='word_1_579' title='bbox 3329 4245 3421 4281; x_wconf 88' lang='lat' dir='ltr'><strong>ar-</strong></span> 
     </span>
    </p>
   </div>
   <div class='ocr_carea' id='block_1_91' title="bbox 1870 4310 3425 4397">
    <p class='ocr_par' dir='ltr' id='par_1_91' title="bbox 1870 4310 3425 4397">
     <span class='ocr_line' id='line_1_91' title="bbox 1870 4310 3425 4397; baseline -0.004 -18"><span class='ocrx_word' id='word_1_580' title='bbox 1870 4338 2053 4397; x_wconf 82' lang='lat' dir='ltr'><strong>guunt.</strong></span> <span class='ocrx_word' id='word_1_581' title='bbox 2084 4310 2343 4380; x_wconf 66' lang='lat' dir='ltr'><strong>Castorum</strong></span> <span class='ocrx_word' id='word_1_582' title='bbox 2398 4339 2647 4377; x_wconf 88' lang='lat' dir='ltr'><strong>canonem</strong></span> <span class='ocrx_word' id='word_1_583' title='bbox 2676 4320 3067 4390; x_wconf 83' lang='lat' dir='ltr'><strong>Ilippolyteum,</strong></span> <span class='ocrx_word' id='word_1_584' title='bbox 3114 4330 3229 4389; x_wconf 89' lang='lat' dir='ltr'><strong>post</strong></span> <span class='ocrx_word' id='word_1_585' title='bbox 3278 4319 3425 4373; x_wconf 86' lang='lat' dir='ltr'><strong>Jose-</strong></span> 
     </span>
    </p>
   </div>
   <div class='ocr_carea' id='block_1_92' title="bbox 243 4392 3420 4487">
    <p class='ocr_par' dir='ltr' id='par_1_92' title="bbox 243 4392 3420 4487">
     <span class='ocr_line' id='line_1_92' title="bbox 243 4392 3420 4487; baseline 0.004 -34"><span class='ocrx_word' id='word_1_586' title='bbox 243 4402 338 4468; x_wconf 82' lang='lat' dir='ltr'><strong>ejus</strong></span> <span class='ocrx_word' id='word_1_587' title='bbox 362 4409 657 4477; x_wconf 77' lang='lat' dir='ltr'><strong>quidquam</strong></span> <span class='ocrx_word' id='word_1_588' title='bbox 689 4416 883 4475; x_wconf 63' lang='lat' dir='ltr'><strong>praater</strong></span> <span class='ocrx_word' id='word_1_589' title='bbox 913 4424 1107 4463; x_wconf 89' lang='lat' dir='ltr'><strong>nomen</strong></span> <span class='ocrx_word' id='word_1_590' title='bbox 1142 4420 1460 4479; x_wconf 84' lang='lat' dir='ltr'><strong>supererat;</strong></span> <span class='ocrx_word' id='word_1_591' title='bbox 1496 4429 1617 4467; x_wconf 79' lang='lat' dir='ltr'><strong>cum</strong></span> <span class='ocrx_word' id='word_1_592' title='bbox 1645 4431 1769 4471; x_wconf 89' lang='lat' dir='ltr'><strong>ecce</strong></span> <span class='ocrx_word' id='word_1_593' title='bbox 1800 4392 2025 4487; x_wconf 63' lang='lat' dir='ltr'><strong>1)phum</strong></span> <span class='ocrx_word' id='word_1_594' title='bbox 2059 4416 2385 4485; x_wconf 82' lang='lat' dir='ltr'><strong>Scaligerum</strong></span> <span class='ocrx_word' id='word_1_595' title='bbox 2440 4416 2573 4484; x_wconf 73' lang='lat'><strong>(95),</strong></span> <span class='ocrx_word' id='word_1_596' title='bbox 2613 4414 2926 4483; x_wconf 82' lang='lat' dir='ltr'><strong>Dionysium</strong></span> <span class='ocrx_word' id='word_1_597' title='bbox 2989 4412 3262 4466; x_wconf 83' lang='lat' dir='ltr'><strong>Petavium</strong></span> <span class='ocrx_word' id='word_1_598' title='bbox 3308 4412 3420 4481; x_wconf 65' lang='lat'><strong>(94)</strong></span> 
     </span>
    </p>
   </div>
   <div class='ocr_carea' id='block_1_93' title="bbox 244 4494 3425 4579">
    <p class='ocr_par' dir='ltr' id='par_1_93' title="bbox 244 4494 3425 4579">
     <span class='ocr_line' id='line_1_93' title="bbox 244 4494 3425 4579; baseline 0.002 -32"><span class='ocrx_word' id='word_1_599' title='bbox 244 4494 357 4549; x_wconf 82' lang='lat' dir='ltr'><strong>bono</strong></span> <span class='ocrx_word' id='word_1_600' title='bbox 382 4498 492 4563; x_wconf 88' lang='lat' dir='ltr'><strong>Dei,</strong></span> <span class='ocrx_word' id='word_1_601' title='bbox 519 4510 576 4552; x_wconf 89' lang='lat' dir='ltr'><strong>et</strong></span> <span class='ocrx_word' id='word_1_602' title='bbox 618 4514 811 4562; x_wconf 82' lang='lat' dir='ltr'><strong>magna</strong></span> <span class='ocrx_word' id='word_1_603' title='bbox 840 4502 1174 4554; x_wconf 85' lang='lat' dir='ltr'><strong>eruditorum</strong></span> <span class='ocrx_word' id='word_1_604' title='bbox 1209 4504 1450 4557; x_wconf 90' lang='lat' dir='ltr'><strong>omnium</strong></span> <span class='ocrx_word' id='word_1_605' title='bbox 1476 4506 1679 4572; x_wconf 67' lang='lat' dir='ltr'><strong>laetitia,</strong></span> <span class='ocrx_word' id='word_1_606' title='bbox 1714 4519 1771 4563; x_wconf 92' lang='lat' dir='ltr'><strong>ut</strong></span> <span class='ocrx_word' id='word_1_607' title='bbox 1869 4519 1918 4563; x_wconf 85' lang='lat' dir='ltr'><strong>et</strong></span> <span class='ocrx_word' id='word_1_608' title='bbox 1944 4508 2220 4579; x_wconf 61' lang='lat' dir='ltr'><strong>ﬂgidium</strong></span> <span class='ocrx_word' id='word_1_609' title='bbox 2260 4508 2576 4561; x_wconf 87' lang='lat' dir='ltr'><strong>Bucherium</strong></span> <span class='ocrx_word' id='word_1_610' title='bbox 2628 4505 2759 4573; x_wconf 87' lang='lat'><strong>(95),</strong></span> <span class='ocrx_word' id='word_1_611' title='bbox 2783 4504 2878 4557; x_wconf 90' lang='lat' dir='ltr'><strong>alii</strong></span> <span class='ocrx_word' id='word_1_612' title='bbox 2926 4521 3125 4574; x_wconf 74' lang='lat' dir='ltr'><strong>quoque</strong></span> <span class='ocrx_word' id='word_1_613' title='bbox 3181 4505 3425 4557; x_wconf 86' lang='lat' dir='ltr'><strong>recentio-</strong></span> 
     </span>
    </p>
   </div>
   <div class='ocr_carea' id='block_1_94' title="bbox 245 4584 3420 4668">
    <p class='ocr_par' dir='ltr' id='par_1_94' title="bbox 245 4584 3420 4668">
     <span class='ocr_line' id='line_1_94' title="bbox 245 4584 3420 4668; baseline 0.002 -26"><span class='ocrx_word' id='word_1_614' title='bbox 245 4584 493 4659; x_wconf 82' lang='lat' dir='ltr'><strong>Baronius,</strong></span> <span class='ocrx_word' id='word_1_615' title='bbox 547 4593 810 4667; x_wconf 81' lang='lat' dir='ltr'><strong>Scaliger,</strong></span> <span class='ocrx_word' id='word_1_616' title='bbox 872 4596 1245 4667; x_wconf 77' lang='lat' dir='ltr'><strong>Gruterusque</strong></span> <span class='ocrx_word' id='word_1_617' title='bbox 1295 4608 1583 4666; x_wconf 90' lang='lat' dir='ltr'><strong>testantur,</strong></span> <span class='ocrx_word' id='word_1_618' title='bbox 1630 4617 1772 4656; x_wconf 87' lang='lat' dir='ltr'><strong>anno</strong></span> <span class='ocrx_word' id='word_1_619' title='bbox 1872 4619 1951 4656; x_wconf 89' lang='lat' dir='ltr'><strong>res</strong></span> <span class='ocrx_word' id='word_1_620' title='bbox 2002 4600 2135 4668; x_wconf 83' lang='lat'><strong>(96),</strong></span> <span class='ocrx_word' id='word_1_621' title='bbox 2188 4608 2241 4652; x_wconf 90' lang='lat' dir='ltr'><strong>at</strong></span> <span class='ocrx_word' id='word_1_622' title='bbox 2289 4600 2514 4652; x_wconf 79' lang='lat' dir='ltr'><strong>maxime</strong></span> <span class='ocrx_word' id='word_1_623' title='bbox 2573 4598 2804 4650; x_wconf 88' lang='lat' dir='ltr'><strong>omnium</strong></span> <span class='ocrx_word' id='word_1_624' title='bbox 2864 4595 2929 4650; x_wconf 84' lang='lat' dir='ltr'><strong>V.</strong></span> <span class='ocrx_word' id='word_1_625' title='bbox 2980 4595 3044 4651; x_wconf 90' lang='lat' dir='ltr'><strong>C.</strong></span> <span class='ocrx_word' id='word_1_626' title='bbox 3103 4594 3420 4650; x_wconf 86' lang='lat' dir='ltr'><strong>Franciscus</strong></span> 
     </span>
    </p>
   </div>
   <div class='ocr_carea' id='block_1_95' title="bbox 299 4705 1769 4782">
    <p class='ocr_par' dir='ltr' id='par_1_95' title="bbox 299 4705 1769 4782">
     <span class='ocr_line' id='line_1_95' title="bbox 299 4705 1769 4782; baseline 0.007 -24"><span class='ocrx_word' id='word_1_627' title='bbox 299 4705 417 4782; x_wconf 11' lang='lat'><strong>(86);</strong></span> <span class='ocrx_word' id='word_1_628' title='bbox 450 4707 610 4762; x_wconf 82' lang='lat' dir='ltr'><strong>Remi</strong></span> <span class='ocrx_word' id='word_1_629' title='bbox 642 4710 899 4782; x_wconf 25' lang='lat' dir='ltr'><strong>#Ceillier,</strong></span> <span class='ocrx_word' id='word_1_630' title='bbox 961 4711 1101 4767; x_wconf 82' lang='lat' dir='ltr'><strong>Hist.</strong></span> <span class='ocrx_word' id='word_1_631' title='bbox 1156 4714 1330 4782; x_wconf 76' lang='lat' dir='ltr'><strong>gener.</strong></span> <span class='ocrx_word' id='word_1_632' title='bbox 1392 4715 1479 4766; x_wconf 86' lang='lat' dir='ltr'><strong>des</strong></span> <span class='ocrx_word' id='word_1_633' title='bbox 1533 4723 1769 4778; x_wconf 78' lang='lat' dir='ltr'><strong>auteurs,</strong></span> 
     </span>
    </p>
   </div>
   <div class='ocr_carea' id='block_1_96' title="bbox 246 4780 763 4849">
    <p class='ocr_par' dir='ltr' id='par_1_96' title="bbox 246 4780 763 4849">
     <span class='ocr_line' id='line_1_96' title="bbox 246 4780 763 4849; baseline 0.015 -24"><span class='ocrx_word' id='word_1_634' title='bbox 246 4780 602 4849; x_wconf 17' lang='lat' dir='ltr'><strong>tom_._ll,ipag.</strong></span> <span class='ocrx_word' id='word_1_635' title='bbox 640 4781 763 4835; x_wconf 67' lang='grc'><strong>529.</strong></span> 
     </span>
    </p>
   </div>
   <div class='ocr_carea' id='block_1_97' title="bbox 246 4844 1765 4980">
    <p class='ocr_par' dir='ltr' id='par_1_97' title="bbox 246 4844 1765 4980">
     <span class='ocr_line' id='line_1_97' title="bbox 246 4844 1765 4980; baseline 0.008 -83"><span class='ocrx_word' id='word_1_636' title='bbox 246 4844 576 4980; x_wconf 50' lang='grc' dir='ltr'><strong>μὲἴὲἶέἱειῖ</strong></span> <span class='ocrx_word' id='word_1_637' title='bbox 616 4850 723 4904; x_wconf 90' lang='lat' dir='ltr'><strong>litt.</strong></span> <span class='ocrx_word' id='word_1_638' title='bbox 777 4852 839 4904; x_wconf 91' lang='lat' dir='ltr'><strong>de</strong></span> <span class='ocrx_word' id='word_1_639' title='bbox 894 4849 949 4903; x_wconf 89' lang='lat' dir='ltr'><strong>la</strong></span> <span class='ocrx_word' id='word_1_640' title='bbox 987 4850 1211 4916; x_wconf 84' lang='lat' dir='ltr'><strong>France,</strong></span> <span class='ocrx_word' id='word_1_641' title='bbox 1271 4860 1403 4906; x_wconf 90' lang='lat' dir='ltr'><strong>tom.</strong></span> <span class='ocrx_word' id='word_1_642' title='bbox 1468 4852 1511 4920; x_wconf 90' lang='lat' dir='ltr'><strong>l,</strong></span> <span class='ocrx_word' id='word_1_643' title='bbox 1554 4862 1693 4923; x_wconf 92' lang='lat' dir='ltr'><strong>part.</strong></span> <span class='ocrx_word' id='word_1_644' title='bbox 1726 4871 1765 4920; x_wconf 84' lang='grc' dir='ltr'><strong>ι,</strong></span> 
     </span>
    </p>
   </div>
   <div class='ocr_carea' id='block_1_98' title="bbox 246 4986 1770 5116">
    <p class='ocr_par' dir='ltr' id='par_1_98' title="bbox 246 4986 1770 5116">
     <span class='ocr_line' id='line_1_98' title="bbox 246 4986 1770 5116; baseline 0.005 -76"><span class='ocrx_word' id='word_1_645' title='bbox 246 4986 673 5116; x_wconf 31' lang='grc' dir='ltr'><strong>μξῗῗὲιβηθιοι.</strong></span> <span class='ocrx_word' id='word_1_646' title='bbox 736 4989 904 5043; x_wconf 90' lang='lat' dir='ltr'><strong>Laod.</strong></span> <span class='ocrx_word' id='word_1_647' title='bbox 949 4992 1139 5060; x_wconf 82' lang='lat' dir='ltr'><strong>episc.,</strong></span> <span class='ocrx_word' id='word_1_648' title='bbox 1178 4990 1385 5061; x_wconf 66' lang='lat' dir='ltr'><strong>praefat.</strong></span> <span class='ocrx_word' id='word_1_649' title='bbox 1444 4993 1511 5046; x_wconf 89' lang='lat' dir='ltr'><strong>ad</strong></span> <span class='ocrx_word' id='word_1_650' title='bbox 1567 4991 1770 5049; x_wconf 84' lang='lat' dir='ltr'><strong>Canon-</strong></span> 
     </span>
    </p>
   </div>
   <div class='ocr_carea' id='block_1_99' title="bbox 305 5124 1365 5199">
    <p class='ocr_par' dir='ltr' id='par_1_99' title="bbox 305 5124 1365 5199">
     <span class='ocr_line' id='line_1_99' title="bbox 305 5124 1365 5199; baseline 0.006 -22"><span class='ocrx_word' id='word_1_651' title='bbox 305 5124 399 5199; x_wconf 62' lang='grc' dir='ltr'><strong>(ξξὶ)</strong></span> <span class='ocrx_word' id='word_1_652' title='bbox 431 5126 651 5199; x_wconf 48' lang='lat' dir='ltr'><strong>Euseb&quot;</strong></span> <span class='ocrx_word' id='word_1_653' title='bbox 679 5130 771 5183; x_wconf 90' lang='lat' dir='ltr'><strong>lib.</strong></span> <span class='ocrx_word' id='word_1_654' title='bbox 803 5146 855 5182; x_wconf 69' lang='lat' dir='ltr'><strong>vn</strong></span> <span class='ocrx_word' id='word_1_655' title='bbox 897 5130 966 5183; x_wconf 80' lang='grc' dir='ltr'><strong>Η.</strong></span> <span class='ocrx_word' id='word_1_656' title='bbox 1006 5130 1093 5193; x_wconf 68' lang='grc' dir='ltr'><strong>Ε..</strong></span> <span class='ocrx_word' id='word_1_657' title='bbox 1124 5146 1240 5199; x_wconf 87' lang='lat' dir='ltr'><strong>cap.</strong></span> <span class='ocrx_word' id='word_1_658' title='bbox 1274 5131 1365 5185; x_wconf 71' lang='lat'><strong>22.</strong></span> 
     </span>
    </p>
   </div>
   <div class='ocr_carea' id='block_1_100' title="bbox 250 5192 1773 5327">
    <p class='ocr_par' dir='ltr' id='par_1_100' title="bbox 250 5192 1773 5327">
     <span class='ocr_line' id='line_1_100' title="bbox 250 5192 1773 5327; baseline 0.009 -84"><span class='ocrx_word' id='word_1_659' title='bbox 250 5192 765 5327; x_wconf 52' lang='lat' dir='ltr'><strong>eaglozﬂliieronym.</strong></span> <span class='ocrx_word' id='word_1_660' title='bbox 800 5202 853 5253; x_wconf 85' lang='lat' dir='ltr'><strong>in</strong></span> <span class='ocrx_word' id='word_1_661' title='bbox 890 5199 1130 5272; x_wconf 86' lang='lat' dir='ltr'><strong>Catalog.</strong></span> <span class='ocrx_word' id='word_1_662' title='bbox 1191 5192 1253 5254; x_wconf 79' lang='lat' dir='ltr'><strong>de</strong></span> <span class='ocrx_word' id='word_1_663' title='bbox 1324 5202 1506 5269; x_wconf 88' lang='lat' dir='ltr'><strong>script.</strong></span> <span class='ocrx_word' id='word_1_664' title='bbox 1550 5205 1733 5256; x_wconf 89' lang='lat' dir='ltr'><strong>eccles.</strong></span> <span class='ocrx_word' id='word_1_665' title='bbox 1759 5245 1773 5268; x_wconf 95' lang='lat'><strong>,</strong></span> 
     </span>
    </p>
   </div>
   <div class='ocr_carea' id='block_1_101' title="bbox 309 5331 1773 5410">
    <p class='ocr_par' dir='ltr' id='par_1_101' title="bbox 309 5331 1773 5410">
     <span class='ocr_line' id='line_1_101' title="bbox 309 5331 1773 5410; baseline 0.008 -27"><span class='ocrx_word' id='word_1_666' title='bbox 309 5331 406 5399; x_wconf 72' lang='lat' dir='ltr'><strong>t9l)</strong></span> <span class='ocrx_word' id='word_1_667' title='bbox 459 5335 715 5410; x_wconf 66' lang='lat' dir='ltr'><strong>Bneher.,</strong></span> <span class='ocrx_word' id='word_1_668' title='bbox 756 5338 827 5391; x_wconf 89' lang='lat' dir='ltr'><strong>De</strong></span> <span class='ocrx_word' id='word_1_669' title='bbox 874 5340 1041 5410; x_wconf 83' lang='lat' dir='ltr'><strong>doctr.</strong></span> <span class='ocrx_word' id='word_1_670' title='bbox 1079 5350 1321 5410; x_wconf 87' lang='lat' dir='ltr'><strong>tempor.,</strong></span> <span class='ocrx_word' id='word_1_671' title='bbox 1375 5356 1491 5409; x_wconf 93' lang='lat' dir='ltr'><strong>par.</strong></span> <span class='ocrx_word' id='word_1_672' title='bbox 1547 5341 1676 5406; x_wconf 72' lang='lat'><strong>‘292,</strong></span> <span class='ocrx_word' id='word_1_673' title='bbox 1720 5343 1773 5394; x_wconf 92' lang='lat' dir='ltr'><strong>in</strong></span> 
     </span>
    </p>
   </div>
   <div class='ocr_carea' id='block_1_102' title="bbox 253 5406 1769 5534">
    <p class='ocr_par' dir='ltr' id='par_1_102' title="bbox 253 5406 1769 5534">
     <span class='ocr_line' id='line_1_102' title="bbox 253 5406 1769 5534; baseline 0.003 -76"><span class='ocrx_word' id='word_1_674' title='bbox 253 5406 610 5534; x_wconf 50' lang='grc' dir='ltr'><strong>ῖῗιῐῧῖἰᾘέιδτὶο</strong></span> <span class='ocrx_word' id='word_1_675' title='bbox 643 5422 740 5463; x_wconf 89' lang='lat' dir='ltr'><strong>suo</strong></span> <span class='ocrx_word' id='word_1_676' title='bbox 790 5410 857 5464; x_wconf 86' lang='lat' dir='ltr'><strong>ad</strong></span> <span class='ocrx_word' id='word_1_677' title='bbox 916 5406 1189 5464; x_wconf 78' lang='lat' dir='ltr'><strong>Cononem</strong></span> <span class='ocrx_word' id='word_1_678' title='bbox 1217 5406 1516 5480; x_wconf 75' lang='lat' dir='ltr'><strong>pasclialem</strong></span> <span class='ocrx_word' id='word_1_679' title='bbox 1544 5410 1769 5466; x_wconf 85' lang='lat' dir='ltr'><strong>Victorii</strong></span> 
     </span>
    </p>
   </div>
   <div class='ocr_carea' id='block_1_103' title="bbox 314 5539 1772 5622">
    <p class='ocr_par' dir='ltr' id='par_1_103' title="bbox 314 5539 1772 5622">
     <span class='ocr_line' id='line_1_103' title="bbox 314 5539 1772 5622; baseline 0.004 -23"><span class='ocrx_word' id='word_1_680' title='bbox 314 5539 413 5622; x_wconf 57' lang='lat' dir='ltr'><strong>l9?!</strong></span> <span class='ocrx_word' id='word_1_681' title='bbox 464 5542 698 5622; x_wconf 72' lang='lat' dir='ltr'><strong>Vignol.,</strong></span> <span class='ocrx_word' id='word_1_682' title='bbox 740 5547 1023 5605; x_wconf 88' lang='lat' dir='ltr'><strong>Dissertat.</strong></span> <span class='ocrx_word' id='word_1_683' title='bbox 1063 5551 1131 5605; x_wconf 93' lang='lat' dir='ltr'><strong>de</strong></span> <span class='ocrx_word' id='word_1_684' title='bbox 1171 5566 1314 5605; x_wconf 87' lang='lat' dir='ltr'><strong>anno</strong></span> <span class='ocrx_word' id='word_1_685' title='bbox 1354 5564 1372 5603; x_wconf 91' lang='grc' dir='ltr'>ι</span> <span class='ocrx_word' id='word_1_686' title='bbox 1408 5549 1593 5604; x_wconf 77' lang='lat' dir='ltr'><strong>Severi</strong></span> <span class='ocrx_word' id='word_1_687' title='bbox 1649 5551 1772 5605; x_wconf 78' lang='lat' dir='ltr'><strong>Ale-</strong></span> 
     </span>
    </p>
   </div>
   <div class='ocr_carea' id='block_1_104' title="bbox 258 5611 720 5680">
    <p class='ocr_par' dir='ltr' id='par_1_104' title="bbox 258 5611 720 5680">
     <span class='ocr_line' id='line_1_104' title="bbox 258 5611 720 5680; baseline 0.022 -23"><span class='ocrx_word' id='word_1_688' title='bbox 258 5611 440 5680; x_wconf 73' lang='lat' dir='ltr'><strong>xandri,</strong></span> <span class='ocrx_word' id='word_1_689' title='bbox 474 5630 595 5680; x_wconf 76' lang='lat' dir='ltr'><strong>pag.</strong></span> <span class='ocrx_word' id='word_1_690' title='bbox 636 5619 720 5672; x_wconf 63' lang='lat' dir='ltr'><strong>9h.</strong></span> 
     </span>
    </p>
   </div>
   <div class='ocr_carea' id='block_1_105' title="bbox 316 5678 1768 5760">
    <p class='ocr_par' dir='ltr' id='par_1_105' title="bbox 316 5678 1768 5760">
     <span class='ocr_line' id='line_1_105' title="bbox 316 5678 1768 5760; baseline 0.002 -21"><span class='ocrx_word' id='word_1_691' title='bbox 316 5678 409 5748; x_wconf 75' lang='lat'><strong>(93)</strong></span> <span class='ocrx_word' id='word_1_692' title='bbox 460 5678 737 5756; x_wconf 82' lang='lat' dir='ltr'><strong>Scaliger.,</strong></span> <span class='ocrx_word' id='word_1_693' title='bbox 794 5688 869 5743; x_wconf 87' lang='lat' dir='ltr'><strong>De</strong></span> <span class='ocrx_word' id='word_1_694' title='bbox 916 5690 1173 5745; x_wconf 79' lang='lat' dir='ltr'><strong>emendat.</strong></span> <span class='ocrx_word' id='word_1_695' title='bbox 1228 5700 1463 5760; x_wconf 89' lang='lat' dir='ltr'><strong>tempor.,</strong></span> <span class='ocrx_word' id='word_1_696' title='bbox 1524 5690 1616 5744; x_wconf 85' lang='lat' dir='ltr'><strong>lib.</strong></span> <span class='ocrx_word' id='word_1_697' title='bbox 1674 5702 1768 5753; x_wconf 73' lang='lat' dir='ltr'><strong>vn,</strong></span> 
     </span>
    </p>
   </div>
   <div class='ocr_carea' id='block_1_106' title="bbox 1872 4710 2379 4831">
    <p class='ocr_par' dir='ltr' id='par_1_106' title="bbox 1872 4710 2379 4831">
     <span class='ocr_line' id='line_1_106' title="bbox 1872 4710 2379 4831; baseline -0.006 -65"><span class='ocrx_word' id='word_1_698' title='bbox 1872 4728 1993 4783; x_wconf 85' lang='lat' dir='ltr'><strong>pag.</strong></span> <span class='ocrx_word' id='word_1_699' title='bbox 2020 4710 2113 4763; x_wconf 77' lang='grc'><strong>721</strong></span> <span class='ocrx_word' id='word_1_700' title='bbox 2152 4721 2203 4763; x_wconf 91' lang='lat' dir='ltr'><strong>et</strong></span> <span class='ocrx_word' id='word_1_701' title='bbox 2232 4725 2379 4831; x_wconf 42' lang='lat' dir='ltr'><strong>seqq).</strong></span> 
     </span>
     <span class='ocr_line' id='line_1_107' title="bbox 1946 4779 2379 4831; baseline -0.002 0"><span class='ocrx_word' id='word_1_702' title='bbox 1946 4780 2057 4831; x_wconf 51' lang='grc' dir='ltr'><strong>(ΜΣ</strong></span> <span class='ocrx_word' id='word_1_703' title='bbox 2090 4779 2293 4831; x_wconf 86' lang='lat' dir='ltr'><strong>Petav..</strong></span> <span class='ocrx_word' id='word_1_704' title='bbox 2374 4806 2379 4830; x_wconf 71' lang='grc' dir='ltr'>ι</span> 
     </span>
    </p>
   </div>
   <div class='ocr_carea' id='block_1_107' title="bbox 1946 4778 3416 4851">
    <p class='ocr_par' dir='ltr' id='par_1_107' title="bbox 1946 4778 3416 4851">
     <span class='ocr_line' id='line_1_108' title="bbox 1946 4778 3416 4851; baseline -0.002 -16"><span class='ocrx_word' id='word_1_705' title='bbox 1946 4778 2057 4851; x_wconf 67' lang='grc' dir='ltr'><strong>(9κὶ)</strong></span> <span class='ocrx_word' id='word_1_706' title='bbox 2083 4779 2293 4851; x_wconf 58' lang='lat' dir='ltr'><strong>fetam,</strong></span> <span class='ocrx_word' id='word_1_707' title='bbox 2329 4778 2399 4851; x_wconf 82' lang='lat' dir='ltr'><strong>De</strong></span> <span class='ocrx_word' id='word_1_708' title='bbox 2428 4778 2670 4851; x_wconf 81' lang='lat' dir='ltr'><strong>doctrina</strong></span> <span class='ocrx_word' id='word_1_709' title='bbox 2700 4790 2942 4849; x_wconf 87' lang='lat' dir='ltr'><strong>tempor.,</strong></span> <span class='ocrx_word' id='word_1_710' title='bbox 2966 4778 3061 4831; x_wconf 92' lang='lat' dir='ltr'><strong>lib.</strong></span> <span class='ocrx_word' id='word_1_711' title='bbox 3086 4795 3145 4844; x_wconf 86' lang='lat' dir='ltr'><strong>ll,</strong></span> <span class='ocrx_word' id='word_1_712' title='bbox 3171 4793 3292 4847; x_wconf 84' lang='lat' dir='ltr'><strong>pag.</strong></span> <span class='ocrx_word' id='word_1_713' title='bbox 3320 4779 3381 4831; x_wconf 76' lang='lat' dir='ltr'><strong>(il</strong></span> <span class='ocrx_word' id='word_1_714' title='bbox 3402 4817 3416 4832; x_wconf 93' lang='lat'><strong>.</strong></span> 
     </span>
    </p>
   </div>
   <div class='ocr_carea' id='block_1_108' title="bbox 1946 4849 2585 4920">
    <p class='ocr_par' dir='ltr' id='par_1_108' title="bbox 1946 4849 2585 4920">
     <span class='ocr_line' id='line_1_109' title="bbox 1946 4849 2585 4920; baseline 0.002 -18"><span class='ocrx_word' id='word_1_715' title='bbox 1946 4849 2056 4920; x_wconf 66' lang='lat'><strong>(91))</strong></span> <span class='ocrx_word' id='word_1_716' title='bbox 2083 4849 2335 4920; x_wconf 65' lang='lat' dir='ltr'><strong>Boeben,</strong></span> <span class='ocrx_word' id='word_1_717' title='bbox 2354 4850 2457 4920; x_wconf 72' lang='lat' dir='ltr'><strong>loc.</strong></span> <span class='ocrx_word' id='word_1_718' title='bbox 2494 4849 2585 4920; x_wconf 86' lang='lat' dir='ltr'><strong>cit.</strong></span> 
     </span>
    </p>
   </div>
   <div class='ocr_carea' id='block_1_109' title="bbox 1944 4914 3416 4991">
    <p class='ocr_par' dir='ltr' id='par_1_109' title="bbox 1944 4914 3416 4991">
     <span class='ocr_line' id='line_1_110' title="bbox 1944 4914 3416 4991; baseline -0.003 -16"><span class='ocrx_word' id='word_1_719' title='bbox 1944 4914 2185 4991; x_wconf 18' lang='lat' dir='ltr'><strong>(‘96)J‘o.</strong></span> <span class='ocrx_word' id='word_1_720' title='bbox 2203 4918 2356 4991; x_wconf 90' lang='lat' dir='ltr'><strong>Dom.</strong></span> <span class='ocrx_word' id='word_1_721' title='bbox 2383 4919 2642 4991; x_wconf 74' lang='lat' dir='ltr'><strong>cassinus</strong></span> <span class='ocrx_word' id='word_1_722' title='bbox 2670 4919 2723 4972; x_wconf 95' lang='lat' dir='ltr'><strong>in</strong></span> <span class='ocrx_word' id='word_1_723' title='bbox 2748 4916 3220 4991; x_wconf 51' lang='lat' dir='ltr'><strong>academiaﬁegia</strong></span> <span class='ocrx_word' id='word_1_724' title='bbox 3241 4914 3416 4991; x_wconf 77' lang='lat' dir='ltr'><strong>Paris.</strong></span> 
     </span>
    </p>
   </div>
   <div class='ocr_carea' id='block_1_110' title="bbox 1876 4986 3423 5057">
    <p class='ocr_par' dir='ltr' id='par_1_110' title="bbox 1876 4986 3423 5057">
     <span class='ocr_line' id='line_1_111' title="bbox 1876 4986 3423 5057; baseline -0.005 -12"><span class='ocrx_word' id='word_1_725' title='bbox 1876 4986 2190 5046; x_wconf 58' lang='lat' dir='ltr'><strong>anno&#39;1696</strong></span> <span class='ocrx_word' id='word_1_726' title='bbox 2229 4989 2725 5043; x_wconf 89' lang='lat' dir='ltr'><strong>animadversiones</strong></span> <span class='ocrx_word' id='word_1_727' title='bbox 2760 5005 2886 5043; x_wconf 90' lang='lat' dir='ltr'><strong>suas</strong></span> <span class='ocrx_word' id='word_1_728' title='bbox 2947 4990 2997 5042; x_wconf 91' lang='lat' dir='ltr'><strong>in</strong></span> <span class='ocrx_word' id='word_1_729' title='bbox 3032 4987 3300 5057; x_wconf 83' lang='lat' dir='ltr'><strong>Hippolyti</strong></span> <span class='ocrx_word' id='word_1_730' title='bbox 3318 4986 3423 5057; x_wconf 63' lang='lat' dir='ltr'><strong>ga-</strong></span> 
     </span>
    </p>
   </div>
   <div class='ocr_carea' id='block_1_111' title="bbox 1876 5054 3420 5126">
    <p class='ocr_par' dir='ltr' id='par_1_111' title="bbox 1876 5054 3420 5126">
     <span class='ocr_line' id='line_1_112' title="bbox 1876 5054 3420 5126; baseline -0.004 -13"><span class='ocrx_word' id='word_1_731' title='bbox 1876 5076 2059 5115; x_wconf 88' lang='lat' dir='ltr'><strong>nonem</strong></span> <span class='ocrx_word' id='word_1_732' title='bbox 2080 5076 2109 5113; x_wconf 92' lang='lat' dir='ltr'><strong>e</strong></span> <span class='ocrx_word' id='word_1_733' title='bbox 2140 5061 2339 5126; x_wconf 90' lang='lat' dir='ltr'><strong>scripto</strong></span> <span class='ocrx_word' id='word_1_734' title='bbox 2367 5059 2629 5123; x_wconf 83' lang='lat' dir='ltr'><strong>recitavit,</strong></span> <span class='ocrx_word' id='word_1_735' title='bbox 2662 5061 2725 5111; x_wconf 88' lang='lat' dir='ltr'><strong>de</strong></span> <span class='ocrx_word' id='word_1_736' title='bbox 2742 5060 2938 5126; x_wconf 89' lang='lat' dir='ltr'><strong>quibus</strong></span> <span class='ocrx_word' id='word_1_737' title='bbox 2972 5054 3280 5111; x_wconf 43' lang='lat' dir='ltr'><strong>vide&#39;Joan.</strong></span> <span class='ocrx_word' id='word_1_738' title='bbox 3318 5054 3420 5108; x_wconf 88' lang='lat' dir='ltr'><strong>Ba-</strong></span> 
     </span>
    </p>
   </div>
   <div class='ocr_carea' id='block_1_112' title="bbox 1875 5126 3419 5201">
    <p class='ocr_par' dir='ltr' id='par_1_112' title="bbox 1875 5126 3419 5201">
     <span class='ocr_line' id='line_1_113' title="bbox 1875 5126 3419 5201; baseline -0.005 -17"><span class='ocrx_word' id='word_1_739' title='bbox 1875 5133 2091 5201; x_wconf 88' lang='lat' dir='ltr'><strong>ptistam</strong></span> <span class='ocrx_word' id='word_1_740' title='bbox 2120 5130 2189 5201; x_wconf 88' lang='lat' dir='ltr'><strong>du</strong></span> <span class='ocrx_word' id='word_1_741' title='bbox 2218 5126 2405 5183; x_wconf 85' lang='lat' dir='ltr'><strong>Hamel</strong></span> <span class='ocrx_word' id='word_1_742' title='bbox 2435 5129 2487 5181; x_wconf 89' lang='lat' dir='ltr'><strong>in</strong></span> <span class='ocrx_word' id='word_1_743' title='bbox 2538 5128 2709 5201; x_wconf 60' lang='lat' dir='ltr'><strong>Regiis</strong></span> <span class='ocrx_word' id='word_1_744' title='bbox 2760 5130 3094 5201; x_wconf 81' lang='lat' dir='ltr'><strong>scientiarum</strong></span> <span class='ocrx_word' id='word_1_745' title='bbox 3124 5126 3419 5201; x_wconf 59' lang='lat' dir='ltr'><strong>pendentia:</strong></span> 
     </span>
    </p>
   </div>
   <div class='ocr_carea' id='block_1_113' title="bbox 1879 5194 3416 5267">
    <p class='ocr_par' dir='ltr' id='par_1_113' title="bbox 1879 5194 3416 5267">
     <span class='ocr_line' id='line_1_114' title="bbox 1879 5194 3416 5267; baseline -0.005 -13"><span class='ocrx_word' id='word_1_746' title='bbox 1879 5194 2138 5263; x_wconf 70' lang='lat' dir='ltr'><strong>Historia,</strong></span> <span class='ocrx_word' id='word_1_747' title='bbox 2175 5200 2266 5253; x_wconf 90' lang='lat' dir='ltr'><strong>lib.</strong></span> <span class='ocrx_word' id='word_1_748' title='bbox 2326 5215 2397 5261; x_wconf 77' lang='lat' dir='ltr'><strong>tv,</strong></span> <span class='ocrx_word' id='word_1_749' title='bbox 2456 5214 2572 5267; x_wconf 83' lang='lat' dir='ltr'><strong>pag.</strong></span> <span class='ocrx_word' id='word_1_750' title='bbox 2613 5194 2715 5249; x_wconf 58' lang='lat' dir='ltr'><strong>lli</strong></span> <span class='ocrx_word' id='word_1_751' title='bbox 2763 5214 2875 5265; x_wconf 89' lang='lat' dir='ltr'><strong>seq.</strong></span> <span class='ocrx_word' id='word_1_752' title='bbox 2904 5194 3416 5267; x_wconf 6' lang='lat' dir='ltr'><strong>iAdeundusgetiatn</strong></span> 
     </span>
    </p>
   </div>
   <div class='ocr_carea' id='block_1_114' title="bbox 1876 5265 3415 5335">
    <p class='ocr_par' dir='ltr' id='par_1_114' title="bbox 1876 5265 3415 5335">
     <span class='ocr_line' id='line_1_115' title="bbox 1876 5265 3415 5335; baseline -0.006 -9"><span class='ocrx_word' id='word_1_753' title='bbox 1876 5272 2122 5325; x_wconf 67' lang='lat' dir='ltr'><strong>Norisius</strong></span> <span class='ocrx_word' id='word_1_754' title='bbox 2152 5270 2427 5324; x_wconf 82' lang='lat' dir='ltr'><strong>dissertat.</strong></span> <span class='ocrx_word' id='word_1_755' title='bbox 2452 5270 2486 5321; x_wconf 72' lang='grc'>2</span> <span class='ocrx_word' id='word_1_756' title='bbox 2529 5265 2614 5320; x_wconf 67' lang='grc' dir='ltr'><strong>’ὓε</strong></span> <span class='ocrx_word' id='word_1_757' title='bbox 2652 5268 2854 5335; x_wconf 83' lang='lat' dir='ltr'><strong>epochis</strong></span> <span class='ocrx_word' id='word_1_758' title='bbox 2887 5265 3415 5335; x_wconf 81' lang='lat' dir='ltr'><strong>Syro-Macedonum,</strong></span> 
     </span>
    </p>
   </div>
   <div class='ocr_carea' id='block_1_115' title="bbox 1875 5335 3419 5409">
    <p class='ocr_par' dir='ltr' id='par_1_115' title="bbox 1875 5335 3419 5409">
     <span class='ocr_line' id='line_1_116' title="bbox 1875 5335 3419 5409; baseline -0.004 -15"><span class='ocrx_word' id='word_1_759' title='bbox 1875 5358 1927 5409; x_wconf 90' lang='lat' dir='ltr'><strong>p.</strong></span> <span class='ocrx_word' id='word_1_760' title='bbox 1966 5340 2239 5399; x_wconf 78' lang='lat' dir='ltr'><strong>il7-il9;</strong></span> <span class='ocrx_word' id='word_1_761' title='bbox 2278 5340 2544 5409; x_wconf 68' lang='lat' dir='ltr'><strong>Antonius</strong></span> <span class='ocrx_word' id='word_1_762' title='bbox 2590 5336 3165 5409; x_wconf 9' lang='lat' dir='ltr'><strong>Pagi_(.&#39;rit.;rAnnnl.</strong></span> <span class='ocrx_word' id='word_1_763' title='bbox 3201 5335 3419 5409; x_wconf 79' lang='lat' dir='ltr'><strong>Baronii</strong></span> 
     </span>
    </p>
   </div>
   <div class='ocr_carea' id='block_1_116' title="bbox 1876 5404 3416 5473">
    <p class='ocr_par' dir='ltr' id='par_1_116' title="bbox 1876 5404 3416 5473">
     <span class='ocr_line' id='line_1_117' title="bbox 1876 5404 3416 5473; baseline -0.004 -10"><span class='ocrx_word' id='word_1_764' title='bbox 1876 5404 1940 5463; x_wconf 77' lang='lat' dir='ltr'><strong>ad</strong></span> <span class='ocrx_word' id='word_1_765' title='bbox 1973 5425 2170 5463; x_wconf 89' lang='lat' dir='ltr'><strong>annum</strong></span> <span class='ocrx_word' id='word_1_766' title='bbox 2200 5410 2326 5469; x_wconf 69' lang='lat'><strong>229.,</strong></span> <span class='ocrx_word' id='word_1_767' title='bbox 2362 5416 2415 5461; x_wconf 88' lang='lat' dir='ltr'><strong>et</strong></span> <span class='ocrx_word' id='word_1_768' title='bbox 2459 5408 2675 5461; x_wconf 85' lang='lat' dir='ltr'><strong>Samuel</strong></span> <span class='ocrx_word' id='word_1_769' title='bbox 2726 5404 3024 5473; x_wconf 77' lang='lat' dir='ltr'><strong>Basuagius</strong></span> <span class='ocrx_word' id='word_1_770' title='bbox 3057 5407 3121 5459; x_wconf 90' lang='lat' dir='ltr'><strong>ad</strong></span> <span class='ocrx_word' id='word_1_771' title='bbox 3171 5405 3416 5460; x_wconf 87' lang='lat' dir='ltr'><strong>eumdem</strong></span> 
     </span>
    </p>
   </div>
   <div class='ocr_carea' id='block_1_117' title="bbox 1875 5472 3423 5545">
    <p class='ocr_par' dir='ltr' id='par_1_117' title="bbox 1875 5472 3423 5545">
     <span class='ocr_line' id='line_1_118' title="bbox 1875 5472 3423 5545; baseline -0.003 -13"><span class='ocrx_word' id='word_1_772' title='bbox 1875 5495 2109 5541; x_wconf 87' lang='lat' dir='ltr'><strong>annum;</strong></span> <span class='ocrx_word' id='word_1_773' title='bbox 2168 5478 2383 5531; x_wconf 90' lang='lat' dir='ltr'><strong>Samuel</strong></span> <span class='ocrx_word' id='word_1_774' title='bbox 2429 5477 2664 5537; x_wconf 86' lang='lat' dir='ltr'><strong>Petitus;</strong></span> <span class='ocrx_word' id='word_1_775' title='bbox 2710 5472 3012 5543; x_wconf 81' lang='lat' dir='ltr'><strong>Stephanus</strong></span> <span class='ocrx_word' id='word_1_776' title='bbox 3050 5477 3097 5529; x_wconf 90' lang='lat' dir='ltr'><strong>le</strong></span> <span class='ocrx_word' id='word_1_777' title='bbox 3130 5476 3337 5545; x_wconf 82' lang='lat' dir='ltr'><strong>Moyne,</strong></span> <span class='ocrx_word' id='word_1_778' title='bbox 3369 5484 3423 5527; x_wconf 82' lang='lat' dir='ltr'><strong>et</strong></span> 
     </span>
    </p>
   </div>
   <div class='ocr_carea' id='block_1_118' title="bbox 1874 5545 3425 5617">
    <p class='ocr_par' dir='ltr' id='par_1_118' title="bbox 1874 5545 3425 5617">
     <span class='ocr_line' id='line_1_119' title="bbox 1874 5545 3425 5617; baseline -0.001 -17"><span class='ocrx_word' id='word_1_779' title='bbox 1874 5548 2321 5617; x_wconf 62' lang='lat' dir='ltr'><strong>prteclarissimus</strong></span> <span class='ocrx_word' id='word_1_780' title='bbox 2390 5546 2692 5617; x_wconf 83' lang='lat' dir='ltr'><strong>Stephanus</strong></span> <span class='ocrx_word' id='word_1_781' title='bbox 2730 5545 3009 5617; x_wconf 62' lang='grc' dir='ltr'><strong>ΔΕνρεηιιεῑ</strong></span> <span class='ocrx_word' id='word_1_782' title='bbox 3089 5547 3425 5617; x_wconf 81' lang='lat' dir='ltr'><strong>Assetnanus</strong></span> 
     </span>
    </p>
   </div>
   <div class='ocr_carea' id='block_1_119' title="bbox 1876 5613 3421 5687">
    <p class='ocr_par' dir='ltr' id='par_1_119' title="bbox 1876 5613 3421 5687">
     <span class='ocr_line' id='line_1_120' title="bbox 1876 5613 3421 5687; baseline 0.001 -19"><span class='ocrx_word' id='word_1_783' title='bbox 1876 5613 2307 5687; x_wconf 66' lang='lat' dir='ltr'><strong>archiepiscopus</strong></span> <span class='ocrx_word' id='word_1_784' title='bbox 2341 5613 2612 5684; x_wconf 68' lang='lat' dir='ltr'><strong>Apameae,</strong></span> <span class='ocrx_word' id='word_1_785' title='bbox 2646 5613 2707 5687; x_wconf 75' lang='lat' dir='ltr'><strong>in</strong></span> <span class='ocrx_word' id='word_1_786' title='bbox 2728 5613 3042 5687; x_wconf 63' lang='lat' dir='ltr'><strong>Priel‘atione</strong></span> <span class='ocrx_word' id='word_1_787' title='bbox 3090 5616 3324 5683; x_wconf 74' lang='lat' dir='ltr'><strong>generali</strong></span> <span class='ocrx_word' id='word_1_788' title='bbox 3352 5617 3421 5670; x_wconf 79' lang='lat' dir='ltr'><strong>ad</strong></span> 
     </span>
    </p>
   </div>
   <div class='ocr_carea' id='block_1_120' title="bbox 1875 5684 3280 5757">
    <p class='ocr_par' dir='ltr' id='par_1_120' title="bbox 1875 5684 3280 5757">
     <span class='ocr_line' id='line_1_121' title="bbox 1875 5684 3280 5757; baseline -0.002 -16"><span class='ocrx_word' id='word_1_789' title='bbox 1875 5684 2184 5757; x_wconf 68' lang='lat' dir='ltr'><strong>Cataloyum</strong></span> <span class='ocrx_word' id='word_1_790' title='bbox 2216 5684 2459 5741; x_wconf 65' lang='lat' dir='ltr'><strong>codicum</strong></span> <span class='ocrx_word' id='word_1_791' title='bbox 2486 5699 2609 5737; x_wconf 84' lang='lat' dir='ltr'><strong>mss.</strong></span> <span class='ocrx_word' id='word_1_792' title='bbox 2638 5684 2958 5742; x_wconf 69' lang='lat' dir='ltr'><strong>bibliothecae</strong></span> <span class='ocrx_word' id='word_1_793' title='bbox 2995 5684 3280 5742; x_wconf 80' lang='lat' dir='ltr'><strong>Vaticnna&#39;.</strong></span> 
     </span>
    </p>
   </div>
  </div>
