3950 6210
1495 242 1583 298 DE
1624 243 1785 300 VITA
1817 244 1905 299 ΒΤ
1941 243 2182 300 SCRIP'I'
2191 244 2253 299 IS
2287 244 2343 299 8.
2387 241 2765 301 HIPPOLYTI.

3601 245 3691 298 5η

518 360 862 416 Blancliinius
894 361 1031 429 (97),
1082 363 1371 418 luculenter
1403 364 1762 418 illustrarunt.
1811 362 2082 419 Hactenus
2112 370 2154 423 A
2183 372 2376 433 quarta
2397 364 2607 419 decima
2629 363 2757 417 luna
2779 357 2996 416 evenire
3022 356 3227 426 possit;
3255 356 3510 411 revolutio
3528 361 3695 414 sexde-

520 450 766 505 eru‘ditus
796 450 1100 523 Vignolius.

589 543 943 600 Occasionem
975 545 1245 601 scribendi
1277 544 1508 600 Cononis
1536 547 1650 602 sive
1695 547 1843 617 Cycli
1862 547 2083 615 pascha-

521 634 613 698 lis,
682 636 868 705 judice
926 636 1169 706 Basnage
1221 635 1367 704 (98),
1426 637 1516 692 cui
1568 637 1859 693 subscribit
1927 637 2080 690 Remi

518 727 738 783 Ceillier
770 727 907 795 (99),
932 728 1160 799 prtebuit
1185 726 1242 781 8.
1275 726 1562 799 Hippolyto
1612 729 1976 784 controversia
1999 728 2083 781 in-

517 822 603 874 ter
627 818 921 882 Ecclesias,
970 818 1038 874 de
1088 818 1177 874 die
1229 819 1537 874 celebrandi
1568 818 1851 875 Paschatis
1895 819 1986 873 diu
2015 834 2082 874 ea

518 914 932 982 tetateagitata,
962 911 1106 979 quod
1129 912 1257 966 luna
1290 911 1500 966 decima
1528 920 1723 982 quarta
1773 910 1998 976 mensis,
2028 910 2081 963 in

525 1020 906 1074 quemcunque
932 1006 1149 1061 demum
1202 1003 1558 1059 hebdomadis
1601 1003 1744 1058 diem
1799 1003 2079 1064 incideret,

519 1106 671 1145 more
721 1088 946 1147 Judaieo
996 1090 1182 1146 Asiani
1236 1091 1629 1146 celebrabant:
1686 1107 1809 1146 cum
1861 1102 2080 1146 econtra

521 1178 715 1234 Latina
746 1180 989 1236 Ecclesia
1014 1197 1138 1237 cum
1177 1181 1299 1237 aliis
1348 1182 1605 1237 omnibus
1647 1180 1905 1237 Ecclesiis
1937 1181 2078 1235 diem

520 1269 861 1326 Dominicum
884 1272 1055 1326 ﬁxum
1082 1272 1362 1328 baberent.

592 1362 860 1418 Caeterum
896 1363 1034 1418 bene
1071 1364 1363 1419 observant
1419 1362 1651 1418 Maurini
1697 1362 1892 1427 nostri,
1935 1362 2081 1417 hunc

519 1456 728 1526 cyclum
755 1455 1029 1511 sexdecim
1058 1470 1322 1511 annorum
1355 1463 1559 1524 partem
1589 1462 1918 1509 constituere
1944 1453 2081 1507 duo-

520 1563 641 1601 rum
686 1548 769 1602 vel
800 1548 963 1603 trium
1017 1548 1247 1603 aliorum
1296 1546 1682 1617 opusculorum
1722 1543 1779 1598 8.
1812 1542 2078 1619 Hippolyti

518 1636 586 1692 de
605 1635 870 1692 Paschate
920 1635 1020 1705 (I),
1069 1637 1138 1692 de
1187 1637 1387 1706 quibus
1431 1636 1593 1705 paulo
1633 1634 1860 1691 inferius
1901 1652 2079 1692 sermo

2182 456 2288 509 eim
2322 471 2589 511 annorum
2624 454 2823 523 septies
2880 452 2936 505 in
2970 464 3030 505 se
3078 450 3261 512 ducta,
3302 450 3605 504 determinat
3631 449 3697 504 le-

2182 558 2327 602 stum
2361 547 2643 603 Paschalis
2689 561 2788 616 pro
2817 555 3034 599 centum
3064 552 3118 597 et
3161 542 3438 597 duodecim
3462 542 3627 606 annis,
3650 542 3695 597 id

2183 647 2268 693 est
2300 653 2332 693 a
2375 639 2551 708 ptimo
2580 653 2724 692 anno
2750 635 3041 690 Alexandri
3098 632 3304 696 Severi,
3339 633 3429 702 qui
3476 635 3698 701 congruit

2181 747 2304 785 eum
2337 746 2485 786 anno
2507 730 2613 784 222
2637 728 2768 784 Jesu
2811 728 3035 793 Christi,
3070 741 3243 796 usque
3271 726 3337 780 ad
3369 740 3560 779 annum
3589 724 3693 779 535.

2182 821 2259 876 Ex
2289 823 2449 877 titulo
2493 823 2720 877 exordio
2793 820 2941 892 Cycli
2991 818 3256 891 paschalis
3312 815 3525 885 prtelixo
3570 827 3699 870 extra

2180 914 2539 971 dubitationis
2562 915 2734 968 aleam
2764 922 2985 982 ponitur
3013 911 3228 966 initium
3260 908 3466 976 imperii
3491 906 3697 961 Alexan-

2180 1003 2264 1057 dri
2310 1002 2495 1058 Severi
2547 1018 2691 1058 anno
2739 1002 2867 1065 222,
2916 1017 2981 1056 ex
3018 1017 3128 1072 quo
3171 997 3541 1069 potentissimo
3562 1012 3701 1067 argu-

2181 1102 2361 1147 mento
2394 1091 2613 1147 Baronii
2670 1090 3025 1161 chronologia
3068 1097 3123 1144 et
3171 1086 3439 1156 Onuphrii
3470 1085 3702 1140 refellitur

2181 1193 2342 1254 atque
2373 1184 2685 1253 corrigitur.
2738 1182 2832 1239 Ille
2882 1198 3006 1238 cum
3051 1197 3197 1236 anno
3242 1177 3455 1234 Domini
3486 1177 3603 1242 224,
3629 1176 3702 1231 hic

2180 1290 2303 1329 cum
2329 1274 2437 1329 223
2465 1275 2699 1344 primum
2744 1273 3037 1329 Alexandri
3084 1270 3325 1341 copulat.
3353 1268 3469 1323 Jam
3498 1283 3615 1321 vero
3655 1268 3701 1321 in

2180 1363 2358 1431 primo
2411 1363 2705 1419 Alexandri
2764 1362 3104 1433 imperatoris
3150 1376 3320 1425 anno,
3347 1359 3540 1430 Aprilis
3579 1358 3703 1415 deci-

2182 1469 2304 1509 mus
2342 1457 2536 1511 tertius
2568 1455 2718 1511 feria:
2764 1470 2841 1509 vu
2886 1454 3214 1521 cohaerebat,
3268 1462 3405 1507 teste
3461 1450 3702 1522 Hippolyti

2182 1544 2412 1606 Conone,
2453 1560 2617 1610 quam
2653 1544 2855 1601 frustra
2885 1545 3076 1600 feriam
3122 1544 3419 1612 quaerimus
3450 1558 3583 1597 anno
3609 1543 3704 1598 sive

2178 1637 2305 1704 225,
2335 1638 2449 1693 sive
2473 1638 2596 1692 224.
2632 1639 2759 1693 Idus
2808 1638 3018 1708 Apriles
3063 1637 3115 1691 in
3154 1637 3387 1707 primam
3435 1633 3610 1689 feriam
3636 1635 3705 1687 in-

519 1729 737 1784 redibit.
764 1728 841 1783 Ex
873 1702 1093 1785 Eusebii
1131 1702 1348 1798 quoque
1379 1702 1557 1783 verbis
1586 1730 1941 1797 sequentibus
1962 1727 2074 1797 (2):
2110 1702 2149 1757 Β
2178 1702 2366 1783 cidunt
2397 1744 2541 1784 anno
2579 1729 2703 1796 225,
2734 1702 2870 1800 quia
2892 1729 3069 1784 littera
3099 1702 3456 1783 Dominicalis
3488 1724 3547 1792 E,
3590 1741 3700 1795 epa-

521 1818 720 1875 Eodem
751 1830 977 1890 tempore
994 1828 1045 1874 et
1080 1816 1401 1889 Hippolytus
1429 1818 1568 1872 inter
1600 1817 1831 1887 plurima
1853 1819 1963 1872 alia
1993 1820 2076 1871 in-

519 1914 657 1985 genii
692 1914 774 1966 sui
806 1921 1139 1967 monumenta
1180 1912 1372 1965 librum
1413 1912 1478 1966 de
1504 1896 1716 1967 Pascha
1748 1912 2075 1982 composuit;

448 2046 455 2059 ι
519 2008 575 2060 in
602 2022 704 2076 quo
730 2016 1020 2074 temporum
1040 2005 1226 2059 seriem
1266 2004 1582 2068 describens,
1613 2020 1863 2057 canonem
1904 2019 2080 2074 quem-

519 2098 643 2150 dam
693 2096 991 2166 paschalem
1042 2112 1134 2165 per
1181 2095 1441 2150 sexdecim
1492 2111 1750 2149 annorum
1798 2095 2078 2148 circuitum

517 2187 782 2254 exhibens,
808 2203 946 2241 anno
968 2188 1139 2255 primo
1191 2187 1523 2256 imperatoris
1551 2184 1840 2240 Alexandri
1866 2201 2079 2255 compu-

520 2279 768 2334 tationem
799 2286 1087 2346 tentpurum
1118 2276 1498 2331 circumscribit
1524 2291 1543 2340 ,'
1591 2275 1703 2345 jam
1734 2275 1951 2343 collegit
1980 2275 2079 2329 do-

521 2368 805 2424 ctissimus
850 2367 1138 2422 Fabricius
1190 2367 1291 2440 (5),
1358 2366 1485 2421 inde
1526 2380 1787 2436 apparere
1812 2365 2077 2420 Cononem

521 2464 669 2519 hunc
698 2461 870 2518 fuisse
897 2461 1197 2517 clausulam
1253 2460 1434 2530 operis
1471 2457 1549 2514 De
1575 2457 1854 2522 Paschate,
1887 2459 1942 2512 in
1968 2473 2079 2527 quo

518 2566 763 2626 tempora
800 2554 1124 2626 Hippolytus
1171 2553 1470 2625 digesserat
1513 2565 1687 2621 usque
1738 2550 1804 2605 ad
1842 2549 2077 2620 primum

520 2646 1063 2703 Alexandri-Severi
1092 2660 1296 2701 annum
1325 2685 1340 2708 ,
1396 2662 1424 2699 a
1481 2658 1591 2714 quo
1634 2643 1816 2698 Conon
1870 2641 2077 2711 incipit.

519 2739 664 2795 Idem
692 2740 750 2795 8.
784 2738 1054 2811 Hippolyti
1081 2737 1289 2810 cyclus,
1340 2745 1477 2793 teste
1510 2735 1574 2790 D.
1622 2734 1949 2806 Hieronymo
1980 2734 2079 2803 (i),

519 2832 864 2889 occasionem
924 2832 1156 2901 praebuit
1203 2829 1435 2885 Eusebio
1490 2829 1657 2883 alium
1711 2826 2079 2883 novemdecim

518 2941 785 2982 annorum
811 2924 1149 2981 conﬁciendi.
1176 2922 1461 2978 Anatolius
1505 2919 1845 2974 Laodicenus
1875 2918 2084 2987 episco-

2177 1830 2261 1876 cta
2287 1821 2481 1876 solaris
2502 1821 2569 1887 5;
2597 1837 2740 1877 anno
2759 1835 2888 1876 vero
2909 1821 3035 1886 224,
3060 1821 3156 1891 qui
3179 1828 3266 1876 est
3284 1819 3583 1885 bissextilis,
3599 1816 3704 1872 ldus

2174 1912 2406 1982 Apriles,
2428 1913 2494 1968 ad
2526 1912 2716 1968 feriam
2765 1914 2979 1968 tertiam
3023 1914 3320 1984 pertinent,
3342 1912 3638 1983 jubentibus
3660 1922 3706 1963 et

2177 2006 2372 2060 litteris
2403 2004 2830 2061 Dominiealibus
2855 2004 2920 2070 ι),
2954 2004 3019 2072 C,
3042 2015 3096 2060 et
3121 2006 3332 2077 epactis
3372 2005 3624 2061 solaribns
3656 2004 3702 2067 ι,

2177 2096 2230 2150 5.
2263 2095 2330 2149 Ει
2359 2111 2491 2152 sane
2516 2095 2573 2151 S.
2600 2095 2920 2167 Hippolytus
2956 2096 3167 2159 scribit,
3212 2095 3361 2167 quod
3391 2095 3559 2166 primo
3583 2110 3704 2148 anno

2178 2189 2394 2259 imperii
2423 2189 2714 2245 Alexandri
2748 2189 2878 2244 luna
2936 2189 3149 2245 decima
3182 2198 3381 2260 quarta
3414 2189 3469 2243 in
3498 2185 3705 2244 Ssbbato

2177 2281 2485 2351 contigerit,
2519 2281 2613 2351 qui
2637 2279 2740 2335 fuit
2768 2280 2895 2337 Idus
2942 2281 3242 2350 Aprilium,
3286 2280 3338 2335 id
3380 2289 3462 2336 est
3496 2280 3709 2335 decimus

2178 2373 2368 2429 tertius
2393 2374 2597 2429 mensis
2619 2372 2820 2443 Aprilis
2846 2371 2945 2441 (8).
2973 2370 3091 2426 Jam
3114 2388 3259 2428 vero
3280 2381 3481 2428 certum
3511 2382 3587 2427 est
3604 2371 3707 2426 Idus

2176 2465 2466 2535 Aprilium,
2498 2480 2594 2521 seu
2630 2464 2901 2519 decimum
2939 2466 3158 2518 tertium
3193 2464 3369 2533 liujus
3401 2464 3592 2519 mensis
3616 2477 3705 2517 non

2178 2556 2437 2613 incidisse
2469 2557 2525 2610 in
2555 2554 2852 2611 Sabbatum
2884 2555 2987 2611 nisi
3025 2556 3184 2611 annis
3244 2555 3373 2620 2l6,
3399 2554 3503 2611 222
3526 2564 3577 2609 et
3598 2555 3705 2609 23L

2177 2648 2475 2705 Observatu
2517 2648 2592 2703 ita
2643 2647 2868 2718 dignum
2931 2656 3014 2702 est
3072 2647 3125 2700 in
3176 2646 3293 2704 hac
3352 2647 3705 2715 inscriptione:

2180 2743 2233 2797 1ο
2262 2742 2410 2813 quod
2460 2740 2519 2796 S.
2568 2739 2887 2812 Hippolytus
2942 2740 3116 2809 primo
3175 2749 3310 2809 post
3360 2739 3618 2796 Paschatis
3643 2736 3707 2792 le-

2180 2844 2324 2891 stnm
2357 2834 2591 2905 primum
2624 2832 2902 2903 regiminis
2928 2832 3233 2887 Alexandri
3293 2833 3505 2889 inchoet
3534 2844 3706 2884 annum

2182 2928 2258 2998 (9)
2285 2945 2300 2993 ;
2342 2927 2401 2981 2°
2424 2930 2569 2998 quod
2602 2926 2704 2981 hoc
2727 2940 2871 2980 anno
2899 2925 3099 2980 mensis
3144 2925 3355 2994 Aprilis
3387 2924 3545 2980 fuerit
3565 2924 3706 2978 inter-

521 3034 622 3087 pus
652 3017 708 3072 in
744 3015 937 3088 Syria,
985 3015 1081 3085 qui
1137 3014 1386 3070 eumdem
1443 3014 1653 3084 cyclum
1703 3011 2077 3083 Hippolyleum
2108 3037 2149 3093 C
2182 3022 2378 3077 calaris
2436 3019 2589 3090 (I0);
2655 3018 2711 3073 5°
2761 3018 2903 3089 quod
2952 3017 3113 3073 linem
3154 3017 3429 3088 jejunium
3490 3016 3708 3087 paschale

519 3107 751 3171 viderat,
775 3106 974 3162 fatetur
1002 3105 1145 3175 quod
1180 3104 1239 3161 8.
1270 3103 1591 3175 Hippolytus
1617 3119 1726 3158 non
1774 3113 1951 3159 certas
1982 3118 2080 3173 pro

518 3198 932 3256 determinando
985 3196 1254 3252 Paschate
1304 3195 1521 3265 regulas
1558 3194 1843 3250 tradiderit
1892 3194 1991 3262 (5).
2019 3192 2076 3247 8.

522 3291 762 3347 Isidorus
785 3289 1119 3360 Hispalensis
1143 3287 1433 3359 epis'copus
1457 3287 1533 3341 ait
1553 3286 1631 3357 (6)
1652 3285 1888 3356 primum
1915 3284 2082 3341 fuisse

521 3382 582 3439 8.
638 3382 979 3454 Hippolytum
1039 3389 1310 3445 nostrum,
1365 3378 1458 3448 qui
1503 3378 1714 3449 cyclum
1771 3377 2079 3447 pasehalem

520 3473 813 3531 confecerit
835 3491 851 3541 ;
876 3483 1059 3543 atque,
1077 3471 1260 3541 judice
1297 3469 1702 3541 sapientissimo
1726 3479 1779 3524 et
1808 3468 2081 3524 indelesso

519 3565 864 3637 antiquitatis
890 3572 1193 3621 scrutatore
1223 3563 1587 3630 Tillemontio,
1609 3562 1960 3633 Hippolyteus
1986 3577 2079 3632 cy-

521 3661 639 3716 c-Ius
669 3660 914 3716 omnium
941 3660 1349 3715 vetustissimus
1380 3658 1608 3714 habetur
1631 3656 1731 3725 (7).

825 3750 853 3823 ς
882 3751 945 3806 ll.
1004 3751 1250 3821 Analysis
1280 3750 1428 3821 Cycli
1458 3748 1779 3820 Hippolytei.

594 3841 649 3896 In
684 3842 822 3897 duas
863 3851 1046 3914 partes
1095 3842 1304 3897 divisus
1346 3851 1431 3897 est
1494 3840 1683 3911 Cyclas
1724 3838 1989 3910 paschalis
2020 3838 2077 3894 8.

522 3933 816 4007 Hippolyti.
855 3933 912 3989 In
962 3935 1134 4006 prima
1180 3943 1335 4005 parte
1366 3943 1589 3989 sanctus
1644 3932 1964 4004 Hippolytus
1995 3932 2084 3985 de-

521 4022 721 4091 signat,
751 4022 806 4077 in
834 4022 1035 4092 quibus
1077 4022 1271 4078 diebus
1296 4021 1566 4078 mensium
1597 4020 1775 4076 Martii
1803 4030 1858 4076 et
1880 4020 2081 4091 Aprilis

591 4260 704 4332 (9'7)
714 4258 1052 4332 ABlanchin“
1081 4256 1351 4332 Diatriba,
1363 4274 1470 4329 qua
1483 4256 2079 4332 _Canonem_paschalem

520 4318 668 4413 inme
689 4318 979 4413 'Sgaligerp
1029 4318 1084 4385 et
1111 4318 1979 4413 Puclierié’tpinus“intellectum

2182 3113 2432 3169 habuerit
2462 3111 2744 3166 Dominica
2771 3111 2860 3165 die
2885 3109 3167 3164 Paschatis
3193 3110 3317 3181 (ll)
3343 3129 3357 3178 ;
3388 3110 3443 3163 4ο
3482 3108 3612 3179 quod
3638 3123 3709 3177 cy-

2180 3207 2298 3261 clus
2335 3205 2609 3276 paschalis
2641 3202 2699 3259 8.
2759 3202 3029 3273 Hippolyti
3063 3218 3170 3257 non
3222 3205 3300 3259 sit
3343 3205 3549 3273 penitus
3585 3202 3707 3256 illius

2182 3298 2494 3364 inventum,
2557 3296 2651 3352 sed
2710 3296 2854 3365 quod
2907 3304 3168 3364 sequatur
3216 3296 3413 3365 praxin
3449 3294 3556 3366 jam
3604 3302 3708 3348 ante

2183 3392 2357 3462 ipsum
2390 3389 2682 3444 stabilitam
2717 3387 2848 3456 (I2).

2252 3481 2311 3536 In
2349 3480 2584 3536 secunda
2630 3488 2781 3549 parte
2825 3477 3023 3532 iudicat
3070 3476 3185 3532 dies
3221 3478 3424 3548 quibus
3458 3477 3707 3533 celebran-

2181 3574 2309 3629 dum
2358 3582 2442 3628 est
2490 3571 2720 3627 Pascha.
2771 3569 2885 3625 Hoc
2916 3568 3113 3624 festum
3157 3585 3380 3641 semper
3413 3578 3614 3625 notatur
3637 3566 3710 3621 die

2187 3669 2483 3725 Dominica.
2517 3665 2748 3734 Quando
2792 3666 2919 3720 luna
2964 3664 3175 3719 decima
3216 3674 3412 3733 quarta
3456 3663 3628 3719 incidit
3665 3661 3708 3713 in

2185 3761 2499 3826 Sabbatum,
2543 3757 2750 3813 Pascha
2790 3756 3167 3811 celebrandum
3197 3772 3310 3811 non
3350 3765 3431 3811 est
3463 3752 3709 3809 Dominim

2184 3852 2449 3923 sequenti,
2486 3865 2607 3921 quae
2629 3858 2712 3903 est
2738 3848 2947 3903 decima
2976 3847 3163 3917 quinta
3190 3847 3357 3913 lunae,
3382 3846 3473 3903 sed
3506 3843 3710 3901 transle~

2183 3943 2412 3998 rendam
2442 3950 2525 3997 est
2553 3940 2618 3995 ad
2647 3938 2981 3994 Dominicam
3009 3947 3132 4007 post
3160 3942 3322 4004 hanc,
3355 3938 3406 3993 id
3432 3946 3530 4001 est,
3556 3934 3618 3989 ad
3641 3932 3710 3984 vi-

2184 4022 2438 4092 cesimam
2467 4032 2757 4091 secundam
2784 4032 2925 4086 luna:
2949 4030 3111 4085 diem.
3143 4029 3305 4086 Ratio
3326 4029 3485 4100 hujus
3512 4036 3712 4099 praxeos

2256 4256 2331 4324 (6)
2384 4252 2743 4326 rl’ascbalem
2768 4240 3015 4326 Δᾷειλεὶιιιη
3077 4250 3400 4326 Hippolytus
3454 4249 3713 4326 episcopus

2189 4322 2522 4395 temporibus
2542 4322 2835 4395 Alexandri
2868 4324 3205 4395 imperatoris
3264 4322 3471 4395 primus
3495 4322 3713 4395 conscri-

521 4372 1084 4457 ἱὶἱέἱῖοῖᾰὲἱέἓῖἒὲίὶηέἶ
1111 4372 1979 4470 ita;t3q3:"i:.i{.i;“ra:.1:.;'
2014 4372 2081 4452 ii.
2114 4372 2158 4425 θ
2187 4372 2605 4470 ίέεὶζί»”]ξῇἇὲἱέ.“ζ
2616 4372 2835 4470 ’1ἷῦξῇςῖ
2868 4372 3607 4470 ᾙὲεᾷεῆἇήέξ-εὲρζἶδξῃς.
3634 4384 3709 4437 77.

522 4471 604 4539 bri
653 4481 774 4524 est:
833 4470 903 4523 De
955 4469 1271 4539 Calendario
1315 4479 1365 4523 et
1406 4468 1564 4539 Cyrlo
1606 4468 1858 4539 Ctesaris,
1908 4485 1972 4521 ac
2019 4470 2084 4522 de

525 4537 777 4610 Paschali
807 4540 1015 4610 Canone
1048 4538 1106 4593 S.
1137 4534 1409 4610 Hippolyti
1428 4534 1675 4609 martyris
1692 4537 2083 4610 dissertationes

522 4609 662 4669 dum,
705 4611 772 4680 ad
804 4609 1114 4680 Clementem
1146 4609 1228 4663 XI
1261 4609 1556 4680 pontiﬁcem
1592 4609 1901 4680 maximum.

599 4679 992 4803 (θὸὲὸῐξειςηειεη
1048 4676 1435 4750 Αηηαιζροιίι.
1486 4680 1639 4744 eccl.,
1689 4679 1754 4733 ad
1785 4695 1913 4733 ann.
1944 4676 2075 4743 222,

599 4768 644 4803 ιι.
793 4789 807 4802 .

525 4815 539 4818 ’
596 4815 705 4887 (99)
740 4815 1151 4884 RemiCeillier,
1186 4817 1330 4873 Hist.
1357 4821 1529 4888 génér.
1558 4819 1906 4885 des-autcum,
1949 4826 2079 4872 tom.

522 4887 589 4941 ll-
640 4906 758 4941 nan.
791 4888 916 4941 352.

575 4936 589 4952 ,
640 4907 758 4952 pag.
792 4907 916 4941 οη.

640 4906 758 4959 pag.
792 4906 916 4941 οη.

595 4959 871 5083 £05613“.
929 4957 1036 5012 litt.
1075 4958 1140 5012 de
1184 4959 1238 5011 la
1288 4956 1518 5020 France,
1581 4968 1713 5013 tom.
1763 4956 1805 5018 1,
1861 4969 2005 5026 part.
2041 4973 2079 5018 I,

544 5044 646 5085 litt.
679 5030 804 5085 565.

524 5044 646 5100 pag.
679 5044 804 5085 auo.

596 5101 673 5170 (2)
708 5099 927 5170 Euseb“
967 5095 1166 5170 Eli,
1191 5097 1384 5170 Iib._vt.
1411 5110 1533 5163 cap.
1559 5095 1649 5149 22.

597 5162 674 5241 (ὃ)
710 5168 953 5241 Eabric.,
977 5166 1231 5241 Bibliotlt.
1277 5162 1626 5228 erc.,toui.
1647 5162 1735 5241 ΔΥ,
1771 5180 1889 5234 pag.
1916 5164 2042 5217 205.

598 5235 677 5306 (ὁ)
712 5239 1023 5309 Ilieronym.
1074 5240 1131 5309 in
1184 5237 1449 5304 Catalog.,
1486 5250 1604 5304 cap.
1639 5235 1730 5288 6|.

715 5329 734 5362 ι
775 5304 1044 5381 Equibus
1088 5308 1403 5381 Hippolytus
1439 5321 1523 5358 tm
1575 5317 1841 5381 annorum
1898 5304 2080 5381 cireu-

527 5376 983 5450 lumquibusdam
1019 5376 1171 5433 quat
1211 5376 1409 5450 ignotis
1449 5376 1702 5428 cursibus
1750 5376 2075 5450 composuit.

529 5450 633 5502 Alii
676 5445 804 5511 ixv,
838 5450 927 5503 alii
962 5466 1091 5512 xxx,
1145 5445 1386 5502 nonnulli
1440 5460 1638 5498 Lxxxw
1673 5459 1936 5497 annorum
1973 5445 2081 5495 eir-

529 5519 709 5572 cnlum
751 5528 1147 5587 computantes,
1204 5531 1482 5585 nunquam
1530 5516 1594 5568 ad
1640 5514 2080 5587 rerantl’asclue

532 5583 892 5657 computandi
907 5583 1169 5644 rationem
1197 5583 1607 5658 pervenerunt.»
1628 5583 1908 5639 Anatolius
1936 5584 2076 5651 apud

529 5656 786 5712 Bucber..
814 5672 935 5712 nan.
966 5658 1091 5712 459.

578 5672 786 5724 ueucr.,
814 5672 935 5729 pag.
966 5672 1091 5713 sou.

2282 4468 2332 4533 7)
2359 4464 2647 4519 Tilletuout
2674 4505 2690 4529 ,
2717 4460 3246 4533 Mémoir.,tom.lll,
3283 4460 3423 4533 pag.‘

2282 4470 2332 4533 7)
2359 4470 2647 4519 Tilletuout
2674 4505 2690 4529 ,
2717 4470 2979 4525 Memoir.,
3012 4470 3246 4524 tom.lll,
3283 4478 3404 4531 pag.
3441 4470 3558 4514 105.

2256 4470 2405 4609 (8))
2435 4536 2592 4588 Anno
2640 4535 2818 4609 primo
2866 4533 3143 4609 regiminis
3173 4528 3463 4609 Alesaudri
3512 4530 3715 4609 impera

2184 4596 2323 4663 toris.
2350 4605 2491 4660 facta
2535 4613 2619 4658 est
2644 4596 2739 4657 xiv
2782 4596 3002 4656 Pascha;
3036 4602 3215 4656 Idibus
3275 4599 3566 4670 Aprilibus,
3594 4596 3712 4649 Sab-

2185 4682 2331 4743 bato,
2354 4692 2476 4731 cum
2506 4674 2709 4729 mensis
2739 4674 3120 4742 embolymazus
3142 4671 3350 4743 luisset.
3373 4670 3485 4724 Erit
3508 4679 3712 4743 sequen-

2186 4736 2330 4804 tibus
2363 4746 2542 4808 annis,
2566 4745 2707 4797 sicut
2733 4744 2787 4796 iu
2829 4736 3009 4796 tabula
3044 4742 3349 4811 subjectum
3404 4748 3504 4811 est.
3538 4736 3708 4790 Evenit

2183 4835 2311 4875 vero
2339 4818 2393 4871 in
2429 4814 2734 4884 prmteritis,
2761 4813 2900 4867 sicut
2925 4810 3231 4884 indicatum
3252 4820 3337 4866 est
3354 4828 3371 4884 ;
3396 4810 3596 4884 solvere
3621 4818 3710 4884 att-

2185 4871 2531 4954 I‘emroportet
2570 4871 2858 4954 jejunium,
2906 4883 2994 4954 ubi
3023 4880 3298 4954 Dominica
3346 4871 3629 4933 inciderit.»
3659 4871 3709 4925 S.

2182 4952 2504 5027 Hippolytus
2538 4954 2590 5008 in
2614 4952 2823 5027 canone
2848 4952 3104 5027 paschali.

2249 5016 2324 5098 (εἰ)
2370 5016 2399 5077 ι’
2427 5026 2584 5078 Anno
2609 5023 2781 5098 primo
2806 5016 3081 5098 regiminis
3118 5018 3407 5098 Alexandri
3432 5016 3709 5098 impera!!!-

2181 5079 2415 5152 ris‘l‘acta
2441 5104 2523 5148 est
2569 5079 2660 5146 xiv
2702 5079 2923 5145 Pas-clla:
2949 5090 3131 5144 Idibus
3174 5090 3345 5158 April.
3380 5106 3399 5139 ι
3432 5079 3570 5158 Idem
3595 5079 3709 5135 ibid.

2251 5168 2361 5234 (10)
2389 5184 2406 5216 ι
2434 5162 2690 5228 Sabbato,
2712 5177 2837 5216 cum
2855 5160 3054 5216 mensis
3069 5155 3452 5231 embolymaaus
3473 5155 3665 5208 luisset.
3687 5165 3706 5199 ι

2180 5236 2322 5290 Idem
2362 5235 2492 5289 ibid.

2251 5287 2377 5375 iri)—
2407 5287 2429 5354 '7
2465 5302 2685 5375 δοινςτε
2714 5310 2893 5375 ilqu
2932 5307 3143 5375 oportet
3183 5296 3469 5368 jejunium,
3504 5291 3590 5347 ubi
3617 5287 3711 5342 Do-

2180 5370 2379 5429 minica
2408 5372 2675 5427 inciderit.
2714 5390 2732 5423 ι
2767 5371 2909 5425 Idem
2937 5370 3066 5423 ibid.
3663 5408 3688 5429 _.

2251 5425 2433 5514 (12)(
2463 5425 2577 5494 Erit
2633 5441 2986 5514 sequentibus
3014 5440 3215 5514 ‘annis,
3260 5438 3401 5514 sicut
3443 5436 3493 5514 i_n
3544 5425 3708 5514 tabula

2178 5500 2476 5582 subjectum
2495 5520 2609 5582 est;
2639 5500 2817 5582 evenit
2849 5525 2977 5567 vero
3014 5510 3066 5564 in
3102 5500 3401 5580 praeteritis,
3428 5507 3561 5561 sicut
3585 5500 3711 5556 indi—

2177 5579 2357 5640 catum
2381 5592 2483 5639 est.
2521 5600 2541 5636 ο
2571 5579 2716 5637 Idem
2745 5581 2877 5636 ibid.
