3918 6194
232 286 312 337 313
1114 275 1199 329 DE
1240 274 1399 329 VITA
1441 277 1528 331 ET
1568 275 1876 331 SCRIPTIS
1912 277 1970 331 S.
2012 273 2392 331 HIPPOLYTI.

3255 274 3360 328 ΞΗ

228 398 421 468 cst,qaia
461 394 508 447 S.
553 391 874 463 Hippolytus,
923 394 1378 463 quemadmodum
1414 403 1467 449 et
1496 395 1694 460 Latini,
1728 404 1770 457 Α
1796 396 2084 465 explicatio
2117 395 2182 447 ad
2221 402 2457 447 tuentem
2499 391 2556 445 S.
2601 389 2873 461 Hippolyti
2904 407 3047 461 aegre
3075 398 3363 462 cognosci-

231 508 311 545 non
336 489 561 540 voluerunt
588 494 643 537 ut
682 484 882 537 Pascha
911 498 977 538 eo
1026 486 1113 538 die
1163 494 1413 554 ageretur
1441 501 1550 555 quo
1585 486 1693 539 Do-

230 583 359 634 minus
376 585 527 629 uoster
546 576 831 628 cruciﬁxus
869 575 987 629 fuit.
1021 574 1315 629 Christiani
1346 576 1691 631 Alexandrini

227 672 343 723 alium
377 667 707 733 sequebantur
735 666 998 720 calculum
1021 705 1035 728 ,
1075 667 1127 719 hi
1162 667 1306 720 enim
1350 668 1695 722 celebrabant

224 762 370 815 Pascha
406 774 429 810 a
462 758 656 811 decima
686 758 865 826 quinta
914 758 1073 822 luna;
1120 774 1243 811 cum
1282 768 1503 813 econtra
1539 760 1693 828 juxta

220 853 370 919 ryclum
400 848 447 901 S.
476 847 727 918 Hippolyti
757 857 805 901 et
842 847 1065 902 Victorii
1098 849 1209 919 (15)
1249 850 1464 903 nonnisi
1491 863 1521 902 a
1550 851 1695 903 deci-

218 960 276 997 ma
296 952 410 995 sexta
445 940 807 994 celebrandum
863 948 1028 994 esset.
1083 938 1388 994 Notandum
1447 941 1690 1010 insuper,

214 1035 313 1102 quod
336 1034 461 1101 juxta
482 1032 721 1084 eumdem
753 1032 901 1084 hunc
937 1032 1145 1101 cyclum
1182 1031 1391 1086 Pascha
1439 1033 1693 1087 omnibus

215 1124 486 1177 mminicisa
529 1123 735 1175 decima
782 1121 939 1175 tertia
992 1121 1352 1176 Kalendarum
1404 1123 1691 1191 Aprilium,

211 1232 314 1268 seua
342 1212 561 1265 vicesima
594 1210 768 1264 Martii
800 1227 977 1281 usque
1005 1213 1071 1266 ad
1104 1214 1445 1267 undecimam
1490 1212 1691 1267 Kalen-

209 1306 344 1358 darum
378 1301 505 1361 Maii.
536 1318 627 1355 seu
667 1303 983 1356 vicesimam
1028 1302 1229 1371 Aprilis
1271 1303 1533 1357 celebrari
1572 1319 1696 1372 pos-

208 1407 274 1449 8:1.
300 1394 399 1448 lude
425 1395 686 1461 colligitur
715 1393 771 1447 S.
802 1391 1142 1462 Hippolytum
1163 1394 1568 1462 aequinoctium,
1598 1408 1691 1447 seu

207 1488 359 1543 SiilSlll
383 1487 600 1539 Arietcm
646 1488 949 1556 ingressum
982 1502 1088 1539 non
1117 1500 1239 1539 cum
1275 1502 1366 1539 nt
1403 1486 1599 1551 Martii,
1637 1496 1695 1539 ut

206 1578 349 1632 Νανπηί
374 1576 562 1643 Patres,
596 1594 772 1647 neque
800 1594 922 1632 cum
961 1595 1096 1643 χχιι,
1129 1591 1187 1632 ut
1211 1578 1411 1646 passim
1441 1577 1695 1630 Anatolio

205 1672 407 1733 tribuunt;
432 1671 515 1723 sed
546 1685 669 1723 cum
710 1686 847 1723 xvttt
878 1669 1055 1723 Martii
1083 1685 1428 1738 comparasse
1457 1684 1522 1722 ex
1549 1684 1685 1723 non-

1794 499 1900 554 tur,
1935 504 2081 552 cum,
2112 488 2188 541 uti
2215 487 2417 541 dictum
2466 485 2587 550 fuit,
2634 494 2914 549 tractatus,
2965 500 3124 554 quem
3170 488 3234 538 de
3275 488 3365 540 illo

1794 582 1907 651 ipse
1936 581 2202 645 exaravit,
2256 580 2570 649 deperditus
2614 579 2746 645 fuit;
2800 581 2922 635 ideo
2966 581 3121 633 multi
3167 582 3363 635 eruditi

1794 672 1916 734 viri,
1944 672 2019 724 uti
2057 671 2319 741 Scaliger,
2365 670 2639 736 Petavius,
2686 668 3006 734 Bttcher-ius,
3058 669 3362 738 Vignnlius.

1794 765 1842 817 le
1872 763 2119 835 Moynius
2150 763 2611 829 et'Blanchinius,
2646 763 2699 817 itt
2730 764 2824 819 illo
2861 763 3180 832 explicando
3215 764 3367 817 labo-

1794 869 2003 920 rarunt,
2024 874 2255 927 quorum
2292 860 2492 927 scripta
2520 868 2571 913 et
2605 868 2763 911 notas
2800 858 3053 911 Albertus
3082 856 3365 911 Fabricius

1794 951 2105 1007 collectioni
2155 965 2377 1019 operum
2429 950 2600 1003 sancti
2650 948 2917 1017 Hippolyti
2974 949 3223 1001 inseruit.
3260 947 3366 1000 Pro

1796 1054 1985 1097 nostro
2026 1051 2207 1097 autem
2261 1042 2510 1097 instituto
2561 1042 2786 1112 sullieiet
2821 1058 2882 1093 ea
2950 1041 3037 1094 hic
3080 1043 3362 1104 adnotare,

1794 1151 1913 1204 quae
1936 1135 2000 1188 ad
2035 1143 2242 1188 rectum
2276 1134 2439 1203 hujus
2465 1134 2696 1187 Canonis
2729 1134 3057 1186 intellectum
3091 1148 3153 1187 ex
3186 1132 3377 1186 citatis'

1795 1226 2112 1281 auctoribus
2137 1224 2317 1293 colligi
2355 1232 2601 1293 possunt.

1860 1316 2011 1371 Non
2053 1316 2114 1369 ll.
2158 1316 2311 1369 Prior
2342 1317 2505 1386 igitur
2550 1315 2728 1369 tabula
2772 1316 2823 1367 1ο
2859 1316 3092 1369 ostendit
3134 1316 3367 1384 plenilu-

1795 1410 1881 1463 nia
1915 1408 2209 1477 paschalia,
2243 1408 2549 1477 incipiendo
2583 1410 2650 1461 ab
2675 1423 2820 1462 anno
2851 1407 3052 1462 Christi
3088 1408 3213 1471 222,
3246 1411 3363 1478 qui,

1796 1500 1870 1553 uti
1907 1497 2185 1569 Vignolius
2215 1499 2266 1552 in
2307 1499 2687 1553 dissertatione
2722 1498 2796 1550 De
2826 1516 2963 1551 anno
2996 1500 3165 1567 primo
3203 1501 3368 1569 impe-

1796 1592 1864 1643 rii
1911 1590 2087 1645 Severi
2136 1590 2450 1653 Alexandri,
2504 1588 2857 1643 Valsecchius
2910 1600 2963 1643 et
3016 1590 3296 1660 Philippus
3334 1608 3363 1646 a

1795 1681 1969 1736 Turre
1999 1682 2393 1743 demonstrant,
2443 1689 2527 1734 est
2571 1696 2747 1733 annus
2777 1680 2987 1748 primus
3026 1680 3208 1734 Severi
3241 1680 3366 1734 Ale-

206 1765 409 1816 nullorum
436 1772 666 1816 veterum
697 1772 752 1816 et
788 1762 1080 1816 celebrium
1126 1762 1519 1831 astrologorum
1568 1775 1691 1814 sen-
1724 1750 1763 1803 Β
1794 1773 1986 1828 “nari
2027 1773 2387 1842 imperatoris,

202 1854 443 1921 tentiam),
478 1855 774 1923 praesertim
826 1852 1053 1908 Metonis
1084 1864 1137 1907 et
1167 1852 1401 1916 Eudoxi,
1444 1852 1537 1921 qui
1576 1852 1687 1921 jam

199 1960 287 2003 ante
308 1962 452 2000 annos
502 1948 622 2015 plus
656 1962 820 2016 quam
867 1947 972 2000 400
1019 1956 1143 2001 ante
1191 1945 1524 2000 nativitatem
1561 1942 1691 1999 Jesu

196 2040 338 2093 Christi
379 2041 755 2109 aequinoctium
810 2040 1027 2094 vernale
1083 2040 1149 2093 ad
1197 2054 1327 2093 xvut
1380 2038 1557 2093 Martii
1606 2054 1693 2091 re-

196 2137 471 2188 strinxerunt.
509 2132 651 2187 Cum
685 2134 882 2203 quibus
909 2131 1124 2187 Judaaos
1155 2133 1501 2187 consensisse
1539 2130 1693 2185 Jose-

197 2225 293 2293 phus
313 2240 475 2280 eorum
528 2226 828 2280 historicus
876 2225 1137 2280 insinuat.
1168 2223 1320 2278 Adeo
1357 2239 1543 2279 verum
1587 2232 1690 2287 est,

197 2332 319 2385 neque
338 2316 517 2372 Judais
546 2318 841 2383 veteribus,
877 2333 1053 2386 neque
1087 2315 1415 2371 Christianis
1457 2329 1552 2385 per
1583 2315 1693 2369 duo

197 2408 325 2473 priora
349 2408 528 2462 secula
566 2409 1000 2462 astronomicum
1024 2408 1336 2478 aequinoctii
1365 2406 1507 2461 diem
1541 2404 1695 2473 agni-

197 2510 289 2563 tum,
314 2515 401 2553 non
441 2509 582 2555 certe
618 2508 775 2554 tanto
821 2500 1079 2569 scrupulo
1129 2499 1472 2554 observatum
1510 2516 1523 2552 :
1566 2512 1693 2551 cum

196 2592 229 2644 hi
251 2593 364 2646 nullo
384 2593 445 2646 ad
470 2610 561 2648 eas
601 2593 775 2647 tricas
804 2594 937 2657 otio,
976 2594 1061 2647 vix
1096 2592 1203 2646 ulla
1237 2609 1267 2647 a
1299 2601 1378 2647 tot
1435 2606 1693 2660 persecu-

196 2686 367 2739 tionihus
395 2686 772 2754 respiratione,
817 2686 955 2739 nihil
1002 2701 1164 2755 supra
1214 2686 1290 2752 id,
1325 2684 1471 2754 quod
1511 2683 1695 2738 hacte-

194 2794 304 2831 nusa
329 2777 589 2849 Synagoga
641 2787 959 2847 usurpatum
992 2779 1265 2844 videbant,
1304 2777 1688 2847 inquirendum

193 2880 391 2935 putarent,
438 2880 778 2935 curarentve,
817 2884 917 2923 nec
950 2885 1176 2923 mensem
1204 2886 1478 2933 novorum,
1518 2869 1692 2923 SOlUlll

192 2978 211 3012 a
250 2962 481 3031 Scriptura
537 2963 1050 3027 memoratum,alio
1094 2978 1258 3032 quam
1304 2961 1477 3017 Judaei
1524 2978 1691 3017 sensu

192 3055 633 3124 interpretarentur.

235 3148 312 3201 Nec
334 3150 446 3202 illud
479 3150 567 3204 hic
608 3148 991 3212 omittendum,
1035 3146 1381 3219 Hippolytum
1409 3149 1689 3203 constituti

192 3241 392 3309 aspiodo
425 3239 753 3295 Caesariensi
800 3240 988 3294 limitis
1040 3240 1313 3308 paschalis
1370 3240 1532 3293 linem
1582 3254 1690 3292 non

194 3333 400 3399 excedere,
443 3334 563 3389 licet
606 3335 825 3387 initium
859 3334 1025 3388 biduo
1078 3341 1401 3389 antevertat.
1432 3332 1506 3386 Ea
1546 3333 1689 3387 enim

194 3427 369 3493 synodus
406 3429 470 3482 ab
522 3445 576 3482 xi
624 3427 854 3481 Kalend.
889 3426 1085 3496 April.,
1112 3443 1208 3481 seu
1243 3443 1353 3483 χχιι
1393 3426 1590 3489 Martii,
1624 3428 1691 3481 ad

195 3531 229 3568 ιι
256 3516 477 3575 Kalendas
511 3520 661 3585 Maii,
700 3535 794 3573 seu
838 3536 927 3572 ιιι
972 3518 1172 3589 Aprilis
1206 3519 1469 3573 inclusive
1492 3535 1587 3588 per
1624 3519 1686 3573 51

194 3608 270 3660 dies
290 3608 466 3665 Pascha
501 3612 898 3681 ἁναςτάσιμον,
934 3626 1029 3665 seu
1062 3609 1377 3665 Dominicas
1408 3611 1692 3680 paschales

193 3704 412 3769 concludit,
466 3704 791 3775 Hippolytus
836 3705 905 3759 ab
965 3720 1061 3758 xm
1103 3702 1326 3758 Kalend.
1368 3703 1561 3772 April.,
1596 3719 1705 3759 seu.

193 3791 419 3861 llartiixx,
453 3799 518 3851 ad
564 3815 621 3853 ιι
668 3796 939 3851 Kalendas
1004 3795 1131 3851 Maii
1171 3811 1267 3866 per
1314 3795 1431 3851 dies
1471 3796 1693 3852 omnino

192 3886 237 3937 33
259 3890 482 3944 extendit.

226 3994 245 4064 ξ
274 3995 341 4051 ιιι.
372 3996 504 4052 Nota
528 3999 599 4052 ad
637 3997 901 4053 Canonem
932 3998 1233 4066 paschalem
1262 3996 1321 4052 S.
1372 3995 1648 4067 Hippolyti

570 4071 786 4139 facilius
823 4069 1237 4137 intelligendum.

236 4150 353 4209 Non
380 4158 416 4212 l.
449 4158 632 4212 Canon
669 4157 934 4226 paschalis
982 4156 1037 4211 S.
1090 4156 1361 4227 Hippolyti
1408 4156 1690 4211 hodiernis

193 4246 348 4311 quidem
383 4251 567 4304 usibus
598 4266 697 4319 pro
727 4250 1049 4304 inveniendo
1094 4264 1223 4303 vero
1272 4247 1554 4304 Paschatis
1603 4248 1691 4303 die

194 4338 338 4392 servire
358 4343 438 4397 vix
464 4351 662 4411 potest,
688 4357 811 4395 cum
838 4341 1006 4396 modo
1033 4349 1156 4410 post
1179 4349 1461 4395 accuratas
1497 4341 1690 4395 obser-

1862 1864 1917 1916 2°
1958 1861 2174 1917 Littera:
2218 1861 2488 1931 alphabeti
2533 1861 2793 1915 denotant
2832 1861 3026 1913 seriem
3068 1860 3365 1914 hebdoma-

1793 1954 1895 2018 dte,
1927 1954 1979 2007 in
2001 1970 2163 2025 quam
2187 1954 2388 2009 dictum
2411 1953 2762 2022 plenilunium
2788 1951 2993 2004 incidit.
3038 1950 3101 2005 V.
3133 1968 3183 2021 g.
3222 1967 3367 2005 anno

1794 2047 1996 2102 Christi
2025 2048 2152 2112 22:2,
2184 2047 2540 2117 plenilunium
2576 2049 2826 2116 paschale
2874 2048 3218 2117 contingebat
3262 2046 3369 2100 ldi-

1794 2141 1897 2194 bus
1934 2140 2153 2210 Aprilis,
2178 2148 2229 2193 et
2249 2139 2424 2192 littera
2455 2139 2497 2192 G
2526 2140 2770 2209 apposita
2813 2140 2943 2193 illud
2975 2141 3027 2193 in
3064 2141 3202 2195 diem
3231 2140 3369 2195 Sab-

1796 2232 1903 2287 hati
1936 2232 2191 2286 incidisse
2214 2231 2437 2286 indicat.

1863 2322 1921 2377 ὅθ
1976 2322 2031 2376 ln
2085 2323 2259 2392 prima
2311 2324 2565 2378 columna
2623 2322 3000 2377 descendendo
3064 2331 3368 2392 sequuntur

1794 2415 2064 2470 sexdecim
2100 2414 2225 2468 anni
2267 2414 2570 2483 incipiendo
2609 2416 2676 2468 ab
2711 2429 2854 2467 anno
2886 2414 3009 2477 222,
3046 2430 3140 2483 per
3172 2430 3367 2469 nurne-

1793 2520 1887 2560 ros
1916 2505 2201 2574 designati,
2224 2514 2278 2560 et
2304 2506 2552 2560 similiter
2581 2506 2635 2558 in
2674 2504 2896 2574 reliquis
2928 2520 3021 2558 sex
3060 2505 3365 2564 columnis.

1794 2610 1916 2669 quae
1948 2609 2151 2669 septem
2171 2598 2732 2663 hecctedecaeterides,
2759 2613 2853 2651 seu
2873 2596 3215 2662 sedecennia,
3257 2612 3359 2652 an-

1796 2708 1896 2746 nos
1929 2692 2031 2745 H2
2053 2691 2309 2747 eiliciunt.
2905 2689 2909 2693 ’

1866 2785 1923 2837 4·
1986 2783 2117 2838 Post
2172 2785 2405 2853 primum
2458 2781 2838 2837 sedecennium
2900 2781 3255 2849 plenilunium
3311 2781 3363 2834 in

1796 2875 2045 2931 eumdem
2074 2876 2289 2943 quidem
2328 2875 2494 2938 diem,
2526 2873 2734 2927 scilicet
2764 2870 2889 2925 ldus
2920 2871 3122 2940 Aprilis
3154 2870 3362 2934 incidit,

1791 2969 1945 3037 juxta
1981 2968 2299 3038 hypothesin
2331 2966 2388 3021 S.
2425 2965 2714 3035 Hippolyti,
2742 2981 2846 3018 non
2879 2980 3004 3018 vero
3034 2964 3086 3017 in
3120 2964 3364 3017 eamdem

1722 3077 1764 3133 ε
1798 3061 2009 3127 teriam,
2038 3060 2129 3114 sed
2155 3076 2259 3114 una
2286 3059 2417 3114 feria
2448 3060 2608 3114 citius
2628 3058 2887 3112 occurrit.
2923 3055 2982 3110 V.
3016 3072 3068 3126 g.
3104 3055 3157 3109 in
3192 3056 3365 3124 primo

1794 3151 2115 3206 sedccennio
2149 3149 2507 3219 plenilunium
2553 3148 2604 3201 iit
2638 3146 2703 3213 G,
2750 3146 2802 3199 id
2856 3154 2959 3209 est,
3008 3144 3247 3199 Sabbato
3275 3159 3367 3199 oc-

1790 3244 1987 3308 currit;
2016 3243 2069 3296 in
2104 3243 2346 3295 secundo
2378 3239 2701 3295 sedecemtio
2728 3240 2833 3292 erit
2864 3238 2916 3290 in
2962 3236 3021 3301 F,
3053 3237 3102 3289 id
3143 3244 3245 3291 est.
3284 3236 3365 3290 le-

1790 3335 1869 3386 ria
1894 3332 2149 3400 sexta;in
2196 3333 2356 3385 tertio
2398 3331 2451 3384 in
2487 3328 2550 3394 E,
2602 3344 2695 3383 seu
2742 3326 2876 3381 feria
2927 3325 3143 3395 quinta,
3181 3334 3234 3379 et
3286 3327 3365 3380 sic

1789 3425 2044 3493 deinceps
2074 3440 2090 3490 ;
2126 3422 2391 3477 absolutis
2413 3431 2593 3475 autem
2630 3428 2833 3488 septem
2877 3416 3234 3481 sedecenniis,
3267 3432 3363 3471 seu

1792 3516 1893 3567 H2
1924 3516 2103 3579 annis,
2133 3514 2187 3567 in
2226 3514 2477 3567 eumdem
2503 3512 2642 3566 diem
2685 3518 2739 3564 et
2766 3508 3012 3564 eamdem
3054 3507 3246 3562 feriam
3278 3523 3364 3561 re-

1789 3616 1988 3663 curret.

1864 3704 1917 3758 5°
1953 3703 2055 3757 Per
2079 3715 2239 3755 voces
2266 3700 2386 3753 illas
2436 3696 2656 3760 Esdras,
2700 3694 2913 3749 Genesis
2964 3694 3183 3759 Christi,
3226 3691 3363 3746 Eze-

1789 3798 1959 3861 chias,
1995 3803 2124 3856 etc.,
2172 3793 2326 3861 juxta
2359 3788 2738 3843 Blanchinium
2775 3786 3047 3855 praecipua
3097 3785 3362 3839 Paschata

1790 3890 2166 3958 designantur,
2189 3899 2418 3953 quorum
2450 3880 2507 3934 S.
2540 3879 2817 3947 Scriptura
2856 3876 3121 3942 meminit,
3155 3877 3364 3930 scilicet

1794 3982 1964 4038 Exodi
2004 3994 2102 4033 xu.
2156 3976 2400 4029 Primum
2458 3972 2666 4027 Pascha
2721 3986 2773 4022 IV
2832 3966 2972 4023 Non.
3028 3969 3226 4037 Aprit.,
3274 3968 3357 4020 vel

1785 4078 1941 4144 juxta
1976 4070 2272 4134 Danielem,
2322 4065 2488 4121 Nonis
2526 4065 2697 4135 April.
2734 4062 3043 4117 Secundum
3076 4062 3128 4114 in
3172 4076 3358 4115 eremo

1788 4164 1948 4219 Num.
1976 4181 2051 4218 tx.
2087 4162 2328 4217 Tertium
2353 4160 2454 4214 sub
2478 4158 2663 4220 Josue,
2700 4173 2794 4211 seu
2822 4155 2969 4217 Jesu,
3001 4152 3115 4208 .los.
3159 4169 3239 4216 ιιι,
3282 4170 3359 4208 xu

1788 4258 1909 4312 Kal.
1934 4256 2103 4325 April.
2125 4255 2252 4308 ltcm
2279 4252 2483 4308 Pascha
2503 4252 2606 4306 sub
2623 4250 2873 4311 Ezechia,
2893 4246 2935 4299 ll
2952 4247 3188 4316 Paralip.
3212 4263 3317 4300 xxx
3342 4263 3360 4311 ;

1789 4352 1890 4405 sub
1927 4347 2096 4413 Josia,
2145 4345 2212 4400 ιν
2245 4344 2377 4414 Reg.
2401 4360 2573 4408 xxttt;
2605 4343 2706 4396 sub
2757 4340 2950 4401 Esdra,
2987 4337 3007 4391 l
3053 4338 3239 4392 E‘sdrte
3284 4354 3359 4395 vr.

194 4428 373 4485 rationes
398 4433 825 4497 astronomicas,
858 4431 1216 4501 aequinoctio,
1260 4440 1312 4486 et
1339 4432 1503 4503 cyelis
1551 4432 1682 4486 solis
1718 4446 1757 4498 υ
1786 4441 1921 4496 nem
1978 4440 2031 4493 in
2089 4437 2307 4501 Genesi,
2359 4442 2411 4489 et
2455 4434 2715 4489 Passione
2748 4431 2970 4485 Christi.
3019 4429 3191 4484 Verba
3236 4444 3366 4482 vero

194 4526 229 4567 et
248 4519 373 4587 lunae,
394 4527 615 4592 epactis,
641 4533 693 4577 et
716 4523 905 4577 litteris
926 4523 1355 4577 Dominicalibus
1388 4524 1486 4577 rite
1515 4523 1687 4576 deter-

195 4614 374 4677 minatis,
403 4626 454 4669 et
507 4616 900 4672 correctionem
941 4614 1325 4683 Gregorianam
1380 4613 1687 4669 Calendarii

195 4700 335 4757 factam
361 4708 548 4762 tabula:
602 4707 881 4777 paschales
916 4707 1190 4760 moderna:
1236 4707 1306 4759 ab
1344 4706 1445 4759 hoc
1478 4704 1687 4759 Canone

197 4806 267 4845 non
291 4810 457 4864 parum
487 4799 759 4852 diﬂerant.
806 4796 945 4864 Quia
998 4806 1175 4851 tamen
1217 4798 1306 4851 hic
1354 4794 1557 4861 Canon,
1602 4808 1689 4849 ut-

195 4890 339 4949 potein
366 4888 597 4945 Ecclesia
640 4891 848 4959 primus
896 4899 948 4945 et
984 4888 1420 4958 antiquissimus,
1464 4902 1687 4942 venera-

197 4975 266 5030 bile
287 4991 355 5035 est
377 4984 708 5053 antiquitatis
738 4991 1167 5047 monumentum,
1194 4990 1247 5035 et
1285 4990 1538 5035 accurata
1570 4980 1688 5049 ejus

242 5155 327 5233 (l3)
385 5158 646 5215 Victorius
706 5160 1149 5233 Lemovicensis,
1217 5159 1448 5233 scriptor
1506 5156 1687 5211 szeculi

197 5227 321 5287 quinti
348 5238 564 5283 testatur
614 5235 758 5287 quod
800 5233 844 5285 is
886 5240 1001 5284 erat
1024 5230 1223 5282 Latina:
1242 5227 1492 5281 Ecclesiae
1528 5243 1684 5280 mos:

202 5296 300 5345 «Sin
327 5311 482 5352 autem
509 5302 590 5354 die
622 5296 839 5355 Sabbati
882 5300 1223 5369 plenilunium
1258 5314 1366 5351 esse
1394 5298 1685 5369 contigerit,

198 5371 542 5438 (l‘fonsequenlt'
589 5368 1088 5424 Dominico’lzmam
1128 5385 1191 5421 xv
1221 5370 1468 5438 reperiri;
1506 5368 1687 5419 cadent

200 5433 260 5507 (tib
278 5433 453 5491 iontdde
483 5443 810 5502 transmissa,
833 5443 884 5493 in
912 5441 1132 5494 alterunt
1165 5433 1304 5507 diem
1331 5437 1686 5501 Dominicam,

203 5506 333 5569 “Cal,
370 5509 538 5561 lunam
578 5526 689 5563 xxtt
736 5510 1014 5564 transferri
1060 5510 1251 5562 debere
1284 5506 1491 5561 Pascha
1534 5508 1688 5559 dixe-

203 5584 304 5648 ῃιίιι.
335 5597 350 5627 ι
382 5576 570 5632 Victor.
604 5582 741 5648 apud
786 5580 1013 5633 Bucher.
1051 5579 1125 5631 De
1148 5576 1293 5647 Cycl.
1325 5577 1527 5648 pascit”
1550 5592 1603 5645 p.
1632 5577 1684 5648 4.

206 5638 289 5716 [ιιιρ
326 5651 491 5711 praxis
532 5638 703 5704 adhuc
754 5652 805 5703 in
852 5665 952 5703 usu
1010 5658 1128 5702 erat
1174 5638 1413 5716 tctnpore
1445 5638 1688 5716 Gregorii

206 5707 495 5785 Turonensis,
522 5720 970 5790 quemadmodum
991 5719 1079 5775 ille
1105 5707 1409 5775 scribit'lib.
1459 5734 1490 5771 ι
1544 5707 1685 5770 Hist.

1790 4534 1901 4598 illa,
1928 4532 2209 4585 secundum
2250 4525 2543 4589 Danielem,
2588 4524 2899 4594 signiﬁcant
2936 4522 3095 4575 aliam
3122 4522 3361 4575 chrono-

1788 4625 1984 4695 logiam
2044 4623 2241 4676 horum
2290 4618 2638 4681 Paschatum,
2675 4632 2798 4671 cum
2833 4630 2898 4668 ex
2939 4613 3176 4668 Danielis
3220 4614 3361 4667 libro

1787 4717 2139 4789 ejusdemque
2175 4710 2604 4767 hebdomadibus
2647 4706 3009 4762 diversimode
3058 4705 3359 4759 numeratis

1788 4809 2047 4879 epocham
2072 4804 2369 4874 superioris
2386 4802 2556 4857 aetatis
2580 4818 2608 4855 a
2623 4800 2822 4869 templo
2838 4798 3056 4854 condito
3070 4799 3135 4852 ad
3152 4807 3361 4850 restau-

1787 4908 1960 4951 ratum
1990 4911 2018 4949 a
2046 4894 2186 4964 Cyro
2224 4893 2386 4961 paulo
2429 4892 2695 4945 diversam
2727 4889 3042 4957 chronologi
3084 4887 3356 4954 colligant.

1857 4984 2009 5039 Non
2036 4983 2124 5037 ΠΙ.
2146 4983 2329 5037 Altera
2358 4981 2537 5036 tabula
2560 4979 2777 5034 exhibet
2797 4978 3105 5033 Dominicas
3126 4974 3360 5028 Pascha-

1789 5164 2139 5226 Francorum,
2164 5178 2314 5215 num.
2342 5160 2432 5213 22.
2469 5158 2838 5213 Observantur
2867 5157 2916 5209 in
2942 5153 3104 5221 Cyclo
3134 5152 3189 5205 S.
3232 5150 3362 5226 llipf-

1788 5236 1951 5317 pelvti
1992 5224 2144 5303 plura
2180 5232 2424 5317 f'xempla
2457 5229 2714 5317 translati
2746 5226 3045 5285 Paschatis,
3071 5240 3193 5277 cum
3225 5224 3352 5275 illud

1788 5301 1843 5359 iu
1884 5301 2024 5359 diem
2058 5318 2126 5355 xv
2181 5302 2322 5355 lunze
2347 5301 2645 5356 incideret,
2675 5315 2752 5351 sc.
2789 5310 2932 5349 anno
2961 5312 2998 5359 t,
3044 5310 3117 5357 tv,
3145 5308 3199 5357 x,
3234 5309 3355 5353 xttt,

1790 5391 1899 5435 xvi,
1942 5390 2022 5427 ttt.
2067 5372 2222 5426 Nunc
2252 5372 2553 5443 peragimus
2601 5367 2807 5443 Pascha
2846 5381 2912 5417 xv
2948 5366 3107 5443 lunae,
3141 5362 3363 5443 qnamlo

1789 5433 1974 5498 incidit
2005 5444 2056 5496 in
2092 5433 2513 5506 Dorniiticatii,in
2548 5454 2656 5507 quo
2686 5437 2921 5490 rationes
2963 5433 3362 5489 Alexandrino-

1790 5531 1907 5568 rum
1941 5514 2238 5568 sequimur.

1861 5584 1968 5653 (υ)
1996 5573 2113 5653 Vid.
2142 5580 2403 5653 Columel.
2437 5579 2529 5653 li_b.
2557 5592 2637 5653 ix,
2662 5590 2780 5642 cap.
2808 5574 2895 5639 14,
2923 5573 3099 5653 ει-Ιιιι.
3131 5590 3205 5641 xt,
3236 5590 3358 5643 cap.

1789 5644 1878 5708 20:
1914 5644 2139 5708 Bttcher.
2175 5652 2246 5705 De
2276 5650 2422 5719 cyclo
2457 5647 2788 5711 Judwurum,
2823 5662 2941 5717 pag.
2968 5644 3091 5700 ⁸545.
