3918 6194
520 257 582 311 51
595 253 626 312 5

525 382 606 432 les
667 394 763 447 ραι·
814 388 1020 448 septem
1079 379 1401 435 sedecennia

521 466 727 523 Christi
756 469 882 533 222,
909 470 1096 524 eodem
1129 471 1288 525 modo
1332 487 1440 540 quo
1485 473 1776 542 pleuilunia
1821 475 2097 544 paschalia

524 557 579 614 in
622 559 786 628 priori
823 561 1006 615 tabula
1038 569 1166 615 sunt
1207 561 1505 630 disposita;
1551 564 1640 618 ubi
1693 572 1872 619 tamen
1903 575 2099 618 notan-

523 652 674 715 dum,
715 653 859 722 quod
890 654 934 708 si
987 655 1345 724 plenilunium
1401 658 1450 709 in
1487 656 1780 711 Sabbatum
1825 657 2094 723 inciderit,

522 743 804 798 Dominica
833 760 1068 817 sequens
1092 763 1198 800 non
1219 749 1284 802 sit
1317 751 1610 818 paschalis,
1635 751 1712 804 uti
1743 750 2094 806 Alexandrini

520 837 904 905 observabant,
961 841 1055 894 sed
1109 856 1260 896 more
1310 841 1627 897 Latinorum
1675 843 1882 898 Pascha
1927 845 2093 899 altera

520 928 800 988 Dominica
837 950 955 988 eam
983 936 1350 1005 subsequente
1379 939 1710 994 celebratum
1742 940 1871 993 olim
1900 939 2082 994 luerit.

520 1021 633 1088 Sic,
671 1041 723 1079 ν.
757 1042 833 1094 g.,
864 1042 1007 1080 anno
1036 1027 1163 1088 222,
1193 1029 1546 1094 plenilunium
1572 1031 1842 1086 incidebat
1871 1032 1924 1086 in
1963 1031 2087 1086 Idus

517 1114 717 1182 Aprilis
755 1117 990 1172 Sahbato
1014 1137 1028 1185 ;
1071 1119 1354 1176 Dominica
1381 1125 1651 1192 paschalis
1675 1140 1781 1179 non
1808 1133 1923 1178 erat
1951 1139 2081 1177 xvm

519 1204 638 1260 Kal.
671 1207 814 1269 Maii.
863 1226 1010 1264 more
1052 1211 1560 1281 Alexandrinorum,
1605 1216 1697 1270 sed
1743 1231 1894 1270 more
1935 1213 2082 1268 Lati-

519 1316 713 1357 norum
761 1317 813 1356 xt
854 1302 971 1358 Kal.
1017 1303 1162 1362 Maii.
1213 1307 1372 1362 Anno
1397 1307 1526 1375 223,
1569 1309 1924 1379 plenilunium
1967 1317 2082 1364 erat

1514 258 1598 313 DE
1637 259 1798 315 VITA
1840 261 1926 314 ET
1969 252 2282 316 SCRIPTIS
2319 261 2375 316 S.
2417 260 2794 318 lllPPOLYTl.

1452 421 1465 433 .
1513 381 1818 450 incipiendo
1858 383 1931 437 ab
1949 399 2093 437 anno
2122 391 2166 446 Α
2197 400 2247 438 tv
2275 383 2458 439 Nonas
2498 384 2717 454 Aprilis,
2763 382 2918 452 feria:
2942 393 3168 452 quarta,
3205 380 3481 434 Dominica
3532 380 3771 448 pascha-

3656 260 3773 314 3l6

2204 479 2270 533 lis
2311 493 2404 531 vni
2437 477 2560 532 ldus
2585 477 2804 546 Aprilis.
2842 473 2972 530 Item
3003 476 3056 529 in
3093 474 3330 529 secunda
3362 473 3636 535 columna,
3668 487 3768 526 seu

2203 569 2442 623 secundo
2477 567 2814 629 sedecennio,
2842 567 2954 621 sive
2979 578 3122 618 anno
3148 562 3348 618 Christi
3378 562 3501 627 258,
3532 563 3772 630 plenilu-

2203 662 2352 715 nium
2398 671 2514 714 crat
2563 659 2746 713 Idibus
2780 658 3000 728 Aprilis.
3030 657 3158 712 feria
3200 665 3372 719 sexta,
3403 665 3457 709 et
3483 654 3772 708 Dontinica

2203 755 2476 825 paschalis
2521 769 2630 808 xvtt
2675 751 2792 806 Kal.
2822 751 2986 816 Maii;
3017 758 3072 804 et
3103 750 3173 803 ita
3219 748 3473 816 deinceps
3511 763 3604 816 per
3637 747 3772 800 reli-

2199 862 2303 918 qua
2357 847 2699 912 sedecennia,
2739 844 2940 915 quibus
2989 842 3248 898 absolutis
3299 840 3654 910 plenilunium
3707 841 3769 893 in

2195 938 2444 992 eumdem
2479 938 2619 990 diem
2666 935 2822 1006 primi
2867 931 3195 991 sedeccnnii,
3234 940 3286 984 et
3322 929 3531 994 feriam,
3555 940 3610 983 et
3631 944 3772 983 con-

2194 1039 2488 1100 sequenter
2531 1031 2695 1085 etiam
2760 1028 3038 1082 Dominica
3089 1024 3357 1095 paschalis
3406 1025 3458 1078 in
3508 1023 3768 1078 eumdem

2190 1123 2334 1177 diem
2369 1122 2620 1177 recurrit.
2649 1121 2824 1191 Atque
2846 1121 2950 1174 hoc
2995 1119 3208 1174 videtur
3239 1133 3359 1173 esse
3401 1127 3635 1189 systema
3665 1114 3773 1170 Ca-

2189 1216 2338 1270 nonis
2385 1214 2649 1285 paschalis
2693 1212 2751 1268 S.
2799 1211 3086 1284 Hippolyti.
3135 1210 3298 1266 Plura
3329 1211 3495 1267 videri
3531 1217 3774 1280 possunt

2187 1308 2329 1380 apud
2351 1308 2599 1362 laudatos
2632 1315 2902 1363 auctores.

903 1845 1001 1906 DE
1051 1844 1562 1907 FRAGMENTIS
1625 1847 1949 1910 UPERUM
2003 1848 2064 1908 S.
2119 1847 2548 1908 HIPPOLY'I‘I
2596 1847 2696 1908 ET
2744 1845 2847 1905 DE
2895 1843 3390 1906 DEPERDITIS.

1062 1969 1458 2024 All‘l‘lllU’LUS
1497 1972 1533 2024 Ι.

512 2115 583 2157 DE
621 2117 1014 2157 COMNESTARIIS
1057 2119 1102 2156 S.
1140 2119 1418 2157 llll‘PllLYTl
1463 2121 1510 2157 IN
1555 2121 1736 2160 LIBROS
1763 2123 1986 2162 VETERLS
2017 2124 2084 2161 ΕΤ

1034 2189 1155 2226 NOV!
1199 2190 1560 2228 TESTAMENTI.

551 2310 578 2376 ξ
615 2309 652 2366 l.
694 2311 1114 2365 Commentarius
1143 2312 1200 2365 S.
1236 2311 1511 2380 Hippolyti
1551 2314 1604 2365 in
1637 2310 1856 2368 Genesin
1903 2325 1952 2368 et
1995 2318 2046 2369 in

1089 2381 1467 2436 Hexaemeron.

586 2494 826 2566 Exiguus
852 2507 937 2552 est
976 2497 1327 2567 scriptorum,
1369 2513 1488 2567 qua:
1517 2506 1750 2564 exstant,
1794 2498 1850 2553 S.
1890 2498 2086 2570 Hippo-

510 2585 605 2660 lyti
638 2605 920 2654 numerus,
963 2593 1006 2644 si
1041 2607 1163 2644 cum
1199 2591 1265 2644 iis
1320 2588 1592 2650 conferas.
1637 2607 1758 2660 quae
1803 2592 1942 2648 inter
1991 2594 2084 2648 de-

513 2681 720 2750 perdita
754 2698 1127 2738 numeramus.
1156 2681 1280 2738 Haec
1319 2693 1464 2736 certe
1491 2683 1724 2751 jactura,
1760 2699 1878 2754 quas
1919 2686 2086 2740 senti-

509 2785 600 2830 tur
629 2775 800 2844 magis
840 2791 934 2844 per
965 2774 1260 2842 subjectam
1294 2775 1665 2830 collectionem
1701 2776 2004 2843 titulorum,
2030 2786 2084 2832 et

509 2871 910 2923 enarrationem
976 2870 1309 2924 succinctam
1379 2885 1541 2938 quam
1596 2879 1720 2939 post
1761 2880 1969 2927 veteres
2016 2871 2084 2926 de

510 2962 724 3015 cunctis
749 2961 848 3014 viri
887 2963 1060 3016 sancti
1101 2963 1656 3018 commentationibus
1690 2964 1848 3020 hodie
1873 2965 2082 3021 deside-

510 3053 644 3106 ratis
683 3052 1082 3118 exhibebimus,
1129 3069 1314 3122 quzeve
1349 3055 1613 3122 stupenda
1659 3055 1891 3110 videtur.
1925 3053 2080 3111 Nulla

508 3157 678 3212 prope
703 3141 998 3212 Scripturte
1029 3160 1177 3212 pars,
1211 3145 1298 3198 cui
1331 3161 1437 3199 non
1466 3147 1798 3215 explicandae
1829 3157 1922 3202 aut
1948 3163 2081 3202 eno-

509 3234 705 3289 dandis
765 3237 816 3288 in
870 3251 932 3290 ea
981 3234 1386 3291 dilﬁcultatibus
1433 3237 1706 3306 ingenium
1753 3240 2076 3300 exercuerit.

2119 1976 2162 2034 Β
2191 1973 2470 2043 designent
2492 1969 2759 2041 Hippolyti
2791 1970 3195 2024 lucubrationes
3239 1964 3319 2031 et;
3358 1975 3428 2020 τὰ
3480 1966 3617 2038 μετὰ
3659 1965 3769 2038 τὴν

2187 2065 2506 2136 ἑξαὴμερον,
2542 2071 2595 2117 et
2643 2065 2722 2126 sic;
2751 2061 2851 2131 τὴν
2881 2060 3199 2132 ἑξαήμερον.
3230 2058 3391 2113 Juxta
3427 2059 3564 2113 hanc
3591 2059 3766 2129 igitur

2187 2154 2678 2224 interpretationem
2719 2152 2769 2206 le
2819 2149 3018 2221 Moynii
3051 2150 3357 2219 scripsisset
3401 2151 3458 2204 S.
3498 2149 3766 2219 Hippoly-

2187 2257 2274 2301 tus
2305 2244 2691 2300 commentaria
2736 2243 2788 2296 in
2837 2243 3073 2312 primum
3125 2251 3179 2295 et
3236 2242 3532 2296 secundum
3591 2250 3762 2310 caput

2185 2334 2472 2400 Geneseos,
2490 2349 2582 2388 seu
2600 2335 2651 2386 in
2668 2332 3079 2396 Hexaemerum,
3099 2339 3153 2385 et
3174 2332 3239 2386 de
3267 2333 3334 2386 iis
3349 2347 3470 2401 qua)
3495 2331 3638 2386 Deus
3658 2348 3755 2386 sex

2183 2427 2374 2481 diebus
2401 2425 2733 2488 condiderat,
2756 2432 2809 2478 et
2832 2423 2898 2478 de
2920 2424 2986 2477 iis
3010 2440 3130 2494 qua:
3157 2425 3369 2493 proprie
3398 2425 3674 2478 hominem
3701 2435 3758 2477 et

2186 2517 2330 2570 illius
2364 2517 2416 2570 in
2447 2517 2758 2584 paradisum
2802 2515 3217 2569 collocationem
3248 2514 3594 2583 spectabant;
3631 2529 3754 2579 seu,

2184 2619 2244 2663 ut
2274 2610 2458 2678 paucis
2486 2609 2684 2674 dicam,
2711 2609 2866 2678 juxta
2892 2608 2941 2662 le
2966 2607 3239 2678 Moynium
3270 2607 3578 2675 scripsisset
3609 2621 3759 2659 com-

2184 2705 2508 2756 mentarium
2559 2702 2626 2756 de
2671 2710 2815 2756 statu
2863 2709 3324 2770 protoparentum,
3372 2700 3438 2753 de
3478 2698 3756 2753 creatione

2184 2796 2393 2860 mundi,
2441 2804 2495 2850 et
2544 2795 2613 2848 de
2661 2795 2822 2848 rebus
2849 2793 3178 2846 viventibus.
3223 2791 3443 2856 Verum,
3474 2790 3601 2844 licet
3636 2793 3753 2844 haec

2182 2888 2365 2956 opinio
2387 2887 2458 2941 sit
2488 2887 2817 2957 ingeniosior
2847 2894 2901 2940 et
2939 2885 3111 2955 magis
3153 2885 3414 2938 naturalis
3452 2899 3616 2954 quam
3656 2883 3752 2939 illa

2183 2978 2441 3050 Scaligeri
2480 2981 2546 3034 de
2575 2979 2805 3035 Psalmis
2837 2977 3315 3048 pcenitcntialibus.
3354 2977 3629 3031 fatendum
3663 2987 3754 3031 ta-

2181 3087 2304 3125 men
2351 3078 2599 3126 neutrant
2657 3071 2767 3142 (18)
2812 3070 3096 3126 certiorem
3127 3086 3268 3125 esse.
3314 3067 3554 3138 Utraque
3600 3071 3750 3122 enim

2179 3163 2336 3217 unice
2365 3163 2625 3233 dependet
2655 3164 2722 3218 ab
2750 3165 3161 3235 imaginatione;
3203 3173 3258 3218 et
3282 3163 3361 3218 sic
3393 3163 3611 3233 quidem
3642 3173 3758 3218 ter-

2180 3253 2308 3316 tius,
2357 3253 2450 3322 qui
2497 3252 2585 3305 hic
2632 3252 2847 3323 ingenio
2897 3269 2997 3308 suo
3043 3254 3320 3322 indulgere
3355 3253 3531 3316 vellet,
3567 3253 3755 3308 adhuc

510 3327 678 3378 "Nlla
704 3342 921 3394 ψιοιιυθ
967 3327 1106 3380 idem
1156 3327 1223 3382 de
1256 3329 1418 3382 rebus
1446 3329 1569 3383 aliis
1601 3329 1877 3397 religionis
1899 3339 1949 3384 θῑ
1978 3328 2079 3386 EC‘
2105 3312 2147 3368 ϐ
2181 3345 2326 3398 aliud
2357 3312 2541 3414 posset
2562 3312 2774 3408 eruere,
2805 3346 2949 3415 quod
2985 3344 3122 3399 forte
3153 3312 3325 3415 magis
3348 3345 3410 3398 ad
3437 3360 3624 3398 verum
3656 3361 3756 3399 ac-

506 3416 689 3470 clesia:
719 3419 1054 3486 gravissimis
1083 3419 1432 3475 elucubratus
1467 3430 1572 3476 est.
1615 3419 1865 3476 lneamus
1893 3437 2080 3477 nume-

509 3522 629 3560 l'lllll
661 3527 674 3563 Ζ

580 3597 844 3655 Eusebius
871 3602 983 3671 (l5)
1013 3611 1067 3656 et
1104 3601 1161 3658 S.
1202 3602 1564 3676 llieronymus
1600 3604 1711 3676 (16)
1744 3620 1841 3660 nos
1881 3606 2078 3661 certio-

505 3703 593 3743 res
623 3691 852 3745 reddunt
881 3702 1129 3748 sanctum
1157 3694 1497 3766 Hippolytum
1520 3712 1777 3751 exarasse
1803 3712 2078 3752 commen-

505 3781 706 3834 tarium
746 3781 799 3835 in
831 3781 1222 3850 Hexaemeron,
1257 3803 1350 3841 seu
1385 3797 1676 3844 tractatum
1719 3789 1785 3844 de
1830 3805 1924 3844 sex
1963 3790 2076 3844 die—

505 3868 608 3925 bus
639 3873 930 3928 creationis
955 3876 1162 3929 tnuudi.
1195 3877 1275 3930 Cl.
1306 3879 1354 3932 le
1385 3877 1634 3950 Moynius
1661 3880 1944 3949 praetendit
1973 3881 2076 3935 hoc

504 3977 642 4032 opus
671 3980 789 4019 esse
820 3966 1052 4034 primum
1095 3968 1236 4022 inter
1275 3985 1359 4035 ea,
1391 3986 1513 4038 qua:
1549 3971 1602 4024 in
1640 3971 1823 4026 tabula
1865 3971 2073 4034 Graeca,

505 4072 626 4108 cum
657 4067 832 4112 statua
866 4061 1036 4114 nostri
1079 4062 1248 4115 sancti
1283 4079 1313 4115 e
1350 4063 1510 4117 terris
1541 4063 1758 4127 eﬂossa,
1801 4072 1856 4118 et
1901 4065 2072 4118 conti-

505 4158 665 4201 nt-nte
703 4151 940 4218 plurium
983 4154 1215 4206 aliorum
1272 4155 1443 4223 ipsius
1477 4156 1798 4224 scriptorum
1855 4156 2070 4222 titulos,

503 4238 536 4292 d
559 4242 884 4308 signantur;
929 4253 1090 4314 atque
1123 4246 1434 4313 suspicatur
1471 4247 1691 4301 ultimas
1719 4247 1952 4318 syllabas
1979 4265 2072 4304 vo-

502 4345 626 4384 cum
659 4333 816 4388 lUYC
847 4345 899 4389 et
927 4335 1104 4399 NIAC,
1154 4353 1218 4390 ex
1249 4339 1450 4407 quibus
1490 4338 1730 4408 Scaliger
1774 4349 1828 4394 et
1864 4339 2073 4396 Bttche-

501 4425 619 4476 rins
681 4424 884 4480 l'ariunt
935 4428 1274 4485 ΨΑΛΜΟΥΟ
1347 4429 1777 4498 METANOIAC,
1828 4432 2070 4490 Psalmos

501 4511 903 4580 pmnitentiales
939 4517 1072 4585 (l7),
1100 4534 1219 4574 esse
1249 4521 1506 4590 reliquias
1547 4538 1740 4576 vocum
1772 4523 1851 4587 εἰς
1879 4541 2072 4595 προτο-

502 4600 790 4669 πλάστους,
821 4614 874 4660 et
901 4610 1026 4679 περὶ
1057 4613 1430 4682 κοσμογονίας,
1481 4617 1564 4668 vel
1601 4615 1907 4684 ζωογονίας,
1952 4632 2070 4686 qua:

575 4769 686 4839 (l5)
721 4787 741 4818 ‹
764 4839 773 4840 7
797 4767 997 4820 Eodem
1046 4777 1286 4836 tempore
1323 4779 1377 4824 et
1415 4769 1798 4840 Hippolytus...
1848 4769 2065 4838 scripsit

500 4842 578 4903 εἰς
604 4840 698 4910 τὴν
728 4839 1046 4910 ἑξαήμερον,
1072 4840 1163 4892 xui.
1203 4840 1282 4902 εἰς
1325 4841 1394 4893 τὰ
1422 4842 1573 4911 luerit
1606 4839 1702 4911 ’ἑὴν
1747 4840 2064 4910 ὲξαήμερον,

501 4913 554 4962 in
580 4927 707 4978 opus
734 4925 823 4963 sex
851 4911 1074 4981 (tierunt,
1098 4911 1309 4981 etinﬂea
1335 4928 1449 4981 qute
1481 4921 1596 4979 post
1640 4926 1730 4963 sex-
1753 4913 1860 4963 dies
1891 4926 2068 4964 consc-

501 4994 623 5034 cum
651 4978 1079 5050 suntqiEuseb"
1112 4978 1182 5032 Η.
1207 4979 1272 5033 Ε.
1310 4978 1402 5034 lib.
1433 4997 1506 5042 Vt,
1535 4997 1652 5050 cap.
1683 4981 1772 5034 22.

573 5053 682 5120 (l6)
729 5069 748 5102 ι
807 5049 1190 5120 Hippolytus...
1229 5051 1445 5119 scripsit
1491 5048 1776 5104 nonnullos
1820 5052 1871 5105 in
1919 5048 2065 5120 Scri-

501 5132 690 5190 pturas
737 5119 1176 5185 commentarios,
1227 5137 1257 5174 e
1317 5122 1514 5190 quibus
1564 5121 1662 5174 hos
1712 5122 1884 5189 reperi
1939 5139 1952 5174 :
2004 5119 2059 5174 ln

503 5193 896 5253 Hexaemeron,
932 5192 1064 5244 etin
1098 5190 1364 5255 Exodum,
1409 5192 1461 5243 in
1501 5191 1782 5245 Canticum
1821 5192 2061 5244 cantico-

499 5280 643 5390 téum,
761 5261 1011 5316 Genesim
1064 5272 1118 5316 et
1144 5262 1197 5315 in
1233 5261 1569 5316 Zachariam.
1606 5280 1624 5312 ι
1666 5259 1975 5331 Hieronytn.
2005 5262 2056 5314 in

546 5345 644 5390 ιιι..
693 5337 704 5350 ⁸
749 5376 760 5388 .

546 5345 644 5395 ιιι..
673 5335 760 5388 61.

597 5405 681 5463 l7)
724 5403 915 5457 Merito
959 5403 1050 5457 alii
1087 5402 1284 5458 eruditi
1323 5403 1459 5456 hanc
1489 5399 1746 5470 Scaligeri
1781 5401 2056 5469 conjectu-

498 5488 614 5528 ram
669 5485 948 5542 respunnt,
1000 5476 1126 5543 quia
1169 5475 1220 5528 in
1278 5474 1434 5529 tertic
1489 5470 1854 5543 inscriptionis
1900 5487 2056 5526 versu

499 5545 700 5596 mentio
721 5553 803 5598 est
836 5542 1098 5612 operis’in
1127 5543 1392 5607 Psalmos,
1419 5553 1473 5598 et
1502 5542 1695 5612 divisio
1719 5542 2059 5597 Psalmorum

497 5615 553 5668 in
585 5610 977 5682 putititetttiales
1001 5616 1262 5682 posterior
1287 5623 1368 5670 est
1390 5622 1544 5668 aetate
1570 5610 1858 5682 Hippolyti.

569 5680 680 5751 (t8)
720 5680 790 5734 Ea
829 5684 876 5736 Ic
904 5680 1101 5754 Moynii
1145 5687 1456 5756 conjectura
1492 5686 1560 5741 cl.
1592 5680 1858 5752 Basnagio
1897 5682 2059 5738 etiam

2175 3435 2406 3490 cederet.
2439 3434 2504 3490 Et
2531 3451 2662 3491 sane
2687 3437 2967 3491 doctorum
2993 3437 3231 3491 virorum
3266 3435 3487 3491 Thomaa
3516 3437 3665 3492 Galei
3694 3447 3755 3490 et

2176 3531 2414 3588 Eduardi
2453 3531 2752 3588 Bernhardi
2797 3535 3144 3605 conjecturae,
3177 3533 3270 3604 qui
3298 3549 3364 3588 ex
3396 3533 3642 3604 reliquiis
3664 3533 3756 3587 lit-

2176 3635 2412 3680 terarum
2445 3625 2602 3680 IOYC
2643 3626 2954 3682 divinantur
2995 3627 3296 3692 Ἰουδαίους,
3339 3627 3411 3680 ita
3455 3635 3514 3680 ut
3545 3641 3752 3681 sensus

2174 3718 2384 3790 integer
2409 3721 2476 3774 sit
2521 3719 2813 3785 Ἀπόδειξις
2841 3719 2976 3791 πρὸς
2997 3721 3119 3782 τοὺς
3165 3718 3463 3781 Ἰουδαίους,
3494 3717 3577 3770 vel
3603 3719 3752 3770 κατᾶ

2173 3813 2298 3875 τοὺς
2341 3811 2642 3876 Ἰουδαίους,
2670 3812 3044 3866 demonstratio
3075 3811 3320 3864 adversus
3347 3809 3584 3872 Judwos,
3619 3825 3754 3862 eru-

2175 3904 2304 3960 ditis
2338 3904 2587 3975 pluribus
2621 3918 2726 3958 non
2762 3903 3048 3973 displicent
3073 3903 3208 3974 (l9).
3246 3901 3312 3957 Ut
3338 3910 3397 3956 ut
3419 3911 3598 3956 autem
3628 3903 3752 3957 haec

2173 3998 2301 4063 sint,
2339 3997 2442 4052 hoc
2482 3997 2837 4051 nihilominus
2882 4011 3068 4050 verum
3128 4005 3237 4061 est,
3289 3994 3347 4050 S.
3389 3996 3749 4066 HLppolytuzn

2173 4090 2547 4159 composuisse
2570 4088 2960 4144 Hexaemeron.
3003 4088 3232 4144 Sanctus
3276 4087 3513 4144 Joannes
3543 4087 3750 4143 Dama-

2171 4195 2367 4236 scenus
2395 4181 2509 4236 suis
2547 4181 2599 4234 in
2637 4178 2919 4233 Parallelis
2951 4181 3110 4234 nobis
3133 4179 3488 4250 fragmentum
3519 4180 3750 4249 aliquod

2173 4271 2334 4339 hujus
2358 4271 2543 4340 scripti
2578 4269 2943 4333 conservavit,
2992 4271 3135 4339 quod
3175 4271 3552 4340 complectitur
3591 4269 3750 4326 refu-

2169 4362 2425 4415 tationem
2455 4377 2641 4416 eorum
2671 4362 2763 4430 qui
2807 4360 3115 4430 paradisum
3160 4369 3463 4414 terrestrem
3507 4361 3560 4414 in
3598 4363 3748 4416 caelo

2169 4453 2542 4517 collocabant,
2597 4462 2760 4522 atque
2799 4452 2993 4506 exinde
3050 4451 3429 4506 intieiabautur
3484 4453 3747 4508 eumdem

2169 4558 2288 4598 esse
2319 4558 2348 4596 e
2400 4557 2626 4596 numero
2675 4553 3050 4596 creaturarum
3094 4542 3258 4612 hujus
3315 4543 3551 4596 universi
3598 4543 3744 4610 (20).

2101 4657 2142 4710 ο
2173 4634 2426 4700 Quinimo
2486 4642 2705 4688 sanctus
2754 4647 2970 4703 quoque
3011 4633 3335 4688 Ambrosius
3372 4643 3580 4702 partem
3630 4634 3746 4688 ali-

2173 4785 2278 4823 non
2329 4767 2809 4838 arridetLQuippe
2843 4783 2972 4822 vero
3020 4769 3327 4838 proximum
3377 4777 3480 4829 est.
3531 4785 3749 4838 germa-

2172 4855 2271 4893 nos
2303 4855 2522 4909 operum
2558 4837 2825 4909 Hippolyti
2871 4837 3058 4893 titulos
3092 4848 3281 4909 statum
3308 4837 3624 4894 marmorea:
3653 4841 3748 4894 in-

2173 4908 2403 4980 scriptus
2450 4909 2636 4964 fuisse.
2685 4908 2795 4963 llus
2830 4925 2971 4980 vero
3017 4911 3148 4980 suis;
3180 4908 3522 4980 Hippolytum
3553 4913 3746 4978 Operi-

2172 4977 2583 5044 bus'indidisse,
2610 4996 2746 5048 quos
2775 4979 2998 5034 adduxit
3024 4980 3076 5051 le
3103 4977 3388 5051 Moynius,
3405 4995 3509 5051 non
3541 4977 3743 5050 liquet,

2172 5051 2552 5120 nequcetiam
2604 5051 2658 5103 tit
2689 5051 2964 5104 credibile.
3019 5048 3279 5120 Basnage,
3313 5050 3505 5106 Annal.
3542 5052 3610 5105 ad
3641 5048 3744 5107 ati-

2169 5135 2298 5172 num
2320 5119 2446 5182 222,
2474 5135 2594 5188 pag.
2634 5120 2757 5173 289.

2239 5189 2347 5258 (l9)
2379 5188 2564 5263 ΔΝΙΛΟ.
2605 5189 2912 5263 Eduardus
2959 5189 3264 5247 Bernardus
3302 5192 3429 5258 legit
3473 5191 3602 5263 περὶ
3636 5209 3741 5248 κο-

2167 5259 2478 5332 σμογονίας,
2514 5269 2569 5332 ut
2601 5261 2924 5328 intelligatur
2952 5263 3092 5330 quod
3127 5277 3330 5316 veteres
3359 5266 3495 5315 inter
3529 5259 3742 5332 [lippo-

2163 5330 2256 5399 lyti
2287 5332 2483 5398 scripta
2521 5329 2737 5384 laudant
2765 5329 3056 5385 comment.
3082 5333 3134 5385 in
3169 5332 3533 5386 Hexaemeron
3561 5375 3574 5400 ,
3598 5329 3611 5332 ’
3633 5329 3737 5389 aut

2160 5415 2289 5474 vero
2325 5401 2448 5474 περὶ
2495 5401 2699 5474 κᾷσμου
2731 5401 3055 5474 συντελείας.
3090 5403 3324 5459 Thomas
3363 5402 3560 5457 Galeus
3603 5406 3740 5474 legit

2159 5471 2286 5542 περὶ
2317 5470 2630 5542 ἡγεμονίας,
2671 5471 2742 5524 De
2775 5473 3039 5542 regimine.

2187 5611 2198 5622 ,
2233 5539 2345 5622 (20)
2381 5539 2538 5596 Jban.
2574 5539 2982 5598 Damascftom.
3017 5541 3080 5610 ll,
3109 5558 3227 5614 pag.
3247 5543 3350 5599 787
3377 5543 3581 5601 novies.
3616 5548 3740 5600 edi-

2162 5619 2344 5666 tionis.
