3918 6194
277 314 359 368 517
1176 304 1263 357 DE
1301 304 1459 359 VITA
1498 304 1586 358 ET
1628 302 1931 358 SCRIPTIS
1967 304 2023 358 8.
2064 300 2441 358 HIPPOLYTI.

3308 305 3415 363 518

282 447 405 501 quam
428 428 571 495 hujus
599 436 852 481 tractatus
877 427 926 480 in
959 425 1325 481 Hexaemeron
1364 429 1519 483 nobis
1548 443 1765 482 eonser-
1794 435 1839 490 Α
1866 428 2132 482 Caeterum
2178 424 2572 481 observandum
2618 426 2759 495 quod
2800 426 2855 480 S.
2886 425 3205 498 Hippolytus
3234 443 3335 482 suo
3366 430 3423 482 in

281 524 401 579 varii.
434 535 537 577 seu.
595 528 653 572 ut
693 528 837 572 notat
878 519 941 573 D.
987 517 1368 592 Hieronymus,
1406 518 1673 592 Hippolyti
1712 530 1766 576 et

277 611 663 679 Hasfliit‘csligiis
702 610 895 663 institit
933 611 1276 675 Ambrosius,
1322 614 1373 667 in
1422 614 1489 668 iis
1529 630 1648 683 qua:
1699 614 1765 667 de

269 706 411 757 colem
436 709 741 769 argumento
765 701 976 767 scripsit
1003 701 1135 769 (21).

318 793 481 845 Preter
507 807 642 859 opus
666 793 990 859 praecedens,
1023 794 1210 845 eodem
1242 791 1301 845 D.
1333 790 1661 864 Hieronymo
1690 802 1766 847 te-

262 895 321 937 ste
358 882 472 948 (22),
514 882 772 934 discimus
827 880 884 935 S.
921 881 1264 951 Hippolytum
1315 894 1557 938 nostrum
1600 886 1761 939 etiam

258 976 656 1028 commentarium
724 976 1006 1045 scripsisse
1053 977 1105 1029 in
1158 977 1411 1031 Genesin.
1500 976 1764 1034 Eusebius

257 1066 430 1132 quidem
476 1066 636 1133 hujus
675 1068 853 1134 operis
884 1082 990 1121 non
1026 1068 1306 1133 meminit;
1357 1084 1540 1123 verum
1577 1081 1764 1123 sancto

255 1158 534 1227 Hieronymo
588 1159 890 1213 rectissime
942 1160 1045 1213 hoc
1085 1159 1228 1214 credi
1261 1170 1453 1229 potest,
1493 1162 1583 1229 qui
1612 1162 1761 1215 aftiro

252 1258 338 1302 mat
372 1248 521 1317 quod,
576 1250 717 1303 sicut
762 1250 865 1304 alia
913 1266 1032 1320 qua:
1072 1261 1315 1305 recenset
1356 1252 1500 1305 illius
1525 1254 1763 1308 auctoris

251 1356 399 1407 opera,
447 1340 545 1394 hoc
583 1341 747 1393 etiam
784 1341 988 1407 legerit.
1049 1340 1309 1393 Praeterea
1355 1340 1643 1394 admodum
1675 1356 1765 1393 ve-

250 1430 435 1483 risimile
473 1439 553 1482 est
599 1429 893 1483 Eusebium
924 1430 1401 1498 comprehendisse
1439 1430 1583 1483 hunc
1614 1445 1763 1482 com-

249 1520 527 1573 mentarium
564 1520 616 1573 in
648 1535 735 1581 eo,
770 1535 929 1588 quem
955 1519 1011 1573 8.
1046 1517 1384 1590 Hippolytus,
1410 1520 1762 1589 quemadmo-

247 1611 345 1663 dum
375 1594 595 1677 ipsemet.
625 1612 758 1665 dicit
794 1610 1077 1675 Eusebius,
1114 1611 1405 1679 scripserat
1433 1612 1483 1663 in
1514 1629 1593 1673 ea,
1647 1628 1763 1681 qua:

243 1710 332 1767 post
358 1716 438 1753 sex
462 1701 571 1753 dies
601 1711 879 1753 consecuta
908 1712 1049 1766 sunt,
1094 1702 1141 1755 id
1169 1710 1271 1764 est,
1325 1711 1382 1755 ut
1422 1702 1579 1770 vulgo
1606 1702 1755 1754 intel-

1866 516 2086 571 Cenesin
2135 516 2504 570 commentario
2553 516 2661 571 fere
2707 519 2887 571 omnia
2920 519 3204 587 allegorice
3256 520 3425 573 inter-

1865 619 2122 679 pretetur.
2174 607 2371 662 Verum
2405 622 2509 661 non
2549 609 2619 661 ita
2652 617 2828 661 tamen
2876 610 3114 662 animum
3156 610 3219 663 ad
3272 610 3424 663 inve-

1865 700 2117 752 niendum
2164 700 2213 752 in
2242 698 2427 768 ﬁguris
2466 697 2669 752 Veteris
2697 698 3024 753 Testamenti
3072 698 3205 753 Novi
3234 698 3426 756 Foede-

1866 792 1941 844 ris
1973 790 2223 844 veritates
2266 790 2510 855 intendit,
2553 799 2611 842 ut
2646 806 2752 843 non
2784 791 3077 859 aliquando
3106 793 3268 844 etiam
3298 807 3424 847 sen-

1865 898 1982 936 sum
2045 882 2326 935 litteralem
2372 882 2643 935 illustrare
2682 882 2916 938 studeat.
2978 882 3036 934 In
3074 884 3317 951 pluribus
3345 883 3426 937 lo—

1864 975 1943 1028 cis
1976 975 2379 1043 Scripturarum
2412 976 2691 1029 versiones
2715 976 2781 1029 ab
2804 976 2998 1044 Aquila
3022 988 3075 1029 et
3096 974 3423 1046 Symmacho

1864 1066 2153 1120 adornatas
2189 1067 2431 1121 adhibuit
2463 1066 2594 1135 (29).
2643 1065 2925 1121 Fabricius
2970 1068 3084 1121 haec
3124 1066 3426 1136 fragmenta

1866 1160 2241 1214 Commentarii
2268 1163 2321 1213 in
2349 1160 2590 1225 Genesin,
2639 1176 2760 1230 quae
2791 1161 2981 1224 edidit,
3012 1176 3076 1214 ex
3110 1161 3426 1215 collectione

1865 1252 1933 1305 88
1969 1254 2182 1306 Patrum
2211 1254 2263 1306 in
2298 1252 2528 1307 Genesin
2559 1253 2720 1314 eruit,
2755 1268 2875 1321 qua:
2904 1252 3151 1305 collectio
3176 1267 3426 1307 asserva-

1866 1353 1953 1397 tur
1990 1346 2041 1397 in
2070 1347 2443 1413 manuscripto
2480 1345 2533 1397 in
2561 1344 2881 1398 bibliotheca
2926 1344 3263 1414 imperatoris
3299 1341 3429 1397 Vin—

1862 1436 2088 1489 dobonae
2110 1436 2160 1488 in
2189 1436 2427 1489 Austria.

1970 1527 1995 1597 §
2028 1529 2092 1581 ll.
2127 1527 2546 1582 Commentariua
2581 1526 2638 1582 S.
2675 1526 2944 1596 Hippolyti
2973 1527 3021 1578 in
3051 1526 3315 1579 Exodum.

1937 1618 2168 1672 Sanetus
2191 1617 2551 1687 Ilieronymus
2586 1616 2761 1669 adhuc
2800 1616 3045 1669 attribuit
3078 1614 3133 1668 8.
3168 1614 3427 1684 Hippoly-

1867 1721 1923 1764 to
1954 1710 2396 1763 Commentarium
2433 1710 2483 1761 in
2514 1707 2751 1760 Exodum
2778 1707 2911 1775 (50),
2970 1722 3128 1775 quem
3160 1705 3427 1760 Eusebius

244 1793 406 1859 ligilur,
438 1794 487 1845 in
522 1794 732 1862 reliqua
766 1794 1035 1849 Geneseos
1063 1795 1258 1862 capita.
1296 1793 1375 1847 Cl.
1411 1793 1653 1847 Valesius
1688 1803 1766 1847 ta-

1873 1803 2004 1857 iorte
2040 1802 2337 1873 generatim
2371 1800 2706 1871 designavit,
2767 1801 2894 1853 dum
2951 1798 3241 1852 afﬁrmavit
3276 1840 3290 1863 ,
3346 1797 3425 1849 uti

244 1897 338 1933 meo
380 1881 731 1936 nihilominus
760 1892 812 1935 et
847 1881 1083 1951 Scaliger
1117 1893 1241 1936 ante
1265 1897 1386 1935 eum
1421 1882 1563 1935 hunc
1593 1879 1764 1933 Euse-

246 1973 301 2025 hii
326 1974 484 2026 locum
520 1975 587 2028 de
620 1975 861 2028 secundo
889 1975 1149 2029 duntaxat
1180 1974 1452 2029 Geneseos
1477 1973 1650 2041 capite
1680 1972 1765 2025 in-

241 2073 565 2133 terpretantur
600 2067 736 2135 (25).

291 2161 345 2211 At
368 2175 486 2213 vero
513 2159 702 2213 nullus
733 2166 817 2212 est
844 2157 1147 2227 ambigendi
1181 2157 1352 2220 locus,
1380 2156 1510 2225 quin
1546 2156 1591 2210 is
1625 2171 1767 2209 com-

240 2252 517 2313 mentarius,
551 2251 621 2304 de
643 2266 756 2319 quo
789 2249 876 2303 bic
899 2249 1181 2318 quieritur,
1229 2248 1281 2301 in
1316 2257 1480 2301 totam
1513 2246 1763 2301 Genesim

240 2360 283 2395 se
318 2345 575 2407 extendat,
634 2353 923 2412 postquam
973 2342 1222 2395 Albertus
1272 2339 1556 2393 Fabricius
1614 2340 1765 2408 plura

240 2436 371 2501 hujus
422 2435 804 2487 commentarii
865 2433 1164 2501 fragmenta
1223 2430 1407 2485 Grrece
1460 2446 1523 2483 ac
1579 2428 1767 2482 Latine

237 2527 468 2595 evulgarit
500 2525 639 2594 (2.1).
702 2525 793 2579 Sic
817 2525 889 2578 ibi
919 2529 1270 2579 observamus
1294 2521 1681 2591 explicationes
1713 2522 1766 2573 in

238 2633 267 2677 ι,
294 2634 344 2670 ιιι
372 2630 547 2688 caput,
592 2629 650 2673 et
690 2632 879 2671 omnes
927 2615 1037 2670 fere
1095 2615 1391 2670 versiculos
1426 2614 1587 2683 capit.
1644 2629 1768 2666 χιιι

237 2709 491 2766 Geoeseos.
542 2710 770 2765 Accedit
814 2708 958 2779 quod
1003 2706 1060 2760 S.
1094 2705 1471 2778 Hieronymus,
1518 2706 1643 2759 dum
1674 2720 1768 2759 co-

238 2802 431 2852 nabatur
479 2798 921 2869 explanationem
964 2796 1090 2849 dare
1115 2796 1180 2848 de
1210 2794 1656 2857 Mclcliisedecbo,
1687 2794 1769 2847 di-

237 2902 348 2945 serte
368 2893 504 2946 dicat
530 2908 592 2947 se
619 2890 965 2945 consuluisse
986 2899 1228 2942 sanctum
1259 2887 1595 2959 Hippolytum
1622 2888 1767 2958 (25);

237 2985 426 3050 proinde
449 2985 669 3036 videtur
698 2998 791 3050 per
815 2982 917 3034 hoc
949 2980 1223 3034 testiﬁcari
1253 2982 1393 3049 quod
1428 2989 1649 3034 sanctus
1680 2995 1772 3032 no-

235 3085 323 3128 ster
350 3075 397 3129 in
427 3085 591 3144 caput
615 3091 729 3139 xiv,
751 3074 941 3143 inquo
964 3075 1028 3127 de
1052 3072 1438 3127 Melchisedech
1480 3088 1657 3126 sermo
1688 3071 1765 3135 ﬁt,

235 3177 602 3221 commentatus
660 3165 842 3219 fuerit.
896 3165 1035 3218 Idem
1083 3165 1272 3219 doctor
1322 3164 1592 3217 maximus
1638 3163 1768 3215 alle-

234 3269 305 3325 gat
349 3260 520 3313 adhuc
563 3258 929 3337 fragmentum
979 3257 1110 3310 satis
1160 3257 1375 3325 longum
1426 3256 1493 3309 de
1538 3256 1688 3308 Isaac
1717 3263 1769 3307 et

237 3349 465 3416 Rebecca,
519 3352 571 3404 id
617 3360 721 3413 est,
767 3366 928 3418 super
970 3358 1131 3417 caput
1184 3363 1327 3401 xxvii
1380 3346 1653 3401 Geneseos
1700 3360 1764 3398 ex

235 3439 391 3492 eodem
423 3442 825 3494 commentario
853 3437 982 3507 (26;.
1016 3436 1255 3491 Isidorus
1283 3436 1445 3489 etiam
1490 3434 1770 3503 Hispalen-

236 3532 297 3585 sis
316 3530 415 3598 (27)
441 3530 696 3583 eamdem
726 3526 1135 3596 explicationem
1164 3525 1505 3595 allegoricam
1529 3523 1593 3575 de
1621 3522 1772 3578 Isaac

235 3634 276 3677 et
300 3621 529 3677 Rebecca
560 3638 634 3677 ex
659 3620 716 3675 8.
748 3620 1031 3691 Hippolyto
1060 3619 1239 3673 refert.
1292 3618 1443 3687 Apud
1485 3616 1768 3671 Leontium

235 3731 419 3785 quoque
447 3714 810 3786 Byzantinum
844 3714 1070 3766 habetur
1108 3712 1361 3781 exiguum
1411 3708 1769 3775 fragmentum

234 3810 585 3862 commentarii
638 3806 693 3860 8.
749 3805 1011 3875 Hippolyti
1064 3806 1117 3858 in
1165 3803 1563 3858 benedictiones
1600 3802 1773 3854 Abra-

234 3899 301 3953 he
325 3901 448 3971 (28).
503 3900 687 3968 Super
722 3915 935 3953 versum
980 3897 1050 3950 27
1092 3896 1281 3965 capitis
1312 3910 1435 3948 itth
1478 3893 1769 3956 Geneseos,

235 4006 325 4059 quo
371 3994 725 4046 continentur
772 3990 1175 4045 benedictiones
1230 3988 1460 4042 Abrahae
1503 4001 1599 4054 pro
1650 3985 1773 4039 tiliis

236 4085 352 4147 suis,
384 4098 614 4139 sanctus
663 4082 980 4153 Hippolytus
1010 4090 1196 4136 sancto
1239 4080 1483 4149 apostolo
1510 4076 1676 4131 Paulo
1706 4077 1770 4129 il-

236 4172 311 4228 lud
338 4176 398 4231 de
425 4180 556 4245 lupo
590 4192 803 4245 rapace,
839 4176 982 4245 quod
1010 4174 1383 4242 Benjaminum
1421 4179 1646 4240 spectat,
1683 4184 1773 4223 ae-

236 4268 557 4333 commodat;
610 4282 772 4334 quam
813 4263 1361 4319 aceommodationem
1395 4271 1575 4330 postea
1612 4260 1772 4313 etiam

238 4356 584 4412 adhibuerunt
616 4358 672 4411 S.
699 4357 1031 4427 Augustinus
1074 4365 1127 4409 et
1161 4354 1252 4407 alii
1278 4352 1530 4407 Ecclesia:
1564 4350 1771 4404 Patres.

295 4556 393 4625 (21)
438 4576 457 4607 ι
488 4556 674 4622 Nuper
701 4556 758 4609 S.
786 4554 1102 4608 Ambrosius
1134 4550 1605 4625 sicilexaemeron
1630 4551 1775 4625 illius

258 4621 506 4693 Origenis)
533 4621 863 4693 compilavit,
900 4634 961 4693 ut
982 4626 1152 4693 magis
1186 4621 1465 4693 Hippolyti
1482 4623 1776 4693 sententias

304 4691 508 4764 sibique
532 4691 863 4763 sequeretur.
898 4714 916 4745 ι
952 4691 1260 4763 HierOnym.
1285 4732 1301 4757 ,
1333 4709 1416 4760 ep.
1442 4692 1503 4744 41
1536 4692 1600 4743 ad
1626 4691 1779 4744 Pam-

242 4767 395 4817 mat‘h.
421 4778 473 4819 et
496 4766 697 4820 Ocean.

301 4835 399 4899 (22)
442 4835 839 4905 Ηίθι·οιι)·ιιι.ἰη
872 4834 1137 4902 Catalog.,
1172 4830 1405 4905 captfil‘.

242 4897 665 5027 Etisbjdlenric:
737 4904 911 4958 Vales.
970 4905 1023 4956 in
1063 4897 1194 4972 'cap.
1239 4897 1319 4955 ’22
1368 4902 1459 4955 lib.
1497 4915 1547 4952 vi
1601 4897 1670 4954 11.
1711 4897 1773 4954 Ε.

281 4991 361 5028 use
402 4993 458 5029 ιι.

300 5015 678 5113 (Ninum,
709 5041 845 5111 Opp.
873 5043 1137 5111 Hippolyt.
1174 5039 1397 5113 tom._H,
1423 5055 1541 5108 pag.
1572 5039 1661 5093 ea.

301 5109 402 5183 (25)
450 5134 468 5165 ‹
518 5114 657 5167 Vetti
687 5109 772 5166 me
795 5109 873 5167 ad
908 5109 1270 5182 Hippolytum,
1304 5109 1585 5183 Irenaeum.
1620 5127 1636 5158 ι
1676 5115 1781 5183 etC.

243 5178 441 5235 Hieron.
474 5186 537 5238 ad
567 5184 890 5251 Evangclum
937 5178 1324 5252 presbyterum,
1362 5196 1446 5248 ep.
1474 5180 1774 5252 75_noviss.

243 5254 352 5321 edit.
378 5252 564 5309 Venet.
604 5249 775 5318 ili-5'0,
800 5249 1073 5319 alias’iﬁti,
1096 5249 1253 5321 epist.
1279 5252 1401 5305 crit.
1434 5266 1488 5319 p.
1508 5249 1609 5304 570
1639 5251 1776 5317 apud

243 5318 548 5379 Benedictio.

304 5393 405 5457 (26)
448 5393 735 5461 Hieronym
769 5433 784 5457 ,
824 5393 981 5459 epist.
1017 5391 1079 5445 ad
1104 5390 1405 5461 Damasum
1457 5388 1524 5442 56
1574 5388 1775 5441 noviss.

244 5462 378 5531 βω..
412 5466 543 5517 alias
572 5460 693 5521 123.
730 5480 782 5531 p.
814 5462 916 5516 569
940 5463 1077 5530 apud
1101 5460 1496 5531 Bciiedictinos.

305 5530 408 5593 (Ξῖ)
446 5533 632 5587 Isidor.
670 5529 872 5599 Hispal.
906 5534 956 5584 in
978 5529 1102 5599 cap.
1130 5547 1260 5583 xviii
1293 5529 1485 5599 Grues.

306 5600 407 5669 (23)
449 5602 633 5657 Leont.
664 5596 918 5673 Byzantq
977 5596 1065 5653 lib.
1108 5610 1338 5673 tcgntra
1398 5596 1776 5673 Hestorittpnt‘et

251 5664 534 5745 Eutychem,
580 5664 805 5745 [omini
827 5672 1083 5745 Bitilioth.
1109 5669 1232 5745 Δ1)-1).
1267 5668 1510 5745 Lugdhun.
1550 5682 1610 5745 p._
1634 5666 1773 5745 (182ς

252 5736 297 5790 in
320 5736 553 5798 versione
589 5741 779 5797 Latina
826 5742 985 5813 hujus
1017 5741 1119 5797 loci
1154 5736 1673 5809 LeontiiByzantini
1708 5736 1777 5789 tc-

1866 1894 2025 1962 paulo
2055 1902 2209 1946 antea
2234 1892 2492 1954 diximus,
2517 1900 2763 1944 sanctum
2792 1900 3034 1944 nostrum
3070 1889 3123 1942 in
3166 1904 3225 1941 ea
3258 1888 3419 1943 etiam

1866 1992 2287 2039 commentatum
2326 1981 2493 2035 fuisse
2515 1997 2636 2050 qua:
2667 1989 2785 2050 post
2817 1996 2910 2034 sex
2940 1980 3055 2034 dies
3082 1994 3428 2047 consequun-

1866 2086 1953 2130 tur
1996 2076 2048 2128 in
2092 2075 2243 2129 libris
2290 2073 2493 2144 Moysis
2526 2074 2658 2145 (51).
2726 2071 2873 2126 Vidit
2918 2072 3063 2126 hunc
3100 2078 3429 2125 commenta-

1865 2171 2005 2223 rium
2034 2168 2090 2222 S.
2122 2166 2513 2236 Hieronymus;
2545 2176 2704 2236 atque
2733 2173 3015 2234 propterea
3039 2163 3285 2217 dubitare
3315 2176 3427 2216 non

1866 2276 2158 2329 possumus
2204 2260 2270 2313 de
2321 2259 2466 2311 illius
2520 2257 2647 2309 olim
2690 2255 3026 2310 essistentia.
3080 2252 3160 2306 Cl.
3206 2251 3427 2321 quidem

1871 2352 1921 2403 le
1952 2350 2198 2421 Moynius
2247 2350 2357 2420 (52)
2404 2349 2456 2401 in
2490 2348 2713 2401 dubium
2750 2362 3004 2400 revocare
3054 2346 3156 2399 boc
3189 2344 3424 2408 videtur,

1866 2444 1993 2496 dum
2044 2443 2246 2510 absque
2295 2441 2645 2494 fundamento
2671 2439 2914 2492 obtendit
2942 2446 3187 2491 sanctum
3238 2434 3431 2488 Hiero-

1868 2549 2089 2604 nymum
2139 2548 2243 2585 non
2277 2532 2379 2586 nisi
2405 2548 2469 2585 ex
2502 2531 2640 2584 male
2670 2530 2956 2583 intellectis
2997 2527 3213 2581 Eusebii
3247 2526 3429 2579 verbis

1868 2624 2314 2677 commentarium
2363 2624 2415 2676 in
2467 2621 2709 2674 Exodum
2754 2621 3075 2673 astruxisse.
3132 2617 3227 2669 Hic
3280 2616 3427 2670 enim

1870 2717 2201 2787 (Eusebius),
2244 2717 2526 2785 subjungit
2570 2716 2617 2767 le
2662 2713 2929 2783 Moynius,
2971 2722 3256 2780 postquam
3283 2708 3431 2762 desi-

1870 2810 2052 2878 gnavit
2074 2807 2461 2868 Hexaemeron,
2495 2805 2643 2869 dicit,
2672 2804 2813 2872 quod
2847 2801 2903 2856 S.
2936 2801 3253 2870 Hippolytus
3292 2797 3433 2853 scri-

1868 2899 2034 2969 pserit
2075 2898 2235 2952 etiam
2268 2897 2319 2950 in
2361 2912 2423 2949 ea
2460 2910 2580 2964 qua}
2608 2902 2903 2963 sequuntur
2953 2909 3043 2946 sex
3080 2891 3214 2953 dies,
3251 2891 3330 2952 εἰς
3361 2888 3429 2943 τὰ

1873 2988 2009 3061 μετὰ
2035 2988 2129 3059 τὴν
2162 2987 2461 3058 ἐξαήμερον
2496 3004 2510 3040 :
2542 3000 2636 3054 per
2657 3000 2777 3053 qua:
2808 2983 2991 3045 verba,
3014 2983 3186 3051 pergit
3212 2982 3258 3033 le
3280 2980 3430 3051 Moy-

1870 3081 2015 3147 nius,
2072 3079 2159 3133 hic
2200 3086 2456 3131 notantur
2502 3076 2951 3145 protoplastorum
2981 3081 3175 3137 status,
3222 3070 3430 3124 habita-

1872 3177 1964 3237 tio,
1991 3171 2235 3234 tentatio,
2268 3170 2474 3238 lapsus,
2509 3175 2561 3219 ct
2590 3167 2735 3220 varia
2772 3182 2891 3235 qua:
2920 3166 3207 3229 Adamum,
3238 3162 3428 3227 Evam,

1870 3263 2204 3335 paradisum,
2249 3272 2575 3331 serpentem,
2618 3260 2838 3313 arbores
2864 3259 2985 3311 vita:
3010 3268 3063 3311 et
3086 3256 3346 3319 scientiae,
3376 3262 3431 3307 et

1871 3359 1976 3411 alia
2024 3357 2107 3409 bis
2151 3355 2403 3423 adjuncta
2455 3364 2697 3422 spectare
2725 3352 2993 3404 videntur.
3051 3350 3117 3402 At
3149 3363 3275 3401 vero
3302 3362 3431 3400 eru-

1872 3451 2017 3504 ditus
2066 3447 2153 3501 hic
2197 3457 2386 3499 auctor
2428 3461 2537 3498 non
2583 3444 2715 3499 satis
2751 3443 2991 3496 animum
3028 3439 3254 3493 attendit
3285 3437 3432 3506 quod

1872 3550 2093 3595 sanctus
2150 3538 2508 3606 Hieronymus
2556 3552 2663 3588 non
2704 3534 2997 3589 secundum
3033 3530 3323 3585 Eusebium
3352 3529 3435 3581 lo-

1872 3642 2091 3703 quatur,
2140 3631 2232 3685 sed
2278 3630 2506 3684 evolutis
2553 3628 2706 3697 ipsis,
2756 3642 2894 3696 quos
2932 3624 3193 3689 nominat,
3227 3623 3380 3676 libris
3412 3638 3430 3675 :

1872 3725 1919 3777 Ε
1946 3724 2155 3793 quibus,
2205 3722 2380 3791 inquit
2426 3721 2559 3790 (55),
2602 3720 2693 3771 hos
2734 3718 2920 3786 reperi,
2951 3718 3005 3769 in
3031 3714 3350 3785 ἐξαήμερον,
3381 3718 3434 3764 et

1871 3817 1927 3869 in
1959 3814 2222 3867 Exodum.
2278 3812 2391 3865 Hoc
2420 3828 2516 3880 per
2536 3825 2594 3863 se
2620 3808 2989 3872 manifeswm,
3022 3819 3073 3861 et
3100 3807 3300 3858 nullam
3329 3801 3434 3855 dif-

1876 3908 2166 3962 ﬁcultatem
2201 3906 2419 3975 patitur.
2462 3903 2729 3958 Caeterum
2764 3902 2897 3955 nihil
2927 3900 3158 3968 amplius
3187 3898 3253 3949 de
3278 3894 3436 3948 Com-

1874 3999 2127 4054 mentario
2160 3996 2216 4051 S.
2242 3996 2511 4066 Hippolyti
2560 3996 2613 4047 in
2655 3992 2899 4045 Exedunt
2942 3991 3100 4043 hodie
3149 3988 3430 4041 habemus.

1876 4092 2027 4162 Stepe
2057 4092 2269 4161 quidem
2302 4091 2562 4159 allegatur
2610 4088 2662 4141 iu
2694 4084 3087 4141 commentario
3116 4078 3348 4132 Arabico
3377 4076 3433 4130 in

1870 4183 2297 4239 Pentateuchum
2332 4181 2443 4251 (54)
2473 4194 2695 4247 operum
2754 4173 3058 4230 collectioni
3097 4170 3201 4225 divi
3235 4167 3435 4236 Hippo-

1874 4278 1967 4348 lyti
2000 4277 2201 4331 inserto
2228 4274 2360 4345 (55).
2405 4272 2509 4326 Sed
2559 4268 2850 4325 verisimile
2887 4266 3111 4320 omnino
3139 4274 3240 4327 est,
3288 4260 3429 4331 quod

1877 4380 2065 4426 auctor
2096 4370 2257 4439 hujus
2287 4365 2663 4422 commentarii
2714 4378 2907 4416 nomen
2954 4361 3011 4414 S.
3046 4356 3335 4427 Hippolyti,
3370 4351 3430 4409 8.

1877 4549 2021 4616 gitur
2049 4545 2271 4599 Balaam
2302 4546 2405 4596 hoc
2430 4542 2632 4616 modo;
2673 4562 2689 4591 ‹
2731 4540 2912 4616 Sancti
2945 4537 3211 4616 Hippolyti
3244 4544 3297 4589 et
3322 4534 3435 4605 epi-

1877 4608 2023 4685 scopi
2072 4627 2123 4669 ct
2173 4616 2423 4683 martyris
2477 4628 2542 4666 ex
2572 4611 3066 4685 benedictionibus
3115 4608 3354 4685 Balaam.
3410 4623 3430 4655 ι

1880 4676 2099 4740 Videtur
2122 4687 2223 4737 hoc
2253 4676 2404 4737 error
2424 4698 2543 4736 esse
2572 4683 2938 4741 librariorum,
2964 4689 3123 4747 atque
3154 4676 3435 4747 legendum
3514 4736 3523 4745 .

1876 4774 1995 4810 esse
2038 4758 2287 4813 Abraam,
2324 4754 2670 4807 conformiter
2714 4751 2877 4804 tcxtui
2930 4743 3115 4804 Graeco
3152 4764 3164 4800 :
3209 4748 3301 4798 Ἐκ
3330 4743 3439 4803 τῶν

1877 4827 2132 4894 εὐλογίων
2192 4822 2283 4876 τοῦ
2350 4823 2614 4893 Ἀϐραάμ.
2675 4821 2829 4876 Τοιιι.
2870 4822 2912 4873 ll
2972 4818 3105 4888 Opp.
3163 4813 3432 4885 Hippolyt.

1916 4913 2000 4948 ag.
2032 4896 2121 4948 45.

1877 4912 2371 5034 Ρυέεῆθίίἰρροιγι.
2404 4961 2540 5033 Opp.
2569 4974 2699 5016 tom.
2735 4960 2798 5025 ll,
2833 4976 2955 5029 pag.
2986 4960 3079 5034 22,
3110 4957 3201 5021 25,
3236 4954 3327 5010 26.

1950 5031 2060 5103 (50)
2100 5031 2410 5104 Hierouym,
2450 5031 2500 5104 in
2533 5034 2799 5101 Calalog.,
2833 5031 3065 5104 cap._til.

1949 5107 2059 5173 (51)
2102 5102 2323 5168 l‘luscb.,
2357 5103 2426 5157 11.
2462 5103 2524 5157 Ε.
2560 5106 2649 5157 lib.
2682 5119 2754 5164 γι,
2790 5117 2905 5168 cap.
2939 5102 3028 5173 ‘22.

2100 5177 2171 5248 Le
2198 5162 2409 5245 Moync,
2452 5162 2815 5248 .Variqsac'ra,
2852 5162 2979 5224 tom.
3018 5167 3078 5232 H,
3107 5181 3227 5236 pag.
3260 5162 3383 5219 990.

1948 5244 2061 5315 (55)
2103 5246 2411 5314 Hieronym.
2451 5244 2552 5297 loc.
2587 5246 2679 5298 cit.

1950 5305 2061 5388 (54)
2101 5305 2494 5388 Auctor-hujus
2523 5311 2898 5388 continentarii
2930 5307 3229 5388 Arabssub
3259 5305 3437 5359 nomi-

1879 5379 2148 5442 ne'saneti
2185 5379 2452 5453 Hippolyti
2487 5386 2678 5451 allegat
2710 5382 3061 5453 quadraginta
3101 5379 3239 5442 loca,
3286 5391 3440 5429 eum—

1879 5471 1982 5519 que
2034 5452 2308 5509 ordinario
2360 5455 2721 5520 Expositorem
2776 5452 3433 5520 Targliumistam__vocat.

1877 5517 2179 5647 ἔξιμιυρρ.
2217 5523 2273 5577 8.
2303 5517 2570 5593 Hippolyt.
2600 5521 2742 5589 apud
2788 5517 2998 5574 Fabric.
3045 5530 3173 5574 tom.
3208 5517 3270 5582 ll,
3310 5532 3435 5587 pag.

1976 5612 2005 5647 e
2066 5613 2180 5647 seu.

1976 5606 2029 5649 et
2066 5613 2180 5664 seq.

1950 5666 2060 5736 (55)
2100 5666 2331 5731 Fabric.,
2359 5666 2391 5717 Ι.
2425 5680 2471 5716 c.
