3844 6188
251 245 341 297 πει

1212 243 1299 297 DE
1338 242 1497 298 VlTA
1532 240 1620 296 ET
1662 241 1976 297 SCRTPTIS
2017 239 2076 293 S.
2118 239 2503 295 H.PPOLYTI.
2572 200 2577 211 Ι

3360 251 3471 307 39.3

260 372 418 421 i‘ant.
448 372 504 419 ut
534 367 673 419 adeo
710 365 839 420 inde
866 365 1082 419 laudata
1130 366 1181 418 in
1212 366 1392 419 tabula
1426 366 1707 435 legendum
1741 367 1810 417 sit
1839 370 1883 425 Α
1910 362 2025 416 sius
2073 361 2252 414 locum
2296 362 2431 415 satis
2462 360 2909 415 considerahilem
2937 377 3001 416 ex
3035 378 3101 417 eo
3144 364 3298 420 nobis
3332 382 3469 420 con-

274 458 549 522 Ἀπόδειξις
570 459 706 529 πρὸς
724 461 853 520 τοὺς
881 459 1180 521 Ἰουδαίους,
1200 474 1291 513 seu
1306 458 1445 511 κατὰ
1459 460 1579 521 τοὺς
1596 458 1811 511 Ἰουδαέ-

263 570 375 615 094,
433 550 829 604 Demonstratio
874 551 1119 603 adversus
1147 549 1381 603 Juda'os.
1443 550 1637 604 Verum
1702 553 1812 605 haec

261 644 555 711 conjectura
584 643 734 695 omni
768 640 1123 695 fundamento
1157 642 1488 695 destituitur.
1524 645 1699 710 Atque
1725 657 1812 695 sa-

258 739 353 789 tius
376 744 662 803 propterea
693 744 775 788 est
805 736 1033 803 ingenue
1063 734 1217 787 fateri
1249 735 1605 802 ignorantiam
1631 734 1808 802 quoad

254 828 559 879 relationem
609 833 844 894 quatuor
872 827 1060 879 harum
1092 825 1413 891 litterarum,
1473 844 1632 897 quam
1670 828 1720 881 in
1752 843 1809 881 re

255 919 376 971 adeo
416 918 656 970 obscura
706 918 935 970 divinari
967 917 1118 972 velle.
1160 938 1178 972 ι
1210 916 1480 973 Hactenus
1510 910 1578 973 cl.
1628 918 1810 974 Remi-

256 1012 363 1078 gius
390 1008 717 1061 Ceillierius.

259 1120 282 1189 ς
317 1118 374 1175 V.
404 1119 832 1173 Commen.arius
880 1120 933 1171 in
968 1118 1099 1191 AVII
1145 1118 1385 1173 Psalmos
1428 1122 1807 1191 paenitentialcs

729 1206 828 1241 non
859 1200 932 1241 est
957 1187 1014 1243 S.
1044 1189 1337 1259 Hippolyti.

316 1280 518 1334 Praeter
549 1281 696 1335 hunc
741 1280 1184 1335 Commentarium
1225 1284 1276 1335 in
1310 1298 1497 1339 omnes
1539 1283 1804 1346 Psalmos.

255 1371 599 1425 doctissimus
636 1370 909 1441 Josephus
934 1373 1172 1441 Scaliger
1200 1375 1372 1429 eidem
1404 1386 1592 1431 sancto
1623 1386 1809 1432 nostro

258 1465 533 1535 Hippolyto
559 1465 835 1535 sigillatim
868 1467 1091 1521 ascribit
1119 1466 1339 1535 insuper
1362 1467 1806 1521 Contmcntariunt

257 1559 303 1609 in
335 1567 523 1625 septem
553 1556 798 1610 Psalmos
826 1559 1205 1625 paenitentiales
1233 1558 1364 1628 (50).
1412 1558 1611 1613 Verum
1665 1575 1802 1629 quo-

259 1647 389 1699 niam
420 1648 778 1703 doctissimus
815 1648 897 1700 vir
936 1648 1196 1703 duntaxat
1248 1650 1439 1703 nititur
1478 1651 1802 1727 interpreta-

1914 452 2147 505 servavit
2184 450 2328 518 (56);
2360 466 2520 519 quem
2565 449 2748 504 Grmce
2777 468 2840 505 ac
2882 452 3068 507 Latine
3101 454 3378 511 Fabricius
3416 466 3470 511 et

1912 540 2228 594 Gallandius
2271 542 2413 594 inter
2454 540 2510 593 S.
2557 541 2822 611 Hippolyti
2855 560 3015 611 opera
3056 546 3293 599 referunt
3332 548 3468 618 (57).

1912 631 2023 686 11οο
2069 634 2367 703 fragmento
2411 634 2467 686 S.
2502 633 2660 687 Pater
2706 635 2900 687 librum
2935 635 3220 703 Sapientia:
3250 655 3278 691 a
3315 639 3472 697 Salo-

1911 739 2070 776 mone
2110 726 2467 794 perscriptum
2515 727 2780 794 agnoscit,
2834 729 3286 795 quemadmodum
3330 730 3471 787 Pro-

1912 815 2113 877 verbia,
2173 815 2532 869 Ecclesiasten
2588 826 2641 869 et
2694 818 2915 871 Cantica
2969 819 3327 873 canticorum.
3379 822 3472 879 Ait

1908 905 2070 957 etiam
2120 904 2483 970 Salomonem,
2516 908 2747 962 dicendo
2787 907 3067 963 Canticum
3109 914 3466 978 canticorum,

1908 995 2211 1064 signiﬁcare
2260 998 2495 1051 voluisse
2542 1014 2598 1052 se
2646 998 2719 1059 id,
2774 1000 2917 1067 quod
2961 1002 3341 1059 continebatur
3387 1017 3467 1060 ter

1908 1087 2054 1141 mille
2100 1088 2221 1143 odis
2267 1104 2358 1142 seu
2385 1090 2635 1151 canticis,
2683 1091 2785 1143 hoc
2820 1106 2927 1143 uno
2968 1097 3466 1162 comprehendisse.

1909 1178 2020 1234 Hac
2043 1196 2257 1249 quoque
2285 1181 2569 1235 occasione
2595 1182 2723 1235 dum
2763 1181 2817 1237 S.
2848 1183 3165 1256 Hippolytus
3194 1189 3469 1256 explicare

1907 1272 2233 1341 aggreditur,
2267 1273 2409 1341 quod
2455 1271 2732 1340 Scriptura
2779 1276 2941 1330 refert
2984 1277 3051 1332 de
3081 1280 3277 1333 selertu
3328 1281 3467 1335 scri~

1908 1372 2120 1431 ptorum
2142 1365 2382 1418 omnium
2409 1364 2714 1420 Salomonis
2736 1369 2802 1421 ab
2831 1369 3021 1424 amicis
3052 1369 3293 1424 Ezechize
3324 1374 3468 1441 regis

1908 1455 2066 1516 facto,
2107 1464 2331 1509 testatur
2366 1458 2488 1512 illos
2537 1459 2808 1527 sapientes
2851 1461 2994 1515 viros
3024 1477 3083 1514 ea
3132 1463 3397 1517 duntaxat
3436 1480 3468 1518 e

1906 1547 2121 1614 scriptis
2156 1548 2460 1602 Salomonis
2489 1549 2763 1617 selegisse,
2795 1566 2914 1618 quae
2954 1552 3018 1604 ad
3051 1553 3465 1609 aediﬁcationem

1908 1637 2159 1692 Ecclesiae
2186 1640 2467 1693 servirent.
2497 1640 2691 1695 Libros
2739 1658 2865 1695 vero
2894 1640 3197 1697 Salomonis
3222 1642 3465 1699 Parabo-

256 1740 376 1791 tioni
420 1738 641 1807 longius
684 1740 960 1793 accersitze
999 1742 1229 1794 duarum
1280 1724 1611 1813 syllabarum
1642 1760 1803 1799 voca-

1911 1728 2082 1780 larum
2119 1738 2171 1782 et
2195 1730 2565 1792 Canticorum,
2597 1730 2647 1781 in
2676 1730 2873 1798 quibus
2904 1732 3192 1799 scripserat
3216 1733 3283 1785 de
3316 1734 3467 1800 jlzin.

257 1830 495 1883 bulorum
564 1828 727 1883 IOYC
779 1840 831 1884 et
880 1830 1033 1885 ΝΙΑο
1100 1832 1151 1885 in
1226 1834 1408 1887 tabula
1476 1835 1680 1901 Graeca,
1743 1836 1808 1889 il-

254 1922 349 1975 lius
411 1921 671 1989 opinione
720 1933 864 1979 stare
912 1939 1016 1977 non
1064 1940 1369 1994 possumus.
1422 1926 1559 1980 Cum
1601 1936 1653 1981 et
1695 1928 1807 1996 ipse

256 2012 484 2083 Scaliger
518 2016 656 2069 bene
690 2018 969 2086 agnoverit
991 2018 1275 2073 lectionem
1308 2034 1460 2073 suam
1500 2019 1802 2089 μετανοίας,

251 2108 583 2174 ρωκὶιειιιὲαι,
636 2108 926 2162 admodum
977 2120 1214 2165 coactam
1256 2126 1395 2177 esse,
1450 2112 1597 2165 nullo
1647 2113 1807 2167 modo

252 2208 419 2250 autem
453 2199 734 2268 vulgarem
760 2217 774 2266 ;
801 2201 928 2255 hinc
958 2202 1118 2255 etiam
1149 2203 1425 2257 insimulat
1453 2204 1802 2272 sculptorem,

250 2303 296 2344 et
325 2292 391 2345 de
419 2293 722 2347 commisso
748 2308 933 2347 errore
964 2294 1161 2364 arguit,
1189 2296 1408 2364 quando
1442 2296 1623 2364 posuit
1648 2294 1803 2350 NlAC

251 2398 342 2451 pro
366 2383 596 2438 NOIAC.
630 2385 852 2439 Accedit
884 2386 1025 2455 quod
1058 2388 1205 2441 nulla
1232 2390 1454 2443 omnino
1491 2390 1630 2443 adsit
1666 2392 1807 2443 veri-

249 2476 566 2541 similitudo,
605 2477 1063 2545 quemadmodum
1112 2479 1383 2548 sapienter
1428 2480 1807 2537 animadvertit

247 2567 310 2618 cl.
357 2568 403 2621 le
446 2567 705 2638 Hoynius
737 2568 847 2639 (5|)
882 2571 1045 2637 quod,
1076 2586 1199 2624 cum
1229 2572 1407 2625 tabula
1453 2572 1635 2628 Graeca
1671 2574 1806 2629 satis

246 2662 527 2729 perspicue
573 2661 715 2715 linea
764 2664 920 2717 tertia
966 2664 1021 2717 in
1062 2662 1307 2719 Psalmos
1352 2666 1613 2736 designet,
1663 2667 1803 2721 linea

245 2752 412 2819 prima
440 2752 594 2807 aliud
623 2767 761 2822 opus
788 2754 843 2806 in
878 2753 1121 2810 Psalmos
1161 2757 1348 2810 eadem
1377 2758 1555 2812 tabula
1585 2759 1799 2814 indicet.

241 2841 372 2896 Nam
428 2853 618 2912 postea
667 2846 884 2898 additur
935 2848 1118 2915 (verba
1157 2857 1283 2902 sunt
1334 2849 1404 2903 cl.
1462 2849 1511 2903 le
1560 2850 1799 2922 Moynii),

239 2937 386 3003 quod
440 2937 500 2991 S.
539 2936 858 3009 Hippolytus
907 2940 1184 3009 scripserit
1242 2940 1295 2993 in
1345 2940 1621 3010 Psalmos;
1656 2945 1801 3013 quod

236 3030 371 3082 satis
402 3030 608 3092 innuit,
642 3028 798 3084 tOYC
828 3029 981 3085 NIAC
1016 3047 1119 3085 non
1165 3046 1286 3086 esse
1322 3033 1577 3102 reliquias
1610 3049 1800 3089 vocum

234 3116 484 3188 ςαλμοὺς
521 3121 829 3189 μετανοίας.
867 3119 1037 3176 Secus
1086 3122 1189 3186 bis,
1224 3123 1279 3176 in
1326 3123 1472 3177 brevi
1524 3124 1801 3194 laterculo,

236 3212 627 3264 observaretur
679 3209 1026 3282 Hippolytum
1071 3213 1357 3281 scripsisse
1416 3215 1470 3268 in
1523 3206 1801 3283 Psalmos;

237 3303 415 3371 primo
448 3303 502 3355 in
550 3301 801 3357 Psalmos
850 3303 1268 3373 pmnitentiales.
1305 3305 1496 3361 deinde
1528 3306 1581 3360 in
1616 3322 1804 3364 omnes

237 3390 522 3455 Psalmos;
556 3393 703 3460 quod
745 3408 776 3445 a
809 3394 960 3446 nullo
991 3401 1254 3457 veterum,
1288 3396 1380 3464 qui
1411 3395 1478 3450 de
1518 3394 1804 3469 Hippolyto

237 3487 575 3539 mentionem
604 3484 867 3550 fecerunt,
903 3485 1005 3539 fuit
1027 3502 1266 3556 unquam
1300 3489 1667 3545 observatum.
1700 3490 1802 3545 Sed

238 3578 385 3644 quod
436 3578 667 3631 omnino
716 3578 906 3631 evertit
956 3578 1324 3647 conjecturam
1372 3579 1651 3652 Scaligeri,
1698 3592 1799 3647 est,

240 3667 383 3734 quod
411 3675 660 3735 tempore
696 3667 752 3721 S.
789 3666 1055 3739 Hippolyti
1083 3671 1227 3724 nulla
1259 3672 1437 3727 adhuc
1466 3682 1584 3727 erat
1604 3676 1804 3729 mentio

243 3754 587 3810 Psalmorum
631 3758 1081 3825 ptenitentialium
1124 3760 1259 3830 (52).
1287 3761 1437 3816 Adeo
1470 3773 1529 3817 ut
1572 3778 1677 3817 non
1710 3780 1805 3833 po-

245 3848 405 3900 tuerit
440 3848 772 3916 peculiarem
810 3864 1002 3918 parare
1046 3852 1499 3906 commentarium
1549 3852 1603 3906 in
1654 3852 1805 3908 Psal-

248 3952 363 3993 mos
392 3940 527 3993 istos
558 3939 881 4007 peculiares,
923 3940 1016 4009 qui
1055 3941 1217 3996 hodie
1262 3944 1661 4011 poenitentiales
1704 3960 1803 3999 vo-

253 4040 457 4096 cantur,
489 4041 543 4085 et
576 4033 719 4101 apud
753 4042 961 4088 veteres
989 4033 1136 4088 nulla
1181 4050 1404 4104 prorsus
1436 4035 1663 4106 ψαλμῶν
1704 4036 1804 4106 τῆς

260 4125 531 4191 μετανοίας
565 4125 846 4178 memoria.
881 4123 1005 4179 Haec
1031 4126 1101 4180 cl.
1128 4126 1176 4180 le
1205 4126 1415 4197 Moyne.

346 4214 371 4285 ξ
399 4215 482 4269 Vl.
513 4215 936 4270 Commentarius
967 4216 1026 4272 S.
1062 4216 1334 4288 Hippolyti
1362 4222 1415 4272 in
1469 4218 1709 4273 Cantica.

326 4306 585 4363 Eusebius
620 4316 675 4361 et
697 4306 1057 4379 Hieronymus
1080 4311 1217 4365 inter
1246 4327 1408 4380 opera
1438 4310 1495 4367 S.
1534 4311 1800 4382 Hippolyti

1909 1828 2086 1873 tarum
2116 1821 2181 1873 'et
2222 1821 2401 1874 omnis
2448 1822 2661 1888 generis
2703 1823 3017 1876 animalium
3055 1836 3247 1878 natura
3295 1836 3465 1880 terre—

1908 1909 2121 1968 strium,
2138 1909 2459 1970 volatilium,
2477 1908 2797 1972 natatilium,
2814 1910 2947 1963 etde
2968 1912 3169 1963 morbis
3184 1911 3464 1976 sanandis,

1908 2000 2165 2056 Ezechias
2198 2002 2451 2065 abolevit,
2480 2016 2572 2055 seu
2606 2001 2820 2069 penitus
2852 2002 3168 2069 suppressit,
3200 2004 3341 2070 quod
3366 2018 3464 2071 po-

1909 2092 2066 2160 pulus
2110 2094 2311 2147 crudus
2358 2100 2411 2145 et
2455 2106 2643 2160 parum
2692 2090 2988 2145 instructus
3037 2091 3232 2144 exinde
3284 2102 3466 2160 petere

1906 2192 2085 2252 posset
2122 2185 2356 2239 medelas
2403 2185 2738 2245 morborum,
2790 2199 3083 2251 eorumque
3125 2184 3462 2237 sanationem

1907 2290 1935 2326 a
1968 2272 2073 2327 Deo
2100 2284 2279 2344 petere
2308 2276 2619 2346 negligeret.
2668 2274 2864 2328 Eadem
2904 2276 3142 2328 referunt
3180 2274 3375 2329 Suidas
3408 2276 3462 2329 in

1919 2365 2178 2435 Ἐζεχίας,
2217 2365 2498 2437 Syncellus
2531 2377 2583 2421 et
2630 2368 2719 2421 alii
2751 2366 3116 2421 verisimiliter
3159 2381 3224 2419 ex
3274 2378 3464 2420 sancto

1907 2468 2091 2511 nostro
2112 2456 2399 2529 Hippolyto
2426 2460 2764 2527 deprompta.

1908 2571 1937 2642 ᾗ
1974 2571 2083 2627 VH.
2114 2572 2488 2627 Commentarii
2520 2572 2577 2627 S.
2630 2572 2903 2641 Hippolyti
2942 2574 2996 2625 in
3023 2570 3322 2635 Proverbia,
3358 2570 3465 2623 Ec-

2529 2642 2798 2697 clesiasten
2809 2682 2823 2695 .

1974 2754 2139 2809 Divus
2190 2754 2547 2825 Hieronymus
2598 2767 2870 2810 asseverat
2909 2770 3126 2824 quoque
3169 2770 3226 2807 se
3260 2753 3463 2808 vidisse

1904 2846 2349 2901 Commentarium
2387 2847 2558 2901 sancti
2604 2848 2775 2902 nostri
2804 2848 2858 2899 in
2898 2845 3180 2899 Proverbia
3215 2844 3465 2898 Salomo-

1904 2938 1988 2993 nis
2023 2938 2154 3006 (58).
2184 2937 2328 2993 Idem
2368 2938 2651 2993 conﬁrmat
2676 2939 2838 2992 etiam
2880 2936 3074 2991 Suidas
3112 2937 3245 3007 (59).
3270 2936 3461 2990 Ather-

1906 3038 1991 3083 tus
2019 3029 2301 3085 Fabricius
2322 3045 2388 3085 ex
2411 3030 2612 3085 Catena
2636 3028 2947 3085 Graecorum
2970 3029 3191 3084 Patrum
3216 3029 3461 3099 quinque

1904 3121 2022 3175 loca
2062 3121 2251 3176 Latina
2279 3122 2440 3192 hujus
2457 3122 2844 3176 Commentarii
2880 3122 3100 3176 editioni
3132 3120 3364 3190 Operum
3395 3122 3456 3178 D.

1904 3211 2173 3285 hippolyti
2222 3214 2468 3276 inseruit,
2519 3213 2972 3283 quemadmodum
3022 3222 3076 3267 et
3117 3214 3184 3267 cl.
3235 3213 3456 3267 Gallan-

1903 3301 2027 3356 dius
2055 3301 2188 3372 (60).
2228 3301 2287 3356 lu
2318 3302 2404 3357 his
2430 3303 2719 3372 exponitur
2746 3302 2935 3358 titulus
2966 3303 3088 3357 libri
3132 3303 3456 3359 Proverbio-

1904 3407 2048 3456 rum,
2071 3400 2123 3447 et
2146 3393 2463 3448 undecimus
2479 3408 2574 3447 seu
2604 3393 2955 3449 duodecimus
2977 3409 3167 3450 versus
3188 3394 3379 3463 capitis
3416 3410 3453 3447 ι.

1901 3480 2166 3540 Preterea
2207 3494 2393 3539 uolatu
2434 3486 2613 3539 adhuc
2651 3485 2867 3555 dignius
2894 3486 3252 3555 fragmentum
3292 3486 3456 3556 hujus

1891 3576 2275 3631 Commentarii
2299 3577 2436 3631 idem
2466 3577 2536 3631 cl.
2559 3578 2733 3631 editor
2748 3579 2999 3633 Albertus
3029 3578 3310 3634 Fabricius
3330 3581 3454 3634 sub-

1898 3669 2047 3738 jecit,
2070 3669 2211 3737 quod
2238 3667 2420 3723 Graece
2446 3669 2727 3739 descripsit
2750 3686 2780 3725 e
2805 3672 2991 3726 codice
3011 3670 3334 3727 Taurinensi
3362 3673 3467 3736 82,-

1902 3769 2152 3828 excerpta
2202 3760 2348 3812 varia
2403 3768 2645 3813 veterum
2692 3762 3018 3831 scriptorum
3068 3763 3456 3830 complectente

1906 3848 1969 3904 V.
2004 3850 2065 3904 C.
2103 3849 2385 3905 Mattheus
2428 3848 2667 3906 Pfaﬂlus.
2718 3852 2775 3905 lu
2812 3854 2914 3906 hoc
2948 3862 3166 3907 sanctus
3200 3851 3454 3922 Hippoly-

1905 3951 1991 3996 tus
2027 3943 2217 4012 capitis
2262 3959 2314 3997 ιιι
2346 3944 2761 4000 Proverbiorum
2807 3946 2920 3999 haec
2953 3943 3115 3997 verba
3152 3959 3345 3999 versus
3379 3944 3403 3996 1
3439 3964 3451 3996 :

1902 4034 2175 4103 Sapientia
2199 4037 2480 4106 wdiﬁcavit
2506 4037 2606 4092 sibi
2630 4038 2863 4104 domum,
2891 4036 3102 4107 egregie
3130 4035 3379 4093 illustrat.

1973 4126 2215 4181 Meminit
2245 4127 2605 4200 Hieronymus
2620 4138 2673 4183 ct
2703 4146 2767 4184 ex
2798 4146 2861 4184 eo
2886 4129 3156 4187 Honorius
3177 4131 3453 4186 Commen-

1907 4220 2029 4272 tarii
2068 4221 2123 4273 in
2155 4220 2521 4288 Ecclesiasten,
2551 4224 2705 4291 cujus
2737 4222 3029 4292 fragmenta
3055 4225 3105 4277 in
3129 4225 3452 4278 bibliotheca

1903 4309 2190 4367 Bodleiana
2224 4312 2477 4368 dicuntur
2512 4315 2769 4369 exsistere
2797 4316 2851 4367 in
2891 4314 3226 4370 Ecclesiaste
3256 4332 3314 4379 ιι,
3358 4316 3449 4381 24,

265 4396 425 4453 adhuc
474 4408 762 4453 recensent
815 4399 927 4470 (55)
983 4401 1423 4455 Commentarium
1473 4404 1528 4455 in
1556 4402 1799 4473 .Cantica
1833 4414 1875 4467 ι)
1903 4403 2353 4471 quemadmodum
2396 4415 2452 4460 et
2484 4405 2613 4459 illud
2646 4404 3062 4461 Proverbiorum
3088 4423 3142 4461 ix
3179 4425 3192 4461 :
3226 4407 3450 4475 Sapien-

267 4492 591 4557 canticorum,
641 4505 802 4561 quem
840 4490 1215 4549 Theodoretus
1262 4496 1375 4565 (54)
1408 4496 1567 4549 etiam
1612 4497 1804 4565 allegat

270 4578 319 4630 in
342 4580 549 4652 dialogo
587 4583 682 4651 qui
728 4579 1001 4638 Eranistes
1033 4586 1365 4640 inscribitur.
1402 4585 1499 4641 Hic
1531 4601 1806 4642 commen-

272 4674 423 4730 tarius
465 4676 668 4730 saeculo
699 4691 773 4729 vn
818 4677 1128 4732 adhucdum
1162 4678 1490 4745 habebatur;
1535 4679 1800 4748 siquidem

270 4767 567 4821 Anastasius
594 4766 803 4821 Sinaita
831 4768 944 4838 (55)
973 4768 1125 4822 illum
1154 4770 1373 4841 legerat.
1402 4768 1544 4825 Idem
1574 4770 1803 4825 Anasta-

336 4970 431 5046 (51))
460 4971 807 5046 scalig.,__lib.
832 4988 905 5046 vit
934 4972 1009 5027 De
1031 4976 1553 5046 emendat._tempar.,
1581 4984 1634 5029 et
1662 4979 1802 5046 apud

268 5034 639 5115 Fabric._int_er
672 5034 938 5115 Hippolyt.
976 5059 1099 5113 opp.
1129 5053 1259 5099 tom.
1294 5043 1333 5109 Ι,
1370 5034 1491 5115 pag.
1525 5034 1589 5101 79
1628 5034 1799 5102 et'80.

330 5110 432 5184 (_51_l
466 5111 540 5184 [3e
566 5110 789 5182 Moyne,’
817 5110 1134 5184 vagata,
1168 5125 1297 5169 tom.
1330 5110 1392 5180 ll,
1435 5110 1552 5184 pag.
1572 5116 1694 5172 970.

334 5181 434 5253 (52)
480 5181 773 5253 Possidius
813 5183 865 5236 in
919 5183 1035 5236 Vita
1089 5182 1147 5238 S.
1187 5181 1659 5253 Augustini,'cap.
1710 5187 1797 5252 51,

269 5252 574 5322 mentionem
601 5251 1084 5307 facitPsalmorum
1110 5251 1581 5322 pteniientialium,
1607 5251 1659 5308 et
1685 5257 1755 5308 lo:
1772 5251 1799 5296 4-

269 5328 396 5392 lassc
422 5321 519 5376 hoc
553 5324 787 5391 primum
817 5332 871 5376 et
902 5321 1337 5392 antiquissimum
1368 5327 1679 5379 earumdem
1705 5342 1796 5379 ve-

268 5390 465 5507 ﬁtigium
490 5390 594 5456 est,
626 5392 771 5461 quod
794 5408 927 5447 sane
956 5390 1094 5447 ultra
1123 5395 1377 5448 saaculum
1407 5409 1439 5447 v
1473 5411 1578 5449 non
1612 5410 1800 5449 ascen-

303 5468 352 5509 ιι.

303 5474 352 5509 ιι.

329 5529 431 5602 (sa)
460 5530 554 5593 Et;
584 5531 647 5583 τὸ
675 5527 847 5602 ᾆσμα.
872 5515 1093 5592 Euseb.
1131 5532 1204 5585 ιι.
1234 5532 1298 5587 E.
1320 5533 1413 5587 lib.
1445 5548 1515 5598 Vl,
1547 5548 1665 5602 cap.
1698 5534 1797 5602 ea;

270 5592 319 5649 S.
340 5592 559 5671 Hieron.
600 5603 653 5653 in
686 5592 926 5671 Cdtalog.
959 5618 1011 5670 p.
1045 5604 1131 5656 61.

329 5670 432 5739 (54)
459 5669 780 5727 Τιιωόοιιει.
810 5669 1003 5741 dialog.
1033 5673 1087 5741 2,
1126 5675 1266 5729 hunc
1301 5674 1495 5729 librum
1528 5671 1797 5746 Hippolyti

1907 4495 1981 4545 tia
2009 4495 2290 4562 adi/icavit
2317 4496 2417 4549 sibi
2446 4496 2676 4549 domum.
2713 4495 2907 4550 Fertur
2936 4498 3099 4550 etiam
3138 4497 3269 4569 (6i),
3304 4499 3449 4567 quod

1907 4582 1959 4636 in
1994 4584 2314 4639 bibliotheca
2359 4585 2757 4641 Vindobonensi
2799 4588 3171 4656 augustissimi
3220 4590 3468 4658 impera-.

1905 4674 2039 4729 toris
2084 4684 2389 4729 asservetur
2437 4692 2572 4731 msc.
2630 4679 2994 4747 complectens
3054 4678 3111 4734 S.
3176 4679 3445 4751 Hippolyti

1904 4766 2322 4823 commentarios
2347 4767 2401 4821 in
2436 4768 2602 4825 libros
2632 4769 2959 4827 Salomonis.

1904 4976 2174 5054 itadeitatz
2207 4978 2299 5041 Εἰς
2330 4978 2438 5054 τὴν
2452 4979 2596 5054 Δᾠδὴν
2625 4983 2722 5053 τὴν
2753 4982 3008 5054 μεγάλην,
3036 4998 3154 5053 pag.
3180 4982 3268 5036 88.

2114 5048 2628 5122 3\_iiastas.fSiiiaiia,
2660 5048 2849 5122 Quaest.
2881 5048 2970 5119 4ι’,
2999 5048 3129 5122 pag:
3147 5054 3267 5106 554i.

1972 5116 2080 5185 (56)
2114 5116 2254 5171 Idem
2286 5121 2412 5173 ibid.

1972 5188 2083 5262 (57)
2109 5188 2369 5262 _Fa_bi_'ic..
2420 5200 2549 5262 tom.
2584 5190 2605 5243 Ι
2649 5192 2784 5262 Opp.
2828 5208 2946 5261 pag.
2981 5192 3121 5259 270;
3162 5190 3441 5257 Galland.,

1898 5256 2291 5331 BibliotliirPP.
2327 5270 2455 5314 tom.
2487 5256 2711 5331 ll,7pag.'
2733 5256 2860 5315 189.

1972 5328 2085 5401 (58)
2116 5328 2425 5401 Hieronyni.
2465 5332 2517 5384 in
2546 5328 2810 5401 Cutélog.,
2843 5345 2958 5398 cap.
2986 5328 3073 5382 (il.

1972 5398 2084 5469 (59)
2122 5398 2385 5469 Suidas‘l,
2414 5417 2531 5469 pag.
2570 5401 2689 5454 ut.

1973 5468 2081 5537 (60)
2120 5468 2302 5532 Fabr.,
2336 5468 2463 5524 toni.
2486 5468 2516 5521 il
2543 5469 2677 5540 Opp.
2709 5468 2946 5541 Hippol.,
2976 5485 3094 5544 pag.
3142 5470 3281 5539 28?;
3320 5468 3442 5527 Gal-

1901 5536 2045 5589 land.
2075 5540 2110 5592 ι.
2143 5558 2191 5592 c.
2226 5557 2340 5592 hac.
2376 5540 2494 5592 688.

1923 5554 2045 5589 anu.
2075 5554 2110 5592 Ι.
2143 5558 2191 5594 C.
2226 5557 2340 5594 υίιιι.
2376 5554 2494 5592 ὀδὸ.

1976 5557 2045 5588 ιιι.
2075 5557 2110 5592 ι.
2143 5558 2191 5594 c.
2223 5557 2340 5610 pag.
2376 5557 2494 5592 eos.

1974 5609 2082 5676 ((51)
2118 5609 2324 5674 Canis.,
2362 5610 2421 5665 Β.
2463 5609 2528 5663 Τ.
2561 5626 2601 5677 ι,
2631 5626 2751 5705 pag.
2785 5609 2839 5667 9.
