3802 6198
98 331 170 389 5'39
945 322 1032 379 DE
1072 322 1231 379 VITA
1264 324 1353 378 ET
1388 321 1694 378 SCRIPTlS
1729 322 1788 378 S.
1829 320 2208 377 HIPPOLYTI.

526 439 913 497 ARTlCULUS
961 442 1027 496 ll.

170 556 219 596 ιιι
246 552 344 592 “IIS
374 550 690 590 PHAGIENTIS
735 552 803 589 ΕΤ
844 552 1096 592 OPERIBUS
1132 553 1448 593 DEPEHDITIS

567 622 612 661 S.
642 622 944 660 HIPPOLYTI.

140 720 162 793 ς
184 719 213 773 1.
239 718 336 772 Alia
361 716 455 771 duo
494 716 743 787 opuscula
770 716 829 771 S.
851 716 1127 787 Hippolyti
1170 717 1232 770 de
1264 716 1489 770 Pascha.

138 812 282 865 Praeter
298 808 489 877 Cyclum
519 808 834 878 paschalem,
862 808 929 861 de
959 824 1067 877 quo
1092 810 1253 877 paulo
1286 808 1537 877 superius

92 902 382 965 disseruimus,
410 899 667 955 Eusebius
716 910 771 955 et
817 900 873 955 S.
900 898 1259 972 Hieronymus
1309 899 1386 971 (6)
1433 899 1538 955 alia

90 999 198 1051 etiam
230 995 317 1049 duo
360 992 607 1062 opuscula
656 1002 846 1047 sancto
888 989 1175 1062 Hippolyto
1234 992 1301 1046 de
1351 992 1538 1045 eadem

90 1087 243 1140 materia
268 1084 534 1138 ascribunt.
556 1082 1017 1148 Quemadmodum
1044 1083 1100 1137 hi
1129 1084 1420 1152 scriptores
1449 1083 1538 1136 illa

90 1178 327 1233 abinvicem
366 1175 533 1245 palam
568 1175 927 1245 distinguunt,
964 1174 1038 1229 ita
1081 1184 1133 1230 et
1162 1190 1260 1229 nos
1287 1183 1409 1245 post
1435 1190 1533 1231 eos

86 1273 323 1339 distinguere
338 1269 599 1323 debemus.
618 1266 674 1321 ln
690 1270 862 1337 primo
879 1268 1067 1322 horum
1088 1282 1307 1337 Operum
1321 1278 1540 1323 sanctus

87 1358 314 1428 Hippolytus
334 1358 547 1412 adornat
570 1357 995 1427 chronologiam,
1022 1373 1183 1427 quam
1211 1358 1276 1411 ad
1306 1358 1538 1428 primum

85 1465 196 1517 usque
222 1450 396 1518 imperii
421 1450 707 1503 Alexandri
737 1449 917 1503 Severi
955 1464 1156 1504 annum
1213 1449 1450 1513 deducit,
1486 1449 1538 1503 id

84 1552 132 1593 est
159 1556 284 1610 usque
314 1540 371 1594 ad
418 1556 617 1594 annum
662 1540 767 1594 222
812 1556 930 1594 aerzc
969 1541 1313 1597 Christianae.
1374 1540 1537 1604 Juxta

84 1631 285 1684 Eusebium
313 1631 581 1684 constituit
616 1630 668 1683 in
696 1646 761 1684 eo
785 1630 1091 1685 describere
1120 1630 1194 1700 (7)
1231 1640 1534 1700 temporum

82 1724 225 1786 sedent,
260 1722 422 1776 habito
465 1731 651 1776 tamen
697 1737 909 1793 semper
954 1731 1200 1792 respectu
1239 1723 1304 1777 ad
1330 1722 1537 1780 Pascha

3081 330 3184 384 330

1577 443 1832 506 Acilium
1883 444 1936 497 in
1972 442 2241 497 Laterano
2283 457 2427 496 anno
2477 442 2580 497 619
2630 444 2955 499 celebratum
3008 446 3203 510 allegai

1647 532 1931 601 quemdam
1970 533 2147 587 locum
2170 533 2408 587 homilite
2438 533 2609 587 sancti
2639 532 2907 605 Hippolyti
2940 535 2992 589 in
3023 533 3206 590 Domi-

1648 624 1824 679 uicam
1848 622 2069 678 Pascha:
2095 624 2226 693 (10).

1746 732 1773 800 §
1816 732 1875 788 ll.
1898 734 1971 787 De
2003 736 2398 798 resurrectione,
2434 733 2782 804 SJIippolyti
2813 747 3093 794 tractatus.

1712 824 1945 879 Sanctus
1976 824 2337 897 Hieronymus
2372 827 2482 894 (11)
2526 829 3000 883 enumerationem
3063 832 3201 886 scri-

1641 926 1857 986 ptorum
1907 916 1963 971 S.
1992 917 2263 989 Hippolyti
2300 918 2607 984 instituens,
2655 918 2825 973 cidem
2859 921 3079 975 ascribit
3133 924 3201 976 li-

1639 1010 1799 1066 brum
1851 1010 1927 1064 De
1960 1020 2361 1064 resurrectione.
2433 1007 2546 1064 Hoc
2578 1012 2894 1079 opusculum
2936 1013 2988 1066 in
3020 1015 3201 1069 tabula

1639 1099 1825 1154 Graaca
1882 1110 2128 1154 notatum
2194 1099 2461 1166 reperitur
2515 1100 2620 1153 hoc
2675 1100 2777 1154 sub
2828 1101 3003 1163 titulo,
3057 1106 3201 1159 unde

1641 1189 1859 1243 uberior
1892 1188 2080 1242 notitia
2111 1188 2314 1241 hauriri
2345 1195 2518 1256 potest
2544 1202 2557 1237 :
2590 1187 2723 1258 Περὶ
2756 1172 2847 1241 B—I‘
2876 1190 2968 1243 καὶ
3000 1192 3201 1261 σαρκὸς

1640 1280 2004 1343 ἀναστάσεως,
2040 1278 2116 1331 De
2142 1278 2247 1332 Deo
2282 1289 2328 1332 et
2358 1279 2529 1331 carnis
2580 1281 2971 1334 resurrectione.
3007 1274 3196 1335 Fabri:

1641 1369 1758 1423 eius
1782 1368 1893 1439 (12)
1926 1377 1979 1422 et
2008 1367 2322 1423 Gallandius
2355 1366 2594 1421 referunt
2636 1367 2994 1438 fragmentum
3025 1371 3197 1425 sancti

1639 1458 1914 1529 Hippolyti
1954 1459 2020 1511 de
2062 1458 2166 1511 hac
2224 1455 2469 1521 materia,
2514 1456 2660 1525 quod
2703 1473 2769 1511 ex
2799 1458 3083 1513 Anastasio
3115 1458 3199 1513 Si-

1638 1552 1784 1604 naita
1826 1551 2275 1618 desumpserunt,
2307 1548 2400 1617 qui
2447 1548 2577 1602 illud
2619 1548 2721 1602 sub
2748 1549 2851 1603 hoc
2880 1550 3033 1604 titulo
3066 1552 3196 1605 alle-

1639 1639 1785 1709 gavit
1829 1658 1840 1692 :
1876 1637 1952 1692 De
1971 1638 2341 1691 resurrectione
2367 1648 2413 1691 et
2437 1638 2818 1707 incorruptione
2861 1640 2993 1709 (13).
3042 1639 3200 1695 Hunc

1640 1740 1929 1787 tractatum
1953 1730 2029 1783 De
2053 1730 2159 1784 Deo
2188 1740 2235 1784 et
2267 1731 2440 1784 carnis
2475 1731 2846 1785 resurrectione
2874 1739 3060 1786 contra
3095 1730 3196 1786 Be-

82 1830 144 1883 pro
187 1814 455 1868 inveniendo
524 1816 785 1870 nimirum
847 1815 1204 1871 determinato
1268 1826 1526 1886 tempore,
1566 1796 1609 1854 Β
1637 1823 1817 1878 rillum
1848 1832 1900 1879 et
1928 1822 2138 1877 Arabas
2175 1822 2533 1892 compositum
2580 1822 2754 1891 primo
2792 1822 3091 1876 crediderat
3125 1824 3193 1878 cl.

82 1920 149 1973 quo
178 1905 274 1959 illud
314 1906 686 1961 celebrandum
732 1916 894 1963 esset.
946 1907 1120 1977 Atque
1159 1920 1440 1978 propterea
1472 1909 1528 1962 in

82 1998 203 2049 eodem
229 2012 362 2066 opere
392 1999 673 2068 proposuit
702 2000 909 2070 cyclum
936 1999 1205 2054 sexdecim
1237 2014 1522 2054 annorum.

83 2086 159 2140 llec
183 2088 288 2142 forte
311 2087 656 2160 Chronologia
688 2091 818 2145 illud
861 2091 1120 2161 scripturn
1154 2100 1264 2156 est,
1296 2092 1439 2161 quod
1475 2093 1529 2146 in

83 2180 196 2232 tabula
234 2179 388 2234 Gmca
442 2181 529 2237 his
587 2183 833 2237 terminis
893 2192 1109 2237 notatur
1158 2202 1170 2235 :
1234 2184 1529 2250 Ἀπόδειξις

82 2269 212 2337 λεώ-ωδ
235 2270 307 2321 τοῦ
330 2272 531 2341 Πάσχα,
560 2271 948 2327 Demonstratio
980 2283 1264 2342 temporum
1289 2272 1523 2328 Pasc/iw.

124 2360 488 2429 Sapientissimus
523 2361 901 2420 Tillemontius
935 2364 1010 2437 (8)
1054 2366 1195 2421 hanc
1239 2363 1527 2420 Chronolov

84 2452 168 2517 giu-
184 2451 235 2504 ab
253 2452 341 2505 alio
370 2452 574 2523 scripto
604 2453 671 2508 de
696 2455 882 2509 eadem
916 2456 1139 2511 materia
1170 2456 1527 2527 distinguens,

84 2544 187 2597 cuiet
207 2545 365 2600 indidit
396 2561 595 2601 nomen
610 2544 877 2614 Chronici,
912 2547 1086 2618 inquit
1138 2549 1280 2618 quod
1310 2558 1530 2605 sanctus

84 2629 301 2704 Hippolytus
338 2637 576 2706 designet
625 2639 727 2691 hoc
769 2638 822 2691 in
868 2652 1028 2707 Opere
1060 2638 1325 2694 Paschata
1376 2641 1530 2709 juxta

82 2726 219 2792 nptias
254 2728 369 2797 cycli
416 2729 541 2793 sui;
600 2729 780 2783 subdit
830 2745 1043 2799 quoque
1102 2731 1246 2800 quod
1312 2744 1531 2787 sanctus

82 2823 195 2866 noster
226 2819 435 2884 posuerit
464 2818 530 2872 ad
566 2820 726 2871 linem
766 2820 1000 2873 tabulam
1042 2820 1282 2886 dierum,
1334 2823 1532 2893 quibus

82 2905 244 2961 credebat
280 2908 624 2979 imposterum
674 2909 938 2979 agendum
988 2927 1108 2966 esse
1134 2910 1361 2979 Pascha,
1406 2927 1530 2981 per-

82 2993 224 3051 ierante
265 3001 466 3055 definito
527 3016 795 3055 annorum
850 3017 1096 3056 numero.
1181 3001 1293 3058 Hoc
1353 3003 1529 3073 ipsum

1630 1915 1680 1969 le
1708 1914 1958 1985 Moynius
2002 1912 2115 1984 (14)
2147 1952 2163 1977 ,
2211 1928 2274 1967 ea
2327 1913 2613 1967 admodum
2671 1913 2875 1967 incerta
2944 1912 3197 1967 inductus

1637 2007 1912 2077 Opinione,
1948 2006 2089 2075 quod
2124 2015 2345 2061 sanctus
2378 2013 2561 2061 uoster
2584 2005 2871 2074 episcopus
2916 2004 2970 2057 in
2999 2004 3197 2059 Arabia

1635 2098 2005 2167 episcopatum
2035 2096 2278 2167 gesserit,
2306 2096 2486 2166 ibique
2509 2096 2598 2150 diu
2631 2094 2839 2149 vixerit.
2898 2094 3001 2148 Sed
3031 2096 3192 2163 paulo

1630 2190 1769 2243 infra
1811 2189 1923 2258 (15)
1974 2196 2177 2242 mutata
2211 2188 2493 2252 sententia,
2529 2186 2738 2241 censuit
2782 2200 2874 2254 per
2900 2196 3192 2240 tractatum

1630 2277 1895 2349 Hippolyti
1919 2278 2052 2349 Περὶ
2083 2276 2213 2329 Θεοῦ
2250 2277 2341 2331 καὶ
2371 2276 2712 2339 ἀναστάσεως
2744 2276 2964 2346 σαρκός,
2996 2276 3194 2330 intelli-

1630 2371 1861 2441 gendum
1906 2386 2027 2425 esse
2074 2369 2218 2423 illius
2272 2384 2408 2439 opus
2465 2366 2598 2437 πρὸς
2643 2366 2962 2437 Μαρκίωνα,
3012 2383 3196 2421 contra

1634 2460 1979 2514 Marcionem.
2058 2458 2297 2530 Scaliger
2358 2468 2579 2513 econtra
2630 2458 2885 2526 Opinatur
2938 2473 3035 2527 per
3092 2459 3194 2513 hoc

1634 2565 1774 2620 opus
1818 2551 2087 2620 indigitari
2134 2550 2333 2603 librum
2370 2548 2445 2603 De
2487 2548 2689 2601 duabus
2735 2549 2937 2602 naturis
2973 2548 3193 2613 Christi,

1633 2656 1795 2711 quem
1841 2640 1910 2694 al)
1941 2638 2227 2709 Hippolyto
2272 2636 2637 2703 conscriptum
2682 2632 2851 2688 fuisse
2883 2643 3071 2688 auctor
3105 2648 3188 2688 est

1636 2732 2010 2787 'l'heodoretus
2041 2730 2171 2801 (16).
2206 2727 2405 2782 Verum
2437 2728 2579 2781 haud
2632 2726 2762 2781 satis
2810 2726 3189 2795 perspicimus,

1632 2838 1866 2894 quanam
1935 2822 2254 2889 cognatione
2320 2819 2505 2887 opinio
2574 2816 2829 2888 Scaligeri
2901 2826 2954 2871 ct
3004 2818 3191 2873 titulus

1634 2914 1796 2985 hujus
1823 2912 2023 2982 operis,
2047 2911 2112 2965 de
2143 2926 2250 2980 quo
2291 2909 2520 2980 agimus,
2573 2909 2975 2963 contineantur.
3005 2908 3190 2964 Potius

1636 3003 1941 3059 verosimile
1988 3001 2142 3055 nobis
2175 2999 2387 3054 videtur
2435 2999 2501 3054 cl.
2539 3000 2862 3069 Basnagium
2914 2999 3188 3055 laudatum

83 3084 162 3142 forte
197 3088 241 3143 S.
278 3090 631 3165 Hieronymus
687 3092 764 3163 (9)
820 3094 1173 3163 sequentibus
1245 3096 1531 3165 indigitare
1571 3164 1596 3167 _
1632 3112 1768 3167 Opus
1800 3110 1919 3148 cum
1949 3094 2055 3147 alio
2082 3093 2148 3148 de
2176 3093 2549 3147 incarnatione
2578 3091 2908 3147 confudisse.

83 3184 184 3234 voluit
207 3186 355 3240 verbis
387 3202 399 3237 :
450 3186 731 3239 Rationem
754 3185 975 3241 Pascha:
1017 3197 1401 3257 temporumque
1434 3204 1527 3239 ca-
1554 3164 1600 3225 (ἶ

82 3287 177 3326 nam
193 3278 363 3343 scripsit
393 3280 492 3347 (sc.
525 3277 906 3349 Hippolytus);
942 3280 1044 3333 hoc
1072 3278 1251 3347 itaque
1276 3294 1412 3347 opus
1441 3278 1527 3331 in-

84 3376 216 3425 ustum
249 3371 615 3426 verosimiliter
665 3369 1118 3439 complectebatur
1164 3384 1301 3439 opus
1331 3369 1395 3422 de
1422 3367 1525 3423 Pa-

84 3458 173 3511 sths.

122 3566 335 3640 Postquam
379 3573 646 3628 Eusebius
693 3581 745 3627 et
790 3582 1010 3627 sanctus
1058 3570 1414 3639 Hieronymus
1461 3569 1527 3624 de

84 3656 195 3713 [aiore
232 3661 277 3716 S.
302 3663 568 3734 Hippolyti
615 3664 669 3717 in
711 3664 1025 3718 adornaudo
1076 3663 1281 3716 calculo
1326 3671 1528 3730 tempo-

84 3762 153 3800 rum
173 3753 296 3807 relate
321 3757 381 3809 ad
406 3756 617 3810 Pascha
667 3755 830 3809 locuti
878 3753 1047 3818 fuere,
1093 3762 1252 3822 atque
1292 3752 1527 3822 plurium

83 3838 229 3895 diorum
260 3860 463 3915 operum
517 3846 694 3901 sancti
743 3846 912 3900 nostri
975 3845 1157 3899 titulos
1211 3845 1526 3911 retulerunt,

82 3930 271 3989 observant
323 3938 493 3991 adhuc
541 3937 690 3991 aliud
739 3937 978 4007 ejusdem
1022 3935 1281 4005 scriptum
1333 3936 1401 3990 de
1429 3934 1531 3989 Pa-

85 4024 258 4091 sdn;an
290 4046 405 4086 vero
449 4033 557 4085 hoc
605 4030 744 4084 idem
792 4030 861 4083 sit
908 4044 1031 4084 cum
1061 4028 1337 4094 Chronico,
1388 4030 1532 4100 quod

84 4110 352 4176 Tillemontius
400 4139 429 4176 a
459 4120 812 4189 Chronologia
858 4120 1177 4189 distinguit?
1230 4121 1311 4175 vel
1353 4122 1533 4190 potius

86 4214 257 4264 luctatus
306 4214 490 4283 aliquis
552 4212 773 4267 moralis
830 4212 896 4266 de
940 4212 1247 4267 Paschate?
1309 4214 1534 4269 historia

86 4297 165 4351 ubi!
190 4304 311 4358 nobis
341 4305 606 4374 peculiare
630 4302 696 4356 de
727 4302 828 4357 hoc
867 4303 1330 4368 subministrante,
1356 4304 1532 4359 deter-

88 4389 207 4445 minati
228 4398 401 4465 nequit.
428 4395 543 4451 Hoc
567 4393 909 4450 solummodo
943 4393 1168 4456 scimus,
1199 4393 1343 4462 quod
1396 4410 1531 4449 con-

1842 3206 1869 3278 §
1910 3206 1995 3263 lll.
2042 3206 2320 3261 Tractatus
2356 3216 2538 3259 contra
2571 3222 2745 3260 omnes
2774 3206 3013 3260 htzreses.

1696 3320 1985 3376 Testantur
2039 3320 2307 3375 Eusebius
2343 3320 2452 3389 (17)
2481 3330 2644 3389 atque
2690 3317 3045 3390 Hieronymus
3077 3321 3187 3390 (18)

1626 3408 1905 3476 scripsisse
1949 3407 2007 3463 S.
2032 3407 2385 3479 Hippolytum
2446 3417 2735 3462 tractatum
2784 3420 2967 3462 contra
3014 3426 3189 3463 omnes

1630 3500 1871 3565 licet-eses,
1911 3500 2015 3554 hoc
2056 3508 2138 3554 est
2176 3501 2291 3555 sine
2331 3500 2517 3562 dubio,
2550 3510 2607 3553 ut
2649 3501 2937 3555 observant
2961 3500 3191 3555 Mauriui

1625 3592 1794 3646 nostri
1830 3589 1964 3661 (19),
2013 3599 2199 3645 contra
2251 3605 2438 3645 omnes
2488 3592 2719 3646 haereses
2776 3608 2895 3661 qua;
2927 3607 2993 3645 ex
3051 3589 3192 3645 Orco

1626 3683 1945 3753 prodierunt
1998 3698 2027 3735 a
2073 3690 2311 3751 tempore
2360 3680 2631 3737 S.lreua:i
2692 3699 2860 3751 usque
2917 3685 2981 3737 ad
3033 3699 3189 3737 suam

1629 3781 1859 3826 tetatem.
1894 3776 1940 3824 Α
1967 3772 2148 3826 multis
2178 3773 2298 3825 aliis
2323 3773 2558 3841 antiquis
2591 3774 2905 3827 auctoribus
2930 3773 3041 3841 (20‘,
3080 3774 3183 3828 hoc

1628 3876 1763 3928 opus
1802 3860 1903 3914 sub
1943 3860 2159 3914 nomine
2214 3858 2271 3914 S.
2300 3858 2567 3930 Hippolyti
2620 3862 2843 3915 citatum
2896 3864 3184 3930 reperitur,

1630 3949 1915 4018 Photiique
1955 3957 2112 4003 astate
2144 3947 2321 4003 adhuc
2356 3964 2570 4017 quoque
2615 3951 2881 4012 exstabat,
2921 3948 3012 4018 qui
3046 3948 3189 4002 istud

1631 4040 1823 4110 legisse
1851 4040 2202 4109 comperitur.
2236 4039 2311 4094 De
2354 4039 2445 4093 illo
2473 4039 2619 4094 enim
2655 4054 2753 4109 pro
2784 4055 2931 4093 more
2973 4054 3073 4093 suo
3096 4040 3188 4107 ju-

1632 4131 1830 4184 dicium
1877 4146 2033 4185 suum
2078 4130 2199 4185 tulit
2231 4129 2316 4184 his
2347 4131 2525 4185 verbis
2553 4130 2662 4199 (21)
2689 4146 2702 4181 :
2732 4129 2913 4184 Lectus
2946 4139 3021 4183 est
3056 4128 3191 4197 Hip-

1634 4223 1794 4291 polyti
1829 4222 2056 4287 libellus,
2097 4222 2186 4292 qui
2216 4221 2407 4275 Irentci
2451 4220 2740 4291 discipulus
2787 4221 2907 4289 fuit.
2958 4219 3053 4273 Est
3095 4221 3191 4273 hoc

1636 4310 1873 4363 volumen
1906 4310 2149 4364 adversus
2189 4313 2405 4364 Itwreses
2442 4311 2573 4363 duas
2610 4321 2661 4363 et
2699 4310 2912 4379 triginta
2934 4352 2947 4375 ,
2993 4310 3190 4379 faciens

1640 4398 1853 4451 initium
1896 4416 1929 4452 a
1954 4398 2311 4465 Dositltcanis,
2342 4408 2389 4452 et
2428 4401 2483 4453 in
2507 4398 2675 4453 Noeto
2711 4416 2772 4452 ac
2796 4397 3072 4453 Noetianis
3102 4400 3192 4453 de-

88 4526 195 4604 :izr;
219 4532 293 4595 τὶς
314 4534 547 4604 Γραφόκ.
582 4532 817 4587 Thomas
845 4532 1043 4587 Galeus
1075 4548 1203 4604 ξεῖνε)
1239 4532 1383 4603 ᾠδὰς
1429 4549 1515 4586 ³¹¹¹

1709 4533 1788 4601 (8)
1823 4531 2135 4604 Ῑίὶιθηιοιιῐ,
2164 4530 2432 4604 Μέηιοὶν.,
2470 4540 2602 4585 tom.
2631 4528 2718 4594 lll,
2751 4545 2870 4599 pag.
2902 4530 3024 4584 105.

90 4596 263 4673 habtur.
302 4596 648 4673 intelligitque
696 4611 749 4673 et
789 4605 903 4673 ipse
945 4618 1065 4656 cum
1089 4596 1363 4673 Scaligero
1394 4605 1524 4656 odas

90 4672 317 4741 ﬁtarmina
368 4675 419 4727 in
464 4672 654 4726 omnes
706 4672 761 4724 S.
791 4672 1079 4741 Scriptura:
1128 4672 1314 4734 libros,
1347 4674 1523 4741 qualia

92 4736 193 4811 multa
214 4755 329 4795 nunc
356 4752 568 4797 exstant
595 4742 777 4798 Graece
823 4736 1089 4811 przecipue
1134 4742 1188 4796 in
1217 4736 1524 4810 Evangelia,

91 4802 346 4882 fiEpistolas,
379 4823 429 4866 et
452 4812 718 4867 Psalmos.
769 4802 842 4866 Lé
870 4802 1115 4882 Moyitius
1161 4820 1314 4881 putat
1356 4802 1529 4881 l‘égenL

91 4870 171 4952 fium’
196 4892 284 4933 esse
312 4870 383 4952 ei;
419 4883 596 4945 πάσας
629 4882 725 4944 τὰς
753 4870 1017 4952 αἰρέσειξ,
1060 4901 1077 4933 ‹
1109 4870 1295 4936 contra
1338 4870 1528 4952 attines

94 4938 257 5020 Lmser).
282 4968 295 4999 ι
324 4938 441 5015 seu,
470 4938 650 5020 judice
683 4938 877 5016 Caveo,
919 4938 1232 5005 ita'ratione
1267 4951 1530 5019 quidlibet

93 5021 127 5092 ξι
144 5016 319 5092 quolibet
349 5016 492 5076 nullo
528 5022 743 5092 negotio
770 5023 1032 5090 exsculpi,
1062 5030 1115 5076 et
1142 5016 1407 5092 quadrata
1436 5036 1527 5077 ro-

96 5084 202 5160 tundis
222 5092 479 5160 Ermutari
523 5084 774 5146 facillime
805 5084 1026 5160 queunt;

120 5149 402 5243 ‘rtbtir'ﬁodem
434 5172 672 5241 tempore
705 5170 757 5215 et
786 5149 1101 5243 Hippolytus
1130 5161 1269 5243 inter
1299 5163 1529 5243 plurima

100 5228 155 5269 ﬁt
192 5228 349 5291 ingenii
396 5232 479 5285 sui
527 5228 917 5294 monumenta,
970 5228 1163 5285 librum
1214 5228 1529 5288 De'Pascha

100 5297 318 5371 ςῡωροευὶι,
348 5300 395 5353 in
428 5317 536 5371 quo
568 5311 867 5369 temporum
910 5306 1102 5355 seriem
1135 5302 1446 5359 describens
1478 5314 1531 5358 et

101 5366 265 5442 {Mitem
291 5366 561 5442 quemdam
593 5366 899 5442 paschalem
935 5386 1029 5440 per
1056 5372 1328 5428 sexdecim
1354 5388 1530 5426 anuo-

104 5435 167 5512 ‘ffl
197 5435 415 5512 circulum
460 5435 740 5503 exhibens,
789 5435 951 5495 anno'
979 5442 1153 5510 primo
1190 5442 1530 5512 imperatoris

108 5488 290 5580 {epulidri
317 5488 774 5580 computationem
826 5488 1150 5580 temporumv
1180 5488 1529 5568 curionis-cii-

109 5558 473 5651 ξλίελὶιιτρὶίψι-ἰξ
495 5590 683 5651 autent
708 5558 874 5651 nun;
894 5558 1108 5651 scrriptis

110 5630 323 5725 ﬂuctu.
355 5630 1532 5725 ξίεῑιέέιλῖῂᾷέῑξιίιῖς.ἧξε.β·.”έεξῑίίέίσδ;

114 5715 249 5795 ἓῐτιλξιεη
268 5715 329 5767 De
354 5720 531 5784 script.
578 5722 781 5785 eccles.,
811 5721 865 5773 in
894 5715 1155 5791 Catalog.,
1190 5715 1306 5793 cap.
1338 5723 1427 5777 61.

152 5796 197 5832 ιιι
221 5778 381 5840 Euseb.
415 5788 451 5840 1.
483 5802 530 5840 c.

152 5796 197 5832 Ut
221 5796 381 5840 noset).
416 5796 451 5841 Ι.
483 5802 530 5841 C.

318 5880 568 5944 Ρλτιιοι.
616 5882 729 5943 Gn.
778 5882 856 5942 Χ.

1704 4604 1782 4672 (9)
1822 4601 2161 4672 Ηίθνοιηήῖη,
2204 4603 2239 4654 l.
2274 4617 2323 4672 c_._

1706 4669 1817 4741 (10)
1858 4669 2095 4734 [τσὺς-ἰὰ..
2128 4670 2263 4740 Opp.
2294 4670 2562 4741 Hippolyt.
2600 4680 2734 4723 tom.
2767 4669 2805 4741 l,
2838 4684 2959 4737 pag.
2987 4669 3110 4725 281.

1728 4743 1812 4811 11)
1858 4741 2169 4811 llierouym.
2208 4741 2260 4793 in
2295 4740 2561 4811 Catalog.,
2602 4756 2720 4811 cap.
2753 4740 2839 4793 61.

1728 4743 1812 4811 11)
1858 4743 2169 4811 llierouym.
2208 4743 2260 4793 in
2295 4743 2561 4807 Catalog.,
2602 4756 2720 4808 cap.
2753 4743 2839 4793 61.

1626 4743 1811 4936 “35102)
1852 4810 2090 4877 Fabric.,
2128 4811 2164 4866 ι.
2193 4825 2266 4877 c.,
2300 4810 2572 4879 pagi“;
2612 4810 2882 4872 Gallaud.,
2914 4810 2950 4863 l.
2980 4823 3033 4864 c.
3064 4827 3185 4882 pag.

1717 4952 1830 5021 (15)
1853 4952 2116 5021 ίΑηξιξιιες.
2151 4948 2377 5021 Sinaita,
2421 4949 2473 5002 in
2501 4947 2754 5021 Ηοιίιεθο,Δ
2771 4964 2891 5019 pag.
2926 4951 3047 5005 550.

1700 5017 1810 5091 (14)
1851 5020 1924 5074 Le
1959 5020 2169 5091 Moyne,
2198 5017 2319 5072 Var.
2350 5035 2523 5091 sacra,
2554 5017 2684 5073 tom.
2714 5017 2786 5086 ll,
2811 5017 2930 5089 pag.
2962 5019 3115 5074 H12.

1699 5088 1811 5159 (15)
1852 5091 1998 5144 Idem
2028 5088 2181 5153 ibid.,
2216 5089 2530 5159 pagL1115.

1699 5095 1789 5159 (15
1852 5095 1998 5144 Idem
2028 5095 2181 5153 ibid.,
2216 5105 2339 5210 paq‘.‘
2370 5095 2530 5143 1115,

1699 5095 1811 5232 (liii
1852 5161 2095 5232 Scaliger
2129 5160 2272 5232 apud
2329 5159 2513 5232 abric.
2549 5155 2753 5232 tom.Al_,
2780 5172 2899 5229 pag.
2929 5158 3017 5212 88.

1700 5227 1814 5299 ('11)
1854 5227 2088 5292 Euseb.,
2121 5227 2194 5283 H.
2226 5228 2422 5299 E._lib.
2449 5244 2500 5291 v,
2533 5244 2651 5296 cap.
2679 5227 2767 5299 22.

1700 5297 1812 5368 (18)
1849 5300 2159 5370 llieronym.
2206 5299 2260 5351 in
2294 5297 2707 5370 Catalog.,_cap.
2735 5298 2822 5351 61.

1699 5365 1814 5439 (19)
1855 5365 2090 5428 Histoire
2114 5368 2372 5422 littéraire
2398 5369 2461 5421 de
2488 5369 2541 5422 la
2564 5366 2787 5429 France,
2825 5377 2956 5421 tom.
2985 5365 3025 5429 l,
3062 5381 3183 5433 pag.

1630 5442 1755 5498 585.

1684 5509 1813 5581 K20)
1841 5508 2272 5581 Βιωφελέστατσν
2294 5507 2824 5581 adurayﬁaappellat
2854 5506 3191 5581 Nicephorus

1636 5574 1807 5636 HTE:
1852 5581 1945 5633 lib.
1966 5574 2053 5645 ’tv,
2106 5594 2154 5632 c.
2191 5580 2280 5632 51.
2340 5577 2461 5629 Vill.
2512 5574 2835 5645 Tillentout,
2889 5574 3187 5642 Memoires,

1632 5662 1763 5706 tom.
1796 5644 2045 5721 lll,pag.
2066 5650 2186 5716 107,
2223 5658 2275 5703 et
2304 5646 2517 5701 Fabric.
2550 5644 2765 5719 Hippo].
2823 5657 2953 5701 tom.
2981 5646 3030 5719 l,
3061 5662 3183 5721 pag.

1606 5721 1735 5785 .223
1768 5730 1821 5773 et
1845 5719 1970 5771 2-25.

1703 5790 1816 5845 (ΞΗ
1857 5788 2040 5857 Phot.,
2074 5788 2194 5843 cod.
2233 5800 2357 5841 cxxt
2382 5784 2631 5841 Biblioto‘t.

2806 5885 2873 5937 ιι
