3802 6198
457 291 553 348 551

1356 250 1366 266 ’
1421 291 1509 346 nr.
1546 293 1705 348 VITA
1738 293 1826 349 cr
1865 287 2181 350 SCRIPTIS
2224 291 2282 349 s.
2321 292 2700 351 HlPPOLY’l'l.
3571 289 3699 346 sae.

459 415 652 467 tinens.
716 407 923 462 Harum
968 406 1041 461 ait
1082 406 1486 476 confutationem
1532 425 1585 464 se
1623 410 1907 479 suscepisse
1951 424 2016 462 ea:
2042 413 2090 469 Α
2117 406 2348 473 scilicet,
2385 408 2452 464 de
2486 423 2595 478 quo
2627 411 2862 463 lrenaus
2899 405 2938 461 l.
2966 420 3006 470 ι,
3037 420 3156 477 cap.
3183 405 3274 462 '55.
3301 404 3703 462 Necessarium

460 499 786 558 sermonibus
816 498 1027 564 Irenwi,
1053 514 1272 569 quorum
1307 499 1664 567 compendium
1690 500 1784 554 hoc
1807 517 1860 554 se
1885 501 2017 557 libra

459 590 787 661 complexum
815 589 1000 658 refert.
1040 588 1212 642 Dictio
1245 591 1518 658 perspicua
1553 598 1601 642 et
1625 591 1897 657 concinna,
1929 609 2020 646 nec

463 682 768 744 abundans,
810 681 928 734 licet
971 679 1220 733 atticismi
1259 680 1487 733 rationes
1528 697 1632 736 non
1675 681 1802 735 adeo
1843 693 2013 738 curat.

463 773 636 830 Habet
671 781 720 827 et
757 781 867 826 tum
899 771 1009 824 alia
1039 773 1210 825 minus
1253 783 1524 835 accurata,
1562 781 1673 826 tum
1713 773 1851 842 quod
1875 773 2020 827 Pau—

463 867 575 920 lum
622 863 874 936 Epistolas
931 863 1001 916 ad
1047 863 1293 918 Hebraeos
1357 872 1620 918 auctorem
1675 881 1782 918 esse
1843 876 2017 935 negat.

464 954 658 1010 Nullus
689 969 904 1024 quoque
936 953 1240 1024 ambigendi
1287 953 1439 1008 locus
1467 962 1571 1020 est,
1610 954 1740 1024 quin
1766 952 2022 1009 Memoria

465 1047 718 1102 ha’resum
749 1045 805 1099 S.
825 1043 1112 1116 Hippolyti.
1136 1060 1201 1100 ex
1221 1061 1326 1115 qua
1348 1045 1596 1100 Gelasius
1621 1061 1755 1116 papa
1772 1046 1878 1101 duo
1902 1046 2019 1102 loca

465 1155 562 1195 seu
592 1139 893 1210 fragmenta
921 1137 1032 1208 (22)
1060 1137 1243 1199 refert,
1273 1138 1413 1192 idem
1441 1138 1512 1192 sit
1538 1139 1857 1208 opusculum
1895 1154 2020 1194 cum

465 1239 699 1286 tractatu
750 1239 934 1283 contra
985 1245 1160 1283 omnes
1201 1229 1436 1284 Iucreses.
1492 1229 1758 1284 Caeterum
1808 1229 1874 1284 de
1918 1229 2021 1284 hoc

465 1331 698 1378 tractatu
731 1321 894 1376 hodie
925 1321 1056 1375 nihil
1093 1321 1323 1389 amplius
1358 1328 1531 1374 exstat
1554 1330 1744 1390 praater
1770 1321 1877 1375 duo
1906 1321 2022 1378 haec

465 1413 786 1485 fragmenta.
818 1412 920 1468 Sed
959 1413 1014 1466 in
1041 1412 1364 1466 Bibliotheca
1389 1411 1610 1466 Patrum
1639 1411 1748 1482 (25)
1784 1412 2022 1467 occurrit

468 1505 687 1575 aliquod
740 1505 1004 1574 scriptum
1056 1504 1159 1558 sub
1211 1504 1430 1558 nomine
1489 1501 1548 1557 S.
1581 1501 1856 1574 Hippolyti
1917 1503 2021 1558 hoc

466 1613 590 1652 cum
638 1595 794 1650 titulo
838 1611 852 1648 :
906 1593 1143 1648 Homiliu
1177 1594 1239 1648 de
1263 1593 1368 1647 Deo
1420 1593 1557 1646 trino
1606 1602 1656 1646 et
1706 1609 1830 1660 uno,
1865 1605 1915 1648 et
1953 1593 2018 1648 de

465 1687 714 1758 mysterio
756 1686 1135 1741 incarnationis
1170 1695 1353 1739 contra
1397 1681 1820 1738 ItwresinNoeti.
1874 1681 2020 1738 Viris

2120 507 2300 554 autem
2347 501 2656 555 nullatenus
2694 508 2813 563 est,
2863 505 2925 552 ut
2972 506 3274 553 statuamus
3328 495 3701 566 Hippolytum

2121 591 2381 659 speciales
2425 599 2685 645 tractatus
2728 600 2918 645 contra
2946 587 3260 655 Nicolaitas,
3295 587 3700 649 Montanistas,

2121 680 2527 738 Valentinianos
2564 699 2627 738 ac
2651 682 2884 738 Caianos
2926 681 3247 750 scripsisse;
3282 679 3500 747 suﬂicit,
3533 677 3705 751 quod

2119 773 2219 828 hos
2257 788 2448 828 omnes
2492 775 2545 828 in
2574 789 2674 829 suo
2710 773 2942 844 generali
2992 781 3227 829 tractatu
3278 781 3462 826 contra
3501 785 3704 826 omnes

2121 863 2341 917 Ita’rcses
2370 861 2639 917 refutarit.

2281 950 2309 1022 §
2349 949 2438 1008 IV.
2482 952 2751 1022 Hippolyti
2785 952 2913 1006 liber
2948 961 3130 1006 contra
3163 951 3506 1009 Marcionem.

2195 1043 2519 1116 Singillatim
2567 1046 2729 1100 etiam
2779 1046 3038 1100 adversus
3089 1045 3417 1101 Marcionem
3466 1044 3712 1116 S.Hip-

2120 1136 2363 1208 polytum
2412 1137 2696 1206 scripsisse
2746 1145 2972 1192 testatur
3015 1135 3412 1208 Hieronymus,
3458 1153 3530 1194 ex
3574 1153 3711 1209 quo

2123 1242 2230 1280 non
2275 1225 2406 1280 satis
2444 1238 2649 1282 certum
2677 1236 2916 1298 apparet,
2946 1243 3077 1281 num
3109 1228 3306 1282 librum
3341 1228 3418 1282 De
3449 1247 3683 1285 recurre
3711 1266 3716 1272 ς

2122 1318 2288 1370 ctione
2317 1315 2575 1370 Marciani
2609 1318 2916 1386 opposuerit
2941 1317 3075 1387 (52).
3116 1317 3518 1389 Ἀντιρῥητικὸν
3552 1319 3717 1391 πρὸς

2120 1409 2421 1480 Μαρκίωνα
2465 1419 2624 1464 vocat
2667 1407 3002 1478 Nicephorus
3045 1409 3179 1480 (55),
3234 1411 3326 1479 qui
3372 1411 3577 1466 librum
3619 1411 3716 1465 De

2122 1501 2493 1553 resurrectione
2549 1516 2656 1553 non
2705 1508 3002 1566 memorat,
3070 1501 3529 1570 quemadmodum
3588 1519 3714 1558 nec

2123 1579 2424 1660 Syncéllus,
2470 1590 2660 1660 pagina
2689 1591 2814 1657 558,
2871 1600 3094 1647 testatus
3147 1589 3493 1662 Hippolytum
3551 1593 3716 1665 πρὸς

2120 1683 2422 1752 Μαρκίωνα.
2451 1683 2546 1736 καὶ
2582 1683 2680 1747 τὰς
2708 1682 2900 1748 λοιπὰς
2931 1683 3167 1756 αἱρέσεις
3187 1685 3489 1754 scripsisse.
3528 1685 3721 1744 Tille—

466 1780 660 1845 doctis,
691 1778 784 1848 qui
826 1776 1019 1848 majori
1058 1775 1258 1831 acribia
1296 1774 1400 1829 hoc
1442 1774 1704 1844 scriptum
1747 1774 2026 1828 examina-
2059 1763 2103 1818 Β
2130 1776 2335 1830 montio
2393 1776 2505 1845 (54)
2557 1775 2790 1840 videtur,
2843 1775 3003 1832 etiam
3058 1777 3362 1846 Oppositum
3421 1777 3718 1835 Marciani

466 1883 588 1928 runt
625 1872 774 1942 (21),
823 1872 1045 1926 omnino
1083 1882 1405 1940 persuasum
1453 1876 1552 1930 est,
1582 1865 1725 1936 quod
1773 1866 1901 1922 illud
1929 1882 2028 1938 pro

467 1963 770 2034 fragmento
805 1961 1068 2032 longioris
1111 1959 1311 2029 operis,
1355 1966 1409 2012 et
1450 1973 1548 2026 pro
1594 1965 1836 2012 extrema
1876 1966 2028 2028 parte

463 2064 728 2109 tractatus
754 2052 1055 2124 Hippolytei
1085 2051 1330 2105 adversus
1354 2049 1570 2102 haereses
1600 2049 1903 2104 habendum
1934 2050 2025 2105 sit.

461 2147 647 2217 Neque
676 2147 873 2210 obstat,
903 2142 1077 2212 inquit
1105 2140 1175 2196 cl.
1207 2139 1488 2195 Fabricius
1513 2139 1645 2209 (25),
1674 2142 1820 2210 quod
1844 2142 2030 2199 lideles

466 2236 794 2307 quandoque
841 2241 1033 2290 auctor
1079 2230 1392 2300 alloquitur,
1430 2237 1491 2282 ut
1531 2228 1585 2281 in
1631 2229 1869 2285 bomiliis
1913 2231 2029 2287 fieri

471 2329 645 2394 solet;
691 2325 959 2381 namhoc
999 2323 1160 2379 etiam
1208 2323 1264 2376 in
1311 2319 1528 2388 scriptis
1578 2318 1755 2375 facere
1796 2331 2025 2389 veteres,

466 2432 521 2478 et
569 2420 636 2476 ad
684 2419 916 2473 lectores
960 2416 1274 2486 respicere,
1329 2411 1669 2465 tralatitium.
1733 2412 2028 2467 Chronicott

467 2510 881 2568 Alexandrinum
937 2507 1081 2578 (26),
1130 2505 1273 2576 quod
1320 2503 1481 2572 vulgo
1503 2501 1762 2556 Pascltale
1808 2513 2025 2570 vocant,

465 2605 597 2659 citat
635 2603 866 2671 aliquem
909 2599 1086 2655 locum
1131 2613 1198 2653 ex
1241 2593 1299 2650 S.
1327 2592 1596 2666 Hippolyti
1645 2607 1808 2663 opere
1845 2603 2028 2647 contra

465 2709 642 2750 omnes
683 2694 920 2755 hazreses,
960 2691 1015 2744 in
1050 2704 1160 2760 quo
1204 2687 1398 2744 asserit
1434 2685 1708 2742 Christum
1755 2693 2030 2756 postremo

463 2788 586 2840 vit‘rc
619 2800 730 2840 sure
761 2798 902 2838 anno
925 2781 1133 2838 Pascha
1172 2779 1340 2852 legale
1377 2793 1483 2834 non
1517 2777 1837 2834 celebrasse.
1875 2779 2024 2833 Idem

465 2875 763 2934 Clu-onicon
803 2871 967 2929 refert
997 2873 1159 2928 etiam
1195 2872 1360 2927 alium
1403 2871 1568 2942 hujus
1605 2869 1662 2926 S.
1685 2871 1926 2942 episcopi
1959 2886 2024 2926 ac

467 2966 720 3038 martyris
755 2965 935 3020 locum
987 2979 1017 3018 e
1067 2965 1243 3034 primo
1292 2978 1394 3019 suo
1439 2963 1580 3018 libro
1633 2962 1712 3019 De
1740 2961 2022 3029 Pascltate,

463 3073 574 3128 quo
622 3054 927 3110 ostenderet
951 3052 1232 3109 Christum
1282 3055 1337 3107 in
1365 3051 1648 3123 pervigilio
1690 3053 1884 3112 mortis
1911 3067 2024 3108 suae

463 3164 660 3219 agnum
689 3146 994 3216 paschalem
1027 3160 1134 3200 non
1159 3146 1475 3201 comedisse.
1525 3142 1826 3220 Utrumque
1848 3145 2021 3206 babes

461 3241 602 3312 apud
630 3239 936 3293 Fabricium
973 3246 1027 3293 et
1055 3237 1394 3292 Gallandium
1421 3239 1556 3310 (27).

2027 3297 2054 3326 \

2128 1864 2378 1919 volumen
2409 1864 2594 1929 fuisse,
2619 1865 2762 1935 quod
2788 1865 3075 1935 scripserat
3096 1865 3414 1938 Hippolytus
3429 1867 3571 1940 Περὶ
3601 1869 3716 1922 τοῦ

2127 1955 2366 2024 ἀγαθοῦ,
2419 1956 2513 2010 καὶ
2555 1955 2716 2010 πόθεν
2761 1957 2822 2009 τὸ
2870 1956 3055 2020 κακόν,
3108 1967 3482 2028 memoratque
3516 1959 3713 2016 Euse-

2128 2045 2253 2102 bius
2284 2045 2418 2117 (55).
2465 2047 2508 2100 Α
2544 2045 2878 2102 Theodoreto
2908 2047 3020 2116 (56)
3049 2047 3185 2102 inter
3217 2064 3333 2112 cos,
3362 2049 3454 2118 qui
3490 2051 3710 2121 ἄριστα

2127 2136 2224 2190 καὶ
2272 2137 2554 2206 σοφώτατα
2584 2135 2909 2191 Marcionem
2954 2137 3322 2204 confutarunt,
3367 2136 3707 2212 Hippolytus

2130 2238 2317 2284 noster
2346 2244 2564 2299 quoque
2591 2229 2914 2284 celebratur.

2198 2317 2346 2389 Opus
2382 2320 2516 2390 Περὶ
2558 2320 2649 2373 τοῦ
2676 2321 2878 2389 ἀγαθοῦ
2903 2320 2995 2375 καὶ
3018 2321 3176 2375 πόθεν
3199 2322 3263 2376 τὸ
3295 2324 3461 2378 κακόν
3519 2324 3576 2380 in
3609 2325 3701 2380 la-

2128 2410 2334 2465 terculo
2381 2419 2653 2477 notatum,
2682 2411 2736 2465 in
2765 2409 3041 2466 Florinum
3079 2413 3472 2484 presbyterum,
3507 2431 3702 2486 aequa-

2128 2502 2230 2555 lem
2273 2501 2488 2556 illorum
2535 2511 2861 2571 temporum,
2897 2506 2986 2574 qui
3016 2503 3179 2559 Deum
3235 2507 3361 2560 mali
3402 2518 3692 2565 auctorem

2127 2595 2381 2659 faciebat,
2433 2595 2693 2666 scriptum
2751 2597 2938 2651 statuit
2967 2595 3221 2666 Scaliger,
3256 2597 3526 2655 refulatus
3561 2617 3698 2671 pro-

2125 2691 2306 2752 pterea
2340 2699 2368 2736 a
2399 2683 2467 2740 cl.
2505 2684 2552 2738 le
2581 2683 2795 2754 Moynio
2815 2684 2928 2754 (57)
2951 2685 3044 2755 qui
3079 2688 3308 2755 probare
3337 2687 3572 2744 Conatus
3605 2705 3696 2746 ρει

2125 2790 2237 2830 non
2279 2785 2465 2832 contra
2515 2774 2790 2832 Florinum
2820 2817 2836 2842 ,
2897 2778 2991 2833 sed
3040 2787 3229 2833 contra
3274 2779 3693 2845 Cerdonianos.

2126 2869 2495 2936 Blarcionitas,
2549 2869 3011 2941 llermogenianos
3037 2909 3052 2935 ,
3087 2881 3140 2926 et
3171 2872 3307 2928 alios
3329 2911 3346 2936 ,
3391 2875 3486 2942 qui
3537 2877 3700 2930 varia

2128 2961 2439 3016 statuebant
2467 2959 2754 3030 principia,
2781 2968 2836 3014 et
2867 2976 3034 3015 unum
3074 2972 3349 3017 auctorem
3377 2964 3530 3030 boni,
3561 2965 3704 3018 alte-

2127 3069 2248 3108 rum
2294 3053 2419 3107 mali
2465 3053 2840 3119 admittebant,
2871 3051 3210 3125 Hippolytum
3259 3063 3508 3110 nostrum
3559 3070 3703 3110 exa-

2128 3159 2278 3198 rasse
2310 3143 2455 3199 hunc
2480 3143 2696 3213 librum.
2733 3143 2983 3198 Florinus
3014 3144 3157 3199 enim
3188 3143 3406 3200 unicum
3434 3145 3706 3200 admitte-

2126 3231 2221 3288 bat
2244 3217 2521 3297 Deutn,“ct
2552 3233 2903 3302 principium;
2942 3233 3035 3288 sed
3065 3233 3139 3286 illi
3170 3233 3371 3287 bonum
3401 3243 3454 3288 et
3481 3236 3704 3288 malum

531 3329 835 3384 Verisimile
890 3343 1020 3384 sane
1051 3338 1153 3396 est,
1181 3328 1324 3398 quod
1373 3327 1430 3383 S.
1457 3327 1772 3403 Hippolytus
1817 3332 1870 3387 in
1915 3323 2054 3390 ἥρω’
2124 3326 2365 3415 tribuere
2400 3339 2510 3378 non
2565 3323 2954 3379 reformidahat
3000 3324 3131 3396 (58).
3159 3325 3263 3378 Alii
3294 3341 3420 3380 vero
3448 3325 3707 3382 haeretici

461 3423 696 3493 generali
736 3421 1062 3476 refutatione
1102 3422 1408 3486 baeresum,
1448 3421 1583 3477 falsa
1613 3422 2016 3482 Valentiniano-

460 3527 581 3568 ru-m
640 3513 893 3582 dogmata
953 3511 1294 3578 admirabili,
1348 3521 1507 3582 prout
1569 3512 1734 3568 refert
1778 3513 2013 3586 Epipha-

2119 3420 2272 3480 varia
2302 3417 2666 3490 agnoscebant
2691 3417 2972 3486 principia,
3004 3427 3063 3470 ut
3089 3417 3306 3472 cuilibet
3351 3417 3430 3473 sic
3459 3430 3706 3488 possent

2121 3519 2357 3572 tribuere
2387 3527 2472 3576 ea,
2499 3524 2619 3580 qua:
2651 3508 2728 3562 illi
2782 3509 2957 3580 magis
2987 3524 3221 3576 congrua
3249 3519 3303 3564 et
3327 3521 3705 3566 consentanea

459 3604 585 3658 nius
617 3603 748 3675 (28),
785 3605 1013 3674 quadam
1066 3602 1317 3673 facultate
1381 3603 1649 3672 refutarit.
1712 3602 1828 3661 Huc
1851 3606 2013 3661 etiam
2115 3609 2488 3680 judicabant:
2538 3616 2703 3654 unum
2758 3599 3000 3664 bonum,
3061 3610 3333 3655 MCIOI‘Cm
3381 3611 3434 3656 θι
3484 3601 3705 3657 Ῑοῐιιειη

459 3693 763 3759 referimus,
807 3709 928 3764 quae
955 3694 1323 3750 Theodoretus
1365 3694 1475 3765 (29)
1522 3705 1576 3750 et
1603 3695 1825 3766 quidam
1868 3700 2014 3754 anti-

460 3801 603 3856 quus
630 3797 820 3840 auctor
845 3787 1174 3858 (Stephanus
1197 3786 1397 3859 Gobar)
1436 3789 1576 3858 apud
1604 3789 1852 3846 Photium
1887 3793 2018 3850 alle-

459 3886 617 3948 gatus
670 3877 782 3948 ('50)
858 3879 925 3934 de
986 3879 1203 3948 scriptis
1278 3879 1452 3935 sancti
1503 3881 1774 3955 Hippolyti
1825 3892 2016 3940 contra

457 3969 754 4026 Nicolaitas
805 3979 859 4024 et
883 3969 1241 4028 Montanistas
1281 3974 1394 4044 (51)
1436 3975 1791 4032 tradiderunt.
1835 3975 2016 4033 Hebed

459 4061 588 4117 lesu
637 4064 690 4117 in
721 4062 975 4134 Catalogo
1015 4064 1270 4118 librorum
1309 4065 1714 4122 Claaldaicorum
1755 4077 2016 4124 memorat

463 4153 523 4209 S.
550 4155 820 4226 Hippolyti
876 4155 1136 4212 adversus
1191 4156 1381 4211 Caium
1433 4159 1649 4228 capita,
1704 4159 2015 4215 lateri-ticum

533 4265 645 4339 (22)
685 4265 888 4339 celas,
909 4275 1057 4339 _t_om.
1086 4263 1198 4339 _Vlll
1229 4265 1478 4339 Bibliotlt.
1510 4267 1689 4339 Patr.,
1721 4282 1845 4338 pag.
1874 4268 2012 4339 ’ἴοις

461 4334 702 4398 Fabric.,
737 4334 874 4405 Opp.
909 4334 1181 4459 Hippolyt.
1213 4344 1346 4390 tom.
1377 4338 1417 4400 l,
1452 4353 1573 4407 pag.
1607 4334 1734 4392 225.

532 4406 644 4459 (25)
682 4406 936 4459 Biblioth.
1018 4416 1121 4459 utr.
1153 4417 1284 4459 tom.
1316 4405 1404 4459 111.
1435 4423 1556 4459 nan.
1581 4407 1734 4459 261-5

532 4406 644 4477 (25)
682 4406 936 4477 Elatiam.
969 4405 1121 4477 Patr.
1153 4417 1284 4460 tom.
1316 4405 1404 4472 111,
1434 4405 1556 4477 pag.
1581 4407 1838 4477 261-264.

533 4474 646 4543 (2.1)
685 4474 991 4541 Tillemont,
1054 4475 1323 4538 Mémoir.,
1397 4474 1530 4531 tum:
1586 4475 1669 4542 111,

460 4543 698 4616 (_3_eillie_r,
733 4543 872 4616 Hist.
900 4547 1098 4616 gener,
1127 4557 1257 4602 tom.
1286 4544 1352 4611 11,
1385 4561 1506 4616 pag.
1535 4547 1668 4612 3M;
1701 4543 1930 4604 Maurini
1965 4543 2018 4606 in

465 4611 609 4667 Hist.
629 4613 799 4687 litter.
827 4611 974 4687 ἀξια
1002 4615 1221 4687 France,
1256 4611 1399 4670 tom:
1417 4611 1606 4686 |,'pag.
1634 4611 1758 4686 384;
1779 4618 2015 4687 Fabric.,

460 4686 650 4756 tonui
688 4682 844 4756 “Opp.
878 4683 1174 4756 llippolyt.,
1208 4682 1328 4756 pag.
1361 4682 1620 4744 225-225.

533 4754 648 4826 (25)
687 4753 900 4826 Ἐξιώιῆο.
933 4753 1048 4826 1ξς.
1076 4753 1359 4826 pag—255.

535 4824 647 4948 (2ὃέ
688 4823 882 4879 Chron.
937 4823 1200 4882 Alexand.
1250 4827 1454 4896 paulu,
1507 4829 1636 4886 edit.
1694 4828 1775 4884 Du
1817 4829 2016 4903 Cange,

537 4911 586 4948 ει.
654 4937 667 4948 .

503 4911 586 4950 all.
613 4911 667 4950 ο.

463 4910 894 5036 Ὓνὲἥῖιτξιπίο.
925 4965 963 5021 l.
1005 4981 1081 5036 ¢.,
1118 4981 1237 5036 pag.
1270 4965 1376 5021 224
1407 4977 1460 5023 et
1484 4969 1588 5036 ts;
1623 4969 1890 5033 Galland.,
1925 4969 2024 5025 Bi-

461 5034 646 5107 blioth.
670 5034 786 5107 {{P.
821 5044 955 5091 tom.
984 5035 1050 5107 ll,
1085 5034 1353 5107 pagI499.

537 5106 648 5202 (28)
687 5104 951 5177 Epipbau.
1004 5104 1193 5163 haeres.
1240 5106 1327 5172 51,
1388 5123 1538 5166 num.
1590 5110 1680 5176 55,
1710 5119 1858 5173 \tom.
1889 5107 1933 5177 1,
1962 5127 2014 5181 p.

539 5176 566 5202 ρ
630 5175 638 5177 -
734 5175 743 5177 ν
790 5175 803 5177 ,
1921 5175 1980 5181 γ-

459 5175 650 5316 mall)
698 5263 716 5297 ι
745 5245 946 5300 Contra
978 5245 1078 5299 bos
1110 5243 1446 5316 (Nicolaitas)
1480 5246 1699 5316 scripsit
1721 5247 2016 5368 praedictus

461 5314 734 5368 Clemens.
782 5328 836 5368 et
882 5315 1144 5368 lrenazus.
1195 5325 1250 5368 et
1273 5316 1552 5368 Oriaenes.
1603 5327 1656 5368 et
1701 5315 2014 5368 linnolvtus

461 5314 734 5388 Clemens,
782 5328 836 5370 et
882 5314 1144 5381 lrenazus',
1195 5316 1552 5388 e_t70rigenes,
1594 5314 1656 5388 iet
1701 5314 2014 5388 Hippolytus

462 5387 752 5526 cfpibscopus
783 5395 838 5509 e't
878 5396 1100 5458 martyr.
1135 5405 1155 5439 ι
1205 5384 1550 5456 Theodoret.,
1595 5387 1689 5442 lib.
1721 5384 1781 5441 ui
1807 5384 2013 5442 liti-ret.

501 5473 529 5506 (ι
551 5491 586 5526 Α.
611 5495 626 5517 .
659 5471 780 5526 cap.
838 5493 857 5511 .
1824 5525 1855 5526 η

501 5471 586 5506 (ιο.
611 5495 626 5517 ,
659 5471 780 5517 cap.
804 5471 857 5511 ⁴Ιο

538 5473 722 5595 ad)?
729 5473 826 5580 fidi
838 5493 1191 5598 inaequalem
1220 5527 1528 5597 opinionem
1556 5527 1804 5583 habuerit
1819 5525 2017 5596 Hippo-

468 5601 614 5664 lytus
635 5603 689 5650 et
714 5597 1048 5669 Epiphanius
1079 5605 1144 5653 de
1178 5598 1396 5652 Nicolao
1451 5613 1482 5652 e
1525 5609 1726 5669 septem
1771 5599 2017 5652 diaconis

467 5680 596 5740 unto,
643 5675 697 5718 et
740 5667 906 5740 quod
933 5669 1106 5726 valide
1144 5670 1294 5724 illum
1328 5667 1667 5725 condemnet.
1705 5687 1724 5722 ι
1754 5669 2011 5740 Stephani.

465 5734 648 5792 Gobar
677 5734 817 5809 apud
853 5736 1100 5796 Photiqu
1135 5742 1318 5797 codice
1349 5755 1582 5797 ccxxxu.

2119 3703 2296 3758 omnis
2324 3702 2478 3769 boni;
2527 3694 2758 3751 alterum
2785 3692 3016 3762 justum,
3041 3692 3296 3762 rigidum,
3325 3693 3705 3763 implacabile,

2120 3793 2453 3849 conditorem
2494 3785 2772 3848 universi;
2821 3784 3037 3839 tertium
3076 3785 3356 3839 materiam
3404 3795 3706 3850 aeternam,

2120 3886 2204 3940 vel
2229 3885 2396 3940 Deum
2433 3885 2787 3954 imperantem
2823 3876 3078 3942 materiae,
3125 3876 3268 3931 unde
3315 3877 3498 3931 omnia
3545 3879 3711 3934 mala

2121 3979 2175 4032 in
2219 3983 2478 4032 mundum
2522 3976 2876 4044 irrepserunt.
2925 3968 3189 4026 Caeterum
3233 3967 3368 4022 bene
3398 3969 3704 4024 observant

2121 4069 2351 4124 Maurini
2379 4068 2548 4123 nostri
2577 4068 2689 4137 (39)
2720 4067 2818 4120 has
2853 4060 3134 4131 Scaligeri,
3166 4062 3213 4113 le
3236 4058 3435 4130 Moyut‘i
3485 4070 3538 4114 et
3573 4061 3712 4115 Til-

2121 4161 2366 4216 lemontii
2419 4161 2704 4231 opiniones
2752 4158 3188 4228 conjecturarum
3245 4155 3514 4220 splnrram
3578 4168 3702 4206 non

2211 4270 2322 4341 (51)
2369 4290 2386 4322 ι
2410 4269 2554 4326 Inter
2585 4267 2882 4341 octodecim
2913 4265 3189 4341 articulos,
3207 4278 3346 4333 quos
3377 4260 3712 4341 Stephanus

2122 4333 2709 4396 Gobar'examinaudos
2733 4340 2833 4393 sibi
2853 4339 3150 4407 proposuit.
3177 4333 3491 4407 occurrite}
3516 4349 3702 4407 uitus,

2122 4412 2176 4464 in
2203 4427 2311 4480 quo
2333 4413 2380 4466 is
2403 4422 2589 4466 auctor
2613 4401 3102 4480 inquiritqmenam
3132 4406 3296 4461 fuerit
3329 4401 3702 4480 S_._ll_ippolyti

1764 4496 1848 4550 ag.
1877 4479 2013 4546 107;
2045 4473 2090 4529 D
2119 4473 2384 4536 senicntia
2407 4483 2575 4536 circa.
2597 4473 2823 4535 haeresin
2855 4473 3298 4550 Montanislarum
3319 4492 3333 4527 :
3353 4473 3494 4550 Quid
3511 4473 3711 4527 sense.»

2121 4553 2189 4604 rit
2227 4551 2406 4606 beatus
2443 4551 2757 4620 Hippolytus
2787 4549 2866 4620 ‘de
2911 4547 3096 4620 [iterari
3148 4545 3645 4620 dictitanistarum.
3675 4564 3699 4595 ι

2119 4620 2277 4676 Phot.
2317 4623 2354 4676 1.
2389 4639 2438 4676 c.
2477 4613 2946 4688 Unde'conjicere
2995 4619 3152 4685 licet,
3187 4613 3551 4672 Montanistas
3592 4615 3700 4669 abs

2122 4690 2178 4745 S.
2200 4690 2484 4761 Hippolyto
2514 4693 2866 4761 impugnatos
2887 4689 3071 4761 fuisse.

2200 4709 2390 4761 mppm
2416 4709 2484 4746 'to
2514 4709 2856 4761 Impugnatos
2887 4709 3071 4743 tuisse.

2191 4762 2302 4832 (52)
2362 4709 2671 4832 Ιῇετοηγηι.
2734 4761 2789 4812 in
2828 4757 3093 4830 Catalog.,
3141 4773 3262 4828 cap.
3287 4757 3392 4827 Gl;
3457 4752 3698 4815 Fabric.

2119 4839 2252 4902 tom.
2286 4831 2640 4902 l,7pag.22-l.
2697 4898 2740 4902 __
2800 4899 2836 4902 _
3105 4890 3107 4894 .

2189 4901 2301 4972 (55)
2342 4898 2654 4972 ljicephor.,
2689 4898 2760 4972 11.
2792 4899 2856 4955 E.
2889 4900 2986 4955 lib.
3015 4914 3090 4962 IV,
3123 4914 3246 4972 cap.
3279 4898 3368 4952 51.

2189 4967 2301 5041 (54)
2343 4967 2674 5041 Tillemont,
2704 4969 2970 5041 @énwin,
3003 4979 3136 5024 tom.
3162 4967 3250 5041 111,
3279 4985 3400 5041 pag.
3429 4969 3557 5025 106.

2213 5041 2303 5109 55)
2342 5041 2562 5104 Euseb.,
2593 5039 2666 5094 II.
2693 5039 2756 5093 E.
2795 5041 2889 5095 lih.
2915 5056 2989 5101 vn,
3031 5055 3151 5109 cap.
3177 5040 3268 5094 22.

2213 5045 2280 5093 55
2342 5045 2562 5104 Euseb.,
2593 5045 2666 5094 ll.
2693 5045 2756 5093 Ε.
2795 5045 2889 5095 111).
2915 5056 2989 5101 vn,
3031 5055 3151 5109 cap.
3177 5045 3268 5094 22.

2188 5045 2303 5183 issi
2350 5110 2634 5183 C_Plllrimi
2697 5125 2826 5183 sane
2881 5118 3073 5183 contra
3135 5111 3282 5183 hanc
3337 5109 3696 5183 impietatem

2120 5177 2453 5251 (Marcionis)
2483 5181 2774 5253 scripsere.
2792 5179 3331 5253 Justinus_enim...et
3352 5177 3696 5253 Hippolytus

2117 5252 2319 5320 optime
2345 5265 2536 5304 omnes
2561 5250 2975 5320 doctissimeque
3005 5251 3366 5320 blasphemia;
3389 5250 3573 5319 hujus'
3590 5269 3696 5308 ra-

2118 5319 2260 5374 biem
2291 5320 2660 5374 confutarunt.
2688 5338 2706 5369 ι
2761 5319 3107 5388 Theodoret.,
3137 5321 3233 5375 lib.
3263 5336 3281 5374 ι
3314 5319 3570 5376 ΙῙωτειὶσ.
3602 5326 3694 5392 [αι

2119 5389 2253 5442 bul..
2288 5405 2407 5442 can.
2437 5389 2528 5442 25.

2153 5405 2253 5450 ιιι.,
2288 5405 2407 5450 εειι).
2437 5405 2528 5442 Ζῖ).

2437 5405 2657 5528 1liftiyne,
2700 5454 2858 5513 Varia
2888 5475 3064 5524 sacra,
3117 5467 3252 5514 tom.
3281 5459 3349 5528 ll,
3383 5476 3508 5533 pag.
3542 5461 3694 5518 ΗΠ

2115 5538 2168 5583 et
2192 5545 2305 5583 seu.

2345 5597 2540 5670 Euseb.
2577 5597 2646 5652 Π.
2671 5596 2734 5652 Ε.
2774 5599 2866 5670 lib.
2895 5615 2948 5670 v.
2980 5614 3098 5670 cap.
3127 5599 3215 5653 20.

2187 5669 2299 5740 (59)
2342 5668 2487 5725 llist.
2519 5669 2680 5725 littér.
2717 5670 2780 5724 de
2813 5669 2864 5724 la
2892 5668 3119 5728 France.
3153 5680 3285 5728 tom.
3307 5669 3352 5739 l,
3398 5685 3522 5743 pag.
3547 5669 3692 5731 ὅὸϐη
