3802 6198
317 236 425 294 555

1293 236 1379 291 DE
1416 237 1575 292 VITA
1606 236 1693 292 ET
1733 235 2046 292 SCRIPTIS
2102 238 2163 292 S.
2197 237 2583 298 HlPPOLYTl.

3460 251 3572 309 330

316 352 586 423 polytum.
650 350 754 406 Sed
805 351 998 416 nobis,
1053 352 1231 421 inquit
1279 353 1350 407 cl.
1409 351 1629 408 Samuel
1681 351 1881 408 Basna-
1920 356 2112 413 Aean:
2166 370 2497 425 personam,
2547 359 2634 413 cui
2673 360 2904 430 epistola
2953 360 3045 417 illa
3093 363 3393 434 perscripta
3449 365 3577 422 fuit.

318 443 444 512 gius
478 441 616 512 (55),
651 451 833 495 tamen
863 456 974 496 non
1004 441 1182 510 placet
1208 442 1387 497 audax
1421 442 1510 496 illa
1533 444 1714 508 crisis,
1747 458 1889 512 quae,

319 532 468 586 nulla
487 539 714 600 cogente
727 531 1285 595 necessitate,vetcres
1301 540 1476 587 mutat
1492 533 1889 603 inscriptiones.

321 620 651 686 Severinum,
686 634 796 674 non
824 617 1094 674 ‘Severam
1124 620 1287 676 habet
1315 636 1557 675 marmor
1598 619 1889 693 Ilippolyti.

320 711 516 769 Severa
539 727 815 779 vero,non
840 710 1377 782 Severina,Philippo
1400 727 1540 768 uxor
1567 712 1687 768 fuit.
1708 712 1893 784 Neque

319 804 376 858 in
402 818 678 859 marmore
707 802 919 873 vestigii
947 811 1031 857 est
1056 802 1403 872 aliquid,quo
1418 802 1691 876 Augustea
1712 805 1892 875 digni-

320 902 433 951 tate
468 904 719 949 ornatam
745 892 915 950 fuisse
945 891 1246 948 Severinum
1278 894 1615 965 colligamus,
1641 898 1785 968 quod
1811 906 1894 952 ta-

321 1003 445 1043 men
459 986 919 1043 oblivionidatum
946 1001 1056 1041 non
1080 985 1290 1042 fuisset.
1313 986 1582 1044 Incertum
1603 990 1790 1055 etiam,
1822 1006 1892 1046 an

321 1080 389 1135 ad
412 1067 648 1150 Philippi
666 1078 952 1149 imperium
979 1093 1174 1148 usque,
1207 1093 1384 1136 annos
1413 1077 1733 1153 Hippolytus
1762 1099 1893 1141 suos

319 1172 641 1227 extenderit.
698 1172 918 1227 Addunt
969 1171 1193 1241 insuper
1247 1170 1475 1228 Maurini
1533 1175 1707 1230 nostri
1755 1175 1892 1246 (56),

319 1265 542 1321 etiamsi
573 1263 950 1320 Theodoretus
981 1263 1111 1319 citet
1137 1264 1446 1335 epistolam,
1477 1267 1575 1322 abs
1603 1266 1892 1339 Hippolyto

320 1357 387 1410 ad
419 1356 659 1426 reginam
688 1355 980 1425 quamdam
1019 1357 1398 1427 perseriptam,
1426 1373 1493 1412 ex
1527 1358 1631 1413 hoc
1660 1374 1769 1414 non
1802 1375 1894 1415 sev

318 1448 432 1519 qui,
479 1450 622 1519 quod
669 1464 767 1518 per
796 1464 913 1503 eam
945 1448 1231 1518 epistolam
1263 1450 1356 1504 illa
1404 1449 1750 1521 intelligenda
1798 1453 1890 1519 sit,

317 1559 440 1615 quas
470 1542 538 1597 ad
579 1540 894 1597 Severinam
922 1548 1144 1596 exarata
1178 1540 1299 1596 fuit.
1336 1539 1571 1597 Sanctus
1602 1543 1747 1597 enim
1778 1544 1894 1614 epi-

318 1649 521 1705 scopus
550 1643 739 1687 noster
766 1630 832 1685 ad
863 1631 1049 1702 plures
1073 1646 1358 1700 personas,
1380 1632 1493 1687 sive
1516 1632 1753 1700 reginas,
1778 1634 1892 1689 sive

319 1730 478 1794 alias,
498 1724 744 1782 exaravit
772 1723 1001 1780 litteras.
1030 1723 1308 1794 Siquidem
1348 1725 1489 1781 inter
1509 1725 1630 1796 ejus
1665 1727 1888 1797 scripta,
1927 1706 1965 1760 Β

317 1836 439 1890 qua:
465 1829 690 1874 sanctus
713 1816 1018 1873 Alexander
1047 1814 1577 1888 Hierosolymitanus
1601 1817 1887 1887 episcopus

318 1911 589 1968 indefessa
642 1926 774 1967 cura
825 1925 926 1980 pro
977 1910 1355 1981 locupletanda
1401 1924 1501 1965 sua
1556 1910 1886 1965 bibliotheca

318 2006 630 2077 collegerat,
659 2003 866 2058 mentio
914 2002 973 2058 lit
1003 2002 1070 2059 de
1111 2001 1305 2057 litteris
1350 2002 1408 2056 S.
1441 2001 1737 2075 Hippolyti,
1770 2013 1889 2059 tan-

318 2111 482 2165 quam
508 2095 561 2149 in
587 2093 907 2150 fasciculum
929 2094 1172 2149 collectis
1190 2093 1324 2165 (57).
1343 2093 1492 2149 Adde
1510 2095 1655 2165 quod
1680 2096 1884 2152 nullum

318 2193 700 2255 argumentum
727 2184 1012 2249 habeatur,
1027 2200 1093 2239 ex
1117 2199 1227 2255 quo
1244 2184 1420 2253 colligi
1447 2186 1618 2253 possit
1638 2194 1886 2241 sanctum

319 2285 562 2331 nostrum
609 2276 751 2330 ultra
805 2275 1095 2345 imperium
1147 2274 1332 2331 Severi
1380 2276 1673 2331 Alexandri
1718 2279 1885 2333 vitam

316 2368 673 2441 protendisse.
692 2365 1029 2437 Quapropter
1054 2367 1124 2423 cl.
1150 2366 1361 2423 Caveus
1385 2367 1498 2439 (58)
1525 2369 1602 2423 ait
1626 2388 1638 2423 :
1659 2368 1721 2427 Si
1751 2369 1886 2438 Hip-

316 2464 483 2535 pulyli
532 2473 743 2518 aetatem
785 2477 1010 2530 eousque
1054 2460 1359 2530 protrahere
1405 2460 1592 2514 durius
1625 2461 1884 2526 videatur,

315 2559 385 2611 ad
422 2557 713 2611 Alexandri
763 2554 940 2611 Severi
984 2568 1238 2621 sororem,
1272 2562 1363 2607 aut
1412 2567 1477 2606 ea:
1519 2552 1634 2621 ejus
1676 2555 1888 2623 familia

315 2648 551 2724 aliquam
580 2651 801 2723 epistola
822 2650 933 2706 haec
954 2666 1058 2704 non
1089 2649 1226 2703 male
1255 2649 1443 2719 referri
1463 2657 1651 2719 potest.
1679 2648 1888 2708 Doctis-

316 2745 487 2799 simus
511 2740 751 2799 Jacobus
777 2740 1079 2813 Basnagius
1120 2740 1257 2812 (59),
1290 2740 1384 2812 qui
1418 2741 1559 2797 hanc
1604 2740 1889 2798 dimculta-

316 2845 423 2892 tem
453 2834 678 2892 uberius
704 2834 1083 2905 explicandam
1130 2833 1391 2904 suscepit,
1431 2833 1592 2905 longe
1622 2833 1798 2890 abfuit
1828 2843 1889 2889 ut

313 2940 433 2980 eam
469 2925 725 2987 solveret,
755 2922 850 2978 sed
884 2922 1069 2992 potius
1098 2922 1272 2989 auxit,
1311 2923 1442 2978 dum
1469 2924 1664 2979 statuit
1687 2924 1755 2980 ad
1784 2922 1886 2980 Ze-

315 3018 533 3073 nobiam
590 3016 830 3088 reginam
885 3014 1153 3086 Palmyra:
1197 3031 1340 3083 eam,
1376 3016 1442 3071 de
1491 3033 1599 3087 qua
1651 3018 1884 3088 agimus,

319 3110 584 3166 direxisse
605 3109 915 3180 epistolam.
942 3108 1073 3176 Quae
1096 3109 1338 3178 profecto
1365 3109 1550 3178 opinio
1570 3124 1676 3163 non
1708 3109 1888 3164 solum

315 3203 464 3258 nullo
510 3202 701 3257 nititur
729 3210 1071 3271 argumento,
1106 3201 1199 3255 sed
1239 3200 1389 3254 omni
1419 3200 1583 3255 etiam
1618 3200 1889 3255 verisimi-

314 3296 541 3352 litudine
560 3304 728 3352 caret.
766 3295 837 3351 Ut
857 3295 1002 3349 enim
1033 3291 1429 3363 probabilitatis
1459 3292 1690 3361 speciem
1720 3293 1887 3349 habe-

313 3398 418 3456 ret,
449 3403 668 3445 necesse
690 3387 829 3442 foret
861 3394 919 3441 ut
946 3384 1003 3440 S.
1036 3384 1377 3457 Hippolytus,
1410 3382 1474 3440 ι).
1511 3382 1706 3440 lrenaai
1741 3401 1888 3441 anno

314 3482 422 3538 20‘!
475 3480 716 3537 defuncti
758 3478 1083 3548 discipulus,
1115 3477 1279 3531 vitam
1314 3475 1671 3546 protraxisset
1715 3491 1888 3548 usque

318 3578 385 3631 ad
416 3574 703 3645 imperium
742 3573 1021 3627 Aureliani
1058 3570 1426 3640 imperatoris,
1462 3585 1593 3624 ann.
1642 3585 1720 3625 sc.
1758 3571 1883 3639 270,

317 3685 426 3737 quo
476 3668 734 3724 nimirum
798 3674 1039 3735 tempore
1104 3662 1344 3719 Zenobia
1405 3679 1631 3734 regnare
1696 3665 1881 3735 coepit.

313 3754 570 3824 Quinimo
597 3754 683 3809 vel
705 3753 1116 3824 supponendum
1161 3762 1325 3818 esset,
1355 3753 1648 3807 Zenobiam
1681 3769 1880 3809 nomen

1996 445 2286 500 Annalium
2328 463 2529 519 parens
2557 449 2739 506 Caesar
2778 450 3045 510 Baronius
3080 454 3196 527 (60)
3225 454 3428 511 Juliam
3457 456 3574 513 Ila-

1995 552 2186 593 maaam
2230 539 2635 610 intelligendam
2668 557 2789 599 esse
2825 545 3141 600 arbitratur.
3190 544 3285 601 Hae
3326 549 3573 606 virorum

1993 630 2280 687 doctorum
2313 634 2598 689 sententia:
2631 635 2776 690 circa
2809 635 3228 707 inscriptionem
3259 638 3427 709 hujus
3453 643 3573 713 epi-

1994 718 2168 774 stolaa.
2199 717 2469 775 Caeterum
2514 737 2582 777 ex
2611 722 2713 778 hac
2750 725 3003 795 epistola,
3040 742 3165 797 qua:
3202 730 3411 799 pariter
3439 743 3575 789 teta-

1994 817 2103 863 tem
2131 817 2376 866 nostram
2410 827 2518 868 non
2536 813 2692 887 tulit,
2724 814 2835 871 duo
2862 817 3024 873 nobis
3053 816 3361 890 fragmenta
3393 821 3576 878 Theo-

1992 900 2217 958 doretus
2240 903 2457 976 dialogo
2478 907 2719 962 secundo
2740 918 2794 964 et
2815 911 2976 966 tertio
3000 914 3322 982 asservavit,
3347 914 3575 987 legenda

1993 993 2136 1062 apud
2165 992 2511 1050 Gallandium
2540 996 2678 1069 (6i).

2348 1086 2377 1159 §
2424 1086 2487 1142 ll.
2518 1087 2776 1159 Epistolis
2823 1088 2886 1147 S.
2916 1088 3217 1163 Hippolyti.

2068 1177 2336 1233 Eusebius
2374 1176 2488 1250 (62)
2516 1188 2748 1235 testatur
2778 1196 2838 1237 se
2869 1184 3074 1239 multas
3104 1183 3302 1251 legisse
3346 1185 3406 1242 S.
3440 1186 3572 1261 Ilip—

1994 1269 2163 1341 polyti
2189 1269 2400 1325 litteras
2425 1270 2481 1324 in
2515 1269 2851 1329 Bibliotheca
2880 1273 2950 1329 ab
2974 1274 3284 1332 Alexandro
3318 1277 3576 1337 Hieroso-

1994 1360 2263 1431 lymorum
2293 1362 2550 1432 episcopo
2595 1362 2796 1419 ibidem
2828 1364 3113 1420 adornata.
3144 1367 3249 1422 Sed
3278 1378 3473 1438 praeter
3497 1373 3574 1426 il-

1994 1455 2102 1509 lam
2129 1454 2196 1509 ad
2229 1454 2535 1511 Severinum
2566 1456 2620 1511 in
2651 1457 2916 1514 laterculo
2946 1468 3212 1526 notatam,
3246 1471 3304 1517 et
3334 1478 3366 1518 a
3392 1463 3571 1519 Theo-

1993 1547 2183 1603 doreto
2224 1547 2526 1615 laudatam,
2566 1550 2714 1604 velut
2745 1551 2812 1605 ad
2846 1552 3091 1622 reginam
3120 1553 3414 1623 quamdam
3444 1573 3568 1627 per-

1994 1633 2271 1703 scriptam,
2292 1633 2362 1689 de
2385 1650 2493 1706 qua
2516 1636 2677 1705 paulo
2700 1646 2825 1692 ante
2843 1638 3228 1707 disseruimus,
3253 1644 3321 1698 de
3342 1645 3568 1715 reliquis

1994 1725 2164 1781 altum
2191 1727 2333 1797 apud
2361 1729 2619 1799 antiquos
2635 1731 2933 1800 scriptores
2961 1733 3264 1790 silentium.
3282 1733 3569 1793 Fabricius

1996 1818 2162 1874 refert
2186 1818 2300 1891 (65)
2337 1820 2572 1891 aliquem
2608 1822 2789 1877 locum
2820 1823 3067 1894 epistola:
3092 1827 3370 1898 synodalis
3400 1827 3569 1885 Joan-

1996 1910 2081 1965 nis
2126 1911 2451 1967 Antiocheni
2505 1914 2574 1968 ad
2630 1912 2883 1969 Mennam
2938 1916 3369 1973 Alexandrinum
3419 1936 3569 1976 anno

1994 2000 2196 2056 Christi
2221 2000 2326 2057 968
2350 2003 2587 2073 scriptae,
2622 2004 2714 2060 ubi
2743 2005 2946 2062 eitatur
2964 2008 3195 2078 epistola
3227 2011 3406 2066 sancti
3431 2010 3567 2081 ﬂip-

1994 2094 2161 2163 polyti
2198 2094 2264 2148 ad
2311 2104 2561 2151 sanctum
2610 2097 2926 2169 Dionysium
2969 2098 3182 2171 Cyprias
3217 2102 3564 2174 episcopum;

1992 2200 2056 2237 ex
2090 2200 2197 2253 qua
2228 2182 2468 2242 Joannes
2489 2186 2865 2245 Antiochenus
2884 2190 3106 2246 adducit
3134 2192 3313 2248 locum
3348 2195 3417 2250 ad
3438 2210 3568 2263 pro-

1995 2276 2228 2330 bandam
2276 2276 2492 2331 unicam
2526 2277 2581 2331 in
2606 2278 2825 2334 Christo
2869 2289 3124 2336 naturam
3153 2295 3279 2352 post
3306 2284 3566 2340 incarna-

1994 2366 2216 2420 tionem.
2246 2363 2446 2421 Verum
2486 2366 2726 2424 Joannes
2764 2370 3140 2428 Antiochenus
3172 2389 3355 2444 parva:
3383 2377 3450 2432 ad
3481 2376 3567 2432 fa-

1993 2457 2235 2512 ciendam
2286 2458 2445 2513 fidem
2498 2460 2839 2517 auctoritatis
2890 2471 2974 2518 est
3029 2462 3153 2528 vir;
3205 2481 3306 2521 nec
3361 2466 3565 2523 desunt

1992 2557 2329 2619 argumenta,
2363 2564 2429 2605 es
2455 2551 2657 2620 quibus
2688 2550 2946 2608 credibile
2980 2554 3058 2621 fit,
3089 2554 3268 2625 ipsum
3295 2554 3563 2612 Joannem

1994 2644 2154 2715 hujus
2202 2644 2466 2713 epistolae,
2497 2653 2661 2716 atque
2707 2645 2833 2713 loci,
2863 2647 2918 2700 in
2966 2663 3078 2718 quo
3110 2660 3297 2720 aperte
3341 2650 3567 2709 haeresis

1994 2735 2332 2809 Eutychiana
2358 2737 2690 2806 continetur,
2722 2748 3001 2795 auctorem
3049 2757 3170 2798 e-se
3222 2751 3385 2814 atque
3430 2760 3568 2799 con-

2004 2832 2394 2887 sarcinatorem
2442 2831 2576 2903 (64).
2608 2830 2743 2887 Nam
2770 2845 3132 2906 praeterquam
3163 2838 3311 2907 quod
3352 2838 3567 2907 episco-

1996 2938 2101 2993 pus
2130 2921 2340 2994 Cypriat
2364 2924 2586 2979 nomine
2611 2922 2903 2996 Dionysius
2931 2926 3132 2982 saeculo
3159 2928 3335 2984 sancti
3361 2926 3567 2999 Hippo-

1993 3016 2086 3087 lyti
2114 3016 2303 3071 nullibi
2331 3017 2651 3086 reperiatur,
2669 3017 2915 3073 doctrina
2930 3020 3094 3075 etiam
3110 3035 3177 3076 ex
3201 3020 3303 3077 hac
3322 3022 3566 3092 epistola.

1993 3109 2223 3179 allegata
2250 3108 2533 3165 sententiis
2557 3107 2724 3178 hujus
2749 3110 2923 3166 sancti
2957 3112 3213 3184 martyris
3241 3128 3272 3168 e
3296 3113 3568 3170 diametro

1990 3197 2241 3268 opposita
2290 3200 2579 3254 invenitur.
2616 3196 2717 3254 Hic
2756 3200 2903 3255 enim
2950 3200 3006 3255 in
3035 3201 3287 3272 pluribus
3333 3217 3564 3272 operum

1989 3304 2215 3344 suorum
2243 3290 2381 3345 locis
2418 3290 2580 3360 paulo
2605 3290 2834 3349 inferius
2864 3293 3206 3364 prolerendis
3230 3295 3370 3351 duas
3403 3304 3569 3351 natu-

1992 3399 2079 3438 ras
2140 3383 2194 3436 in
2239 3380 2367 3438 Jesu
2423 3382 2642 3439 Christo
2698 3393 2825 3454 post
2874 3385 3311 3442 incarnationem
3357 3387 3566 3444 diserte

1989 3472 2256 3541 agnoscit.
2292 3471 2433 3539 Quid
2458 3474 2605 3544 quod
2636 3474 2778 3529 mala
2807 3473 2942 3530 ﬁdes
2979 3474 3209 3531 Joannis
3232 3476 3565 3534 Antiocheni

1989 3565 2277 3621 manifeste
2326 3575 2586 3636 appareat
2630 3582 2698 3622 ex
2751 3567 2941 3623 eodem
2997 3569 3140 3633 loco,
3191 3568 3321 3624 dum
3368 3570 3569 3641 allegat

1987 3657 2273 3725 quemdam
2295 3671 2361 3712 ex
2385 3655 2442 3711 S.
2464 3657 2745 3713 Athanasii
2773 3659 2839 3714 ad
2863 3661 3247 3730 imperatorem
3268 3659 3564 3718 Jovianum

1987 3746 2214 3817 epistola
2242 3748 2445 3813 locum,
2471 3748 2567 3819 qui
2597 3756 2778 3804 tamen
2806 3750 3000 3807 nullibi
3026 3752 3168 3823 apud
3190 3752 3555 3808 Athanasium

314 3847 478 3901 etiam
513 3844 787 3900 Severinae
814 3844 1070 3915 gessisse,
1102 3844 1184 3899 vel
1224 3842 1453 3898 omnino
1487 3843 1778 3913 rejicienda
1804 3843 1885 3900 fo-
1983 3841 2254 3911 reperitur
2285 3840 2421 3913 (65).
2451 3842 2645 3897 Annon
2691 3843 2797 3900 hoc
2825 3842 3027 3900 factum
3061 3847 3312 3901 eumdem
3342 3846 3396 3900 in
3438 3846 3566 3901 aliis

315 3948 398 3995 ret
442 3938 745 4008 inscriptio,
773 3926 834 3992 ut
877 3936 1034 4003 falsa,
1066 3951 1188 4007 qua:
1239 3936 1343 3991 hoc
1391 3937 1610 3992 nomine
1652 3938 1886 4007 appellat

389 4098 503 4169 (55)
528 4095 756 4169 Samuel
778 4095 1045 4169 Basnage,
1068 4093 1265 4148 Annal.
1279 4093 1432 4163 polit.
1455 4095 1661 4161 eccles.,
1682 4094 1881 4164 tom.lI,

320 4165 443 4238 pag.
464 4167 605 4238 7289,
642 4168 709 4221 ad
743 4181 875 4238 ann.
905 4165 1031 4219 229.

390 4232 501 4307 (56)
555 4236 790 4292 Histoire
838 4235 1098 4289 littéraire
1155 4234 1218 4289 de
1249 4233 1305 4286 la
1379 4232 1606 4297 France,
1658 4242 1793 4291 tum.
1841 4233 1879 4302 Ι,

320 4324 377 4379 p.
409 4308 515 4379 389
550 4317 605 4379 et
635 4322 752 4379 seq.

399 4378 511 4447 (57)
540 4372 865 4447 Euseb—1H.
897 4373 963 4447 β.
1001 4374 1094 4427 lib.
1115 4390 1189 4438 vI,
1216 4388 1334 4443 cap.
1347 4372 1459 4447 βυ.

388 4442 503 4515 (58)
533 4446 696 4511 Cave,
731 4444 876 4499 Hist.
904 4444 1158 4504 litterar.,
1188 4442 1320 4497 tom.
1346 4442 1388 4509 l,
1414 4458 1535 4566 pag.
1570 4442 1692 4499 105.

388 4517 501 4566 (59)
559 4514 675 4566 Jac.
737 4514 1002 4566 Basnaae.
1052 4514 1194 4566 apud
1247 4514 1426 4566 Canis.
1526 4523 1626 4566 ect.
1683 4534 1692 4566 ι

388 4517 515 4638 (59)Ι
559 4514 675 4569 Jac.
730 4514 1002 4637 gasnage,
1052 4514 1194 4583 apud
1247 4514 1426 4569 Canis.
1480 4514 1626 4567 Lect.
1683 4514 1884 4585 antiq.,

388 4602 457 4638 m.
523 4626 536 4638 .
572 4601 696 4638 nan.
769 4622 783 4635 .

322 4596 457 4641 tom.
495 4596 536 4644 ι.
572 4601 696 4652 pag.
730 4596 783 4637 δ.

389 4602 457 4640 ιιι.
495 4601 536 4644 ι.
572 4601 696 4654 pag.
730 4601 783 4637 δ.

389 4657 501 4724 (60)
533 4654 731 4708 Baron.
766 4655 833 4708 ad
868 4654 1336 4724 ann.»2'29,‘nttn_t.
1373 4651 1462 4706 10.

411 4727 499 4795 (il)
527 4724 957 4795 Gallandq‘ton‘i.
984 4722 1029 4795 ll
1051 4721 1191 4795 Bibl.
1219 4721 1363 4788 PP.,
1390 4738 1517 4795 pag.
1544 4723 1674 4778 499.

412 4790 501 4867 62)
535 4795 761 4867 Euseb"
790 4792 863 4867 Il.
1007 4793 1100 4867 lib.
1137 4807 1348 4867 νερτεψ
1375 4790 1461 4845 20.

397 4860 774 4944 (dﬂfabricq
808 4861 871 4944 S;
891 4860 1177 4944 Hippolyta
1207 4860 1507 4944 Qpp.ﬂtom.
1542 4862 1607 4924 ll,
1635 4879 1760 4944 pag.
1793 4863 1883 4918 52.

388 4930 833 5008 ('(ierUtlectores
844 4930 1059 5008 facilius
1064 4930 1329 5008 judicium
1343 4930 1484 5008 ferre
1503 4930 1737 5008 possint,
1757 4948 1885 4986 num

319 4998 437 5066 loca
466 4998 566 5063 abs
589 5005 798 5061 Joanne
828 4998 1171 5073 Antiocheno
1203 4998 1656 5073 divollippolyto
1692 4998 1884 5058 nostro

318 5079 578 5147 ascripta,
615 5076 741 5147 huic
783 5086 979 5147 magno
1010 5070 1282 5147 episcopo
1301 5069 1409 5147 sint
1437 5069 1638 5147 digna,
1659 5076 1756 5147 vel
1787 5087 1886 5141 po-

318 5152 428 5203 tius
463 5138 494 5202 5
526 5138 759 5202 sectario
802 5138 1071 5210 haereseos
1098 5138 1445 5209 Eutychiame
1467 5138 1575 5194 sint
1601 5138 1885 5210 fabricata,

318 5220 422 5272 tria
467 5218 614 5271 illius
663 5217 781 5270 loca
816 5206 915 5267 'hic
954 5212 1145 5264 afferre
1175 5206 1383 5281 integra
1431 5224 1609 5279 operae
1651 5206 1885 5281 pretium

319 5304 440 5360 esse
470 5288 753 5346 duximus.
789 5304 807 5336 ι
843 5283 902 5339 S.
931 5281 1575 5360 Hippolytusdiomanus
1599 5283 1885 5351 episcopus

320 5358 375 5411 in
408 5368 638 5415 tractatu
680 5362 939 5411 adversus
984 5369 1080 5406 eos
1121 5358 1217 5419 qui
1266 5358 1585 5419 impugnant
1634 5366 1888 5406 incarna-

322 5429 527 5483 tionem
552 5426 712 5482 Verbi
743 5425 838 5479 Dei
883 5425 954 5479 ob
975 5421 1592 5478 consubstantialitatem
1616 5420 1736 5483 ejus
1761 5437 1885 5476 cum

321 5495 482 5554 Patre
525 5515 541 5553 :
577 5516 595 5549 ι
640 5494 819 5567 Virgo,
862 5496 956 5559 ait,
987 5490 1357 5567 cutnpeperit
1389 5505 1608 5567 corpus,
1648 5490 1884 5567 Verbum

328 5585 346 5617 ι
394 5582 612 5638 quoque
665 5559 889 5635 peperit,
933 5574 998 5638 et»
1037 5559 1239 5617 idcirco
1281 5569 1364 5615 est
1414 5559 1680 5638 υειρδτιξξ
1713 5561 1885 5616 Judaei

330 5656 349 5688 ι
394 5633 633 5706 quoque,
664 5633 786 5689 cuin
818 5636 1204 5689 crucitixerunt
1248 5646 1466 5701 corpus,
1497 5633 1887 5687 crucifixerunt

330 5727 350 5759 ι
396 5706 565 5764 Deum
621 5706 885 5771 Verbum;
920 5717 1097 5775 neque
1125 5702 1402 5759 distinctio
1433 5703 1539 5759 ulla
1573 5705 1711 5760 inter
1758 5703 1884 5759 Ver-

329 5727 350 5759 |
396 5722 565 5764 Deum
625 5722 885 5771 VCI'DUID;
920 5722 1097 5771 neque
1125 5722 1402 5759 ωδιωςιιυ
1433 5722 1539 5759 ιιιιᾶ
1573 5722 1711 5760 ιιιιει·
1762 5722 1884 5759 ver-

1989 3931 2089 3988 SS.
2138 3934 2485 4004 antiquurum
2530 3934 2753 3992 Patrum
2786 3936 2922 3992 locis
2966 3937 3290 4008 allegandis,
3322 3952 3564 4009 quorum

1988 4108 2013 4145 ι
2059 4090 2186 4143 burn
2216 4099 2270 4144 et
2309 4104 2511 4160 corpus
2542 4092 2780 4147 hominis
2812 4092 3051 4145 occurrit
3082 4093 3134 4145 in
3165 4092 3366 4147 divinis
3410 4091 3563 4147 Seri-

1992 4180 2009 4212 ι
2057 4161 2252 4229 pturis,
2297 4161 2393 4215 sed
2437 4163 2552 4231 ipse
2592 4170 2675 4216 est
2723 4174 2915 4216 natura
2978 4176 3563 4231 unatpersonaiuna,

1991 4250 2010 4283 ι
2057 4230 2398 4299 suppositum
2429 4230 2618 4290 unum.
2656 4233 2899 4299 operatio
2930 4247 3073 4293 una;
3117 4230 3353 4287 Verbum
3395 4230 3564 4295 Deus,

1990 4319 2008 4351 ‹
2057 4299 2294 4354 Verbum
2346 4301 2529 4366 homo,
2566 4300 3026 4370 quemadmodum
3074 4311 3210 4356 erat.
3250 4321 3269 4353 ι
3328 4300 3457 4356 Item
3497 4303 3556 4356 in

1915 4408 1958 4462 Β
1988 4378 2223 4462 tractatu
2247 4371 2313 4425 de
2342 4371 2541 4462 unione
2566 4374 2816 4452 corporis
2843 4372 3047 4462 Christi
3074 4383 3127 4453 et
3159 4372 3569 4462 ejus‘divinita-

1990 4443 2061 4495 tis
2090 4439 2373 4510 proﬁtetur
2407 4458 2426 4491 ι
2464 4441 2639 4507 illum,
2668 4439 2772 4511 qui
2823 4452 3061 4505 creatus,
3098 4439 3400 4497 increatum
3434 4457 3566 4497 esse

1996 4531 2015 4563 ι
2062 4526 2154 4581 per
2191 4511 2482 4576 unionem;
2514 4520 2565 4565 et
2617 4513 2768 4566 illum
2818 4512 3117 4567 increatum
3162 4528 3258 4582 per
3309 4513 3567 4568 eamdem

1995 4601 2013 4633 ι
2062 4582 2321 4652 ιιηίοιιεηι
2376 4590 2617 4638 creatum
2673 4582 2825 4648 ﬁeri,
2875 4582 3313 4652 quandoquidem
3361 4592 3566 4638 natura

1995 4672 2012 4703 ι
2063 4666 2169 4705 una
2197 4666 2263 4705 ex
2294 4651 2507 4708 duabus
2547 4652 2658 4709 illis
2693 4651 2917 4722 integris
2957 4651 3205 4722 partibus
3247 4663 3482 4708 constat.
3534 4673 3563 4707 ι

1992 4722 2378 4795 Idemquoque
2424 4722 2479 4777 in
2504 4724 2745 4795 _epistola
2776 4725 2843 4777 ad
2879 4722 3197 4795 Dionysium
3239 4724 3566 4793 cpisc0pum

1988 4791 2147 4863 Cypri
2181 4797 2259 4845 sic
2288 4792 2365 4846 ait
2398 4809 2413 4846 :
2444 4810 2464 4844 ι
2500 4791 2639 4848 Dum
2668 4795 2993 4849 conﬁtentur
3021 4791 3248 4848 naturas
3274 4791 3444 4859 duas,
3465 4808 3569 4848 co-

1995 4881 2012 4913 ι
2040 4862 2260 4929 ευηιυι·
2288 4877 2455 4916 unum
2492 4865 2741 4930 adorare,
2774 4876 2828 4919 et
2860 4864 3090 4918 alterum
3132 4879 3241 4918 non
3289 4862 3564 4930 adorant;

1995 4952 2012 4982 ι
2061 4934 2114 5004 in
2170 4946 2236 4986 eo
2279 4934 2372 5002 qui
2410 4934 2629 4989 divinus
2658 4944 2758 5004 est
2805 4935 3167 5004 haptizantur,
3215 4935 3270 4988 in
3342 4949 3408 4988 eo
3461 4936 3566 5002 qui

1994 5023 2012 5052 ι
2063 5002 2222 5073 homo
2247 5011 2333 5073 est
2391 5017 2500 5056 non
2525 5002 2889 5073 baptizantur.
2922 5003 3095 5060 Porro
3116 5020 3239 5060 cum
3264 5006 3317 5059 in
3341 5007 3571 5058 nomine

1994 5091 2012 5123 ι
2057 5070 2261 5142 Christi
2294 5070 2647 5142 baptizemur,
2698 5085 2952 5130 naturam
2999 5091 3162 5134 unam
3208 5076 3564 5140 confitemur,

1993 5160 2011 5191 ε
2057 5139 2394 5215 divinitatem
2428 5143 2839 5215 impassibilem,
2869 5156 2921 5201 et
2954 5161 3154 5215 corpus
3189 5145 3468 5215 passibile,
3498 5139 3567 5199 ut

1994 5230 2011 5281 ς
2059 5211 2363 5280 baptismus
2387 5211 2571 5270 noster
2590 5215 2745 5281 sit}
2764 5214 2897 5280 Deo,
2927 5226 2980 5273 et
3002 5211 3069 5270 in
3083 5211 3257 5272 morte
3282 5215 3516 5269 Domi-ni.
3533 5233 3557 5268 s
3590 5262 3601 5281 ,

1986 5278 2200 5362 τιθείη-ὴὲ
2229 5281 2551 5362 Antiochen.
2574 5278 2804 5362 ,_Epis_t.
2854 5278 3110 5362 synodic.
3154 5288 3222 5362 ad
3266 5284 3518 5362 Mennam
3541 5278 3600 5362 ,³

1987 5350 2360 5476 ἒρὲᾶὸιῗὶιόεθι).
2395 5350 2727 5432 Βειιαψιοιῖ,
2760 5357 2816 5411 in
2845 5350 2989 5412 Hist.
3034 5357 3328 5427 patriarch.
3378 5350 3567 5424 Αιεε.;

2023 5441 2051 5475 a
2097 5464 2108 5476 .
2254 5462 2268 5476 .

2023 5441 2108 5476 iul.
2141 5441 2268 5476 ουυ.

1986 5437 2387 5567 Ρδῗ55ῗῖἰξέτυω
2405 5494 2567 5567 etiam
2585 5510 2650 5567 ex
2674 5495 2900 5566 epistola
2928 5497 2999 5567 ad
3013 5495 3303 5553 Jovianum
3322 5496 3525 5567 impera
3541 5524 3568 5537 -

1986 5569 2156 5619 torem
2183 5565 2237 5617 in
2262 5578 2370 5639 qua
2393 5566 2525 5639 dicit
2544 5565 2877 5621 Athanasius
2902 5585 2914 5621 :
2940 5587 2958 5618 ι
2987 5566 3167 5622 Unum
3195 5569 3379 5624 dicere
3400 5565 3571 5639 opor-

1987 5643 2081 5708 tet,
2102 5635 2439 5708 etconﬁtcri
2477 5646 2729 5708 naturam
2760 5652 2949 5708 unam,
2982 5649 3051 5693 et“
3071 5654 3365 5708 personam
3394 5635 3568 5692 unam

1990 5701 2150 5761 Verbi
2178 5705 2465 5776 incarnati,
2490 5710 2582 5778 qui
2606 5707 2770 5764 homo
2796 5706 2993 5778 factus,
3015 5701 3411 5766 humanitatem
3441 5719 3541 5777 per
3562 5734 3582 5745 ο
