3802 6198
227 341 305 399 337
1112 334 1198 388 DE
1238 335 1401 391 VITA
1448 336 1534 390 ET
1576 334 1887 390 SCRIPTIS
1921 334 1978 389 S.
2024 334 2403 389 HlPPOLYTl.

3282 336 3386 390 558

230 464 349 521 opera
378 445 634 515 deperdita
674 443 844 511 fuere,
887 455 1199 515 suspectum
1248 447 1473 502 reddere
1521 449 1715 503 debet?
1744 452 1788 507 Α
1817 449 1919 503 cile
1951 458 2052 502 est.
2107 448 2196 502 Sic
2236 448 2399 501 etiam
2448 446 2787 515 antiquitatis
2823 454 3173 501 monumenta
3228 450 3385 503 nobis

225 540 367 598 iisdem
394 542 649 593 rationum
681 537 975 592 momentis
1016 540 1253 593 convicti
1302 540 1406 594 alia
1442 541 1551 594 duo
1594 540 1712 594 loca

221 638 271 693 ab
286 633 439 695 eodem
463 630 685 685 adducta
716 631 1014 700 rejicimus.
1051 631 1269 688 Primus
1292 633 1446 687 locus
1478 649 1544 687 ex
1573 649 1713 703 quo-

216 728 304 781 dam
333 732 563 787 tractatu,
597 723 647 776 in
676 737 789 791 quo
825 721 981 791 juxta
1018 720 1283 777 Joannem
1314 724 1712 779 Antiochenum

210 825 383 871 sanctus
410 811 715 882 Hippolytus
740 826 835 867 eos
862 811 1234 882 impugnabat,
1262 815 1355 883 qui
1379 814 1450 869 ob
1477 815 1716 869 consub~

209 904 556 961 stantialitatem
587 901 742 957 Verbi
776 902 947 957 divini
980 918 1104 958 cum
1150 903 1310 960 Patre
1339 919 1463 972 suo,
1512 917 1714 977 myste-

204 1002 309 1050 rium
333 993 707 1049 lncarnationis
733 994 1133 1062 inliciabantur,
1167 996 1487 1067 desumptus
1512 1006 1629 1063 est;
1661 1009 1714 1052 et

202 1086 444 1141 secundum
475 1099 542 1138 ex
583 1084 691 1139 alio
738 1100 902 1154 opere
932 1085 1287 1156 deprompsit,
1317 1090 1461 1157 quod
1500 1090 1589 1143 ille
1636 1091 1713 1144 ei-

197 1180 288 1233 dem
310 1185 481 1231 sancto
503 1175 649 1230 Patri
679 1177 933 1247 ascripsit
955 1180 1057 1232 hoc
1082 1179 1184 1233 sub
1212 1181 1399 1235 titulo:
1424 1180 1501 1234 De
1522 1183 1713 1235 unione

196 1269 381 1337 corporis
408 1266 535 1321 Iesu
573 1267 774 1323 Christi
806 1286 924 1323 cum
961 1269 1075 1339 ejus
1115 1270 1410 1327 divinitate.
1447 1272 1565 1328 Duo
1600 1275 1714 1329 haec

194 1364 283 1416 loca
320 1359 448 1414 haud
493 1360 677 1415 minus
714 1361 947 1415 hatresin
996 1361 1388 1433 Eutychianam
1433 1366 1713 1433 redolent;

192 1453 287 1507 libri
308 1467 535 1522 quoque,
563 1453 709 1507 unde
732 1453 895 1521 petita
919 1468 1041 1509 esse
1065 1457 1404 1525 supponitur,
1428 1460 1525 1511 toti
1548 1460 1709 1512 etiam

196 1544 459 1613 antiquitati
516 1545 747 1597 omnino
793 1544 963 1614 ignoti
1012 1555 1154 1600 sunt.
1213 1545 1518 1603 Notandum
1577 1564 1714 1619 prae-

190 1643 319 1699 terea,
350 1634 485 1704 quod
510 1650 574 1689 ea
604 1635 744 1701 loca,
775 1651 897 1706 qua:
920 1635 1017 1691 abs
1053 1636 1262 1694 Joanne
1284 1641 1620 1696 Antiocheno
1647 1658 1711 1695 ex

190 1724 232 1777 S.
250 1724 492 1795 Hippolyti
518 1727 694 1781 nostri
717 1729 945 1796 epistola
972 1730 1037 1784 ad
1061 1730 1379 1803 Dionysium
1396 1734 1708 1803 episcOpum

1818 550 1901 595 sat
1941 540 2165 595 luminis
2213 556 2320 594 non
2373 539 2814 605 subministrant,
2851 555 2917 593 ex
2974 554 3084 607 quo
3136 540 3388 609 colligere

1816 643 1965 687 certo
2016 632 2244 696 liceret,
2301 640 2481 685 utrum
2540 639 2763 685 sanctus
2827 629 3147 702 Hippolytus
3205 632 3388 687 dedita

1815 736 1979 791 opera
2016 721 2092 775 De
2122 736 2337 774 numero
2360 721 2551 790 impari
2575 721 2875 790 scripserit,
2897 722 2981 775 vel
3006 723 3388 791 pertractanda

1815 814 1988 867 solum
2023 813 2168 867 aliud
2200 820 2602 882 argumentum,
2631 812 2697 867 de
2727 812 2819 867 illo
2844 814 2991 868 velut
3016 830 3110 883 per
3139 824 3388 869 transen-

1814 922 1941 961 nam
1998 906 2338 961 disseruerit.
2396 905 2527 961 Utnt
2597 908 2689 972 sit,
2741 916 2964 963 sanctus
3023 905 3386 978 Hieronymus

1815 1008 2060 1053 nostrum
2112 1004 2361 1052 sanctum
2418 998 2733 1068 episc0pum
2787 1007 2842 1053 et
2899 1008 3190 1068 martyrem
3248 999 3386 1053 inter

1816 1098 2119 1145 assertores
2169 1089 2381 1144 numeri
2434 1091 2663 1159 imparis
2707 1099 2956 1146 recenset
3004 1091 3106 1145 hoc
3156 1092 3317 1145 modo
3366 1111 3379 1147 :

1820 1198 1839 1230 ι
1862 1179 2019 1235 Nunc
2050 1181 2477 1235 enumerandum
2508 1181 3384 1251 mihicst,quiecclesiasticorum

1816 1272 1883 1327 de
1916 1271 2111 1341 impari
2145 1286 2375 1326 numero
2411 1272 2764 1341 disputarint,
2813 1270 3083 1335 Clemens,
3125 1270 3383 1342 Hippoly-

1816 1368 1926 1425 tus,
1959 1360 2240 1431 Origenes,
2275 1360 2590 1433 Dionysius,
2626 1359 2918 1425 Eusebius,
2959 1359 3242 1431 Didymus,
3287 1375 3385 1414 no-

1814 1463 2164 1523 strorumque
2212 1452 2617 1516 Tertullianus,
2669 1451 2995 1523 Cyprianus.
3049 1452 3360 1506 Victorinus

1817 1542 2154 1611 Lactantius,
2189 1542 2426 1599 Hilarius
2462 1543 2595 1614 (68).
2625 1563 2643 1596 ι

1882 1635 2140 1690 Leontius
2154 1636 2480 1706 Byzantinus
2494 1636 2605 1704 (69)
2618 1635 2811 1704 allegat
2827 1635 2928 1688 sub
2948 1634 3167 1688 nomine
3183 1633 3239 1688 S.
3258 1632 3385 1702 Hip-

1827 1730 1993 1801 polyti
2037 1738 2325 1783 tractatum
2380 1728 2456 1781 De
2504 1727 2945 1783 benedictionibus
2986 1726 3210 1780 Balaam
3250 1726 3384 1796 (70).

186 1816 308 1886 Cypri
360 1817 682 1885 afferuntur,
714 1819 898 1874 Gnece
942 1830 1156 1877 exstent
1198 1798 1253 1878 in
1296 1798 1524 1894 epistola
1568 1798 1711 1881 .lulio
1747 1798 1785 1853 Β
1816 1798 2013 1876 Verum
2070 1822 2156 1877 hic
2186 1830 2376 1875 aut-tor
2409 1822 2461 1874 in
2499 1820 2797 1875 referendis
2833 1820 3183 1890 antiquorum
3225 1820 3381 1873 testi-

185 1905 384 1960 llomano
421 1910 669 1978 pontifici
697 1912 895 1965 tributa
927 1915 993 1968 ad
1040 1915 1356 1988 Dionysium
1393 1918 1711 1973 Alexandri-

186 2015 299 2063 num,
326 2001 461 2057 edita
498 2019 529 2057 a
570 2006 932 2064 celeberrimo
979 2008 1276 2066 Muratorio
1324 2011 1378 2065 in
1432 2011 1709 2065 Attecdotis

184 2089 358 2156 Grecis,
390 2108 512 2165 pag.
549 2097 679 2151 545.
713 2098 866 2155 Unde
903 2102 973 2155 cl.
1000 2101 1284 2158 Fabricius
1313 2102 1425 2173 (66)
1455 2119 1563 2159 non
1594 2104 1711 2158 sine

183 2180 483 2241 fundamento
508 2190 831 2257 arbitratur,
852 2193 906 2246 in
937 2194 1093 2259 locis,
1114 2210 1233 2264 qua:
1250 2210 1370 2265 pag.
1396 2195 1468 2250 52
1508 2204 1640 2251 tom.
1670 2194 1708 2248 ll

180 2275 283 2345 Opp.
317 2275 582 2350 Hippolyti
620 2280 810 2338 Latine
830 2300 897 2338 ex
943 2284 1005 2338 ν.
1039 2287 1100 2339 C.
1137 2285 1358 2341 Eusebii
1381 2285 1707 2342 Renaudotii

182 2368 377 2423 Historia
403 2374 842 2441 patriarcharum
886 2377 1365 2431 Alexandrinorum
1403 2379 1708 2449 exscripsit,

179 2476 252 2530 pro
276 2462 551 2535 Hippolyto
603 2466 841 2521 Romano
882 2469 1167 2540 legendum
1211 2486 1332 2527 esse
1375 2471 1553 2525 Julius
1602 2471 1709 2525 Ro-

178 2571 344 2607 manus.

176 2658 291 2731 §lil.
318 2664 602 2743 Tractatus
734 2670 1006 2743 Hippolyti
1037 2675 1100 2727 de
1120 2675 1327 2743 jejunio
1372 2673 1611 2739 Sabbati,
1648 2678 1711 2730 dc

226 2740 567 2817 communione
624 2740 1015 2807 Eucltaristim,
1058 2740 1131 2798 etv
1161 2740 1223 2799 de
1276 2747 1473 2817 virgine
1520 2747 1712 2801 Corin-

228 2807 398 2871 thiaca,
441 2820 550 2865 etc.

224 2921 570 2998 Hieronymus
622 2930 677 2983 in
717 2932 944 3001 epistola
979 2933 1045 2987 ad
1083 2932 1368 2989 Lucinium
1401 2936 1512 3006 (67)
1544 2946 1746 3010 testag

174 3023 241 3068 tur
284 3029 529 3076 sanctum
600 3022 943 3095 Hippolytum
1011 3036 1257 3082 nostrum
1312 3030 1375 3082 de
1438 3027 1708 3096 Sabbato,

1817 1916 2015 1971 moniis
2039 1915 2178 1970 adeo
2213 1914 2450 1969 inﬁdelis
2483 1922 2587 1979 est,
2621 1923 2679 1967 ut
2701 1929 2896 1983 parum
2927 1913 3050 1967 ﬁdei
3082 1926 3387 1982 promerea-

1814 2020 1923 2062 tur.
1946 2006 2085 2061 Fieri
2119 2004 2475 2060 nihilominus
2503 2005 2697 2075 potuit,
2726 2013 2785 2057 ut
2819 2012 3040 2059 sanctus
3066 2002 3385 2075 Hippolytus

1814 2112 1912 2166 pro
1942 2098 2169 2151 materia
2198 2112 2291 2151 seu
2321 2107 2642 2166 argumento
2665 2094 2898 2164 alicujus
2928 2110 3155 2149 suorum
3191 2103 3388 2148 tracta-

1814 2200 1967 2244 tuum
2018 2205 2115 2245 seu
2158 2190 2506 2245 homiliarum
2540 2188 2696 2258 juxta
2744 2187 3192 2243 consuetudinem
3225 2203 3380 2241 suam

1814 2286 1911 2339 has
1944 2284 2347 2339 benedictiones
2375 2284 2644 2354 selegerit,
2684 2298 2749 2337 ex
2784 2282 2983 2352 quibus
3012 2280 3271 2337 Leontius
3295 2298 3379 2343 ea,

1812 2393 1932 2445 qua:
1974 2376 2247 2447 allegavit,
2284 2376 2716 2445 deprompserat.

1884 2469 2125 2537 Denique
2174 2466 2446 2520 Palladius
2498 2468 2553 2520 in
2613 2465 2858 2519 Historia
2911 2480 3008 2519 sua
3072 2464 3380 2527 Lausiaca,

1812 2576 1931 2630 cap.
1968 2559 2070 2613 148
2096 2602 2111 2624 ,
2137 2574 2199 2614 ex
2233 2568 2422 2613 sancto
2459 2556 2781 2627 Hippolyto,
2817 2572 2977 2626 quem
3014 2558 3382 2627 apostolorum

1812 2658 2145 2707 comtaneum
2193 2659 2387 2714 vocat,
2437 2648 2604 2704 refert
2656 2650 3022 2703 narrationem
3064 2649 3129 2704 de
3180 2649 3385 2717 virgine

1811 2743 2045 2815 quadam
2092 2742 2468 2806 Corinthiaca,
2521 2757 2551 2795 a
2600 2741 2783 2811 judice
2827 2741 3013 2811 gentili
3054 2742 3107 2794 in
3159 2741 3385 2810 lupanar

1813 2836 2007 2889 tradita
2042 2845 2101 2889 ut
2130 2842 2594 2902 corrumperetur,
2629 2849 2790 2903 quam
2825 2832 3208 2902 Magistrianus
3252 2834 3383 2887 ado-

1814 2927 2023 2981 lescens
2052 2924 2397 2979 Christianus
2449 2924 2715 2979 simulans
2761 2938 2819 2979 se
2868 2924 3004 2980 velle
3042 2938 3166 2979 cum
3209 2940 3271 2978 ea
3304 2924 3387 2977 in-

1812 3027 1961 3074 caste
1998 3017 2205 3072 versari
2229 3057 2242 3081 ,
2273 3032 2305 3071 e
2350 3016 2600 3087 lupanari
2651 3017 2873 3073 mutatis
2913 3017 3184 3083 vestibus,
3220 3026 3273 3071 et
3317 3017 3388 3071 ab

174 3114 313 3158 atrum
348 3109 706 3178 jejunandttm
751 3115 841 3179 sit,
875 3116 1019 3169 etde
1050 3116 1412 3182 Eucharistia,
1453 3138 1521 3174 an
1569 3124 1710 3176 acci-

1826 3111 1963 3167 Jmni
1988 3111 2336 3181 corruptione
2363 3110 2449 3179 pia
2478 3109 2671 3164 fraude
2704 3108 2972 3174 liberavit,
3004 3109 3253 3179 sequenti
3284 3124 3384 3164 au-

171 3196 321 3262 pienda
354 3204 618 3269 quotidie,
666 3205 1028 3263 disertissime
1074 3210 1382 3279 scripsisse.
1416 3210 1472 3264 ln
1521 3214 1709 3269 codice

174 3303 275 3345 mss.
314 3291 500 3350 Graeco
552 3297 655 3351 195
702 3299 1046 3356 bibliotheca:
1093 3302 1443 3359 Coisliniana:
1474 3305 1709 3361 refertur

174 3380 490 3453 ίτθεῐηεηωηι
531 3389 590 3444 S.
625 3389 896 3465 Hippolyti
932 3405 1115 3450 contra
1158 3398 1325 3467 fatum
1368 3408 1505 3455 teste
1534 3399 1710 3454 Mont-

172 3470 384 3532 iauconio
412 3495 546 3549 pag.
574 3479 702 3536 245.
741 3482 935 3539 Verum
963 3496 1143 3540 utrum
1170 3497 1393 3544 sanctus
1423 3491 1708 3559 episcopus

173 3567 391 3632 speciales
417 3576 708 3639 ;tractatus
748 3576 890 3632 circa
925 3578 1015 3633 illa
1054 3579 1354 3650 disciplinae
1398 3590 1622 3651 puncta,
1657 3591 1709 3636 et

171 3653 221 3709 de
256 3657 353 3715 fato
380 3666 777 3733 composuerit,
807 3669 888 3722 vel
932 3670 987 3723 in
1019 3671 1141 3726 aliis
1191 3673 1306 3727 suis
1338 3673 1613 3743 eperibus,
1650 3689 1700 3725 v.

170 3760 264 3813 δι’..
308 3751 358 3804 in
406 3760 647 3809 tractatu
696 3757 771 3810 De
819 3760 1105 3813 traditione
1162 3762 1541 3830 apostolorum,
1593 3762 1707 3818 haec

170 3839 393 3901 duntaxat
412 3850 823 3917 perstrinxerit,
866 3855 1222 3909 determinalu
1254 3857 1546 3910 admodum
1571 3856 1706 3910 ditii-

1817 3215 1921 3259 tem
1954 3204 2043 3265 die
2088 3219 2147 3258 re
2178 3204 2393 3273 cognita
2442 3202 2509 3257 ad
2559 3201 2761 3257 bestias
2794 3218 2823 3255 a
2867 3200 3051 3270 judice
3098 3200 3391 3256 damnatus

1815 3296 2199 3368 Magistrianus
2230 3295 2490 3366 martyrio
2520 3302 2815 3348 coronatus
2852 3292 2973 3346 fuit.
3008 3291 3253 3346 Meminit
3282 3294 3386 3346 hu-

1811 3390 1903 3459 jus
1935 3388 2163 3458 virginis
2200 3398 2253 3441 et
2302 3384 2643 3456 Nicephorus
2677 3384 2746 3439 ιι.
2782 3383 2845 3436 Ε.
2878 3385 2971 3438 lib.
3000 3401 3103 3449 vn,
3140 3400 3260 3454 cap.
3299 3384 3387 3450 i3,

1815 3481 1911 3535 sed
1941 3481 2164 3551 paucis;
2205 3494 2382 3549 neque
2406 3477 2619 3547 uspiam
2666 3492 2784 3530 eam
2829 3476 3234 3531 Corinthiacatn
3266 3493 3389 3531 esse

1815 3575 2061 3640 dictitat;
2105 3574 2389 3628 historiam
2438 3572 2579 3626 idem
2614 3572 2679 3626 tle
2710 3568 3061 3642 Magistriano
3107 3570 3389 3640 persequi-

1814 3675 1904 3721 tur
1935 3665 2075 3720 idem
2109 3662 2481 3734 Nicephorus:
2521 3676 2811 3733 utramque
2836 3665 3209 3718 narrationem
3243 3662 3388 3731 apud

1813 3760 2121 3816 Fabricium
2160 3761 2273 3829 (Ἠ)
2314 3769 2367 3815 et
2407 3760 2750 3814 Gallandium
2798 3757 2910 3827 (72)
2959 3757 3276 3826 impressam
3312 3754 3391 3808 le-

1816 3870 1940 3924 gere
1968 3853 2191 3923 poteris.

1740 4020 1805 4036 ..-

1439 4153 1823 4244 LAPUT
1902 4154 2068 4246 IV.

889 4330 1022 4389 "DE
1082 4329 1467 4391 OPEHIBUS
1519 4334 1579 4393 S.
1634 4333 2099 4396 HIPPOLYTO
2153 4330 2623 4395 SUPPOSITIS.

683 4446 1074 4504 ARTICULUS
1112 4448 1152 4504 1.

173 4571 223 4611 DE
254 4574 412 4614 OPEBE
454 4578 503 4615 S.
544 4576 834 4617 lliPPOLYTO
873 4578 1038 4617 FALSO
1096 4580 1353 4619 ASCBIPTO
1407 4586 1423 4616 ί
1467 4583 1529 4620 DE
1584 4582 1711 4621 CON-

232 4644 569 4686 SCIIATIONB
611 4647 809 4695 HUNDI,
851 4650 917 4686 DE
958 4650 1347 4701 ANTICHRISTO,
1400 4653 1463 4691 AC
1511 4654 1574 4691 DE.
1625 4654 1711 4691 SE-

224 4714 378 4757 CUNDO
416 4718 633 4757 CHRISTI
677 4718 941 4757 ADVENTU.
984 4724 1000 4755 l

228 4809 310 4865 Hic
336 4814 594 4867 nolumus
621 4825 860 4882 repetere
880 4855 896 4881 ,
930 4830 1051 4884 qua:
1090 4816 1251 4885 paulo
1283 4831 1446 4885 supra
1474 4817 1541 4871 de
1575 4818 1713 4871 duo-

176 5006 337 5083 lectam
385 5030 486 5083 pro
526 5014 686 5068 nobis
714 5014 1035 5083 assumpsit;
1060 5015 1149 5082 qui
1179 5024 1368 5069 contra
1415 5017 1630 5078 sentiet,
1662 5018 1706 5071 is

174 5089 239 5158 est
266 5081 348 5135 Dei
380 5081 653 5158 inimicus.
704 5094 759 5137 et
810 5081 1015 5158 san—clis
1062 5081 1639 5158 Patribusrepugnat.
1679 5108 1697 5140 ι

175 5146 769 5225 ΙοςιῃῃθεᾼΑηιὶοριιρηυε
803 5155 1109 5225 ubi_supra,
1140 5172 1263 5225 pag.
1295 5157 1419 5211 559.

232 5222 328 5343 (g6)
370 5223 606 5289 Fabric.,
633 5226 767 5294 Opp.
803 5224 860 5278 S.
903 5222 1194 5297 Hippolyti,
1216 5222 1359 5281 'tom.
1396 5226 1460 5295 ll,
1485 5226 1700 5283 Praefat.

238 5361 689 5435 (67)7Hieronym.
720 5404 735 5429 ,
777 5366 937 5435 epist.
987 5367 1053 5421 ad
1100 5366 1385 5422 Lucinium
1437 5368 1571 5423 alias
1612 5368 1705 5432 28,

180 5433 377 5506 nunc?!
412 5436 539 5488 edit.
572 5433 759 5506 Venet.
789 5433 944 5500 iit-4°,
969 5448 1101 5492 tom.
1130 5440 1171 5503 l,
1197 5454 1318 5506 pag.
1342 5438 1622 5499 Alituum.
1651 5439 1707 5503 6,

182 5501 253 5576 ubi
280 5504 352 5578 sic
374 5507 449 5557 ait
489 5524 560 5578 :t
600 5505 677 5559 De
713 5507 950 5578 Sabbato
985 5508 1128 5576 quod
1157 5501 1383 5577 qum—ris,
1417 5521 1595 5563 utrum
1626 5501 1709 5578 jcé

179 5574 449 5651 junandum
494 5577 687 5651 sit;c_t
741 5578 807 5631 tle
853 5574 1217 5651 Eucharislia,
1272 5574 1709 5651 anhaccipietida

181 5644 413 5707 quotidie,
456 5649 597 5714 quod
643 5645 886 5701 Romana
935 5648 1177 5703 Ecclesia
1221 5660 1274 5703 et
1317 5644 1585 5717 Hispaniae
1616 5651 1711 5703 ob-

185 5725 372 5792 scrvare
404 5718 767 5792 perhibentur,
801 5721 1019 5789 scripsit
1050 5720 1265 5789 quidem
1304 5730 1357 5774 et
1390 5722 1710 5792 Hippolytus

188 5781 254 5833 vir
272 5781 666 5841 disertissimus.
708 5807 727 5838 ι

1822 4454 1923 4509 bus
1954 4452 2299 4515 tractatibus,
2330 4458 2384 4503 ct
2412 4449 2479 4504 tle
2511 4448 2737 4516 epistola
2766 4443 2867 4499 sub
2898 4443 3117 4496 nomine
3158 4442 3216 4497 S.
3260 4439 3364 4512 Htp

1820 4546 1986 4616 polyti
2035 4561 2063 4597 a
2106 4543 2314 4598 Joanne
2366 4538 2705 4594 Antiocheno
2738 4536 2963 4606 allegata
2993 4534 3384 4598 disseruimus;

1820 4637 1913 4692 sed
1946 4634 2116 4691 crisin
2148 4648 2374 4704 operum
2406 4630 2578 4683 cidem
2617 4625 3020 4695 suppositorum
3051 4621 3196 4677 illico
3230 4621 3298 4675 ab
3322 4636 3389 4675 eo

1819 4743 1979 4798 opere
2006 4726 2349 4788 inchoamus,
2377 4721 2534 4791 cujus
2570 4719 2757 4773 titulus
2785 4734 2796 4769 :
2837 4717 2912 4771 De
2942 4714 3387 4771 consummatione

1821 4819 2024 4883 mundi,
2042 4817 2106 4871 de
2128 4816 2473 4878 Anticltristo,
2499 4822 2546 4866 et
2572 4812 2633 4865 de
2657 4808 2881 4865 secundo
2906 4808 3105 4863 Christi
3139 4806 3383 4859 adventu.

1886 5014 1997 5085 (68)
2032 5012 2369 5085 Hieronym.,
2403 5011 2563 5085 epist.
2612 5009 2680 5063 48
2707 5009 2843 5085 edit.
2869 5005 3081 5065 chet.,
3116 5018 3265 5085 num.
3297 5002 3385 5067 i9,

1813 5072 1936 5156 pag.
1980 5072 2109 5147 '25“),
2145 5072 2280 5137 alias
2308 5072 2395 5147 56,
2437 5072 2508 5156 ad
2535 5079 2964 5156 Partinlachiutn,
3002 5090 3096 5129 seu
3130 5072 3386 5143 Apologe-

1812 5152 1946 5211 licus
1972 5172 2064 5223 pro
2089 5156 2237 5207 libris
2266 5165 2448 5207 contra
2478 5152 2875 5223 Jovinittnunta
3302 5214 3336 5223 η

1884 5211 1995 5299 (69)
2038 5225 2227 5299 Leont.
2260 5223 2438 5299 AByr...
2473 5222 2754 5299 Dibliotha
2784 5217 2899 5299 PP.
2944 5225 3076 5299 tom.
3127 5211 3219 5299 1Χὲ
3252 5214 3384 5299 edit.

1814 5284 1991 5365 Ln‘gd.’
2006 5314 2057 5367 p.
2081 5296 2220 5361 682;
2251 5284 2437 5367 Canis.
2463 5291 2613 5367 Lact.
2644 5292 3001 5367 qutiq.,_ton_t.
3019 5284 3059 5367 l_,
3078 5285 3229 5367 ρωεῇ
3253 5300 3303 5367 ι)ζ
3332 5285 3385 5337 9.

1887 5353 2355 5439 (70)'Grtec.'m_ss.
2377 5366 2430 5417 in
2456 5361 2693 5417 biblioth.
2727 5353 2931 5413 Bodlei.
2960 5353 3120 5411 habet
3151 5373 3168 5405 ι
3190 5353 3265 5408 De
3291 5354 3389 5407 hc-

1821 5436 2222 5493 nctlictionibus
2257 5436 2512 5489 Abraatn.
2556 5453 2575 5485 ι

1891 5509 2002 5577 (7|)
2043 5507 2255 5562 Fabric.
2277 5547 2291 5572 ,
2320 5504 2455 5575 Opp.
2489 5502 2548 5557 S.
2577 5499 2846 5571 Hippolyt.
2882 5509 3012 5553 ιοιιι.
3042 5497 3097 5564 1,
3126 5512 3249 5568 pag.
3281 5494 3392 5550 285

1815 5589 1867 5632 tsi.
1895 5578 2020 5631 284.

1888 5650 2001 5717 (72)
2044 5646 2316 5711 Galland.,
2356 5641 2608 5699 Biblioth.
2636 5640 2748 5696 PP.
2781 5649 2891 5695 tom
2952 5638 3014 5706 ll,
3044 5654 3167 5710 pag.
3200 5636 3307 5693 515
3335 5643 3390 5689 ct

1814 5719 1936 5774 5M.
