3802 6198
428 207 536 266 565

1380 207 1468 262 DE
1504 207 1665 263 VITA
1704 206 1794 261 ET
1831 200 2147 261 SCRIP'I'IS
2187 206 2244 262 S.
2299 207 2677 263 HIPPOLYTI.

3550 201 3673 258 541

425 321 592 387 bano,
629 321 894 393 scriptore
925 323 1109 380 saeculi
1138 323 1408 380 undecimi
1451 323 1520 380 ad
1563 323 1724 380 ﬁnem
1759 339 1989 394 vergen-
2017 333 2064 387 Α
2093 335 2370 381 auctorem
2420 326 2586 396 hujus
2645 323 2931 396 fragmenti
2978 329 3105 377 ante
3155 320 3416 377 szeculum
3449 333 3507 373 ιι
3547 334 3671 372 non

424 416 520 481 tis,
555 425 651 471 aut
683 418 882 472 saeculo
919 417 1240 473 duodecimo
1283 418 1504 473 ineunte
1544 417 1822 482 ﬂorentis;
1856 417 1996 473 vixit

422 507 568 560 enim
604 519 724 576 post
757 506 1066 564 Simeonem
1095 507 1490 581 Metaphrasten
1521 506 1658 579 (96).
1711 507 1991 579 Siquidem

423 601 526 654 hoc
579 599 940 669 fragmentum
995 617 1184 657 revera
1235 602 1414 673 quoad
1469 616 1658 658 omnes
1705 611 1887 672 partes
1934 601 1991 656 in

423 688 682 745 Chronico
724 690 992 765 Hippolyti
1027 692 1268 748 Thebani
1317 693 1502 750 Graece
1549 709 1613 750 ac
1659 692 1850 748 Latine
1895 694 1993 750 abs

422 779 775 840 Emmanuele
824 785 1156 841 Schelstrate
1211 797 1354 842 anno
1392 785 1524 842 1692
1570 787 1625 841 in
1669 785 1840 841 lucem
1880 785 1994 842 edi-

424 885 482 929 to
512 875 623 948 (97)
653 885 708 932 et
749 887 938 948 postea
993 893 1024 934 a
1073 879 1143 935 cl.
1167 876 1419 933 Fabricio
1477 879 1760 949 appendiei
1807 879 1991 936 tomil

423 965 661 1036 Operum
707 966 766 1028 S.
799 967 1075 1042 Hippolyti
1120 970 1360 1039 episcopi
1399 985 1463 1024 ac
1498 971 1753 1042 martyris
1784 971 1992 1028 inserto

418 1059 684 1127 reperitur
710 1060 848 1131 (98).
887 1060 1153 1116 Caeterum
1185 1076 1249 1116 ea
1296 1076 1416 1131 quze
1464 1059 1774 1116 referuntur
1802 1062 1856 1116 in
1886 1063 1993 1118 hoc

425 1149 685 1206 Chronico
717 1153 785 1207 de
817 1153 1128 1223 genealogia
1158 1153 1330 1208 sancti
1359 1151 1577 1223 Josephi
1616 1153 1842 1224 ejusque
1881 1162 1993 1208 tota

419 1239 647 1308 familia,
685 1245 1058 1300 om’nimodam
1093 1246 1325 1301 fictionis
1352 1246 1762 1302 similitudinem
1795 1263 1906 1317 pra:
1935 1263 1993 1302 se

417 1331 636 1401 ferunt;
672 1335 919 1406 quinimo
961 1352 1086 1392 cum
1118 1338 1434 1394 doctissimo
1468 1338 1714 1410 Remigio
1742 1340 1993 1395 Ceilliero

417 1442 662 1483 asserere
716 1444 825 1484 non
879 1429 1191 1487 dubitamus
1236 1431 1348 1502 (99)
1389 1433 1658 1503 integrum
1716 1447 1856 1502 opus
1915 1431 1994 1486 nil

418 1519 565 1574 aliud
617 1535 739 1576 esse
788 1538 950 1592 quam
1005 1522 1300 1580 falsitatum
1346 1535 1639 1582 texturam.
1670 1523 1867 1581 Nescio
1897 1542 1989 1580 au-

416 1619 549 1676 tem,
575 1611 751 1681 inquit
775 1612 1026 1671 laudatus
1049 1615 1134 1668 vir
1159 1615 1350 1672 doctus
1381 1615 1482 1688 (1),
1513 1617 1657 1671 unde
1685 1625 1880 1672 auctor
1907 1617 1991 1670 dio

416 1700 610 1756 dicerit
655 1701 844 1760 Patres
891 1706 944 1758 in
995 1704 1209 1762 Niczena
1243 1709 1452 1779 synodo
1483 1707 1761 1772 statuisse,
1799 1720 1857 1762 ut
1888 1725 1989 1762 non

417 1793 788 1848 ordinarentur
813 1798 1100 1868 presbyteri
1135 1809 1256 1854 ante
1285 1801 1503 1870 triginta
1535 1816 1722 1866 annos,
1766 1801 1992 1855 dixisse—

417 1901 533 1949 que,
566 1886 795 1956 sufﬁcere
822 1889 1082 1959 discipulo
1108 1899 1164 1944 ut
1187 1891 1258 1944 sit
1290 1892 1425 1945 sicut
1448 1893 1730 1962 magister,
1754 1904 1802 1946 et
1824 1909 1988 1960 servo,

415 1985 475 2031 ut
500 1979 567 2032 sit
595 1979 730 2033 sicut
765 1980 1005 2036 dominus
1049 1982 1185 2048 eius.
1219 1983 1407 2038 Credit
1432 1999 1651 2054 quoque
1682 1984 1770 2039 hic
1799 1995 1991 2040 auctor

416 2079 666 2125 sanctum
717 2069 1012 2142 Josephum
1060 2073 1388 2129 beatissimus
1436 2072 1676 2145 Virginis
1728 2089 1988 2145 sponsum

414 2163 551 2217 duas
573 2176 772 2218 uxores
797 2164 1072 2228 habuisse,
1101 2173 1263 2234 atque
1291 2181 1354 2220 ex
1382 2165 1554 2235 prima
1584 2164 1800 2221 Salome
1821 2167 1986 2229 dicta,

405 2242 535 2324 quae
565 2254 667 2310 fuit
686 2256 795 2311 tilia
821 2256 1002 2328 Aggaai
1032 2255 1214 2312 fratris
1241 2256 1539 2321 Zacharias,
1566 2258 1738 2326 patris
1759 2257 1988 2313 Joannis

413 2344 687 2415 Baptistae,
737 2357 971 2418 quatuor
1017 2348 1179 2414 ﬁlios,
1232 2347 1516 2413 Jacobum,
1562 2348 1862 2414 Simonem,
1892 2349 1990 2405 Ju-

411 2437 537 2493 dam
583 2448 637 2494 et
679 2437 901 2510 Ioseph,
933 2451 987 2497 et
1029 2441 1166 2497 duas
1217 2441 1353 2497 filias
1397 2440 1590 2498 Esther
1627 2453 1681 2497 et
1721 2440 1987 2496 Martham

419 2533 732 2604 suscepisse
763 2533 866 2607 (ἓ).

479 2625 867 2696 Fragmentum
937 2645 1005 2684 ex
1067 2628 1325 2687 Chronico
1394 2629 1666 2704 Hippolyti
1737 2630 1984 2687 Thebani

409 2725 586 2771 exstat
621 2717 826 2772 editum
866 2733 897 2772 a
926 2717 1136 2774 Joanne
1162 2719 1436 2774 Sambuco
1460 2721 1664 2776 Patavii
1684 2720 1844 2785 1556,
1878 2719 1986 2774 La-

410 2811 522 2864 tine
545 2809 684 2877 in-8,
715 2811 854 2882 typis
875 2810 1110 2866 Gratiosi
1136 2809 1455 2867 Perchacini
1482 2813 1586 2866 sub
1611 2813 1767 2868 titulo
1795 2811 1985 2868 Libelli

416 2902 482 2954 de
511 2914 629 2956 ortu
660 2911 710 2956 et
742 2905 1048 2972 cognatione
1091 2903 1321 2974 Virginis
1365 2903 1575 2971 Mariae,
1600 2914 1654 2960 et
1677 2915 1986 2962 asservatur

411 3009 513 3047 IIIS.
563 2995 616 3048 in
651 2992 974 3050 bibliotheca
1016 2995 1283 3062 Caesarea,
1328 2996 1420 3051 sed
1469 2996 1849 3052 brevissimum
1882 2999 1980 3068 (5).
2011 3019 2056 3081 c

411 3079 652 3153 Longius
691 3091 870 3137 exstat
913 3083 969 3137 in
1005 3081 1338 3138 Lectionibus
1369 3087 1599 3155 antiquis
1632 3085 1849 3142 Henrici
1881 3088 1985 3142 Ca-

409 3171 562 3236 nisii,
592 3180 724 3228 tom.
749 3171 840 3240 lll,
862 3189 982 3243 pag.
1019 3173 1110 3238 55,
1135 3173 1320 3230 Graece
1343 3190 1408 3230 ac
1433 3174 1645 3231 Latine.
1673 3177 1790 3233 Non
1820 3180 1981 3249 pauci

407 3262 722 3332 Scriptores,
769 3265 863 3335 qui
910 3279 1197 3334 personas,
1239 3280 1435 3321 nomen
1474 3264 1742 3340 Hippolyti
1779 3285 1890 3338 prae
1926 3285 1984 3326 se

410 3353 669 3423 ferentes,
711 3369 818 3409 non
865 3356 999 3411 satis
1029 3356 1415 3423 distinxerunt,
1448 3375 1624 3428 neque
1659 3373 1900 3430 tempora
1929 3363 1982 3419 in

409 3443 609 3514 quibus
639 3443 744 3498 illae
765 3445 1035 3510 vixerunt,
1063 3445 1166 3499 hoc
1187 3443 1551 3515 fragmentum
1583 3459 1772 3504 sancto
1798 3464 1984 3507 nostro

410 3533 696 3607 Hippolyto
730 3535 984 3606 episc0po
1007 3550 1071 3591 ac
1092 3537 1318 3608 martyri
1341 3538 1732 3607 attribuerunt;
1763 3559 1987 3612 persua-

407 3627 685 3684 sissimum
709 3629 970 3685 habentes
997 3627 1257 3684 Chronica
1283 3629 1401 3686 base
1431 3631 1485 3685 in
1507 3633 1768 3689 laterculo
1789 3636 1985 3692 tabula:

408 3715 609 3773 Griecaa
632 3719 910 3788 designata
941 3732 1081 3773 esse.
1105 3716 1324 3772 Interim
1358 3727 1538 3794 tamen
1570 3735 1723 3776 error
1755 3722 1843 3777 hic
1873 3732 1980 3778 tam

407 3809 627 3879 grandis
656 3818 758 3877 est,
797 3820 853 3863 ut
882 3825 977 3878 per
1004 3825 1062 3864 se
1095 3818 1359 3880 patescat,
1391 3811 1811 3882 mirandumque
1833 3829 1984 3884 pror-

409 3917 505 3958 sus
529 3901 674 3972 quod
707 3915 816 3955 non
847 3901 994 3956 illico
1027 3901 1272 3958 detectus
1306 3901 1492 3958 fuerit.
1528 3903 1874 3961 Manifestum
1903 3919 1986 3964 est

477 4014 588 4085 (96)
629 4013 702 4069 Le
735 4014 946 4086 Moyne.
986 4013 1148 4086 γαν-ἕρ
1186 4031 1361 4080 sacra,
1391 4025 1524 4069 tom.
1559 4013 1622 4072 ll.
1673 4031 1726 4084 p.
1764 4017 1896 4072 1081
1930 4029 1984 4075 et

408 4083 794 4157 seq.;Ca_nis.,
826 4083 964 4157 tuin.
999 4083 1090 4157 111Δ
1114 4083 1260 4157 Lec_t.
1289 4088 1481 4157 antiq.,
1527 4101 1579 4153 p.
1613 4087 1701 4157 55,
1743 4088 1831 4152 46,
1868 4091 1977 4157 49;

411 4149 592 4217 Voss.
644 4154 788 4210 Hist.
819 4154 1012 4228 Quae”
1039 4154 1132 4209 lib.
1152 4149 1286 4221 πίε.
1312 4149 1482 4225 25,’ρ.
1509 4149 1646 4223 295;
1672 4149 1976 4228 Possevin.,

404 4228 688 4295 Apparat.,
725 4242 779 4295 p.
819 4226 940 4281 765.

480 4297 590 4366 (97)
632 4295 922 4352 Schelestr.
959 4297 1014 4350 in
1046 4296 1298 4366 Antiquit
1335 4295 1515 4350 eccles.
1562 4296 1782 4353 dissert.
1839 4299 1967 4354 illu-

404 4375 596 4438 strata,
632 4376 787 4438 tom.
809 4366 850 4433 l,
876 4383 930 4438 p.
962 4365 1066 4422 5l0
1100 4377 1154 4422 et
1191 4365 1340 4436 Seqq.

477 4437 591 4504 (98)
631 4436 960 4506 Fabric.,'p.
992 4438 1060 4492 46
1083 4445 1137 4492 et
1164 4451 1271 4558 se1.

477 4507 590 4558 (99)
631 4505 787 4558 Remi
815 4507 1049 4558 Ceillier.
1077 4517 1208 4558 tom.
1265 4506 1271 4558 Ι

501 4507 612 4578 99)_
631 4505 787 4560 Remi
815 4505 1049 4572 Ceillier,
1077 4517 1208 4562 tom.
1231 4505 1285 4578 ,ιι
1314 4505 1455 4563 Hist.
1487 4507 1629 4578 gén.,
1656 4524 1709 4578 p.
1740 4508 1864 4564 562.

503 4575 738 4649 “idem
777 4578 906 4649 ibid.
939 4586 993 4632 et
1029 4594 1150 4649 pag.
1182 4576 1306 4649 565.

476 4646 554 4719 (:2)
585 4646 822 4719 Fabric,
851 4647 974 4719 loca
992 4646 1122 4715 cit.,'
1138 4664 1260 4718 pag.
1285 4647 1375 4702 47.

477 4715 554 4789 (5)
585 4716 906 4789 Lambecius
945 4715 1187 4774 Griece—e
1214 4715 1404 4773 codice
1435 4715 1691 4786 \’indob.,
1717 4730 1850 4776 tom.
1881 4720 1966 4784 lll,

403 4786 663 4860 pagg-£6.
718 4786 856 4860 Vide
897 4789 1146 4860 eumdem
1187 4803 1309 4858 pag.
1359 4789 1427 4843 98
1463 4805 1578 4860 seq.
1615 4800 1670 4845 et
1712 4801 1844 4846 tom.
1900 4791 1969 4846 ιν

401 4856 458 4929 ᾗ).
482 4856 779 4931 'l5(_)_,_.t_om.
814 4856 856 4911 V
885 4875 1019 4931 pag.
1055 4859 1163 4931 109
1186 4856 1326 4928 Seq.,
1368 4868 1500 4931 tom.
1539 4856 1643 4915 —Vll
1692 4878 1813 4931 pag.
1839 4863 1966 4928 5H,

405 4927 537 4984 iom.
566 4927 677 4980 Vlll
719 4944 840 4998 pag.
869 4929 938 4982 65
955 4927 1054 4995 {et
1085 4927 1342 4983 AllatiUm
1374 4929 1451 4984 De
1477 4941 1632 4986 (etate
1658 4927 1709 4986 ei
1737 4927 1969 4987 intenti;

405 5001 493 5073 liis
524 4998 893 5073 injcollatione
922 5001 1061 5068 apud
1088 4999 1319 5073 ercos,
1355 5015 1477 5070 pag.
1507 5001 1599 5073 50.
1634 5001 1807 5057 Etiam
1839 5002 1969 5073 Ilip-

402 5069 565 5143 polyti
598 5069 840 5143 historici
871 5069 1258 5143 fragmentum1
1278 5071 1330 5143 in
1358 5069 1468 5143 quo
1500 5070 1714 5127 Salome
1733 5069 1956 5143 Josephi

405 5137 628 5209 βιώτικὴ
660 5141 794 5211 γυνή
825 5137 1141 5211 appellatur,
1165 5157 1196 5195 a
1227 5137 1495 5196 Salmasio
1523 5143 1625 5211 sibi
1659 5137 1964 5198 continu-ni-

404 5219 581 5281 catum
613 5209 792 5281 refegt‘
813 5209 1052 5266 Andreas
1083 5210 1305 5266 Rivetus
1333 5220 1464 5264 tom.
1493 5210 1562 5264 Ill
1592 5210 1726 5281 Opp.
1757 5230 1809 5281 p.
1837 5215 1961 5268 640.

404 5277 609 5347 Allegat
631 5289 698 5352 _et
735 5279 1037 5352 Turrianus
1076 5281 1130 5335 in
1150 5283 1405 5352 Apologia
1441 5299 1535 5352 pro
1572 5277 1725 5336 doino
1757 5277 1964 5338 'Laure-

403 5357 528 5423 tgna
572 5349 838 5423 adversus
875 5349 1209 5423 Vergerium,
1245 5349 1334 5407 et'
1356 5354 1412 5408 in
1441 5349 1662 5409 scholiis
1702 5354 1771 5410 ad
1801 5355 1896 5412 lib.
1920 5371 1961 5409 ιι

404 5415 686 5489 Constitut.
713 5423 937 5489 apostol.

472 5487 548 5563 (ξ)
583 5487 798 5563 llenrie.
825 5491 1100 5563 Canisius,
1126 5492 1586 5552 Bavaricocodiee
1603 5511 1755 5563 usus,
1776 5496 1960 5552 Graece

397 5555 864 5638 gchatinnentonlo
895 5555 1170 5638 l_|l__Antiq.
1201 5565 1345 5638 lect.,
1364 5564 1656 5638 lngolstad.
1685 5555 1841 5634 1605,
1877 5568 1959 5622 in-

397 5627 454 5708 _‘,
484 5643 535 5708 ρ.
569 5628 656 5707 40.
785 5631 1000 5708 .(‘Ianisii
1028 5627 1267 5708 editione
1300 5627 1488 5708 Latine
1517 5654 1639 5693 cum
1666 5639 1786 5708 ejus
1811 5627 1956 5693 notis

400 5698 596 5768 legitur
624 5699 676 5750 in
708 5697 848 5751 Bibl.
897 5699 1010 5770 PP.
1041 5704 1227 5760 Colon.
1258 5719 1389 5762 tom.
1429 5707 1516 5774 IX,
1549 5697 1877 5775 ann0'16l8,
1903 5717 1958 5763 et

2093 417 2327 482 vixisse;
2371 431 2546 488 neque
2589 417 2679 472 hic
2715 417 2886 473 ullum
2927 415 3144 472 errandi
3175 411 3502 485 periculum,
3533 425 3673 466 cum

2091 507 2220 564 citet
2247 505 2442 576 saepius
2473 505 2870 578 Metaphrasten
2917 505 3234 576 scriptorem
3264 501 3556 559 saeculi-x1.

2269 596 2298 669 ᾗ
2329 595 2395 653 ll.
2421 595 2715 652 Chronicon
2739 595 2798 652 S.
2827 594 3114 666 Hippolyto
3138 593 3483 664 suppositum.

2161 688 2467 745 Ascribitur
2506 697 2696 745 sancto
2733 695 2924 743 nostro
2962 685 3249 757 Hippolyto
3279 684 3445 740 etiam
3481 681 3673 754 prima

2091 795 2219 853 pars
2245 781 2468 836 alterius
2492 779 2776 851 cujusdam
2806 777 3074 841 Chronici,
3099 791 3129 830 a
3155 775 3378 831 Canisio
3401 774 3478 845 (4)
3509 774 3673 830 evul-

2093 873 2224 943 gati,
2262 879 2318 927 et
2356 885 2388 926 a
2413 869 2664 926 Fabricio
2691 869 2768 941 (5)
2794 867 3191 940 aliquantulum
3228 866 3539 922 accuratius
3577 879 3674 919 re-

2092 965 2365 1036 impressi,
2406 977 2570 1036 atque
2611 973 2798 1036 postea
2843 978 2874 1018 a
2915 961 3118 1017 Iacobo
3158 959 3425 1029 Basnagio
3454 959 3673 1028 integre

2092 1058 2316 1113 omnino
2339 1057 2491 1113 editi.
2544 1055 2659 1112 Hoc
2686 1055 2980 1111 Chronicon
3011 1069 3186 1124 usque
3212 1053 3279 1108 ad
3304 1052 3486 1107 Caroli
3515 1051 3669 1121 Mag.

2093 1161 2336 1220 tempora
2368 1149 2728 1220 progreditur.
2751 1147 2950 1203 Verum
2979 1147 3066 1203 hic
3088 1161 3196 1200 non
3229 1145 3428 1217 agitur,
3456 1144 3568 1200 nisi
3597 1143 3672 1199 de

2091 1241 2264 1311 prima
2301 1241 2421 1310 ejus
2450 1250 2624 1311 parte,
2661 1240 2713 1294 in
2745 1253 2850 1308 qua
2887 1239 3031 1293 leves
3067 1237 3312 1307 quaedam
3344 1235 3672 1291 differentia

2093 1335 2456 1390 observantur
2488 1334 2625 1388 duas
2647 1333 2792 1387 inter
2819 1331 3086 1387 editiones
3108 1328 3356 1400 Basnagii
3377 1345 3439 1384 ac
3470 1328 3671 1383 Fabri-

2093 1425 2182 1482 cii.
2230 1425 2574 1480 Conveniunt
2614 1433 2795 1479 autem
2837 1421 3058 1487 eruditi,
3106 1420 3254 1490 quod
3289 1420 3392 1476 sub
3432 1419 3670 1490 imperio

2093 1516 2387 1572 Alexandri
2423 1515 2608 1572 Severi
2657 1513 3053 1585 compositum;
3105 1521 3226 1568 utut
3264 1511 3420 1584 longe
3457 1512 3668 1568 certius

2094 1607 2184 1672 sit,
2210 1615 2271 1662 ut
2297 1620 2485 1662 verum
2516 1603 2707 1670 fatear,
2739 1604 2868 1659 illud
2892 1618 3000 1658 non
3032 1603 3204 1673 prius,
3235 1617 3396 1673 quam
3421 1603 3522 1657 sub
3541 1601 3667 1670 ejus

2092 1713 2408 1755 successore
2433 1695 2770 1752 Maximino]
2803 1694 3096 1766 perfectum
3123 1692 3324 1750 fuisse:
3350 1708 3474 1750 cum
3502 1694 3666 1763 juxta

2091 1789 2366 1860 exemplar
2404 1788 2639 1844 Fabricii
2683 1803 2845 1843 omne
2889 1787 3100 1857 imperii
3141 1787 3430 1841 Alexandri
3473 1785 3665 1842 Severi

2093 1890 2303 1950 tempus
2331 1880 2417 1936 his
2442 1879 2688 1934 terminis
2711 1878 3020 1948 designetur
3047 1877 3123 1950 (6)
3148 1897 3162 1932 :
3186 1878 3485 1933 Alexander
3503 1878 3664 1932 antris

2093 1973 2359 2037 tredecim,
2397 1973 2578 2026 diebus
2612 1987 2810 2026 novem.
2834 1969 2953 2025 Jam
2988 1985 3119 2025 vero
3149 1971 3236 2026 hic
3266 1972 3528 2026 terminus
3559 1986 3664 2026 nos

2089 2064 2308 2119 deducit
2342 2079 2516 2134 usque
2547 2063 2614 2119 ad
2647 2079 2851 2117 annum
2875 2062 2982 2118 255
3006 2063 3290 2128 inclusive,
3326 2064 3466 2118 ultra
3495 2080 3660 2134 quem

2091 2161 2337 2208 sanctum
2369 2152 2712 2225 Hippolytum
2734 2153 2936 2208 vixisse
2970 2169 3078 2209 non
3106 2164 3189 2209 est
3212 2163 3443 2210 certum.
3473 2153 3665 2226 Neque

2089 2246 2308 2300 aliunde
2347 2245 2726 2315 perspicimus,
2771 2261 2880 2316 quo
2912 2245 3038 2317 jure
3071 2261 3134 2301 ac
3161 2245 3512 2304 fundamento
3543 2248 3664 2304 haec

2087 2337 2235 2408 prior
2272 2335 2519 2391 Chronici
2563 2353 2691 2408 pars
2733 2337 2909 2392 eidem
2960 2337 3185 2393 attribui
3230 2339 3424 2408 possit.
3458 2337 3659 2394 Verum

2087 2429 2305 2498 quidem
2332 2437 2436 2494 est,
2469 2430 2546 2484 uti
2579 2445 2645 2485 ex
2670 2428 2904 2486 Eusebio
2931 2438 3093 2500 atque
3122 2439 3308 2486 sancto
3332 2428 3662 2502 Hieronymo

2087 2520 2372 2587 discimus,
2409 2531 2658 2577 nostrum
2691 2520 3040 2594 Hippolytum
3077 2522 3394 2578 Chronicum
3430 2539 3659 2594 compo-

2087 2612 2285 2676 suisse,
2335 2615 2429 2668 sed
2468 2614 2636 2668 relate
2677 2616 2744 2668 ad
2783 2615 2927 2670 diem
2967 2614 3270 2672 Paschalis.
3319 2615 3448 2671 Sine
3491 2617 3662 2671 dubio

2087 2712 2268 2759 autem
2309 2704 2440 2759 illud
2467 2720 2576 2760 non
2599 2705 2825 2770 esthoc,
2853 2706 2921 2760 de
2948 2723 3058 2778 quo
3083 2707 3175 2762 hic
3196 2707 3656 2773 controvertitur;

2086 2807 2262 2862 neque
2283 2791 2373 2846 hic
2397 2794 2720 2849 observatur
2753 2795 2978 2851 minima
3013 2805 3140 2852 nota
3175 2797 3242 2852 de
3278 2798 3462 2868 aliquo
3495 2813 3660 2868 opere

2086 2882 2249 2952 hujus
2285 2884 2520 2954 generis.
2557 2884 2759 2941 Verum
2793 2902 3012 2957 quoque
3047 2887 3225 2942 adhuc
3257 2895 3360 2950 est,
3401 2887 3548 2958 quod
3573 2899 3650 2945 ta-

2085 2977 2234 3040 bula,
2278 2993 2399 3048 quae
2440 2979 2624 3048 plures
2670 2994 2894 3050 operum
2935 2982 3112 3037 sancti
3155 2980 3428 3052 Hippolyti
3465 2984 3658 3040 titulos

2087 3069 2480 3138 complectitur,
2515 3070 2686 3125 eidem
2737 3071 2976 3128 ascribat
2999 3073 3258 3130 chronica
3287 3083 3477 3130 contra
3506 3075 3659 3131 Grae-

2084 3175 2180 3215 cos
2210 3169 2262 3214 et
2284 3171 2472 3216 contra
2517 3160 2830 3230 Platonem;
2877 3172 2933 3218 at
2974 3180 3104 3221 vero
3147 3165 3464 3234 Chronicon,
3507 3170 3656 3238 quod

2085 3251 2250 3321 hujus
2276 3254 2662 3310 controversia:
2697 3256 2980 3325 ohjectum
3023 3266 3127 3319 est.
3156 3259 3288 3313 nihil
3321 3260 3480 3315 habet
3510 3261 3657 3317 unde

2083 3345 2262 3414 colligi
2286 3346 2471 3400 liceret
2503 3346 2634 3401 illud
2656 3362 2778 3402 esse
2805 3347 2944 3403 idem
2966 3349 3319 3418 ipsissimum.
3339 3351 3656 3408 Verosimil-

2084 3437 2273 3492 limum
2305 3438 2489 3507 itaque
2527 3448 2612 3494 est
2645 3448 2810 3510 atque
2853 3441 3066 3496 creditu
3107 3443 3267 3514 longe
3313 3443 3550 3508 facilius,
3603 3447 3651 3501 si

2084 3545 2206 3584 cum
2242 3527 2508 3600 Basnagio
2535 3530 2610 3601 (7)
2643 3531 2889 3587 dicamus
2917 3533 3060 3589 hanc
3099 3535 3336 3604 priorem
3397 3534 3648 3592 Chroniei

2084 3632 2289 3692 partem
2321 3633 2564 3693 spectare
2585 3625 2652 3679 ad
2685 3623 2888 3680 .lulium
2928 3626 3268 3694 Africanum,
3296 3631 3389 3700 qui
3414 3630 3516 3685 sub
3542 3631 3650 3686 im-

2086 3716 2238 3786 perio
2262 3716 2556 3773 Alexandri
2579 3717 2784 3774 ﬂoruit.
2811 3718 2888 3773 En
2917 3721 3190 3789 quomodo
3215 3737 3405 3776 omnes
3428 3722 3652 3777 difﬁcul-

2084 3819 2254 3864 tatum
2303 3811 2430 3865 nodi
2480 3810 2582 3867 hac
2628 3811 2838 3866 ratione
2879 3813 3122 3882 expediri
3166 3814 3398 3883 possint.
3445 3813 3650 3870 Omnes

2085 3900 2270 3956 sciunt
2323 3902 2620 3972 generatim
2679 3912 2926 3958 sanctum
2989 3912 3236 3958 nostrum
3298 3904 3649 3975 Hippolytum

2082 4011 2138 4094 in
2166 4011 2695 4094 supplemento‘yibl.
2865 4012 3036 4094 Paris.
3059 4012 3216 4094 1
3229 4017 3391 4094 apud.
3410 4015 3645 4094 Morell.,

2085 4092 2219 4137 tom.
2261 4083 2325 4145 ll,
2362 4097 2482 4151 pag.
2519 4083 2644 4147 806,
2677 4093 2730 4138 et
2763 4093 2894 4136 tom.
2926 4083 3020 4137 XV
3051 4084 3192 4140 Bibl.
3220 4083 3332 4139 PP.
3368 4085 3644 4157 Lugdun.,

2085 4169 2204 4213 pag.
2239 4153 2377 4213 240;
2416 4154 2540 4206 item
2567 4153 2840 4213 Canisius,
2864 4163 2997 4210 tom.
3038 4153 3458 4213 llLect.cntia..
3498 4173 3646 4213 anno

2081 4169 2204 4276 pag.
2239 4169 2377 4217 2w;
2416 4169 2540 4206 item
2567 4169 2840 4218 Lanisms,
2864 4169 2997 4210 tom.
3038 4169 3080 4207 ιι
3101 4169 3458 4227 Lect.untiq.,
3498 4173 3641 4213 anno

2088 4222 2240 4307 “69.2,
2269 4221 2560 4307 Δφὼρ-579,
2603 4239 2669 4277 ex
2697 4224 2916 4307 duobus
2963 4226 3242 4307 codicibus
3295 4229 3397 4281 hoc
3449 4229 3641 4307 titulo;

2083 4292 2333 4369 collectio
2362 4293 2615 4369 historica
2659 4295 3107 4369 chronographica
3133 4311 3207 4369 ea:_
3227 4313 3504 4369 anonymo,
3549 4301 3645 4369 qui

2001 4387 2047 4443 ι)
2078 4364 2520 4443 iub_Alexanaro
2553 4362 2738 4443 Severo
2787 4362 3101 4443 imperatore
3137 4367 3314 4443 ,oigcit,
3365 4362 3644 4443 collectam

2075 4432 2230 4508 Gallo
2273 4435 2502 4508 quodam
2551 4432 2970 4508 CaroligMagni
3011 4432 3348 4508 temporibus.
3407 4437 3643 4508 Incipit:

2071 4502 2231 4558 Liber
2267 4502 2658 4574 generationum
2686 4502 2910 4574 primus.
2941 4502 3387 4564 Addit'Canisius
3416 4509 3470 4562 in
3496 4502 3640 4564 mar-

2074 4577 2226 4644 gine:
2256 4573 2306 4647 j_
2326 4573 2382 4628 ln
2411 4590 2513 4647 ms.
2549 4573 2737 4630 codiCe
2764 4578 3003 4642 minore,
3035 4593 3158 4632 nam
3196 4578 3251 4632 in
3281 4578 3486 4647 majore
3525 4596 3636 4636 ms.

2071 4653 2217 4719 totus
2255 4645 2391 4719 liber
2413 4645 2620 4719 primus
2640 4647 2812 4708 abest,
2845 4663 2949 4700 non
2977 4657 3096 4719 erat
3115 4657 3310 4719 praeter
3332 4645 3475 4703 hunc
3496 4650 3638 4707 alius

2071 4715 2263 4770 titulus
2301 4717 2427 4771 huic
2454 4717 2592 4770 libro
2629 4719 2901 4785 przetixus.
2939 4735 2957 4768 ι
2987 4715 3187 4774 Deinde
3235 4719 3377 4774 idem
3414 4719 3640 4774 Chroni-

2071 4803 2165 4839 con
2193 4787 2532 4842 emendatius
2554 4786 2833 4856 aliquanto
2862 4787 3022 4857 (licet
3041 4798 3094 4842 et
3121 4789 3300 4858 ipsum
3335 4791 3537 4858 passim
3577 4793 3637 4848 in

2069 4857 2379 4930 nominibus
2398 4859 2696 4930 praesertim
2727 4859 2960 4930 prOpriis
2983 4857 3343 4927 castigatione
3363 4861 3638 4930 indigens)

2070 4937 2231 5007 atque
2255 4929 2430 4996 capite
2457 4928 2525 4982 de
2555 4927 2977 5011 imperatoribus
3009 4931 3223 4984 auctius
3249 4931 3450 4984 editum
3480 4927 3572 5012 :est
3602 4927 3634 4985 ἁ

2066 4996 2204 5051 Phil.
2237 4996 2451 5052 Labbco
2483 4996 2540 5052 S.
2569 4996 2620 5052 J.
2655 4996 2975 5053 Paris.1657
2996 5036 3013 5053 .
3043 4998 3168 5053 fol..
3205 5008 3338 5053 tom.
3375 5002 3394 5053 l
3424 4999 3634 5053 Biblio-

2152 5013 2204 5051 ΙΙ.
2237 5013 2451 5052 ιιδυυρο
2483 5013 2540 5052 δ.
2569 5013 2620 5052 J.
2655 5013 2972 5053 νπιεΑυδι
2996 5036 3013 5062 ς
3043 5013 3168 5063 101.,
3205 5013 3338 5054 tom.
3375 5013 3392 5053 Ι
3424 5013 3635 5054 διωκο-

2069 5070 2229 5124 theca:
2250 5085 2395 5123 novre
2426 5085 2526 5123 ms.
2557 5085 2680 5138 pag.
2716 5070 2842 5134 298,
2876 5086 2940 5124 ex
2967 5036 3076 5124 alio
3108 5041 3297 5124 codice
3324 5086 3427 5125 ms.
3464 5072 3640 5124 colle-

2065 5142 2137 5210 gii
2163 5141 2571 5195 Claromontani
2602 5137 2926 5195 Parisiensis
2949 5140 3004 5193 S.
3033 5137 3082 5194 J.
3105 5140 3207 5195 hoc
3243 5141 3434 5195 titulo:
3471 5140 3639 5195 Chro-

2063 5212 2240 5282 nologi
2269 5211 2515 5282 anongmi
2535 5251 2548 5274 ,
2582 5212 2670 5280 qui
2703 5214 2804 5282 sub
2856 5210 3160 5282 Alexandro
3206 5212 3524 5279 imperatore
3552 5214 3632 5265 vi.

2061 5280 2203 5337 misse
2236 5299 2370 5336 anno
2392 5280 2588 5337 Christi
2618 5280 2722 5333 ί256
2752 5281 2967 5346 dicitur,
2990 5281 3196 5334 libellus
3230 5298 3320 5335 seu
3346 5281 3636 5337 chronicon

2063 5354 2124 5406 de
2140 5353 2480 5408 divisionibus
2504 5363 2552 5406 et
2575 5351 2989 5421 generationibus
3007 5354 3256 5421 gentium.
3281 5351 3629 5407 Labbeanam

2061 5425 2352 5480 editionem
2382 5419 2604 5477 secutus
2623 5431 2715 5492 est_
2746 5419 2820 5473 Du
2851 5419 3090 5492 Cangius
3138 5424 3190 5475 in
3232 5425 3526 5492 appendice
3556 5425 3629 5480 ad

2063 5495 2354 5551 Chronicon
2385 5490 3047 5562 paschale,7P_aris.‘167878,
3068 5490 3186 5556 fol.,
3206 5490 3325 5562 pag.
3353 5493 3479 5546 415.

2128 5567 2205 5636 (5)
2246 5559 2483 5636 Fabric.,
2506 5560 2844 5636 Atom.lO_pp.
2872 5559 2927 5614 S.
2950 5559 3240 5633 Hippolyti,
3280 5559 3410 5633 pag.
3439 5561 3626 5619 49°59.

2152 5578 2205 5632 5)
2246 5578 2483 5644 Μωι·ιρ.,
2519 5578 2648 5617 tom.
2672 5578 2837 5685 IUPS.

2150 5635 2204 5756 ii
2241 5633 2391 5756 lim
2410 5633 2837 5756 'é’lialfaiﬁ.’

2705 5719 2729 5757 ε

2153 5705 2204 5774 7)
2241 5705 2391 5773 Apud
2418 5701 2625 5768 Canisi,
2659 5701 2802 5757 Lect.
2845 5703 3033 5770 antiq.,
3070 5713 3198 5759 tom.
3229 5701 3293 5770 ll,
3335 5717 3389 5774 p.
3422 5703 3547 5760 N8.
