3802 6198
170 280 245 336 διδ
1004 269 1093 328 DE
1124 266 1287 325 VITA
1338 268 1426 324 ET
1469 267 1779 325 SCRIPTIS
1811 268 1869 322 S.
1912 267 2295 324 HIPPOLYTI.
3153 271 3260 328 546

171 391 449 464 composuisse
485 387 766 444 Chronicon
787 403 809 443 :
835 387 1056 459 aliquod
1113 388 1279 460 igitur
1331 390 1608 461 inquiren—
1635 395 1683 453 Α
1708 405 1829 461 pag.
1862 390 1951 456 15,
1981 390 2165 446 videre
2189 397 2294 455 est,
2329 389 2420 445 ubi
2460 390 2865 447 eruditissimus
2896 388 3275 448 Assemannus

173 485 284 547 dum,
315 480 423 552 quod
465 480 511 536 ei
562 480 775 536 attribui
827 480 1019 551 possit.
1065 478 1259 535 Statim
1308 495 1428 536 sese
1458 480 1615 537 oll‘ert
1710 499 1776 539 ex
1808 482 2032 555 Syriaco
2071 481 2220 537 Ebed
2256 480 2386 536 Jesu
2437 480 2676 550 episcopi
2724 480 2982 535 Sobensis
3030 480 3277 549 catalogo

176 575 381 633 amicas
401 569 650 641 Hippolyti
678 570 949 638 Thebani;
975 580 1137 641 atque
1163 579 1450 642 propterea
1477 570 1615 627 falso
1711 574 1975 646 quosdam
2010 574 2274 628 librorum
2312 571 2499 626 titulos
2524 571 2714 625 Latine
2741 570 2914 624 reddit
2940 569 3025 625 his
3048 571 3229 626 verbis
3258 590 3273 626 :

172 668 379 736 ascriptum
406 662 497 717 fuit
522 673 703 719 saneto
724 675 913 719 nostra
951 665 1205 735 episcopo
1254 679 1318 718 ac
1356 664 1612 735 martyri;
1715 666 1941 723 Sanctus
1994 664 2312 735 Hippolytus
2359 671 2561 732 martyr
2587 671 2636 715 et
2670 662 2940 729 episcopus
2986 662 3276 729 composuit

166 755 564 828 postcadete'gitur,
606 755 747 825 quod
785 753 930 809 istud
956 770 1067 809 non
1089 754 1265 825 possit
1293 754 1436 809 illius
1462 769 1612 821 esse;
1712 759 1907 814 librum
1948 758 2011 812 de
2054 755 2464 826 dispensatione,
2510 764 2558 808 et
2603 751 2982 823 expositionem
3034 751 3275 806 Danielis

163 860 273 918 atque
292 847 469 901 tandem
494 846 610 900 aliis
634 845 780 901 venit
811 846 863 900 in
894 855 1129 901 mentem
1161 844 1291 900 illud
1318 845 1445 900 Julii
1473 844 1617 901 Al‘ri-
1712 850 1932 905 minoris
1974 856 2024 902 et
2074 848 2354 913 Susannte,
2392 855 2441 900 et
2474 847 2651 915 capita
2697 846 2944 899 adversus
2984 845 3194 911 Caium,
3224 856 3275 899 et

160 942 241 997 cani
256 940 392 994 eidem
411 938 729 1009 adjudicare.
759 937 882 993 Haec
903 936 1141 994 Jacobus
1162 937 1483 1009 Basnagius.
1504 937 1616 996 Nos
1712 944 2024 1014 Apologiam
2052 958 2148 1012 pro
2175 940 2492 1011 Apocalypsi
2511 950 2560 995 ct
2588 939 2869 1010 Evangelia
2893 937 3117 993 Joannis
3148 954 3277 1009 apo-

158 1044 239 1085 cum
256 1029 388 1083 altero
409 1028 683 1097 Basnagio,
707 1028 957 1082 Samuele
987 1028 1243 1081 nimirum
1261 1026 1359 1098 (8),
1383 1026 1614 1081 arbitra-
1712 1037 1836 1092 smn
1865 1045 1914 1089 ει
1943 1034 2292 1103 evangelium.

155 1139 249 1187 mur.
274 1120 443 1175 editum
483 1119 550 1174 ab
576 1118 808 1175 Henrico
839 1118 1077 1186 CaniSiO.
1111 1118 1209 1173 SS-
1235 1132 1503 1175 canonum
1527 1116 1616 1171 In“
1780 1129 1987 1183 Arabes
2010 1126 2172 1182 etiam
2198 1124 2257 1179 S.
2290 1124 2578 1195 Hippolyto
2608 1124 2857 1179 tribuunt
2900 1124 3119 1194 triginta
3151 1133 3273 1177 octo

154 1211 325 1282 golstadii
341 1209 649 1281 professore,
668 1210 982 1265 Chronicum
998 1211 1153 1280 longe
1173 1210 1240 1264 ab
1264 1225 1327 1265 eo
1342 1210 1612 1264 diversum

1770 1221 2008 1290 sciplinae
2034 1218 2412 1274 ecclesiasticae
2433 1232 2691 1293 canones,
2721 1226 2780 1271 ut
2818 1216 3070 1271 laudatus
3099 1217 3268 1270 Asse-

151 1318 243 1367 esse,
283 1304 400 1371 quod
438 1300 719 1373 Hippolyto
757 1302 1011 1372 episcopo
1058 1300 1256 1355 Portus
1290 1298 1519 1353 Romani
1560 1297 1613 1351 in

1771 1326 1944 1366 annus
1971 1309 2167 1365 ibidem
2212 1317 2441 1364 testatur
2484 1308 2570 1363 his
2600 1308 2813 1363 verbis:
2846 1307 3083 1361 Canones
3124 1308 3270 1361 Ara-

151 1407 346 1447 mannore
368 1393 680 1449 vindicatur.
711 1393 921 1463 Quippe
947 1394 1001 1445 in
1043 1407 1109 1446 eo
1140 1390 1487 1460 reperiuntur
1512 1404 1614 1443 no-

1772 1423 1853 1460 sos
1880 1402 2405 1474 duodequadraginta
2432 1400 2526 1453 sub
2556 1400 2669 1467 ejus
2692 1400 2899 1452 nomine
2927 1398 3153 1468 collegit,
3190 1407 3273 1451 to—

149 1484 246 1538 mina
269 1483 573 1539 Constantini
599 1484 800 1555 Magni,
836 1483 1073 1548 Eusebii,
1104 1482 1240 1549 Arii,
1285 1481 1471 1536 Basilii
1498 1481 1613 1535 Ma-

1767 1513 1894 1569 oque
1926 1497 2095 1566 primo
2134 1494 2406 1549 Canonum
2434 1491 2684 1545 Ecclesia:
2710 1490 3084 1545 Alexandrinis
3131 1493 3264 1545 inse-

147 1574 222 1644 ςηί,
245 1575 329 1628 imo
353 1575 721 1646 Hetapbrastis
743 1577 927 1631 etiam.

1767 1586 1819 1638 tit
1875 1584 2143 1638 Macarius
2196 1580 2463 1651 presbyter
2514 1596 2575 1631 ac
2624 1582 2910 1633 monachus
2962 1582 3268 1633 monasterii

193 1685 303 1759 511],
341 1687 654 1761 Fragmenta
688 1706 751 1745 ex
784 1690 983 1745 σαιεηα
1017 1689 1242 1744 Arabica
1282 1706 1386 1744 ηοη
1422 1699 1544 1744 sum
1715 1672 1899 1729 Sancti
1934 1672 2186 1737 Macarii,
2214 1673 2269 1724 in
2295 1670 2470 1723 codice
2497 1669 2721 1722 Arabico
2742 1671 2936 1738 scripto
2960 1686 3096 1723 anno
3120 1668 3275 1723 Clari-

630 1759 693 1816 S.
726 1761 1021 1831 Hippolyti.
1642 1777 1684 1831 Β
1711 1766 1780 1820 sti
1819 1764 1969 1818 1572,
1994 1763 2230 1818 Joannes
2254 1762 2480 1817 Michael
2500 1760 2849 1816 Wanslebius
2885 1761 3274 1816 Dominicanus

185 1849 382 1905 Albertus
410 1850 699 1908 Fabricius
734 1854 1009 1908 volumine
1055 1852 1338 1923 posteriori
1371 1850 1606 1921 Operum
1712 1859 1767 1913 in
1790 1857 2029 1911 Historia
2078 1855 2330 1910 Ecclesia:
2359 1855 2736 1908 Alexandrina:
2766 1864 2918 1923 parte
2953 1871 2983 1907 v
3007 1894 3023 1919 ,
3061 1871 3179 1924 cap.
3216 1857 3271 1919 5,

141 1938 179 1993 S.
199 1938 414 2012 Hippolyti
437 1942 760 2014 fragmenta,
785 1960 879 1999 seu
908 1952 1160 2013 excerpta
1191 1959 1257 1999 ex
1281 1959 1384 1999 ms.
1408 1943 1611 1997 Catena
1710 1966 1805 2006 seu
1834 1966 1955 2021 pag.
1989 1949 2094 2005 280
2131 1958 2185 2004 et
2212 1948 2584 2017 sequentibus,
2632 1949 2730 2001 hos
2761 1946 2976 2017 triginta
3015 1957 3139 2003 octo
3179 1963 3273 2001 ca-

138 2032 298 2086 Arabica
337 2032 757 2091 Pentateuchum
808 2034 1097 2101 referente,
1124 2036 1316 2090 litteris
1344 2035 1611 2103 descripta
1711 2056 1879 2097 nones
1912 2040 2012 2096 sub
2034 2040 2254 2095 nomine
2277 2038 2524 2093 Abulidis
2548 2036 2749 2093 Gallice
2774 2038 2962 2103 edidit,
2994 2047 3048 2092 et
3076 2037 3272 2091 ibidem

138 2123 305 2193 Syriacis
337 2142 364 2180 e
400 2128 584 2184 codice
633 2128 975 2183 bibliothecae
1000 2128 1331 2192 fBodIeianae
1378 2129 1609 2200 primum
1710 2133 1763 2188 in
1798 2134 2039 2203 margine
2068 2132 2321 2187 lectorem
2360 2140 2545 2184 monet
2576 2144 2731 2185 sene
2777 2131 3093 2197 conjectura
3146 2129 3273 2199 qui-

137 2214 231 2269 edila
255 2232 355 2270 cum
393 2220 645 2275 versione
684 2218 908 2276 Joannis
932 2220 1224 2289 Gagnierii,
1253 2219 1489 2289 imprimi
1517 2235 1612 2275 cu-
1710 2224 1831 2280 dem
1854 2225 2069 2294 assequi
2102 2222 2342 2295 potuisse
2368 2222 2491 2292 quis
2533 2222 2694 2276 fuerit
2727 2221 2815 2275 ille
2855 2220 3135 2274 Abulides.
3169 2217 3275 2272 Ve-

135 2305 226 2357 mit
242 2304 320 2376 (9).
340 2306 541 2362 Nomen
570 2310 750 2364 sancti
772 2308 1043 2380 Hippolyti
1065 2310 1202 2365 inter
1227 2309 1451 2363 aliorum
1485 2325 1613 2364 san-
1711 2331 1831 2371 rum
1861 2314 2029 2371 Jobus
2058 2314 2320 2369 Ludolt‘us
2348 2315 2399 2368 in
2434 2312 2672 2367 Historia
2702 2312 2775 2366 1E
2782 2312 3012 2381 thiopica
3034 2351 3048 2377 ,
3080 2327 3136 2381 p.
3168 2311 3275 2365 555

134 2405 280 2451 αοηιω
314 2396 519 2453 Palmm
544 2416 633 2465 ιιι,
670 2416 723 2454 ιν
746 2411 801 2456 ει
832 2419 865 2456 ν
903 2402 1084 2456 53900“
1118 2400 1338 2457 nomina
1374 2402 1612 2456 occurrit
1711 2415 1765 2462 et
1803 2416 2080 2477 sequente,
2137 2407 2358 2462 eosdem
2401 2406 2457 2459 S.
2495 2405 2767 2476 Hippolyti
2809 2419 3044 2459 canones
3087 2402 3277 2458 Latine

133 2488 231 2543 hisee
247 2489 289 2542 in
310 2492 588 2561 excerptis,
622 2501 785 2563 atque
821 2492 1139 2566 Hippolytus
1179 2502 1366 2549 noster
1397 2494 1612 2550 circiter
1712 2500 2093 2569 interpretatus
2116 2510 2230 2565 est,
2255 2500 2436 2569 ibique
2459 2498 2835 2554 Wanslebium
2871 2498 3048 2562 docet,
3076 2494 3269 2564 [lippo-

133 2581 402 2651 quadraginta
450 2584 574 2640 loca
632 2596 1024 2641 commentatus
1067 2595 1150 2641 est
1192 2586 1247 2640 in
1300 2585 1403 2641 hoc
1428 2600 1607 2656 opere.
1712 2593 1879 2662 lytum
1910 2590 2349 2660 aliIEthiopibus
2372 2589 2657 2644 Abulidem
2688 2588 2897 2652 vocari,
2949 2602 3013 2641 ac
3042 2586 3275 2655 denique

130 2668 279 2729 Primus
300 2674 457 2741 locus,
492 2677 590 2731 ubi
626 2678 866 2733 occurrit
895 2694 1091 2734 nomen
1125 2676 1418 2750 Hippolyti,
1449 2687 1533 2735 est
1554 2679 1612 2734 in
1710 2689 1829 2751 post
1856 2680 2284 2735 exhibitosistos
2310 2678 2529 2746 triginta
2551 2687 2674 2733 octo
2696 2692 2935 2732 canones
2956 2677 3073 2730 lucc
3103 2674 3271 2729 addit:

130 2762 287 2821 Genesis
304 2783 411 2837 cap.
442 2786 519 2836 vt,
555 2770 581 2824 l
594 2770 649 2825 7.
1719 2791 1738 2824 ι
1759 2771 1986 2842 Propter
2010 2771 2110 2828 hos
2126 2785 2359 2826 canones
2390 2768 2706 2841 Hippolytus
2722 2777 2951 2823 vocatur
2965 2767 3150 2821 doctor
3169 2764 3274 2820 Ec-

172 2852 322 2912 Verum
344 2858 452 2915 haec
481 2858 807 2932 Hippolytea
834 2861 1151 2919 Fabriciana
1187 2850 1459 2934 excerpta.
1485 2878 1614 2933 sup-
1713 2864 1893 2920 clesiae
1922 2864 1990 2919 ab
2021 2862 2372 2933 [Ethiopibus
2397 2880 2411 2929 ;
2447 2870 2502 2916 et
2532 2870 2640 2916 tam
2673 2861 2741 2916 ab
2765 2861 2918 2930 ipsis,
2946 2850 3108 2928 quam
3142 2873 3171 2911 a
3192 2874 3275 2912 re-

126 2948 297 3013 posititia
323 2967 433 3007 esse
456 2962 786 3008 noscuntur.
812 2953 889 3009 lbi
910 2957 1052 3009 enim
1076 2957 1278 3013 nothus
1300 2957 1615 3029 Hippolytus
1714 2955 1877 3025 liquis
1903 2952 2291 3019 Orientalibus,
2315 2953 2617 3023 appellatur
2650 2968 2785 3023 papa
2818 2951 3120 3018 Romanus,
3146 2965 3271 3003 cum

126 3038 265 3107 ubique
287 3044 576 3112 appellatur
618 3044 904 3115 Expositor
934 3045 1183 3118 Targum,
1216 3048 1464 3119 nuspiam
1488 3064 1615 3104 vero
1716 3055 1897 3100 tamen
1926 3046 1981 3100 in
2013 3043 2271 3115 Catalogo
2294 3044 2607 3114 pontificum
2632 3059 2739 3099 non
2768 3042 3084 3111 reperiatur.
3123 3042 3278 3095 Atta-

102 3130 336 3201 ‘episcopus
366 3146 457 3189 aut
502 3146 748 3208 martyr;
803 3154 925 3194 cum
967 3147 1147 3194 tamen
1191 3140 1388 3196 ibidem
1414 3141 1612 3212 reliqui
1640 3132 1680 3187 C
1716 3153 1837 3193 men
1860 3138 2132 3193 invenitur
2163 3139 2217 3192 in
2251 3137 2557 3208 synaxarils
2586 3135 2896 3190 Graecorum
2934 3150 3039 3187 xxx
3066 3131 3275 3188 Janua-

126 3214 252 3275 Patres
283 3227 491 3295 proprio
552 3228 871 3284 charactere
920 3230 1162 3302 insigniti
1220 3241 1607 3303 compareant:
1714 3228 1914 3298 rii,qui
1948 3235 2031 3283 est
2065 3244 2098 3281 v
2140 3226 2418 3282 Februarii
2457 3225 2596 3295 apud
2624 3224 2925 3293 Ethiopes.
2971 3222 3273 3278 iCmterum

124 3311 302 3370 videlicet
337 3315 390 3371 S.
422 3320 784 3387 Athanasius,
838 3325 1144 3392 patriarcha
1186 3325 1612 3390 Alexandrinus;
1713 3319 1908 3373 horum
1933 3333 2202 3371 canonum
2238 3317 2415 3387 capita
2443 3316 2653 3386 primus
2680 3312 2882 3368 Gallice
2919 3312 3159 3382 vulgavit
3185 3311 3271 3366 Jo.

124 3398 159 3453 S.
184 3402 395 3473 Basilius,
420 3413 697 3482 episcopus
730 3413 1015 3480 Ctesareaa;
1050 3415 1107 3469 S.
1133 3416 1483 3486 Epiphanius,
1505 3417 1615 3486 cpi.
1715 3407 1943 3463 Michael
1970 3408 2319 3463 Wanslcbius
2366 3408 2421 3462 in
2453 3408 2593 3461 libro
2626 3406 2703 3460 De
2750 3404 2990 3459 Ecclesia
3039 3404 3275 3458 Alexan-

122 3510 249 3564 κοριι
271 3499 436 3571 Cypri,
467 3514 579 3559 etc.
609 3505 828 3561 Accedit
848 3506 1120 3580 Hippolyti
1142 3508 1305 3577 hujus
1330 3507 1615 3580 Targumi-
1714 3501 1890 3565 drina,
1920 3500 2144 3555 Parisiis
2168 3500 2325 3562 1677,
2356 3499 2530 3553 ἰηοιὲ.
2582 3498 2775 3552 Latine
2812 3496 2983 3553 Johus
3011 3495 3277 3552 Ludolfus

121 3596 184 3643 512
214 3590 669 3664 interpretationes
705 3614 892 3669 sapere
917 3601 1238 3673 plerumque
1262 3603 1612 3657 rabbinomm
1715 3593 1766 3646 in
1799 3592 2187 3647 Commentario
2218 3593 2286 3644 ad
2315 3589 2994 3657 historiamAi'thiopicam,
3038 3587 3277 3642 Franco-

120 3679 301 3750 incptias,
324 3688 579 3759 indignas
602 3690 760 3759 plane
784 3700 935 3747 tanto
962 3693 1144 3758 Patre,
1175 3703 1412 3765 quantus
1444 3695 1615 3751 fuisse

1779 3683 1842 3737 rti
1878 3683 2034 3745 1691.
2058 3682 2177 3747 l'ol.,
2202 3698 2327 3753 pag.
2356 3683 2480 3747 555,
2511 3694 2565 3736 et
2581 3682 2876 3737 novissime
2896 3680 3043 3735 Guil.
3078 3679 3277 3734 Wisto-

119 3774 357 3838 Pﬂhibetur
389 3780 443 3833 in
468 3782 651 3837 sacris
674 3782 866 3839 litteris
892 3785 1233 3856 potissimum
1262 3786 1614 3856 explanandis
1716 3792 1818 3831 nus
1849 3776 1902 3831 in
1928 3776 2203 3830 volumine
2232 3776 2298 3828 lll
2325 3776 2527 3845 operis,
2556 3774 2701 3844 quod
2727 3773 3066 3828 Primitivum
3123 3773 3278 3826 Chri-

118 3874 229 3919 terus
250 3864 589 3939 Hippolytus.
1714 3868 2049 3921 stianisntum
2074 3876 2314 3920 renatum
2335 3864 2679 3935 inscripsitet
2693 3863 2916 3933 Anglice
2940 3863 3107 3918 edidit
3134 3861 3278 3915 Lon-

120 3969 214 4041 δίνῖ
234 3976 425 4051 Scripta
454 3981 517 4039 S.
561 3982 849 4054 Hippolyto
876 3985 1136 4040 attributa
1176 3988 1238 4041 ab
1272 3985 1615 4057 Etltiopibus

1776 3959 1826 4013 ni
1863 3959 2023 4022 1711,
2058 3958 2132 4023 8°,
2162 3974 2215 4028 p.
2242 3957 2365 4013 545.
2403 3959 2549 4012 Idem
2583 3956 2745 4011 ctiam
2787 3957 2905 4010 loca
2928 3954 3277 4009 Constitutio-

645 4048 694 4108 et
736 4048 1018 4111 Chaldwis.
1463 4048 1473 4057 ’
1714 4067 1840 4104 num
1865 4049 2277 4119 apostolicarum
2307 4049 2579 4105 adnotavit
2609 4049 2677 4103 de
2709 4048 2900 4102 iisdem
2938 4048 3277 4114 argumentis

164 4134 344 4196 Sileatio
362 4143 601 4213 denique
622 4149 960 4215 praeterimus
984 4149 1387 4205 lucubrationes
1406 4149 1463 4206 S.
1481 4148 1615 4220 Hip-
1716 4144 2021 4199 tractantia.
2054 4143 2337 4199 Fabricius
2365 4143 2580 4197 tandem
2604 4141 2672 4196 ad
2691 4142 2894 4196 calcem
2923 4136 3275 4207 prazl‘ationis,

116 4228 242 4296 polyto
281 4248 309 4287 a
346 4233 788 4305 Syro-Chaldaeis
837 4240 1089 4303 tributas,
1138 4258 1274 4310 quas
1324 4241 1377 4295 in
1423 4242 1615 4295 biblio—
1716 4250 1867 4288 num.
1896 4233 1986 4301 22,
2016 4235 2079 4289 ad
2117 4233 2362 4288 tomuml
2399 4232 2534 4302 Opp.
2570 4230 2842 4303 Hippolyti
2866 4226 3166 4298 subjunxit,
3200 4225 3277 4280 in-

118 4316 217 4372 theca
235 4321 481 4382 Orientali
498 4327 849 4385 Clementino-
863 4330 1285 4388 Vaticanatouto
1301 4331 1390 4397 Ill,
1413 4341 1554 4403 part.
1574 4348 1613 4396 ι,
1717 4327 1943 4382 serenda
1977 4328 2111 4382 alias
2132 4328 2273 4382 infra
2311 4343 2433 4399 pag.
2462 4327 2585 4381 9.6L

602 4607 782 4720 DE
861 4609 1590 4729 DOCTRINA
1677 4614 1792 4730 S.
1882 4612 2705 4727 HIPPOLYTI.

1158 4904 1538 4996 CAPUT
1616 4903 2146 4996 PRIMUM.

1039 5062 1701 5127 OBSERVATIONES
1749 5062 2266 5126 DOGMATICZE.

579 5175 980 5234 ARTICULUS
1026 5179 1067 5236 1.
1635 5198 1681 5251 ι)
1706 5185 1965 5241 veritates
2002 5181 2283 5254 religionis
2314 5180 2659 5237 Christianae.
2721 5178 2795 5235 Ut
2832 5187 3011 5234 autem
3058 5193 3091 5233 a
3123 5190 3278 5233 sacra

154 5274 205 5317 es
236 5280 275 5319 s.
310 5281 605 5323 SCIIPTURA
632 5286 907 5335 Ltnntsoue
945 5289 1221 5337 ALIQUIBUS
1254 5291 1536 5332 osursno-
1718 5278 1994 5348 Scriptura
2039 5276 2338 5340 ordiamur,
2375 5274 2427 5330 id
2456 5275 2634 5344 primo
2664 5274 2784 5328 loco
2827 5272 3125 5326 notandum
3174 5280 3277 5334 est,

644 5378 960 5428 .CANONICIS-
1714 5380 1985 5426 vetustum
2027 5369 2174 5422 hunc
2213 5368 2530 5437 episcopum
2573 5379 2871 5435 agnoscere
2908 5363 3146 5418 divinam
3191 5378 3280 5419 sa-

157 5443 409 5516 lnspiratio
438 5453 619 5507 divina
648 5471 815 5509 sacra:
844 5454 1157 5520 Scriptum.
1191 5489 1260 5498 —
1283 5457 1607 5515 innumeros
1716 5478 1933 5517 crorum
1970 5461 2232 5515 librorum
2278 5458 2688 5528 inspirationem
2717 5475 2730 5524 ;
2776 5457 2934 5511 docet
2980 5457 3125 5511 enim
3153 5470 3282 5526 pro-

112 5535 315 5597 hibemus
339 5542 393 5598 in
425 5544 552 5598 divo
576 5544 855 5617 Hippolyto
878 5549 1135 5606 articulos
1160 5551 1303 5606 circa
1324 5551 1609 5621 primarius
1715 5556 1926 5624 phetas,
1978 5553 2079 5609 hoc
2133 5562 2216 5609 est
2262 5566 2449 5609 sacros
2480 5552 2797 5621 scriptores,
2833 5550 2926 5627 qui
2977 5550 3281 5623 antiquitus

249 5652 462 5735 §amuel
502 5656 987 5735 Hasnage,__.dnnal.
1022 5664 1343 5735 polit.eccl.,
1372 5676 1502 5720 tom.
1530 5664 1594 5727 ll,
1636 5682 1689 5735 p.
1724 5666 1846 5722 290.

176 5720 215 5789 9)
251 5722 481 5794 Fabric.,
510 5726 637 5798 Opp.
667 5720 723 5784 ς.
742 5720 1051 5801 ἸΙὶρροιὶίί,
1075 5728 1206 5790 tom.
1236 5733 1301 5801 ll,
1331 5720 1391 5798 ἰλ
1415 5737 1547 5791 57-1
1564 5720 1604 5788 ξ.
