  <div class='ocr_page' id='page_1' title='image "/cluster/home/n/w/nwhite01/storage/ocr_20150623/10/hvd.32044073501330/195.png"; bbox 0 0 3844 6188; ppageno 0'>
   <div class='ocr_carea' id='block_1_1' title="bbox 579 291 682 346">
    <p class='ocr_par' dir='ltr' id='par_1_1' title="bbox 579 291 682 346">
     <span class='ocr_line' id='line_1_1' title="bbox 579 291 682 346; baseline 0 0"><span class='ocrx_word' id='word_1_1' title='bbox 579 291 682 346; x_wconf 73' lang='grc'><strong>551</strong></span> 
     </span>
    </p>
   </div>
   <div class='ocr_carea' id='block_1_2' title="bbox 1556 291 2826 353">
    <p class='ocr_par' dir='ltr' id='par_1_2' title="bbox 1556 291 2826 353">
     <span class='ocr_line' id='line_1_2' title="bbox 1556 291 2826 353; baseline 0.005 -7"><span class='ocrx_word' id='word_1_2' title='bbox 1556 291 1644 348; x_wconf 85' lang='lat' dir='ltr'><strong>DE</strong></span> <span class='ocrx_word' id='word_1_3' title='bbox 1677 292 1840 348; x_wconf 80' lang='lat' dir='ltr'><strong>VITA</strong></span> <span class='ocrx_word' id='word_1_4' title='bbox 1878 294 1968 349; x_wconf 88' lang='lat' dir='ltr'><strong>ET</strong></span> <span class='ocrx_word' id='word_1_5' title='bbox 2009 293 2320 351; x_wconf 78' lang='lat' dir='ltr'><strong>SCRIPTIS</strong></span> <span class='ocrx_word' id='word_1_6' title='bbox 2353 296 2411 351; x_wconf 85' lang='lat' dir='ltr'><strong>S.</strong></span> <span class='ocrx_word' id='word_1_7' title='bbox 2446 294 2826 353; x_wconf 87' lang='lat' dir='ltr'><strong>lllPPOLYTI.</strong></span> 
     </span>
    </p>
   </div>
   <div class='ocr_carea' id='block_1_3' title="bbox 3706 299 3816 346">
    <p class='ocr_par' dir='ltr' id='par_1_3' title="bbox 3706 299 3816 346">
     <span class='ocr_line' id='line_1_3' title="bbox 3706 299 3816 346; baseline -0.018 0"><span class='ocrx_word' id='word_1_8' title='bbox 3706 299 3816 346; x_wconf 64' lang='lat' dir='ltr'><strong>5J1</strong></span> 
     </span>
    </p>
   </div>
   <div class='ocr_carea' id='block_1_4' title="bbox 579 405 3814 480">
    <p class='ocr_par' dir='ltr' id='par_1_4' title="bbox 579 405 3814 480">
     <span class='ocr_line' id='line_1_4' title="bbox 579 405 3814 480; baseline -0.002 -16"><span class='ocrx_word' id='word_1_9' title='bbox 579 409 788 465; x_wconf 83' lang='lat' dir='ltr'><strong>scilicet</strong></span> <span class='ocrx_word' id='word_1_10' title='bbox 807 405 1024 474; x_wconf 82' lang='lat' dir='ltr'><strong>Filium,</strong></span> <span class='ocrx_word' id='word_1_11' title='bbox 1048 422 1290 478; x_wconf 87' lang='lat' dir='ltr'><strong>passum,</strong></span> <span class='ocrx_word' id='word_1_12' title='bbox 1314 408 1456 464; x_wconf 87' lang='lat' dir='ltr'><strong>sicut</strong></span> <span class='ocrx_word' id='word_1_13' title='bbox 1473 423 1668 477; x_wconf 86' lang='lat' dir='ltr'><strong>passus</strong></span> <span class='ocrx_word' id='word_1_14' title='bbox 1691 419 2141 479; x_wconf 89' lang='lat' dir='ltr'><strong>est;mortuum,</strong></span> <span class='ocrx_word' id='word_1_15' title='bbox 2173 417 2212 473; x_wconf 79' lang='grc' dir='ltr'><strong>Α</strong></span> <span class='ocrx_word' id='word_1_16' title='bbox 2245 410 2405 468; x_wconf 86' lang='lat' dir='ltr'><strong>Pater</strong></span> <span class='ocrx_word' id='word_1_17' title='bbox 2445 412 2541 468; x_wconf 88' lang='lat' dir='ltr'><strong>lib.</strong></span> <span class='ocrx_word' id='word_1_18' title='bbox 2592 411 2668 467; x_wconf 82' lang='lat' dir='ltr'><strong>De</strong></span> <span class='ocrx_word' id='word_1_19' title='bbox 2712 411 3068 477; x_wconf 79' lang='lat' dir='ltr'><strong>Antichrislo,</strong></span> <span class='ocrx_word' id='word_1_20' title='bbox 3109 426 3229 480; x_wconf 98' lang='lat' dir='ltr'><strong>cap.</strong></span> <span class='ocrx_word' id='word_1_21' title='bbox 3260 411 3317 473; x_wconf 79' lang='lat' dir='ltr'><strong>l,</strong></span> <span class='ocrx_word' id='word_1_22' title='bbox 3364 406 3517 462; x_wconf 83' lang='lat' dir='ltr'><strong>Pauli</strong></span> <span class='ocrx_word' id='word_1_23' title='bbox 3573 406 3814 477; x_wconf 73' lang='lat' dir='ltr'><strong>apostoli</strong></span> 
     </span>
    </p>
   </div>
   <div class='ocr_carea' id='block_1_5' title="bbox 578 500 2137 570">
    <p class='ocr_par' dir='ltr' id='par_1_5' title="bbox 578 500 2137 570">
     <span class='ocr_line' id='line_1_5' title="bbox 578 500 2137 570; baseline 0.003 -14"><span class='ocrx_word' id='word_1_24' title='bbox 578 501 735 556; x_wconf 86' lang='lat' dir='ltr'><strong>sicut&#39;</strong></span> <span class='ocrx_word' id='word_1_25' title='bbox 755 507 1005 555; x_wconf 89' lang='lat' dir='ltr'><strong>mortuus</strong></span> <span class='ocrx_word' id='word_1_26' title='bbox 1028 509 1143 568; x_wconf 90' lang='lat' dir='ltr'><strong>est;</strong></span> <span class='ocrx_word' id='word_1_27' title='bbox 1175 508 1229 556; x_wconf 91' lang='lat' dir='ltr'><strong>et</strong></span> <span class='ocrx_word' id='word_1_28' title='bbox 1269 500 1592 558; x_wconf 89' lang='lat' dir='ltr'><strong>suscitatum</strong></span> <span class='ocrx_word' id='word_1_29' title='bbox 1638 503 1791 556; x_wconf 88' lang='lat' dir='ltr'><strong>tertia</strong></span> <span class='ocrx_word' id='word_1_30' title='bbox 1827 502 1937 570; x_wconf 90' lang='lat' dir='ltr'><strong>die,</strong></span> <span class='ocrx_word' id='word_1_31' title='bbox 1967 514 2021 558; x_wconf 91' lang='lat' dir='ltr'><strong>et</strong></span> <span class='ocrx_word' id='word_1_32' title='bbox 2049 519 2137 560; x_wconf 88' lang='lat' dir='ltr'><strong>se-</strong></span> 
     </span>
    </p>
   </div>
   <div class='ocr_carea' id='block_1_6' title="bbox 575 587 2138 664">
    <p class='ocr_par' dir='ltr' id='par_1_6' title="bbox 575 587 2138 664">
     <span class='ocr_line' id='line_1_6' title="bbox 575 587 2138 664; baseline 0.002 -18"><span class='ocrx_word' id='word_1_33' title='bbox 575 591 793 646; x_wconf 89' lang='lat' dir='ltr'><strong>dentem</strong></span> <span class='ocrx_word' id='word_1_34' title='bbox 823 588 891 644; x_wconf 87' lang='lat' dir='ltr'><strong>ad</strong></span> <span class='ocrx_word' id='word_1_35' title='bbox 923 590 1199 644; x_wconf 73' lang='lat' dir='ltr'><strong>dexteram</strong></span> <span class='ocrx_word' id='word_1_36' title='bbox 1233 587 1443 656; x_wconf 81' lang='lat' dir='ltr'><strong>Patris,</strong></span> <span class='ocrx_word' id='word_1_37' title='bbox 1474 601 1870 662; x_wconf 81' lang='lat' dir='ltr'><strong>venturumque</strong></span> <span class='ocrx_word' id='word_1_38' title='bbox 1899 593 1965 648; x_wconf 91' lang='lat' dir='ltr'><strong>ad</strong></span> <span class='ocrx_word' id='word_1_39' title='bbox 1990 594 2138 664; x_wconf 88' lang='lat' dir='ltr'><strong>judi-</strong></span> 
     </span>
    </p>
   </div>
   <div class='ocr_carea' id='block_1_7' title="bbox 574 681 2136 756">
    <p class='ocr_par' dir='ltr' id='par_1_7' title="bbox 574 681 2136 756">
     <span class='ocr_line' id='line_1_7' title="bbox 574 681 2136 756; baseline 0.003 -20"><span class='ocrx_word' id='word_1_40' title='bbox 574 682 808 736; x_wconf 88' lang='lat' dir='ltr'><strong>candum</strong></span> <span class='ocrx_word' id='word_1_41' title='bbox 843 683 994 738; x_wconf 85' lang='lat' dir='ltr'><strong>vivos</strong></span> <span class='ocrx_word' id='word_1_42' title='bbox 1019 691 1074 736; x_wconf 90' lang='lat' dir='ltr'><strong>et</strong></span> <span class='ocrx_word' id='word_1_43' title='bbox 1099 691 1360 737; x_wconf 91' lang='lat' dir='ltr'><strong>mortuos.</strong></span> <span class='ocrx_word' id='word_1_44' title='bbox 1393 681 1568 752; x_wconf 81' lang='lat' dir='ltr'><strong>Atque</strong></span> <span class='ocrx_word' id='word_1_45' title='bbox 1587 683 1704 738; x_wconf 75' lang='lat' dir='ltr'><strong>hzec</strong></span> <span class='ocrx_word' id='word_1_46' title='bbox 1735 684 1987 747; x_wconf 90' lang='lat' dir='ltr'><strong>dicimus,</strong></span> <span class='ocrx_word' id='word_1_47' title='bbox 2016 701 2136 756; x_wconf 65' lang='lat' dir='ltr'><strong>quae</strong></span> 
     </span>
    </p>
   </div>
   <div class='ocr_carea' id='block_1_8' title="bbox 573 772 2135 844">
    <p class='ocr_par' dir='ltr' id='par_1_8' title="bbox 573 772 2135 844">
     <span class='ocr_line' id='line_1_8' title="bbox 573 772 2135 844; baseline 0.004 -17"><span class='ocrx_word' id='word_1_48' title='bbox 573 772 884 828; x_wconf 89' lang='lat' dir='ltr'><strong>didicimus.</strong></span> <span class='ocrx_word' id='word_1_49' title='bbox 924 792 942 824; x_wconf 76' lang='grc' dir='ltr'><strong><em>ι</em></strong></span> <span class='ocrx_word' id='word_1_50' title='bbox 975 772 1116 839; x_wconf 85' lang='lat' dir='ltr'><strong>Quid</strong></span> <span class='ocrx_word' id='word_1_51' title='bbox 1163 773 1489 829; x_wconf 89' lang='lat' dir='ltr'><strong>luculentius</strong></span> <span class='ocrx_word' id='word_1_52' title='bbox 1522 774 1703 830; x_wconf 87' lang='lat' dir='ltr'><strong>dicere</strong></span> <span class='ocrx_word' id='word_1_53' title='bbox 1745 777 2010 844; x_wconf 91' lang='lat' dir='ltr'><strong>potuisset</strong></span> <span class='ocrx_word' id='word_1_54' title='bbox 2048 779 2135 834; x_wconf 89' lang='lat' dir='ltr'><strong>hic</strong></span> 
     </span>
    </p>
   </div>
   <div class='ocr_carea' id='block_1_9' title="bbox 575 865 2131 938">
    <p class='ocr_par' dir='ltr' id='par_1_9' title="bbox 575 865 2131 938">
     <span class='ocr_line' id='line_1_9' title="bbox 575 865 2131 938; baseline 0.003 -18"><span class='ocrx_word' id='word_1_55' title='bbox 575 874 798 920; x_wconf 87' lang='lat' dir='ltr'><strong>sanctus</strong></span> <span class='ocrx_word' id='word_1_56' title='bbox 833 865 993 920; x_wconf 85' lang='lat' dir='ltr'><strong>Pater</strong></span> <span class='ocrx_word' id='word_1_57' title='bbox 1040 879 1139 936; x_wconf 92' lang='lat' dir='ltr'><strong>pro</strong></span> <span class='ocrx_word' id='word_1_58' title='bbox 1185 867 1475 921; x_wconf 86' lang='lat' dir='ltr'><strong>asserenda</strong></span> <span class='ocrx_word' id='word_1_59' title='bbox 1523 867 1815 923; x_wconf 88' lang='lat' dir='ltr'><strong>traditione</strong></span> <span class='ocrx_word' id='word_1_60' title='bbox 1853 871 2131 938; x_wconf 89' lang='lat' dir='ltr'><strong>apostolo-</strong></span> 
     </span>
    </p>
   </div>
   <div class='ocr_carea' id='block_1_10' title="bbox 572 955 2134 1028">
    <p class='ocr_par' dir='ltr' id='par_1_10' title="bbox 572 955 2134 1028">
     <span class='ocr_line' id='line_1_10' title="bbox 572 955 2134 1028; baseline 0.005 -19"><span class='ocrx_word' id='word_1_61' title='bbox 572 955 982 1010; x_wconf 84' lang='lat' dir='ltr'><strong>rum?Accedit</strong></span> <span class='ocrx_word' id='word_1_62' title='bbox 1028 955 1149 1018; x_wconf 88' lang='lat' dir='ltr'><strong>his,</strong></span> <span class='ocrx_word' id='word_1_63' title='bbox 1201 957 1344 1026; x_wconf 89' lang='lat' dir='ltr'><strong>quod</strong></span> <span class='ocrx_word' id='word_1_64' title='bbox 1395 957 1661 1028; x_wconf 77' lang='lat' dir='ltr'><strong>integrum</strong></span> <span class='ocrx_word' id='word_1_65' title='bbox 1711 967 1998 1017; x_wconf 83' lang='lat' dir='ltr'><strong>tractatum</strong></span> <span class='ocrx_word' id='word_1_66' title='bbox 2057 962 2134 1017; x_wconf 85' lang='lat' dir='ltr'><strong>De</strong></span> 
     </span>
    </p>
   </div>
   <div class='ocr_carea' id='block_1_11' title="bbox 571 1047 1534 1117">
    <p class='ocr_par' dir='ltr' id='par_1_11' title="bbox 571 1047 1534 1117">
     <span class='ocr_line' id='line_1_11' title="bbox 571 1047 1534 1117; baseline 0.006 -18"><span class='ocrx_word' id='word_1_67' title='bbox 571 1047 931 1117; x_wconf 78' lang='lat' dir='ltr'><strong>apostolorum</strong></span> <span class='ocrx_word' id='word_1_68' title='bbox 966 1048 1248 1102; x_wconf 85' lang='lat' dir='ltr'><strong>traditione</strong></span> <span class='ocrx_word' id='word_1_69' title='bbox 1275 1050 1534 1106; x_wconf 81' lang='lat' dir='ltr'><strong>exararit.</strong></span> 
     </span>
    </p>
   </div>
   <div class='ocr_carea' id='block_1_12' title="bbox 641 1138 2134 1214">
    <p class='ocr_par' dir='ltr' id='par_1_12' title="bbox 641 1138 2134 1214">
     <span class='ocr_line' id='line_1_12' title="bbox 641 1138 2134 1214; baseline 0.007 -23"><span class='ocrx_word' id='word_1_70' title='bbox 641 1138 886 1193; x_wconf 89' lang='lat' dir='ltr'><strong>Conatur</strong></span> <span class='ocrx_word' id='word_1_71' title='bbox 917 1142 1134 1209; x_wconf 90' lang='lat' dir='ltr'><strong>quidem</strong></span> <span class='ocrx_word' id='word_1_72' title='bbox 1184 1143 1297 1198; x_wconf 59' lang='lat' dir='ltr'><strong>hac</strong></span> <span class='ocrx_word' id='word_1_73' title='bbox 1337 1153 1653 1212; x_wconf 81' lang='lat' dir='ltr'><strong>argumenta</strong></span> <span class='ocrx_word' id='word_1_74' title='bbox 1700 1160 1798 1214; x_wconf 90' lang='lat' dir='ltr'><strong>pro</strong></span> <span class='ocrx_word' id='word_1_75' title='bbox 1841 1147 2134 1202; x_wconf 90' lang='lat' dir='ltr'><strong>traditione</strong></span> 
     </span>
    </p>
   </div>
   <div class='ocr_carea' id='block_1_13' title="bbox 571 1229 2134 1304">
    <p class='ocr_par' dir='ltr' id='par_1_13' title="bbox 571 1229 2134 1304">
     <span class='ocr_line' id='line_1_13' title="bbox 571 1229 2134 1304; baseline 0.009 -22"><span class='ocrx_word' id='word_1_76' title='bbox 571 1246 638 1283; x_wconf 74' lang='lat' dir='ltr'><strong>ex</strong></span> <span class='ocrx_word' id='word_1_77' title='bbox 689 1229 746 1286; x_wconf 92' lang='lat' dir='ltr'><strong>S.</strong></span> <span class='ocrx_word' id='word_1_78' title='bbox 783 1229 1069 1303; x_wconf 87' lang='lat' dir='ltr'><strong>Hippolyto</strong></span> <span class='ocrx_word' id='word_1_79' title='bbox 1114 1235 1315 1304; x_wconf 87' lang='lat' dir='ltr'><strong>petita,</strong></span> <span class='ocrx_word' id='word_1_80' title='bbox 1361 1237 1470 1290; x_wconf 87' lang='lat' dir='ltr'><strong>alio</strong></span> <span class='ocrx_word' id='word_1_81' title='bbox 1522 1237 1643 1292; x_wconf 91' lang='lat' dir='ltr'><strong>loco</strong></span> <span class='ocrx_word' id='word_1_82' title='bbox 1689 1253 1756 1291; x_wconf 83' lang='lat' dir='ltr'><strong>ex</strong></span> <span class='ocrx_word' id='word_1_83' title='bbox 1790 1249 1979 1294; x_wconf 89' lang='lat' dir='ltr'><strong>sancto</strong></span> <span class='ocrx_word' id='word_1_84' title='bbox 2031 1240 2134 1297; x_wconf 91' lang='lat' dir='ltr'><strong>hoc</strong></span> 
     </span>
    </p>
   </div>
   <div class='ocr_carea' id='block_1_14' title="bbox 571 1322 2132 1394">
    <p class='ocr_par' dir='ltr' id='par_1_14' title="bbox 571 1322 2132 1394">
     <span class='ocr_line' id='line_1_14' title="bbox 571 1322 2132 1394; baseline 0.01 -18"><span class='ocrx_word' id='word_1_85' title='bbox 571 1322 732 1379; x_wconf 84' lang='lat' dir='ltr'><strong>Patre</strong></span> <span class='ocrx_word' id='word_1_86' title='bbox 767 1325 1083 1394; x_wconf 76' lang='lat' dir='ltr'><strong>desumpta,</strong></span> <span class='ocrx_word' id='word_1_87' title='bbox 1121 1327 1374 1384; x_wconf 85' lang='lat' dir='ltr'><strong>Albertus</strong></span> <span class='ocrx_word' id='word_1_88' title='bbox 1401 1329 1681 1386; x_wconf 83' lang='lat' dir='ltr'><strong>Fabricius</strong></span> <span class='ocrx_word' id='word_1_89' title='bbox 1701 1331 1923 1390; x_wconf 86' lang='lat' dir='ltr'><strong>elidere.</strong></span> <span class='ocrx_word' id='word_1_90' title='bbox 1956 1335 2132 1392; x_wconf 91' lang='lat' dir='ltr'><strong>Locus</strong></span> 
     </span>
    </p>
   </div>
   <div class='ocr_carea' id='block_1_15' title="bbox 569 1415 2128 1493">
    <p class='ocr_par' dir='ltr' id='par_1_15' title="bbox 569 1415 2128 1493">
     <span class='ocr_line' id='line_1_15' title="bbox 569 1415 2128 1493; baseline 0.009 -24"><span class='ocrx_word' id='word_1_91' title='bbox 569 1425 748 1469; x_wconf 88' lang='lat' dir='ltr'><strong>autem</strong></span> <span class='ocrx_word' id='word_1_92' title='bbox 777 1415 833 1471; x_wconf 91' lang='lat' dir='ltr'><strong>S.</strong></span> <span class='ocrx_word' id='word_1_93' title='bbox 867 1415 1134 1488; x_wconf 83' lang='lat' dir='ltr'><strong>Hippolyti</strong></span> <span class='ocrx_word' id='word_1_94' title='bbox 1161 1419 1234 1472; x_wconf 86' lang='lat' dir='ltr'><strong>ita</strong></span> <span class='ocrx_word' id='word_1_95' title='bbox 1255 1429 1412 1474; x_wconf 90' lang='lat' dir='ltr'><strong>sonat</strong></span> <span class='ocrx_word' id='word_1_96' title='bbox 1444 1421 1556 1490; x_wconf 84' lang='grc'><strong>(51)</strong></span> <span class='ocrx_word' id='word_1_97' title='bbox 1583 1438 1597 1474; x_wconf 88' lang='lat'><strong>:</strong></span> <span class='ocrx_word' id='word_1_98' title='bbox 1627 1443 1647 1474; x_wconf 73' lang='grc' dir='ltr'><strong><em>ι</em></strong></span> <span class='ocrx_word' id='word_1_99' title='bbox 1675 1422 1829 1481; x_wconf 92' lang='lat' dir='ltr'><strong>Unus</strong></span> <span class='ocrx_word' id='word_1_100' title='bbox 1860 1425 2001 1481; x_wconf 90' lang='lat' dir='ltr'><strong>Deus</strong></span> <span class='ocrx_word' id='word_1_101' title='bbox 2026 1438 2128 1493; x_wconf 91' lang='lat' dir='ltr'><strong>est,</strong></span> 
     </span>
    </p>
   </div>
   <div class='ocr_carea' id='block_1_16' title="bbox 569 1509 2131 1588">
    <p class='ocr_par' dir='ltr' id='par_1_16' title="bbox 569 1509 2131 1588">
     <span class='ocr_line' id='line_1_16' title="bbox 569 1509 2131 1588; baseline 0.008 -28"><span class='ocrx_word' id='word_1_102' title='bbox 569 1523 728 1576; x_wconf 90' lang='lat' dir='ltr'><strong>quem</strong></span> <span class='ocrx_word' id='word_1_103' title='bbox 767 1523 870 1562; x_wconf 90' lang='lat' dir='ltr'><strong>non</strong></span> <span class='ocrx_word' id='word_1_104' title='bbox 907 1509 1154 1576; x_wconf 85' lang='lat' dir='ltr'><strong>aliunde,</strong></span> <span class='ocrx_word' id='word_1_105' title='bbox 1188 1509 1414 1575; x_wconf 90' lang='lat' dir='ltr'><strong>fratres,</strong></span> <span class='ocrx_word' id='word_1_106' title='bbox 1451 1515 1832 1584; x_wconf 83' lang='lat' dir='ltr'><strong>agnoscimus,</strong></span> <span class='ocrx_word' id='word_1_107' title='bbox 1869 1534 2030 1588; x_wconf 94' lang='lat' dir='ltr'><strong>quam</strong></span> <span class='ocrx_word' id='word_1_108' title='bbox 2063 1536 2131 1573; x_wconf 76' lang='lat' dir='ltr'><strong>ex</strong></span> 
     </span>
    </p>
   </div>
   <div class='ocr_carea' id='block_1_17' title="bbox 568 1599 2131 1678">
    <p class='ocr_par' dir='ltr' id='par_1_17' title="bbox 568 1599 2131 1678">
     <span class='ocr_line' id='line_1_17' title="bbox 568 1599 2131 1678; baseline 0.006 -24"><span class='ocrx_word' id='word_1_109' title='bbox 568 1599 773 1654; x_wconf 83' lang='lat' dir='ltr'><strong>sanctis</strong></span> <span class='ocrx_word' id='word_1_110' title='bbox 796 1599 1110 1670; x_wconf 82' lang='lat' dir='ltr'><strong>Scripluris.</strong></span> <span class='ocrx_word' id='word_1_111' title='bbox 1143 1603 1608 1669; x_wconf 85' lang='lat' dir='ltr'><strong>Quemadmodum</strong></span> <span class='ocrx_word' id='word_1_112' title='bbox 1629 1608 1775 1662; x_wconf 91' lang='lat' dir='ltr'><strong>enim</strong></span> <span class='ocrx_word' id='word_1_113' title='bbox 1803 1609 1848 1664; x_wconf 82' lang='lat' dir='ltr'><strong>si</strong></span> <span class='ocrx_word' id='word_1_114' title='bbox 1873 1611 1996 1678; x_wconf 86' lang='lat' dir='ltr'><strong>quis</strong></span> <span class='ocrx_word' id='word_1_115' title='bbox 2018 1612 2131 1664; x_wconf 86' lang='lat' dir='ltr'><strong>vel-</strong></span> 
     </span>
    </p>
   </div>
   <div class='ocr_carea' id='block_1_18' title="bbox 567 1692 2130 1765">
    <p class='ocr_par' dir='ltr' id='par_1_18' title="bbox 567 1692 2130 1765">
     <span class='ocr_line' id='line_1_18' title="bbox 567 1692 2130 1765; baseline 0.008 -21"><span class='ocrx_word' id='word_1_116' title='bbox 567 1692 640 1744; x_wconf 89' lang='lat' dir='ltr'><strong>let</strong></span> <span class='ocrx_word' id='word_1_117' title='bbox 666 1693 984 1761; x_wconf 86' lang='lat' dir='ltr'><strong>sapientiam</strong></span> <span class='ocrx_word' id='word_1_118' title='bbox 1015 1695 1177 1765; x_wconf 83' lang='lat' dir='ltr'><strong>hujus</strong></span> <span class='ocrx_word' id='word_1_119' title='bbox 1211 1697 1392 1752; x_wconf 68' lang='lat' dir='ltr'><strong>sazculi</strong></span> <span class='ocrx_word' id='word_1_120' title='bbox 1422 1713 1692 1763; x_wconf 84' lang='lat' dir='ltr'><strong>exercere,</strong></span> <span class='ocrx_word' id='word_1_121' title='bbox 1718 1715 1825 1754; x_wconf 94' lang='lat' dir='ltr'><strong>non</strong></span> <span class='ocrx_word' id='word_1_122' title='bbox 1849 1701 2006 1756; x_wconf 87' lang='lat' dir='ltr'><strong>aliter</strong></span> <span class='ocrx_word' id='word_1_123' title='bbox 2026 1703 2130 1758; x_wconf 92' lang='lat' dir='ltr'><strong>hoc</strong></span> 
     </span>
    </p>
   </div>
   <div class='ocr_carea' id='block_1_19' title="bbox 567 1783 2128 1862">
    <p class='ocr_par' dir='ltr' id='par_1_19' title="bbox 567 1783 2128 1862">
     <span class='ocr_line' id='line_1_19' title="bbox 567 1783 2128 1862; baseline 0.008 -27"><span class='ocrx_word' id='word_1_124' title='bbox 567 1783 826 1852; x_wconf 87' lang='lat' dir='ltr'><strong>consequi</strong></span> <span class='ocrx_word' id='word_1_125' title='bbox 872 1786 1087 1854; x_wconf 90' lang='lat' dir='ltr'><strong>poterit,</strong></span> <span class='ocrx_word' id='word_1_126' title='bbox 1125 1787 1231 1842; x_wconf 85' lang='lat' dir='ltr'><strong>nisi</strong></span> <span class='ocrx_word' id='word_1_127' title='bbox 1275 1788 1527 1858; x_wconf 80' lang='lat' dir='ltr'><strong>dogmata</strong></span> <span class='ocrx_word' id='word_1_128' title='bbox 1571 1791 2020 1862; x_wconf 86' lang='lat' dir='ltr'><strong>philosophorum</strong></span> <span class='ocrx_word' id='word_1_129' title='bbox 2052 1795 2128 1849; x_wconf 88' lang='lat' dir='ltr'><strong>le-</strong></span> 
     </span>
    </p>
   </div>
   <div class='ocr_carea' id='block_1_20' title="bbox 566 1875 2126 1952">
    <p class='ocr_par' dir='ltr' id='par_1_20' title="bbox 566 1875 2126 1952">
     <span class='ocr_line' id='line_1_20' title="bbox 566 1875 2126 1952; baseline 0.009 -26"><span class='ocrx_word' id='word_1_130' title='bbox 566 1883 694 1942; x_wconf 80' lang='lat' dir='ltr'><strong>gat;</strong></span> <span class='ocrx_word' id='word_1_131' title='bbox 746 1875 828 1930; x_wconf 91' lang='lat' dir='ltr'><strong>sic</strong></span> <span class='ocrx_word' id='word_1_132' title='bbox 879 1876 1191 1946; x_wconf 87' lang='lat' dir='ltr'><strong>quicunque</strong></span> <span class='ocrx_word' id='word_1_133' title='bbox 1241 1880 1492 1937; x_wconf 85' lang='lat' dir='ltr'><strong>volumus</strong></span> <span class='ocrx_word' id='word_1_134' title='bbox 1537 1884 1790 1952; x_wconf 89' lang='lat' dir='ltr'><strong>pietatem</strong></span> <span class='ocrx_word' id='word_1_135' title='bbox 1848 1885 1903 1938; x_wconf 92' lang='lat' dir='ltr'><strong>in</strong></span> <span class='ocrx_word' id='word_1_136' title='bbox 1958 1885 2126 1940; x_wconf 92' lang='lat' dir='ltr'><strong>Deum</strong></span> 
     </span>
    </p>
   </div>
   <div class='ocr_carea' id='block_1_21' title="bbox 565 1970 2157 2047">
    <p class='ocr_par' dir='ltr' id='par_1_21' title="bbox 565 1970 2157 2047">
     <span class='ocr_line' id='line_1_21' title="bbox 565 1970 2157 2047; baseline 0.011 -29"><span class='ocrx_word' id='word_1_137' title='bbox 565 1980 842 2034; x_wconf 81' lang='lat' dir='ltr'><strong>exercere,</strong></span> <span class='ocrx_word' id='word_1_138' title='bbox 869 1985 975 2022; x_wconf 86' lang='lat' dir='ltr'><strong>non</strong></span> <span class='ocrx_word' id='word_1_139' title='bbox 1001 1970 1218 2026; x_wconf 89' lang='lat' dir='ltr'><strong>aliunde</strong></span> <span class='ocrx_word' id='word_1_140' title='bbox 1239 1972 1515 2029; x_wconf 86' lang='lat' dir='ltr'><strong>discemus</strong></span> <span class='ocrx_word' id='word_1_141' title='bbox 1540 1991 1704 2045; x_wconf 89' lang='lat' dir='ltr'><strong>quam</strong></span> <span class='ocrx_word' id='word_1_142' title='bbox 1735 1993 1800 2030; x_wconf 78' lang='lat' dir='ltr'><strong>ex</strong></span> <span class='ocrx_word' id='word_1_143' title='bbox 1833 1976 2157 2047; x_wconf 69' lang='lat' dir='ltr'><strong>Scripturis&#39;</strong></span> 
     </span>
    </p>
   </div>
   <div class='ocr_carea' id='block_1_22' title="bbox 565 2058 2130 2127">
    <p class='ocr_par' dir='ltr' id='par_1_22' title="bbox 565 2058 2130 2127">
     <span class='ocr_line' id='line_1_22' title="bbox 565 2058 2130 2127; baseline 0.012 -17"><span class='ocrx_word' id='word_1_144' title='bbox 565 2058 784 2112; x_wconf 78' lang='lat' dir='ltr'><strong>divinis.</strong></span> <span class='ocrx_word' id='word_1_145' title='bbox 838 2079 856 2110; x_wconf 71' lang='grc' dir='ltr'><strong><em>υ</em></strong></span> <span class='ocrx_word' id='word_1_146' title='bbox 894 2058 1058 2116; x_wconf 80' lang='lat' dir='ltr'><strong>Visus</strong></span> <span class='ocrx_word' id='word_1_147' title='bbox 1089 2073 1172 2119; x_wconf 91' lang='lat' dir='ltr'><strong>est</strong></span> <span class='ocrx_word' id='word_1_148' title='bbox 1204 2063 1306 2119; x_wconf 85' lang='lat' dir='ltr'><strong>sibi</strong></span> <span class='ocrx_word' id='word_1_149' title='bbox 1339 2065 1622 2123; x_wconf 87' lang='lat' dir='ltr'><strong>Fabricius</strong></span> <span class='ocrx_word' id='word_1_150' title='bbox 1653 2069 1706 2123; x_wconf 89' lang='lat' dir='ltr'><strong>in</strong></span> <span class='ocrx_word' id='word_1_151' title='bbox 1747 2071 1851 2125; x_wconf 92' lang='lat' dir='ltr'><strong>hoc</strong></span> <span class='ocrx_word' id='word_1_152' title='bbox 1887 2072 2008 2126; x_wconf 92' lang='lat' dir='ltr'><strong>loco</strong></span> <span class='ocrx_word' id='word_1_153' title='bbox 2046 2072 2130 2127; x_wconf 83' lang='lat' dir='ltr'><strong>in-</strong></span> 
     </span>
    </p>
   </div>
   <div class='ocr_carea' id='block_1_23' title="bbox 565 2148 2129 2222">
    <p class='ocr_par' dir='ltr' id='par_1_23' title="bbox 565 2148 2129 2222">
     <span class='ocr_line' id='line_1_23' title="bbox 565 2148 2129 2222; baseline 0.012 -23"><span class='ocrx_word' id='word_1_154' title='bbox 565 2148 717 2216; x_wconf 83' lang='lat' dir='ltr'><strong>signe</strong></span> <span class='ocrx_word' id='word_1_155' title='bbox 761 2150 827 2204; x_wconf 90' lang='lat' dir='ltr'><strong>de</strong></span> <span class='ocrx_word' id='word_1_156' title='bbox 875 2149 1168 2222; x_wconf 79' lang='lat' dir='ltr'><strong>Scriptura:</strong></span> <span class='ocrx_word' id='word_1_157' title='bbox 1213 2156 1529 2213; x_wconf 83' lang='lat' dir='ltr'><strong>sufﬁcientia</strong></span> <span class='ocrx_word' id='word_1_158' title='bbox 1556 2161 1925 2216; x_wconf 90' lang='lat' dir='ltr'><strong>testimonium</strong></span> <span class='ocrx_word' id='word_1_159' title='bbox 1953 2163 2129 2217; x_wconf 91' lang='lat' dir='ltr'><strong>anim-</strong></span> 
     </span>
    </p>
   </div>
   <div class='ocr_carea' id='block_1_24' title="bbox 564 2240 2129 2320">
    <p class='ocr_par' dir='ltr' id='par_1_24' title="bbox 564 2240 2129 2320">
     <span class='ocr_line' id='line_1_24' title="bbox 564 2240 2129 2320; baseline 0.013 -30"><span class='ocrx_word' id='word_1_160' title='bbox 564 2240 861 2295; x_wconf 86' lang='lat' dir='ltr'><strong>advertere.</strong></span> <span class='ocrx_word' id='word_1_161' title='bbox 925 2243 1028 2297; x_wconf 87' lang='lat' dir='ltr'><strong>Sed</strong></span> <span class='ocrx_word' id='word_1_162' title='bbox 1080 2246 1420 2303; x_wconf 87' lang='lat' dir='ltr'><strong>traditionem</strong></span> <span class='ocrx_word' id='word_1_163' title='bbox 1453 2266 1484 2304; x_wconf 92' lang='lat' dir='ltr'><strong>a</strong></span> <span class='ocrx_word' id='word_1_164' title='bbox 1511 2249 1788 2320; x_wconf 89' lang='lat' dir='ltr'><strong>Scriptura</strong></span> <span class='ocrx_word' id='word_1_165' title='bbox 1817 2268 1924 2307; x_wconf 93' lang='lat' dir='ltr'><strong>non</strong></span> <span class='ocrx_word' id='word_1_166' title='bbox 1952 2255 2129 2310; x_wconf 88' lang='lat' dir='ltr'><strong>disso-</strong></span> 
     </span>
    </p>
   </div>
   <div class='ocr_carea' id='block_1_25' title="bbox 564 2327 2126 2412">
    <p class='ocr_par' dir='ltr' id='par_1_25' title="bbox 564 2327 2126 2412">
     <span class='ocr_line' id='line_1_25' title="bbox 564 2327 2126 2412; baseline 0.013 -33"><span class='ocrx_word' id='word_1_167' title='bbox 564 2328 674 2382; x_wconf 85' lang='lat' dir='ltr'><strong>ciat</strong></span> <span class='ocrx_word' id='word_1_168' title='bbox 698 2327 1035 2402; x_wconf 82' lang='lat' dir='ltr'><strong>Hippolytus,</strong></span> <span class='ocrx_word' id='word_1_169' title='bbox 1067 2335 1196 2389; x_wconf 88' lang='lat' dir='ltr'><strong>dum</strong></span> <span class='ocrx_word' id='word_1_170' title='bbox 1224 2337 1474 2405; x_wconf 88' lang='lat' dir='ltr'><strong>pietatem</strong></span> <span class='ocrx_word' id='word_1_171' title='bbox 1503 2358 1521 2389; x_wconf 83' lang='grc'><strong>‹</strong></span> <span class='ocrx_word' id='word_1_172' title='bbox 1554 2355 1660 2394; x_wconf 83' lang='grc' dir='ltr'><strong>ιιοη</strong></span> <span class='ocrx_word' id='word_1_173' title='bbox 1693 2341 1910 2397; x_wconf 88' lang='lat' dir='ltr'><strong>aliunde</strong></span> <span class='ocrx_word' id='word_1_174' title='bbox 1939 2361 1957 2392; x_wconf 81' lang='grc'>›</span> <span class='ocrx_word' id='word_1_175' title='bbox 1983 2358 2126 2412; x_wconf 82' lang='lat' dir='ltr'><strong>repe-</strong></span> 
     </span>
    </p>
   </div>
   <div class='ocr_carea' id='block_1_26' title="bbox 565 2421 2124 2498">
    <p class='ocr_par' dir='ltr' id='par_1_26' title="bbox 565 2421 2124 2498">
     <span class='ocr_line' id='line_1_26' title="bbox 565 2421 2124 2498; baseline 0.012 -24"><span class='ocrx_word' id='word_1_176' title='bbox 565 2421 648 2484; x_wconf 89' lang='lat' dir='ltr'><strong>tit,</strong></span> <span class='ocrx_word' id='word_1_177' title='bbox 672 2439 691 2472; x_wconf 77' lang='lat' dir='ltr'><strong>t</strong></span> <span class='ocrx_word' id='word_1_178' title='bbox 717 2439 880 2492; x_wconf 88' lang='lat' dir='ltr'><strong>quam</strong></span> <span class='ocrx_word' id='word_1_179' title='bbox 907 2441 972 2480; x_wconf 81' lang='lat' dir='ltr'><strong>ex</strong></span> <span class='ocrx_word' id='word_1_180' title='bbox 1009 2426 1302 2498; x_wconf 90' lang='lat' dir='ltr'><strong>Scripturis</strong></span> <span class='ocrx_word' id='word_1_181' title='bbox 1336 2431 1555 2487; x_wconf 82' lang='lat' dir='ltr'><strong>divinis.</strong></span> <span class='ocrx_word' id='word_1_182' title='bbox 1595 2452 1613 2484; x_wconf 80' lang='grc' dir='ltr'><strong><em>ι</em></strong></span> <span class='ocrx_word' id='word_1_183' title='bbox 1639 2432 1756 2488; x_wconf 82' lang='grc' dir='ltr'><strong>Νοη</strong></span> <span class='ocrx_word' id='word_1_184' title='bbox 1786 2437 1929 2489; x_wconf 92' lang='lat' dir='ltr'><strong>enim</strong></span> <span class='ocrx_word' id='word_1_185' title='bbox 1964 2437 2124 2492; x_wconf 90' lang='lat' dir='ltr'><strong>aliam</strong></span> 
     </span>
    </p>
   </div>
   <div class='ocr_carea' id='block_1_27' title="bbox 565 2513 2127 2594">
    <p class='ocr_par' dir='ltr' id='par_1_27' title="bbox 565 2513 2127 2594">
     <span class='ocr_line' id='line_1_27' title="bbox 565 2513 2127 2594; baseline 0.01 -28"><span class='ocrx_word' id='word_1_186' title='bbox 565 2513 808 2569; x_wconf 78' lang='lat' dir='ltr'><strong>defendit</strong></span> <span class='ocrx_word' id='word_1_187' title='bbox 853 2529 1043 2573; x_wconf 87' lang='lat' dir='ltr'><strong>contra</strong></span> <span class='ocrx_word' id='word_1_188' title='bbox 1101 2520 1379 2576; x_wconf 66' lang='lat' dir='ltr'><strong>haereticos</strong></span> <span class='ocrx_word' id='word_1_189' title='bbox 1428 2524 1926 2594; x_wconf 86' lang='lat' dir='ltr'><strong>interpretationem</strong></span> <span class='ocrx_word' id='word_1_190' title='bbox 1979 2526 2127 2582; x_wconf 86' lang='lat' dir='ltr'><strong>Scri-</strong></span> 
     </span>
    </p>
   </div>
   <div class='ocr_carea' id='block_1_28' title="bbox 565 2611 2123 2681">
    <p class='ocr_par' dir='ltr' id='par_1_28' title="bbox 565 2611 2123 2681">
     <span class='ocr_line' id='line_1_28' title="bbox 565 2611 2123 2681; baseline 0.008 -20"><span class='ocrx_word' id='word_1_191' title='bbox 565 2616 770 2676; x_wconf 69' lang='lat' dir='ltr'><strong>pturaz,</strong></span> <span class='ocrx_word' id='word_1_192' title='bbox 821 2624 983 2678; x_wconf 90' lang='lat' dir='ltr'><strong>quam</strong></span> <span class='ocrx_word' id='word_1_193' title='bbox 1033 2627 1154 2681; x_wconf 74' lang='lat' dir='ltr'><strong>qua:</strong></span> <span class='ocrx_word' id='word_1_194' title='bbox 1187 2611 1442 2668; x_wconf 73' lang='lat' dir='ltr'><strong>Ecclesia:</strong></span> <span class='ocrx_word' id='word_1_195' title='bbox 1498 2616 1786 2671; x_wconf 84' lang='lat' dir='ltr'><strong>traditione</strong></span> <span class='ocrx_word' id='word_1_196' title='bbox 1830 2618 2123 2675; x_wconf 87' lang='lat' dir='ltr'><strong>nitebatur.</strong></span> 
     </span>
    </p>
   </div>
   <div class='ocr_carea' id='block_1_29' title="bbox 563 2698 2128 2779">
    <p class='ocr_par' dir='ltr' id='par_1_29' title="bbox 563 2698 2128 2779">
     <span class='ocr_line' id='line_1_29' title="bbox 563 2698 2128 2779; baseline 0.008 -26"><span class='ocrx_word' id='word_1_197' title='bbox 563 2698 901 2770; x_wconf 86' lang='lat' dir='ltr'><strong>Quapropter</strong></span> <span class='ocrx_word' id='word_1_198' title='bbox 949 2703 1126 2758; x_wconf 86' lang='lat' dir='ltr'><strong>verbis</strong></span> <span class='ocrx_word' id='word_1_199' title='bbox 1186 2706 1350 2761; x_wconf 89' lang='lat' dir='ltr'><strong>modo</strong></span> <span class='ocrx_word' id='word_1_200' title='bbox 1395 2707 1573 2763; x_wconf 88' lang='lat' dir='ltr'><strong>citatis</strong></span> <span class='ocrx_word' id='word_1_201' title='bbox 1627 2710 1790 2778; x_wconf 89' lang='lat' dir='ltr'><strong>paulo</strong></span> <span class='ocrx_word' id='word_1_202' title='bbox 1841 2719 1963 2779; x_wconf 92' lang='lat' dir='ltr'><strong>post</strong></span> <span class='ocrx_word' id='word_1_203' title='bbox 2013 2713 2128 2766; x_wconf 67' lang='lat' dir='ltr'><strong>hate</strong></span> 
     </span>
    </p>
   </div>
   <div class='ocr_carea' id='block_1_30' title="bbox 562 2792 2127 2873">
    <p class='ocr_par' dir='ltr' id='par_1_30' title="bbox 562 2792 2127 2873">
     <span class='ocr_line' id='line_1_30' title="bbox 562 2792 2127 2873; baseline 0.008 -27"><span class='ocrx_word' id='word_1_204' title='bbox 562 2792 714 2847; x_wconf 84' lang='lat' dir='ltr'><strong>addit</strong></span> <span class='ocrx_word' id='word_1_205' title='bbox 748 2813 760 2848; x_wconf 91' lang='lat'><strong>:</strong></span> <span class='ocrx_word' id='word_1_206' title='bbox 813 2796 902 2868; x_wconf 84' lang='grc' dir='ltr'><strong>Μὴ</strong></span> <span class='ocrx_word' id='word_1_207' title='bbox 939 2799 1057 2849; x_wconf 75' lang='grc' dir='ltr'><strong>κατ’</strong></span> <span class='ocrx_word' id='word_1_208' title='bbox 1103 2797 1238 2852; x_wconf 79' lang='grc' dir='ltr'>ἰδίαν</span> <span class='ocrx_word' id='word_1_209' title='bbox 1281 2801 1630 2871; x_wconf 83' lang='grc' dir='ltr'><strong>προαίρεσιν,</strong></span> <span class='ocrx_word' id='word_1_210' title='bbox 1669 2803 1802 2873; x_wconf 83' lang='grc' dir='ltr'><strong>μηδὲ</strong></span> <span class='ocrx_word' id='word_1_211' title='bbox 1843 2804 1961 2858; x_wconf 82' lang='grc' dir='ltr'><strong>κατ’</strong></span> <span class='ocrx_word' id='word_1_212' title='bbox 1998 2803 2127 2859; x_wconf 76' lang='grc' dir='ltr'>ἴδιον</span> 
     </span>
    </p>
   </div>
   <div class='ocr_carea' id='block_1_31' title="bbox 561 2883 2122 2967">
    <p class='ocr_par' dir='ltr' id='par_1_31' title="bbox 561 2883 2122 2967">
     <span class='ocr_line' id='line_1_31' title="bbox 561 2883 2122 2967; baseline 0.008 -30"><span class='ocrx_word' id='word_1_213' title='bbox 561 2883 705 2950; x_wconf 79' lang='grc' dir='ltr'><strong>νοῦν,</strong></span> <span class='ocrx_word' id='word_1_214' title='bbox 754 2887 884 2956; x_wconf 79' lang='grc' dir='ltr'><strong>μηδὲ</strong></span> <span class='ocrx_word' id='word_1_215' title='bbox 937 2886 1245 2958; x_wconf 78' lang='grc' dir='ltr'><strong>βιαζόμενοι</strong></span> <span class='ocrx_word' id='word_1_216' title='bbox 1277 2890 1343 2944; x_wconf 82' lang='grc' dir='ltr'><strong>τὰ</strong></span> <span class='ocrx_word' id='word_1_217' title='bbox 1393 2893 1499 2944; x_wconf 84' lang='grc' dir='ltr'>ὑπὸ</span> <span class='ocrx_word' id='word_1_218' title='bbox 1545 2892 1636 2946; x_wconf 75' lang='grc' dir='ltr'><strong>τοῦ</strong></span> <span class='ocrx_word' id='word_1_219' title='bbox 1672 2892 1805 2946; x_wconf 79' lang='grc' dir='ltr'><strong>Θεοῦ</strong></span> <span class='ocrx_word' id='word_1_220' title='bbox 1847 2895 2122 2967; x_wconf 82' lang='grc' dir='ltr'><strong>δεδομένα.</strong></span> 
     </span>
    </p>
   </div>
   <div class='ocr_carea' id='block_1_32' title="bbox 567 2971 2126 3053">
    <p class='ocr_par' dir='ltr' id='par_1_32' title="bbox 567 2971 2126 3053">
     <span class='ocr_line' id='line_1_32' title="bbox 567 2971 2126 3053; baseline 0.011 -30"><span class='ocrx_word' id='word_1_221' title='bbox 567 2990 586 3023; x_wconf 79' lang='grc' dir='ltr'>ι</span> <span class='ocrx_word' id='word_1_222' title='bbox 627 2971 743 3027; x_wconf 84' lang='grc' dir='ltr'><strong>Νοη</strong></span> <span class='ocrx_word' id='word_1_223' title='bbox 776 2977 1070 3029; x_wconf 89' lang='lat' dir='ltr'><strong>secundum</strong></span> <span class='ocrx_word' id='word_1_224' title='bbox 1117 2979 1390 3046; x_wconf 86' lang='lat' dir='ltr'><strong>propriam</strong></span> <span class='ocrx_word' id='word_1_225' title='bbox 1429 2981 1758 3037; x_wconf 85' lang='lat' dir='ltr'><strong>voluntatem</strong></span> <span class='ocrx_word' id='word_1_226' title='bbox 1782 3023 1797 3047; x_wconf 90' lang='lat'><strong>,</strong></span> <span class='ocrx_word' id='word_1_227' title='bbox 1829 2999 2004 3053; x_wconf 91' lang='lat' dir='ltr'><strong>neque</strong></span> <span class='ocrx_word' id='word_1_228' title='bbox 2040 3000 2126 3040; x_wconf 81' lang='lat' dir='ltr'><strong>se-</strong></span> 
     </span>
    </p>
   </div>
   <div class='ocr_carea' id='block_1_33' title="bbox 559 3063 2192 3158">
    <p class='ocr_par' dir='ltr' id='par_1_33' title="bbox 559 3063 2192 3158">
     <span class='ocr_line' id='line_1_33' title="bbox 559 3063 2192 3158; baseline 0.01 -43"><span class='ocrx_word' id='word_1_229' title='bbox 559 3063 797 3116; x_wconf 89' lang='lat' dir='ltr'><strong>cundum</strong></span> <span class='ocrx_word' id='word_1_230' title='bbox 822 3067 1096 3134; x_wconf 91' lang='lat' dir='ltr'><strong>pr0prium</strong></span> <span class='ocrx_word' id='word_1_231' title='bbox 1119 3081 1361 3132; x_wconf 90' lang='lat' dir='ltr'><strong>sensum,</strong></span> <span class='ocrx_word' id='word_1_232' title='bbox 1382 3085 1555 3139; x_wconf 90' lang='lat' dir='ltr'><strong>neque</strong></span> <span class='ocrx_word' id='word_1_233' title='bbox 1579 3073 1688 3125; x_wconf 90' lang='lat' dir='ltr'><strong>vim</strong></span> <span class='ocrx_word' id='word_1_234' title='bbox 1717 3073 2009 3130; x_wconf 84' lang='lat' dir='ltr'><strong>inferentes</strong></span> <span class='ocrx_word' id='word_1_235' title='bbox 2034 3076 2120 3140; x_wconf 90' lang='lat' dir='ltr'><strong>iis,</strong></span> <span class='ocrx_word' id='word_1_236' title='bbox 2149 3101 2192 3158; x_wconf 71' lang='grc' dir='ltr'>ο</span> 
     </span>
    </p>
   </div>
   <div class='ocr_carea' id='block_1_34' title="bbox 559 3155 2123 3223">
    <p class='ocr_par' dir='ltr' id='par_1_34' title="bbox 559 3155 2123 3223">
     <span class='ocr_line' id='line_1_34' title="bbox 559 3155 2123 3223; baseline 0.008 -16"><span class='ocrx_word' id='word_1_237' title='bbox 559 3168 681 3223; x_wconf 70' lang='lat' dir='ltr'><strong>quae</strong></span> <span class='ocrx_word' id='word_1_238' title='bbox 728 3169 756 3208; x_wconf 92' lang='lat' dir='ltr'><strong>a</strong></span> <span class='ocrx_word' id='word_1_239' title='bbox 791 3155 902 3210; x_wconf 89' lang='lat' dir='ltr'><strong>Deo</strong></span> <span class='ocrx_word' id='word_1_240' title='bbox 933 3156 1055 3210; x_wconf 87' lang='lat' dir='ltr'><strong>data</strong></span> <span class='ocrx_word' id='word_1_241' title='bbox 1099 3168 1244 3212; x_wconf 90' lang='lat' dir='ltr'><strong>sunt.</strong></span> <span class='ocrx_word' id='word_1_242' title='bbox 1278 3179 1297 3211; x_wconf 74' lang='grc' dir='ltr'><strong><em>ι</em></strong></span> <span class='ocrx_word' id='word_1_243' title='bbox 1342 3161 1606 3217; x_wconf 73' lang='lat' dir='ltr'><strong>Praeterea</strong></span> <span class='ocrx_word' id='word_1_244' title='bbox 1657 3161 1882 3218; x_wconf 84' lang='lat' dir='ltr'><strong>Noetum</strong></span> <span class='ocrx_word' id='word_1_245' title='bbox 1929 3166 2123 3220; x_wconf 90' lang='lat' dir='ltr'><strong>merito</strong></span> 
     </span>
    </p>
   </div>
   <div class='ocr_carea' id='block_1_35' title="bbox 559 3245 2126 3324">
    <p class='ocr_par' dir='ltr' id='par_1_35' title="bbox 559 3245 2126 3324">
     <span class='ocr_line' id='line_1_35' title="bbox 559 3245 2126 3324; baseline 0.009 -25"><span class='ocrx_word' id='word_1_246' title='bbox 559 3245 791 3316; x_wconf 90' lang='lat' dir='ltr'><strong>ejectum</strong></span> <span class='ocrx_word' id='word_1_247' title='bbox 839 3262 870 3301; x_wconf 90' lang='lat' dir='ltr'><strong>a</strong></span> <span class='ocrx_word' id='word_1_248' title='bbox 923 3248 1252 3319; x_wconf 82' lang='lat' dir='ltr'><strong>presbyteris</strong></span> <span class='ocrx_word' id='word_1_249' title='bbox 1301 3263 1488 3306; x_wconf 86' lang='lat' dir='ltr'><strong>narrat</strong></span> <span class='ocrx_word' id='word_1_250' title='bbox 1522 3268 1570 3307; x_wconf 94' lang='lat' dir='ltr'><strong>c.</strong></span> <span class='ocrx_word' id='word_1_251' title='bbox 1599 3255 1652 3317; x_wconf 80' lang='grc'><strong>1,</strong></span> <span class='ocrx_word' id='word_1_252' title='bbox 1681 3255 1828 3324; x_wconf 93' lang='lat' dir='ltr'><strong>quod</strong></span> <span class='ocrx_word' id='word_1_253' title='bbox 1868 3255 2126 3314; x_wconf 78' lang='lat' dir='ltr'><strong>Ecclesia:</strong></span> 
     </span>
    </p>
   </div>
   <div class='ocr_carea' id='block_1_36' title="bbox 558 3337 2120 3418">
    <p class='ocr_par' dir='ltr' id='par_1_36' title="bbox 558 3337 2120 3418">
     <span class='ocr_line' id='line_1_36' title="bbox 558 3337 2120 3418; baseline 0.01 -27"><span class='ocrx_word' id='word_1_254' title='bbox 558 3337 948 3403; x_wconf 81' lang='lat' dir='ltr'><strong>tradilionem,</strong></span> <span class='ocrx_word' id='word_1_255' title='bbox 1001 3356 1164 3410; x_wconf 89' lang='lat' dir='ltr'><strong>quam</strong></span> <span class='ocrx_word' id='word_1_256' title='bbox 1219 3342 1269 3396; x_wconf 91' lang='lat' dir='ltr'><strong>ei</strong></span> <span class='ocrx_word' id='word_1_257' title='bbox 1332 3344 1680 3414; x_wconf 91' lang='lat' dir='ltr'><strong>objiciebant,</strong></span> <span class='ocrx_word' id='word_1_258' title='bbox 1715 3350 2120 3418; x_wconf 89' lang='lat' dir='ltr'><strong>contempserit.</strong></span> 
     </span>
    </p>
   </div>
   <div class='ocr_carea' id='block_1_37' title="bbox 559 3428 2124 3504">
    <p class='ocr_par' dir='ltr' id='par_1_37' title="bbox 559 3428 2124 3504">
     <span class='ocr_line' id='line_1_37' title="bbox 559 3428 2124 3504; baseline 0.007 -24"><span class='ocrx_word' id='word_1_259' title='bbox 559 3428 820 3482; x_wconf 82' lang='lat' dir='ltr'><strong>Dicebant</strong></span> <span class='ocrx_word' id='word_1_260' title='bbox 864 3429 1006 3483; x_wconf 91' lang='lat' dir='ltr'><strong>enim</strong></span> <span class='ocrx_word' id='word_1_261' title='bbox 1057 3429 1228 3487; x_wconf 87' lang='lat' dir='ltr'><strong>Noeto</strong></span> <span class='ocrx_word' id='word_1_262' title='bbox 1268 3432 1568 3504; x_wconf 83' lang='lat' dir='ltr'><strong>presbyteri</strong></span> <span class='ocrx_word' id='word_1_263' title='bbox 1602 3436 1858 3490; x_wconf 66' lang='lat' dir='ltr'><strong>Ecclesia:</strong></span> <span class='ocrx_word' id='word_1_264' title='bbox 1893 3452 1906 3488; x_wconf 89' lang='lat'><strong>:</strong></span> <span class='ocrx_word' id='word_1_265' title='bbox 1937 3436 2124 3491; x_wconf 83' lang='grc' dir='ltr'><strong>Ταῦτα</strong></span> 
     </span>
    </p>
   </div>
   <div class='ocr_carea' id='block_1_38' title="bbox 558 3514 2125 3594">
    <p class='ocr_par' dir='ltr' id='par_1_38' title="bbox 558 3514 2125 3594">
     <span class='ocr_line' id='line_1_38' title="bbox 558 3514 2125 3594; baseline 0.006 -26"><span class='ocrx_word' id='word_1_266' title='bbox 558 3514 786 3587; x_wconf 83' lang='grc' dir='ltr'><strong>λέγομεν</strong></span> <span class='ocrx_word' id='word_1_267' title='bbox 823 3517 858 3572; x_wconf 75' lang='grc' dir='ltr'>ἃ</span> <span class='ocrx_word' id='word_1_268' title='bbox 900 3517 1195 3590; x_wconf 78' lang='grc' dir='ltr'><strong>ἐμάθομεν.</strong></span> <span class='ocrx_word' id='word_1_269' title='bbox 1237 3538 1256 3572; x_wconf 71' lang='grc' dir='ltr'>ι</span> <span class='ocrx_word' id='word_1_270' title='bbox 1298 3519 1423 3577; x_wconf 64' lang='lat' dir='ltr'><strong>Haec</strong></span> <span class='ocrx_word' id='word_1_271' title='bbox 1461 3523 1728 3590; x_wconf 89' lang='lat' dir='ltr'><strong>dicimus,</strong></span> <span class='ocrx_word' id='word_1_272' title='bbox 1769 3539 1892 3594; x_wconf 68' lang='lat' dir='ltr'><strong>quae</strong></span> <span class='ocrx_word' id='word_1_273' title='bbox 1931 3525 2125 3580; x_wconf 90' lang='lat' dir='ltr'><strong>didici-</strong></span> 
     </span>
    </p>
   </div>
   <div class='ocr_carea' id='block_1_39' title="bbox 559 3610 2122 3687">
    <p class='ocr_par' dir='ltr' id='par_1_39' title="bbox 559 3610 2122 3687">
     <span class='ocr_line' id='line_1_39' title="bbox 559 3610 2122 3687; baseline 0.006 -24"><span class='ocrx_word' id='word_1_274' title='bbox 559 3625 704 3665; x_wconf 88' lang='lat' dir='ltr'><strong>mus.</strong></span> <span class='ocrx_word' id='word_1_275' title='bbox 745 3629 765 3663; x_wconf 73' lang='grc' dir='ltr'><strong><em>ι</em></strong></span> <span class='ocrx_word' id='word_1_276' title='bbox 801 3610 896 3666; x_wconf 91' lang='lat' dir='ltr'><strong>llis</strong></span> <span class='ocrx_word' id='word_1_277' title='bbox 938 3612 1094 3678; x_wconf 92' lang='lat' dir='ltr'><strong>adde,</strong></span> <span class='ocrx_word' id='word_1_278' title='bbox 1138 3628 1246 3668; x_wconf 91' lang='lat' dir='ltr'><strong>non</strong></span> <span class='ocrx_word' id='word_1_279' title='bbox 1297 3613 1522 3669; x_wconf 91' lang='lat' dir='ltr'><strong>dubium</strong></span> <span class='ocrx_word' id='word_1_280' title='bbox 1559 3631 1678 3671; x_wconf 90' lang='lat' dir='ltr'><strong>esse</strong></span> <span class='ocrx_word' id='word_1_281' title='bbox 1720 3618 1850 3687; x_wconf 75' lang='lat' dir='ltr'><strong>quin</strong></span> <span class='ocrx_word' id='word_1_282' title='bbox 1901 3625 2122 3672; x_wconf 90' lang='lat' dir='ltr'><strong>sanctus</strong></span> 
     </span>
    </p>
   </div>
   <div class='ocr_carea' id='block_1_40' title="bbox 560 3703 2121 3780">
    <p class='ocr_par' dir='ltr' id='par_1_40' title="bbox 560 3703 2121 3780">
     <span class='ocr_line' id='line_1_40' title="bbox 560 3703 2121 3780; baseline 0.006 -24"><span class='ocrx_word' id='word_1_283' title='bbox 560 3712 766 3775; x_wconf 90' lang='lat' dir='ltr'><strong>martyr</strong></span> <span class='ocrx_word' id='word_1_284' title='bbox 793 3703 845 3758; x_wconf 92' lang='lat' dir='ltr'><strong>in</strong></span> <span class='ocrx_word' id='word_1_285' title='bbox 883 3705 984 3760; x_wconf 91' lang='lat' dir='ltr'><strong>hoc</strong></span> <span class='ocrx_word' id='word_1_286' title='bbox 1013 3707 1263 3761; x_wconf 78' lang='lat' dir='ltr'><strong>adversus</strong></span> <span class='ocrx_word' id='word_1_287' title='bbox 1294 3707 1514 3762; x_wconf 63' lang='lat' dir='ltr'><strong>hereses</strong></span> <span class='ocrx_word' id='word_1_288' title='bbox 1545 3723 1728 3779; x_wconf 88' lang='lat' dir='ltr'><strong>opere,</strong></span> <span class='ocrx_word' id='word_1_289' title='bbox 1760 3709 1919 3780; x_wconf 88' lang='lat' dir='ltr'><strong>cujus</strong></span> <span class='ocrx_word' id='word_1_290' title='bbox 1948 3721 2121 3765; x_wconf 90' lang='lat' dir='ltr'><strong>mate-</strong></span> 
     </span>
    </p>
   </div>
   <div class='ocr_carea' id='block_1_41' title="bbox 557 3797 2121 3872">
    <p class='ocr_par' dir='ltr' id='par_1_41' title="bbox 557 3797 2121 3872">
     <span class='ocr_line' id='line_1_41' title="bbox 557 3797 2121 3872; baseline 0.006 -23"><span class='ocrx_word' id='word_1_291' title='bbox 557 3797 695 3850; x_wconf 89' lang='lat' dir='ltr'><strong>riam</strong></span> <span class='ocrx_word' id='word_1_292' title='bbox 733 3812 799 3852; x_wconf 77' lang='lat' dir='ltr'><strong>ex</strong></span> <span class='ocrx_word' id='word_1_293' title='bbox 845 3797 1002 3853; x_wconf 87' lang='lat' dir='ltr'><strong>libris</strong></span> <span class='ocrx_word' id='word_1_294' title='bbox 1047 3801 1237 3854; x_wconf 75' lang='lat' dir='ltr'><strong>lrenzei</strong></span> <span class='ocrx_word' id='word_1_295' title='bbox 1280 3809 1472 3856; x_wconf 92' lang='lat' dir='ltr'><strong>mutuo</strong></span> <span class='ocrx_word' id='word_1_296' title='bbox 1511 3811 1850 3872; x_wconf 87' lang='lat' dir='ltr'><strong>sumpserat,</strong></span> <span class='ocrx_word' id='word_1_297' title='bbox 1877 3804 2121 3859; x_wconf 84' lang='lat' dir='ltr'><strong>traditio-</strong></span> 
     </span>
    </p>
   </div>
   <div class='ocr_carea' id='block_1_42' title="bbox 556 3891 2120 3966">
    <p class='ocr_par' dir='ltr' id='par_1_42' title="bbox 556 3891 2120 3966">
     <span class='ocr_line' id='line_1_42' title="bbox 556 3891 2120 3966; baseline 0.004 -22"><span class='ocrx_word' id='word_1_298' title='bbox 556 3905 682 3944; x_wconf 90' lang='lat' dir='ltr'><strong>nem</strong></span> <span class='ocrx_word' id='word_1_299' title='bbox 715 3899 767 3946; x_wconf 91' lang='lat' dir='ltr'><strong>et</strong></span> <span class='ocrx_word' id='word_1_300' title='bbox 790 3891 1045 3947; x_wconf 70' lang='lat' dir='ltr'><strong>Ecclesiae</strong></span> <span class='ocrx_word' id='word_1_301' title='bbox 1073 3893 1450 3948; x_wconf 89' lang='lat' dir='ltr'><strong>auctoritatem</strong></span> <span class='ocrx_word' id='word_1_302' title='bbox 1482 3893 1668 3950; x_wconf 84' lang='lat' dir='ltr'><strong>lrenaci</strong></span> <span class='ocrx_word' id='word_1_303' title='bbox 1690 3897 1936 3966; x_wconf 82' lang='lat' dir='ltr'><strong>exemplo</strong></span> <span class='ocrx_word' id='word_1_304' title='bbox 1965 3912 2120 3952; x_wconf 87' lang='lat' dir='ltr'><strong>acer-</strong></span> 
     </span>
    </p>
   </div>
   <div class='ocr_carea' id='block_1_43' title="bbox 554 3981 2119 4060">
    <p class='ocr_par' dir='ltr' id='par_1_43' title="bbox 554 3981 2119 4060">
     <span class='ocr_line' id='line_1_43' title="bbox 554 3981 2119 4060; baseline 0.005 -23"><span class='ocrx_word' id='word_1_305' title='bbox 554 3981 694 4037; x_wconf 88' lang='lat' dir='ltr'><strong>rime</strong></span> <span class='ocrx_word' id='word_1_306' title='bbox 723 3982 1040 4040; x_wconf 87' lang='lat' dir='ltr'><strong>defenderit.</strong></span> <span class='ocrx_word' id='word_1_307' title='bbox 1081 3985 1220 4043; x_wconf 82' lang='lat' dir='ltr'><strong>Hinc</strong></span> <span class='ocrx_word' id='word_1_308' title='bbox 1263 3989 1393 4043; x_wconf 88' lang='lat' dir='ltr'><strong>item</strong></span> <span class='ocrx_word' id='word_1_309' title='bbox 1443 3987 1662 4042; x_wconf 89' lang='lat' dir='ltr'><strong>eliditur</strong></span> <span class='ocrx_word' id='word_1_310' title='bbox 1707 3989 1936 4044; x_wconf 89' lang='lat' dir='ltr'><strong>alterum</strong></span> <span class='ocrx_word' id='word_1_311' title='bbox 1967 3989 2119 4060; x_wconf 87' lang='lat' dir='ltr'><strong>ejus-</strong></span> 
     </span>
    </p>
   </div>
   <div class='ocr_carea' id='block_1_44' title="bbox 555 4073 2120 4148">
    <p class='ocr_par' dir='ltr' id='par_1_44' title="bbox 555 4073 2120 4148">
     <span class='ocr_line' id='line_1_44' title="bbox 555 4073 2120 4148; baseline 0.003 -19"><span class='ocrx_word' id='word_1_312' title='bbox 555 4074 679 4129; x_wconf 89' lang='lat' dir='ltr'><strong>dem</strong></span> <span class='ocrx_word' id='word_1_313' title='bbox 707 4073 937 4130; x_wconf 88' lang='lat' dir='ltr'><strong>Fabricii</strong></span> <span class='ocrx_word' id='word_1_314' title='bbox 973 4076 1075 4130; x_wconf 89' lang='lat' dir='ltr'><strong>bac</strong></span> <span class='ocrx_word' id='word_1_315' title='bbox 1102 4077 1216 4146; x_wconf 91' lang='lat' dir='ltr'><strong>ipsa</strong></span> <span class='ocrx_word' id='word_1_316' title='bbox 1256 4078 1323 4132; x_wconf 92' lang='lat' dir='ltr'><strong>de</strong></span> <span class='ocrx_word' id='word_1_317' title='bbox 1353 4093 1412 4133; x_wconf 90' lang='lat' dir='ltr'><strong>re</strong></span> <span class='ocrx_word' id='word_1_318' title='bbox 1448 4087 1835 4143; x_wconf 90' lang='lat' dir='ltr'><strong>commentum,</strong></span> <span class='ocrx_word' id='word_1_319' title='bbox 1881 4094 1991 4148; x_wconf 92' lang='lat' dir='ltr'><strong>quo</strong></span> <span class='ocrx_word' id='word_1_320' title='bbox 2020 4079 2120 4134; x_wconf 89' lang='lat' dir='ltr'><strong>ite-</strong></span> 
     </span>
    </p>
   </div>
   <div class='ocr_carea' id='block_1_45' title="bbox 557 4163 2121 4238">
    <p class='ocr_par' dir='ltr' id='par_1_45' title="bbox 557 4163 2121 4238">
     <span class='ocr_line' id='line_1_45' title="bbox 557 4163 2121 4238; baseline 0.004 -20"><span class='ocrx_word' id='word_1_321' title='bbox 557 4179 683 4218; x_wconf 85' lang='lat' dir='ltr'><strong>rum</strong></span> <span class='ocrx_word' id='word_1_322' title='bbox 721 4163 822 4218; x_wconf 90' lang='lat' dir='ltr'><strong>sibi</strong></span> <span class='ocrx_word' id='word_1_323' title='bbox 867 4165 1022 4231; x_wconf 71' lang='lat' dir='ltr'><strong>ﬁnxit</strong></span> <span class='ocrx_word' id='word_1_324' title='bbox 1065 4165 1408 4238; x_wconf 87' lang='lat' dir='ltr'><strong>Hippolytum</strong></span> <span class='ocrx_word' id='word_1_325' title='bbox 1441 4167 1604 4222; x_wconf 89' lang='lat' dir='ltr'><strong>veluti</strong></span> <span class='ocrx_word' id='word_1_326' title='bbox 1649 4167 1944 4237; x_wconf 71' lang='lat' dir='ltr'><strong>Scriptum</strong></span> <span class='ocrx_word' id='word_1_327' title='bbox 1973 4169 2121 4225; x_wconf 76' lang='lat' dir='ltr'><strong>sum-</strong></span> 
     </span>
    </p>
   </div>
   <div class='ocr_carea' id='block_1_46' title="bbox 555 4257 2119 4330">
    <p class='ocr_par' dir='ltr' id='par_1_46' title="bbox 555 4257 2119 4330">
     <span class='ocr_line' id='line_1_46' title="bbox 555 4257 2119 4330; baseline 0.003 -18"><span class='ocrx_word' id='word_1_328' title='bbox 555 4257 810 4312; x_wconf 73' lang='lat' dir='ltr'><strong>cientium</strong></span> <span class='ocrx_word' id='word_1_329' title='bbox 842 4265 1174 4312; x_wconf 91' lang='lat' dir='ltr'><strong>astruentem</strong></span> <span class='ocrx_word' id='word_1_330' title='bbox 1208 4258 1348 4314; x_wconf 84' lang='lat' dir='ltr'><strong>infra</strong></span> <span class='ocrx_word' id='word_1_331' title='bbox 1384 4275 1504 4330; x_wconf 90' lang='lat' dir='ltr'><strong>cap.</strong></span> <span class='ocrx_word' id='word_1_332' title='bbox 1536 4261 1623 4326; x_wconf 77' lang='grc'><strong>17,</strong></span> <span class='ocrx_word' id='word_1_333' title='bbox 1651 4262 1741 4316; x_wconf 89' lang='lat' dir='ltr'><strong>ubi</strong></span> <span class='ocrx_word' id='word_1_334' title='bbox 1771 4271 1992 4318; x_wconf 87' lang='lat' dir='ltr'><strong>sanctus</strong></span> <span class='ocrx_word' id='word_1_335' title='bbox 2015 4259 2119 4316; x_wconf 89' lang='lat' dir='ltr'><strong>Pa-</strong></span> 
     </span>
    </p>
   </div>
   <div class='ocr_carea' id='block_1_47' title="bbox 554 4347 2119 4424">
    <p class='ocr_par' dir='ltr' id='par_1_47' title="bbox 554 4347 2119 4424">
     <span class='ocr_line' id='line_1_47' title="bbox 554 4347 2119 4424; baseline 0.003 -22"><span class='ocrx_word' id='word_1_336' title='bbox 554 4356 639 4402; x_wconf 85' lang='lat' dir='ltr'><strong>ter</strong></span> <span class='ocrx_word' id='word_1_337' title='bbox 665 4348 730 4402; x_wconf 90' lang='lat' dir='ltr'><strong>ad</strong></span> <span class='ocrx_word' id='word_1_338' title='bbox 765 4347 1089 4402; x_wconf 89' lang='lat' dir='ltr'><strong>credendum</strong></span> <span class='ocrx_word' id='word_1_339' title='bbox 1119 4349 1266 4402; x_wconf 82' lang='grc' dir='ltr'><strong>κατὰ</strong></span> <span class='ocrx_word' id='word_1_340' title='bbox 1295 4351 1394 4421; x_wconf 77' lang='grc' dir='ltr'><strong>τὴν</strong></span> <span class='ocrx_word' id='word_1_341' title='bbox 1427 4353 1724 4424; x_wconf 82' lang='grc' dir='ltr'>παράδοσιν</span> <span class='ocrx_word' id='word_1_342' title='bbox 1755 4353 1862 4407; x_wconf 85' lang='grc' dir='ltr'><strong>τῶν</strong></span> <span class='ocrx_word' id='word_1_343' title='bbox 1893 4353 2119 4407; x_wconf 75' lang='grc' dir='ltr'><strong>ἀποστό-</strong></span> 
     </span>
    </p>
   </div>
   <div class='ocr_carea' id='block_1_48' title="bbox 2236 495 3809 574">
    <p class='ocr_par' dir='ltr' id='par_1_48' title="bbox 2236 495 3809 574">
     <span class='ocr_line' id='line_1_48' title="bbox 2236 495 3809 574; baseline -0.008 -14"><span class='ocrx_word' id='word_1_344' title='bbox 2236 505 2545 574; x_wconf 82' lang='lat' dir='ltr'><strong>exemplum</strong></span> <span class='ocrx_word' id='word_1_345' title='bbox 2569 513 2811 567; x_wconf 91' lang='lat' dir='ltr'><strong>secutus,</strong></span> <span class='ocrx_word' id='word_1_346' title='bbox 2844 503 2936 574; x_wconf 91' lang='lat' dir='ltr'><strong>qui</strong></span> <span class='ocrx_word' id='word_1_347' title='bbox 2963 503 3304 557; x_wconf 88' lang='lat' dir='ltr'><strong>Timotheum</strong></span> <span class='ocrx_word' id='word_1_348' title='bbox 3335 519 3352 552; x_wconf 73' lang='grc' dir='ltr'><strong><em>ι</em></strong></span> <span class='ocrx_word' id='word_1_349' title='bbox 3382 500 3449 554; x_wconf 90' lang='lat' dir='ltr'><strong>ad</strong></span> <span class='ocrx_word' id='word_1_350' title='bbox 3491 495 3809 568; x_wconf 86' lang='lat' dir='ltr'><strong>depositum</strong></span> 
     </span>
    </p>
   </div>
   <div class='ocr_carea' id='block_1_49' title="bbox 2239 588 3813 664">
    <p class='ocr_par' dir='ltr' id='par_1_49' title="bbox 2239 588 3813 664">
     <span class='ocr_line' id='line_1_49' title="bbox 2239 588 3813 664; baseline -0.004 -14"><span class='ocrx_word' id='word_1_351' title='bbox 2239 593 2692 661; x_wconf 89' lang='lat' dir='ltr'><strong>custodiendum,</strong></span> <span class='ocrx_word' id='word_1_352' title='bbox 2742 604 2905 664; x_wconf 89' lang='lat' dir='ltr'><strong>atque</strong></span> <span class='ocrx_word' id='word_1_353' title='bbox 2950 595 3015 648; x_wconf 84' lang='lat' dir='ltr'><strong>ad</strong></span> <span class='ocrx_word' id='word_1_354' title='bbox 3065 609 3132 647; x_wconf 87' lang='lat' dir='ltr'><strong>ea</strong></span> <span class='ocrx_word' id='word_1_355' title='bbox 3187 592 3435 646; x_wconf 89' lang='lat' dir='ltr'><strong>ﬁdelibus</strong></span> <span class='ocrx_word' id='word_1_356' title='bbox 3487 588 3813 644; x_wconf 82' lang='lat' dir='ltr'><strong>hominibus</strong></span> 
     </span>
    </p>
   </div>
   <div class='ocr_carea' id='block_1_50' title="bbox 2237 680 3812 756">
    <p class='ocr_par' dir='ltr' id='par_1_50' title="bbox 2237 680 3812 756">
     <span class='ocr_line' id='line_1_50' title="bbox 2237 680 3812 756; baseline -0.006 -14"><span class='ocrx_word' id='word_1_357' title='bbox 2237 686 2687 750; x_wconf 89' lang='lat' dir='ltr'><strong>commendanda,</strong></span> <span class='ocrx_word' id='word_1_358' title='bbox 2723 703 2844 756; x_wconf 70' lang='lat' dir='ltr'><strong>qua:</strong></span> <span class='ocrx_word' id='word_1_359' title='bbox 2870 686 2968 740; x_wconf 90' lang='lat' dir='ltr'><strong>abs</strong></span> <span class='ocrx_word' id='word_1_360' title='bbox 3009 701 3067 740; x_wconf 90' lang='lat' dir='ltr'><strong>se</strong></span> <span class='ocrx_word' id='word_1_361' title='bbox 3110 700 3204 753; x_wconf 81' lang='lat' dir='ltr'><strong>per</strong></span> <span class='ocrx_word' id='word_1_362' title='bbox 3241 683 3439 737; x_wconf 88' lang='lat' dir='ltr'><strong>multas</strong></span> <span class='ocrx_word' id='word_1_363' title='bbox 3471 680 3812 736; x_wconf 79' lang='lat' dir='ltr'><strong>exhortatio-</strong></span> 
     </span>
    </p>
   </div>
   <div class='ocr_carea' id='block_1_51' title="bbox 2235 771 3815 843">
    <p class='ocr_par' dir='ltr' id='par_1_51' title="bbox 2235 771 3815 843">
     <span class='ocr_line' id='line_1_51' title="bbox 2235 771 3815 843; baseline -0.003 -15"><span class='ocrx_word' id='word_1_364' title='bbox 2235 790 2332 830; x_wconf 90' lang='lat' dir='ltr'><strong>nes</strong></span> <span class='ocrx_word' id='word_1_365' title='bbox 2365 776 2632 842; x_wconf 87' lang='lat' dir='ltr'><strong>audierat,</strong></span> <span class='ocrx_word' id='word_1_366' title='bbox 2669 794 2690 828; x_wconf 73' lang='grc' dir='ltr'><strong><em>ι</em></strong></span> <span class='ocrx_word' id='word_1_367' title='bbox 2723 775 3074 839; x_wconf 88' lang='lat' dir='ltr'><strong>hortabatur;</strong></span> <span class='ocrx_word' id='word_1_368' title='bbox 3107 774 3223 843; x_wconf 89' lang='lat' dir='ltr'><strong>pari</strong></span> <span class='ocrx_word' id='word_1_369' title='bbox 3268 773 3482 828; x_wconf 85' lang='lat' dir='ltr'><strong>ratione</strong></span> <span class='ocrx_word' id='word_1_370' title='bbox 3523 771 3815 842; x_wconf 89' lang='lat' dir='ltr'><strong>Theophi-</strong></span> 
     </span>
    </p>
   </div>
   <div class='ocr_carea' id='block_1_52' title="bbox 2237 865 3537 936">
    <p class='ocr_par' dir='ltr' id='par_1_52' title="bbox 2237 865 3537 936">
     <span class='ocr_line' id='line_1_52' title="bbox 2237 865 3537 936; baseline 0.001 -17"><span class='ocrx_word' id='word_1_371' title='bbox 2237 865 2349 920; x_wconf 90' lang='lat' dir='ltr'><strong>lum</strong></span> <span class='ocrx_word' id='word_1_372' title='bbox 2377 883 2536 921; x_wconf 91' lang='lat' dir='ltr'><strong>suum</strong></span> <span class='ocrx_word' id='word_1_373' title='bbox 2560 867 2903 921; x_wconf 88' lang='lat' dir='ltr'><strong>traditionem</strong></span> <span class='ocrx_word' id='word_1_374' title='bbox 2929 867 3155 919; x_wconf 89' lang='lat' dir='ltr'><strong>edocere</strong></span> <span class='ocrx_word' id='word_1_375' title='bbox 3184 866 3537 936; x_wconf 86' lang='lat' dir='ltr'><strong>comperitur.</strong></span> 
     </span>
    </p>
   </div>
   <div class='ocr_carea' id='block_1_53' title="bbox 2751 956 3284 1013">
    <p class='ocr_par' dir='ltr' id='par_1_53' title="bbox 2751 956 3284 1013">
     <span class='ocr_line' id='line_1_53' title="bbox 2751 956 3284 1013; baseline -0.002 -1"><span class='ocrx_word' id='word_1_376' title='bbox 2751 956 3148 1013; x_wconf 79' lang='lat' dir='ltr'><strong>AHTICULUS</strong></span> <span class='ocrx_word' id='word_1_377' title='bbox 3198 957 3284 1011; x_wconf 92' lang='lat' dir='ltr'><strong>Ill.</strong></span> 
     </span>
    </p>
   </div>
   <div class='ocr_carea' id='block_1_54' title="bbox 2441 1065 3592 1106">
    <p class='ocr_par' dir='ltr' id='par_1_54' title="bbox 2441 1065 3592 1106">
     <span class='ocr_line' id='line_1_54' title="bbox 2441 1065 3592 1106; baseline -0.001 -1"><span class='ocrx_word' id='word_1_378' title='bbox 2441 1065 2508 1105; x_wconf 79' lang='lat' dir='ltr'><strong>DE</strong></span> <span class='ocrx_word' id='word_1_379' title='bbox 2561 1066 2821 1106; x_wconf 71' lang='lat' dir='ltr'><strong>IVSTERIO</strong></span> <span class='ocrx_word' id='word_1_380' title='bbox 2859 1065 3212 1105; x_wconf 72' lang='grc' dir='ltr'><strong>εΑΝετιεεηυε</strong></span> <span class='ocrx_word' id='word_1_381' title='bbox 3255 1065 3592 1104; x_wconf 63' lang='grc' dir='ltr'><strong>τιυκιτλτιε.</strong></span> 
     </span>
    </p>
   </div>
   <div class='ocr_carea' id='block_1_55' title="bbox 2308 1138 3832 1195">
    <p class='ocr_par' dir='ltr' id='par_1_55' title="bbox 2308 1138 3832 1195">
     <span class='ocr_line' id='line_1_55' title="bbox 2308 1138 3832 1195; baseline -0.003 0"><span class='ocrx_word' id='word_1_382' title='bbox 2308 1141 2493 1195; x_wconf 81' lang='lat' dir='ltr'><strong>Unitas</strong></span> <span class='ocrx_word' id='word_1_383' title='bbox 2519 1151 2724 1195; x_wconf 74' lang='lat' dir='ltr'><strong>natura:</strong></span> <span class='ocrx_word' id='word_1_384' title='bbox 2753 1151 2803 1194; x_wconf 86' lang='lat' dir='ltr'><strong>et</strong></span> <span class='ocrx_word' id='word_1_385' title='bbox 2832 1141 3102 1194; x_wconf 76' lang='lat' dir='ltr'><strong>distinctio</strong></span> <span class='ocrx_word' id='word_1_386' title='bbox 3135 1141 3515 1194; x_wconf 84' lang='lat' dir='ltr'><strong>Personarum.</strong></span> <span class='ocrx_word' id='word_1_387' title='bbox 3539 1138 3832 1192; x_wconf 84' lang='lat' dir='ltr'><strong>-—Casti-</strong></span> 
     </span>
    </p>
   </div>
   <div class='ocr_carea' id='block_1_56' title="bbox 2233 1233 3834 1306">
    <p class='ocr_par' dir='ltr' id='par_1_56' title="bbox 2233 1233 3834 1306">
     <span class='ocr_line' id='line_1_56' title="bbox 2233 1233 3834 1306; baseline -0.005 -16"><span class='ocrx_word' id='word_1_388' title='bbox 2233 1236 2509 1306; x_wconf 82' lang='lat' dir='ltr'><strong>gatissime</strong></span> <span class='ocrx_word' id='word_1_389' title='bbox 2539 1237 2779 1305; x_wconf 86' lang='lat' dir='ltr'><strong>loquitur</strong></span> <span class='ocrx_word' id='word_1_390' title='bbox 2812 1245 3033 1290; x_wconf 88' lang='lat' dir='ltr'><strong>sanctus</strong></span> <span class='ocrx_word' id='word_1_391' title='bbox 3064 1233 3384 1306; x_wconf 81' lang='lat' dir='ltr'><strong>Hippolytus</strong></span> <span class='ocrx_word' id='word_1_392' title='bbox 3427 1234 3496 1288; x_wconf 88' lang='lat' dir='ltr'><strong>de</strong></span> <span class='ocrx_word' id='word_1_393' title='bbox 3538 1233 3834 1304; x_wconf 76' lang='lat' dir='ltr'><strong>mysterio</strong></span> 
     </span>
    </p>
   </div>
   <div class='ocr_carea' id='block_1_57' title="bbox 2232 1324 3835 1395">
    <p class='ocr_par' dir='ltr' id='par_1_57' title="bbox 2232 1324 3835 1395">
     <span class='ocr_line' id='line_1_57' title="bbox 2232 1324 3835 1395; baseline -0.002 -16"><span class='ocrx_word' id='word_1_394' title='bbox 2232 1325 2593 1381; x_wconf 75' lang='lat' dir='ltr'><strong>sanctissima:</strong></span> <span class='ocrx_word' id='word_1_395' title='bbox 2650 1325 2960 1392; x_wconf 90' lang='lat' dir='ltr'><strong>Trinitatis,</strong></span> <span class='ocrx_word' id='word_1_396' title='bbox 3005 1333 3296 1395; x_wconf 88' lang='lat' dir='ltr'><strong>aperteque</strong></span> <span class='ocrx_word' id='word_1_397' title='bbox 3343 1324 3588 1379; x_wconf 87' lang='lat' dir='ltr'><strong>declarat</strong></span> <span class='ocrx_word' id='word_1_398' title='bbox 3649 1325 3835 1377; x_wconf 77' lang='lat' dir='ltr'><strong>ﬁdem</strong></span> 
     </span>
    </p>
   </div>
   <div class='ocr_carea' id='block_1_58' title="bbox 2231 1415 3829 1473">
    <p class='ocr_par' dir='ltr' id='par_1_58' title="bbox 2231 1415 3829 1473">
     <span class='ocr_line' id='line_1_58' title="bbox 2231 1415 3829 1473; baseline 0 -3"><span class='ocrx_word' id='word_1_399' title='bbox 2231 1417 2375 1472; x_wconf 88' lang='lat' dir='ltr'><strong>circa</strong></span> <span class='ocrx_word' id='word_1_400' title='bbox 2397 1417 2655 1472; x_wconf 90' lang='lat' dir='ltr'><strong>unitatem</strong></span> <span class='ocrx_word' id='word_1_401' title='bbox 2684 1426 2892 1473; x_wconf 72' lang='lat' dir='ltr'><strong>natura:</strong></span> <span class='ocrx_word' id='word_1_402' title='bbox 2909 1427 2962 1472; x_wconf 92' lang='lat' dir='ltr'><strong>et</strong></span> <span class='ocrx_word' id='word_1_403' title='bbox 2986 1417 3386 1471; x_wconf 90' lang='lat' dir='ltr'><strong>distinctionem</strong></span> <span class='ocrx_word' id='word_1_404' title='bbox 3409 1415 3829 1471; x_wconf 80' lang='lat' dir='ltr'><strong>Personarum.</strong></span> 
     </span>
    </p>
   </div>
   <div class='ocr_carea' id='block_1_59' title="bbox 2234 1507 3817 1578">
    <p class='ocr_par' dir='ltr' id='par_1_59' title="bbox 2234 1507 3817 1578">
     <span class='ocr_line' id='line_1_59' title="bbox 2234 1507 3817 1578; baseline 0 -15"><span class='ocrx_word' id='word_1_405' title='bbox 2234 1509 2323 1564; x_wconf 92' lang='lat' dir='ltr'><strong>Sic</strong></span> <span class='ocrx_word' id='word_1_406' title='bbox 2351 1519 2529 1564; x_wconf 89' lang='lat' dir='ltr'><strong>autem</strong></span> <span class='ocrx_word' id='word_1_407' title='bbox 2557 1510 2646 1564; x_wconf 91' lang='lat' dir='ltr'><strong>ille</strong></span> <span class='ocrx_word' id='word_1_408' title='bbox 2693 1511 2770 1564; x_wconf 91' lang='lat' dir='ltr'><strong>ait</strong></span> <span class='ocrx_word' id='word_1_409' title='bbox 2811 1510 2866 1564; x_wconf 87' lang='lat' dir='ltr'><strong>in</strong></span> <span class='ocrx_word' id='word_1_410' title='bbox 2897 1519 3131 1565; x_wconf 90' lang='lat' dir='ltr'><strong>tractatu</strong></span> <span class='ocrx_word' id='word_1_411' title='bbox 3165 1520 3348 1563; x_wconf 86' lang='lat' dir='ltr'><strong>contra</strong></span> <span class='ocrx_word' id='word_1_412' title='bbox 3374 1507 3612 1563; x_wconf 84' lang='lat' dir='ltr'><strong>Noetum</strong></span> <span class='ocrx_word' id='word_1_413' title='bbox 3649 1509 3775 1578; x_wconf 74' lang='lat'><strong>(52)</strong></span> <span class='ocrx_word' id='word_1_414' title='bbox 3804 1531 3817 1564; x_wconf 90' lang='lat'><strong><em>:</em></strong></span> 
     </span>
    </p>
   </div>
   <div class='ocr_carea' id='block_1_60' title="bbox 2237 1597 3806 1669">
    <p class='ocr_par' dir='ltr' id='par_1_60' title="bbox 2237 1597 3806 1669">
     <span class='ocr_line' id='line_1_60' title="bbox 2237 1597 3806 1669; baseline 0.001 -19"><span class='ocrx_word' id='word_1_415' title='bbox 2237 1617 2255 1650; x_wconf 73' lang='grc' dir='ltr'>ι</span> <span class='ocrx_word' id='word_1_416' title='bbox 2293 1598 2528 1654; x_wconf 86' lang='lat' dir='ltr'><strong>Verbum</strong></span> <span class='ocrx_word' id='word_1_417' title='bbox 2564 1607 2681 1654; x_wconf 91' lang='lat' dir='ltr'><strong>erat</strong></span> <span class='ocrx_word' id='word_1_418' title='bbox 2721 1601 2862 1669; x_wconf 91' lang='lat' dir='ltr'><strong>apud</strong></span> <span class='ocrx_word' id='word_1_419' title='bbox 2908 1597 3077 1654; x_wconf 90' lang='lat' dir='ltr'><strong>Deum</strong></span> <span class='ocrx_word' id='word_1_420' title='bbox 3100 1643 3114 1667; x_wconf 92' lang='lat'><strong>,</strong></span> <span class='ocrx_word' id='word_1_421' title='bbox 3143 1610 3196 1653; x_wconf 91' lang='lat' dir='ltr'><strong>et</strong></span> <span class='ocrx_word' id='word_1_422' title='bbox 3224 1599 3365 1653; x_wconf 88' lang='lat' dir='ltr'><strong>Deus</strong></span> <span class='ocrx_word' id='word_1_423' title='bbox 3395 1609 3512 1653; x_wconf 89' lang='lat' dir='ltr'><strong>erat</strong></span> <span class='ocrx_word' id='word_1_424' title='bbox 3533 1597 3806 1654; x_wconf 88' lang='lat' dir='ltr'><strong>Verbum.</strong></span> 
     </span>
    </p>
   </div>
   <div class='ocr_carea' id='block_1_61' title="bbox 2231 1687 3811 1759">
    <p class='ocr_par' dir='ltr' id='par_1_61' title="bbox 2231 1687 3811 1759">
     <span class='ocr_line' id='line_1_61' title="bbox 2231 1687 3811 1759; baseline 0.001 -17"><span class='ocrx_word' id='word_1_425' title='bbox 2231 1687 2371 1754; x_wconf 86' lang='lat' dir='ltr'><strong>Quid</strong></span> <span class='ocrx_word' id='word_1_426' title='bbox 2420 1689 2582 1758; x_wconf 86' lang='lat' dir='ltr'><strong>ergo?</strong></span> <span class='ocrx_word' id='word_1_427' title='bbox 2612 1689 2828 1744; x_wconf 89' lang='lat' dir='ltr'><strong>Dicetne</strong></span> <span class='ocrx_word' id='word_1_428' title='bbox 2880 1689 3075 1759; x_wconf 90' lang='lat' dir='ltr'><strong>aliquis</strong></span> <span class='ocrx_word' id='word_1_429' title='bbox 3122 1689 3300 1744; x_wconf 91' lang='lat' dir='ltr'><strong>dicere</strong></span> <span class='ocrx_word' id='word_1_430' title='bbox 3346 1688 3617 1745; x_wconf 80' lang='lat' dir='ltr'><strong>Joannem</strong></span> <span class='ocrx_word' id='word_1_431' title='bbox 3672 1692 3811 1744; x_wconf 81' lang='lat' dir='ltr'><strong>duos</strong></span> 
     </span>
    </p>
   </div>
   <div class='ocr_carea' id='block_1_62' title="bbox 2235 1779 3809 1852">
    <p class='ocr_par' dir='ltr' id='par_1_62' title="bbox 2235 1779 3809 1852">
     <span class='ocr_line' id='line_1_62' title="bbox 2235 1779 3809 1852; baseline 0.003 -20"><span class='ocrx_word' id='word_1_432' title='bbox 2235 1779 2413 1835; x_wconf 90' lang='lat' dir='ltr'><strong>Deos?</strong></span> <span class='ocrx_word' id='word_1_433' title='bbox 2445 1779 2593 1835; x_wconf 92' lang='lat' dir='ltr'><strong>Duos</strong></span> <span class='ocrx_word' id='word_1_434' title='bbox 2638 1781 2858 1850; x_wconf 91' lang='lat' dir='ltr'><strong>quidem</strong></span> <span class='ocrx_word' id='word_1_435' title='bbox 2899 1796 3004 1835; x_wconf 88' lang='lat' dir='ltr'><strong>non</strong></span> <span class='ocrx_word' id='word_1_436' title='bbox 3035 1781 3209 1836; x_wconf 90' lang='lat' dir='ltr'><strong>dicam</strong></span> <span class='ocrx_word' id='word_1_437' title='bbox 3240 1779 3444 1852; x_wconf 87' lang='lat' dir='ltr'><strong>(Deos),</strong></span> <span class='ocrx_word' id='word_1_438' title='bbox 3477 1781 3574 1835; x_wconf 90' lang='lat' dir='ltr'><strong>sed</strong></span> <span class='ocrx_word' id='word_1_439' title='bbox 3611 1798 3809 1836; x_wconf 89' lang='lat' dir='ltr'><strong>unum.</strong></span> 
     </span>
    </p>
   </div>
   <div class='ocr_carea' id='block_1_63' title="bbox 2233 1873 3808 1944">
    <p class='ocr_par' dir='ltr' id='par_1_63' title="bbox 2233 1873 3808 1944">
     <span class='ocr_line' id='line_1_63' title="bbox 2233 1873 3808 1944; baseline -0.001 -17"><span class='ocrx_word' id='word_1_440' title='bbox 2233 1873 2498 1930; x_wconf 81' lang='lat' dir='ltr'><strong>Personas</strong></span> <span class='ocrx_word' id='word_1_441' title='bbox 2524 1891 2651 1930; x_wconf 82' lang='lat' dir='ltr'><strong>vero</strong></span> <span class='ocrx_word' id='word_1_442' title='bbox 2681 1875 2853 1939; x_wconf 85' lang='lat' dir='ltr'><strong>duas;</strong></span> <span class='ocrx_word' id='word_1_443' title='bbox 2896 1874 3257 1930; x_wconf 71' lang='lat' dir='ltr'><strong>meonomiam</strong></span> <span class='ocrx_word' id='word_1_444' title='bbox 3299 1874 3538 1938; x_wconf 90' lang='lat' dir='ltr'><strong>tertiam,</strong></span> <span class='ocrx_word' id='word_1_445' title='bbox 3570 1876 3808 1944; x_wconf 78' lang='lat' dir='ltr'><strong>gratiam</strong></span> 
     </span>
    </p>
   </div>
   <div class='ocr_carea' id='block_1_64' title="bbox 2229 1965 3811 2036">
    <p class='ocr_par' dir='ltr' id='par_1_64' title="bbox 2229 1965 3811 2036">
     <span class='ocr_line' id='line_1_64' title="bbox 2229 1965 3811 2036; baseline -0.001 -14"><span class='ocrx_word' id='word_1_446' title='bbox 2229 1965 2352 2022; x_wconf 91' lang='lat' dir='ltr'><strong>dico</strong></span> <span class='ocrx_word' id='word_1_447' title='bbox 2403 1965 2638 2036; x_wconf 90' lang='lat' dir='ltr'><strong>Spiritus</strong></span> <span class='ocrx_word' id='word_1_448' title='bbox 2680 1967 2875 2021; x_wconf 89' lang='lat' dir='ltr'><strong>sancti.</strong></span> <span class='ocrx_word' id='word_1_449' title='bbox 2913 1985 2930 2018; x_wconf 74' lang='grc' dir='ltr'><strong><em>ι</em></strong></span> <span class='ocrx_word' id='word_1_450' title='bbox 2967 1965 3207 2021; x_wconf 87' lang='lat' dir='ltr'><strong>Gratiam</strong></span> <span class='ocrx_word' id='word_1_451' title='bbox 3257 1967 3487 2035; x_wconf 85' lang='lat' dir='ltr'><strong>appellat</strong></span> <span class='ocrx_word' id='word_1_452' title='bbox 3536 1968 3653 2020; x_wconf 89' lang='lat' dir='ltr'><strong>hoc</strong></span> <span class='ocrx_word' id='word_1_453' title='bbox 3690 1968 3811 2020; x_wconf 86' lang='lat' dir='ltr'><strong>loco</strong></span> 
     </span>
    </p>
   </div>
   <div class='ocr_carea' id='block_1_65' title="bbox 2232 2056 3812 2128">
    <p class='ocr_par' dir='ltr' id='par_1_65' title="bbox 2232 2056 3812 2128">
     <span class='ocr_line' id='line_1_65' title="bbox 2232 2056 3812 2128; baseline 0.001 -16"><span class='ocrx_word' id='word_1_454' title='bbox 2232 2056 2490 2128; x_wconf 84' lang='lat' dir='ltr'><strong>Spiritum</strong></span> <span class='ocrx_word' id='word_1_455' title='bbox 2537 2066 2806 2122; x_wconf 89' lang='lat' dir='ltr'><strong>sanctum,</strong></span> <span class='ocrx_word' id='word_1_456' title='bbox 2857 2057 2983 2128; x_wconf 88' lang='lat' dir='ltr'><strong>quia</strong></span> <span class='ocrx_word' id='word_1_457' title='bbox 3030 2059 3247 2113; x_wconf 82' lang='lat' dir='ltr'><strong>divinus</strong></span> <span class='ocrx_word' id='word_1_458' title='bbox 3281 2059 3380 2110; x_wconf 85' lang='lat' dir='ltr'><strong>iste</strong></span> <span class='ocrx_word' id='word_1_459' title='bbox 3431 2057 3682 2127; x_wconf 90' lang='lat' dir='ltr'><strong>Spiritus</strong></span> <span class='ocrx_word' id='word_1_460' title='bbox 3730 2072 3812 2113; x_wconf 88' lang='lat' dir='ltr'><strong>est</strong></span> 
     </span>
    </p>
   </div>
   <div class='ocr_carea' id='block_1_66' title="bbox 2230 2147 3812 2220">
    <p class='ocr_par' dir='ltr' id='par_1_66' title="bbox 2230 2147 3812 2220">
     <span class='ocr_line' id='line_1_66' title="bbox 2230 2147 3812 2220; baseline 0.001 -18"><span class='ocrx_word' id='word_1_461' title='bbox 2230 2147 2352 2204; x_wconf 86' lang='lat' dir='ltr'><strong>fons</strong></span> <span class='ocrx_word' id='word_1_462' title='bbox 2381 2150 2624 2204; x_wconf 85' lang='lat' dir='ltr'><strong>onmium</strong></span> <span class='ocrx_word' id='word_1_463' title='bbox 2648 2151 2937 2215; x_wconf 86' lang='lat' dir='ltr'><strong>donorum,</strong></span> <span class='ocrx_word' id='word_1_464' title='bbox 2962 2165 3084 2218; x_wconf 75' lang='lat' dir='ltr'><strong>qua:</strong></span> <span class='ocrx_word' id='word_1_465' title='bbox 3121 2148 3265 2202; x_wconf 90' lang='lat' dir='ltr'><strong>Deus</strong></span> <span class='ocrx_word' id='word_1_466' title='bbox 3291 2149 3615 2203; x_wconf 90' lang='lat' dir='ltr'><strong>hominibus</strong></span> <span class='ocrx_word' id='word_1_467' title='bbox 3644 2149 3812 2220; x_wconf 78' lang='lat' dir='ltr'><strong>largi-</strong></span> 
     </span>
    </p>
   </div>
   <div class='ocr_carea' id='block_1_67' title="bbox 2230 2237 3810 2310">
    <p class='ocr_par' dir='ltr' id='par_1_67' title="bbox 2230 2237 3810 2310">
     <span class='ocr_line' id='line_1_67' title="bbox 2230 2237 3810 2310; baseline -0.002 -16"><span class='ocrx_word' id='word_1_468' title='bbox 2230 2250 2337 2294; x_wconf 89' lang='lat' dir='ltr'><strong>tur.</strong></span> <span class='ocrx_word' id='word_1_469' title='bbox 2369 2260 2388 2292; x_wconf 74' lang='grc' dir='ltr'>ι</span> <span class='ocrx_word' id='word_1_470' title='bbox 2416 2239 2575 2294; x_wconf 90' lang='lat' dir='ltr'><strong>Pater</strong></span> <span class='ocrx_word' id='word_1_471' title='bbox 2605 2239 2823 2310; x_wconf 89' lang='lat' dir='ltr'><strong>quidem</strong></span> <span class='ocrx_word' id='word_1_472' title='bbox 2853 2255 2996 2294; x_wconf 89' lang='lat' dir='ltr'><strong>unus</strong></span> <span class='ocrx_word' id='word_1_473' title='bbox 3033 2237 3401 2309; x_wconf 87' lang='lat' dir='ltr'><strong>(prosequitur</strong></span> <span class='ocrx_word' id='word_1_474' title='bbox 3444 2237 3503 2293; x_wconf 90' lang='lat' dir='ltr'><strong>S.</strong></span> <span class='ocrx_word' id='word_1_475' title='bbox 3532 2237 3810 2310; x_wconf 78' lang='lat' dir='ltr'><strong>Hippoly-</strong></span> 
     </span>
    </p>
   </div>
   <div class='ocr_carea' id='block_1_68' title="bbox 2228 2331 3808 2402">
    <p class='ocr_par' dir='ltr' id='par_1_68' title="bbox 2228 2331 3808 2402">
     <span class='ocr_line' id='line_1_68' title="bbox 2228 2331 3808 2402; baseline -0.001 -15"><span class='ocrx_word' id='word_1_476' title='bbox 2228 2332 2359 2400; x_wconf 90' lang='lat' dir='ltr'><strong>tus),</strong></span> <span class='ocrx_word' id='word_1_477' title='bbox 2386 2331 2641 2388; x_wconf 82' lang='lat' dir='ltr'><strong>Personae</strong></span> <span class='ocrx_word' id='word_1_478' title='bbox 2663 2348 2792 2387; x_wconf 85' lang='lat' dir='ltr'><strong>vero</strong></span> <span class='ocrx_word' id='word_1_479' title='bbox 2825 2333 2965 2398; x_wconf 65' lang='lat' dir='ltr'><strong>duae,</strong></span> <span class='ocrx_word' id='word_1_480' title='bbox 2997 2332 3124 2402; x_wconf 92' lang='lat' dir='ltr'><strong>quia</strong></span> <span class='ocrx_word' id='word_1_481' title='bbox 3172 2331 3374 2398; x_wconf 86' lang='lat' dir='ltr'><strong>Filius;</strong></span> <span class='ocrx_word' id='word_1_482' title='bbox 3410 2332 3570 2386; x_wconf 89' lang='lat' dir='ltr'><strong>tertia</strong></span> <span class='ocrx_word' id='word_1_483' title='bbox 3619 2345 3808 2387; x_wconf 88' lang='lat' dir='ltr'><strong>autem</strong></span> 
     </span>
    </p>
   </div>
   <div class='ocr_carea' id='block_1_69' title="bbox 2231 2419 3806 2492">
    <p class='ocr_par' dir='ltr' id='par_1_69' title="bbox 2231 2419 3806 2492">
     <span class='ocr_line' id='line_1_69' title="bbox 2231 2419 3806 2492; baseline -0.001 -17"><span class='ocrx_word' id='word_1_484' title='bbox 2231 2422 2468 2492; x_wconf 87' lang='lat' dir='ltr'><strong>Spiritus</strong></span> <span class='ocrx_word' id='word_1_485' title='bbox 2521 2433 2760 2477; x_wconf 88' lang='lat' dir='ltr'><strong>sanctus.</strong></span> <span class='ocrx_word' id='word_1_486' title='bbox 2798 2422 2956 2478; x_wconf 88' lang='lat' dir='ltr'><strong>Pater</strong></span> <span class='ocrx_word' id='word_1_487' title='bbox 3000 2421 3242 2487; x_wconf 86' lang='lat' dir='ltr'><strong>mandat,</strong></span> <span class='ocrx_word' id='word_1_488' title='bbox 3277 2419 3517 2474; x_wconf 89' lang='lat' dir='ltr'><strong>Verbum</strong></span> <span class='ocrx_word' id='word_1_489' title='bbox 3549 2423 3806 2489; x_wconf 84' lang='lat' dir='ltr'><strong>perﬁcit;</strong></span> 
     </span>
    </p>
   </div>
   <div class='ocr_carea' id='block_1_70' title="bbox 2228 2511 3805 2583">
    <p class='ocr_par' dir='ltr' id='par_1_70' title="bbox 2228 2511 3805 2583">
     <span class='ocr_line' id='line_1_70' title="bbox 2228 2511 3805 2583; baseline -0.001 -15"><span class='ocrx_word' id='word_1_490' title='bbox 2228 2513 2400 2569; x_wconf 85' lang='lat' dir='ltr'><strong>Filius</strong></span> <span class='ocrx_word' id='word_1_491' title='bbox 2443 2523 2623 2569; x_wconf 89' lang='lat' dir='ltr'><strong>autem</strong></span> <span class='ocrx_word' id='word_1_492' title='bbox 2651 2515 2988 2581; x_wconf 89' lang='lat' dir='ltr'><strong>ostenditur,</strong></span> <span class='ocrx_word' id='word_1_493' title='bbox 3019 2529 3113 2583; x_wconf 90' lang='lat' dir='ltr'><strong>per</strong></span> <span class='ocrx_word' id='word_1_494' title='bbox 3148 2529 3308 2583; x_wconf 80' lang='lat' dir='ltr'><strong>quem</strong></span> <span class='ocrx_word' id='word_1_495' title='bbox 3344 2511 3502 2566; x_wconf 90' lang='lat' dir='ltr'><strong>Pater</strong></span> <span class='ocrx_word' id='word_1_496' title='bbox 3528 2514 3805 2568; x_wconf 87' lang='lat' dir='ltr'><strong>creditur.</strong></span> 
     </span>
    </p>
   </div>
   <div class='ocr_carea' id='block_1_71' title="bbox 2225 2603 3803 2673">
    <p class='ocr_par' dir='ltr' id='par_1_71' title="bbox 2225 2603 3803 2673">
     <span class='ocr_line' id='line_1_71' title="bbox 2225 2603 3803 2673; baseline -0.003 -13"><span class='ocrx_word' id='word_1_497' title='bbox 2225 2605 2556 2662; x_wconf 86' lang='lat' dir='ltr'><strong>OEconomia</strong></span> <span class='ocrx_word' id='word_1_498' title='bbox 2582 2605 2958 2660; x_wconf 89' lang='lat' dir='ltr'><strong>consensionis</strong></span> <span class='ocrx_word' id='word_1_499' title='bbox 2982 2605 3245 2673; x_wconf 78' lang='lat' dir='ltr'><strong>redigitur</strong></span> <span class='ocrx_word' id='word_1_500' title='bbox 3288 2604 3352 2658; x_wconf 91' lang='lat' dir='ltr'><strong>ad</strong></span> <span class='ocrx_word' id='word_1_501' title='bbox 3392 2619 3562 2658; x_wconf 89' lang='lat' dir='ltr'><strong>unum</strong></span> <span class='ocrx_word' id='word_1_502' title='bbox 3592 2603 3803 2668; x_wconf 90' lang='lat' dir='ltr'><strong>Deum;</strong></span> 
     </span>
    </p>
   </div>
   <div class='ocr_carea' id='block_1_72' title="bbox 2226 2695 3802 2767">
    <p class='ocr_par' dir='ltr' id='par_1_72' title="bbox 2226 2695 3802 2767">
     <span class='ocr_line' id='line_1_72' title="bbox 2226 2695 3802 2767; baseline -0.004 -13"><span class='ocrx_word' id='word_1_503' title='bbox 2226 2714 2370 2754; x_wconf 90' lang='lat' dir='ltr'><strong>unus</strong></span> <span class='ocrx_word' id='word_1_504' title='bbox 2397 2700 2542 2754; x_wconf 91' lang='lat' dir='ltr'><strong>enim</strong></span> <span class='ocrx_word' id='word_1_505' title='bbox 2575 2711 2656 2754; x_wconf 89' lang='lat' dir='ltr'><strong>est</strong></span> <span class='ocrx_word' id='word_1_506' title='bbox 2681 2698 2845 2762; x_wconf 87' lang='lat' dir='ltr'><strong>Deus,</strong></span> <span class='ocrx_word' id='word_1_507' title='bbox 2876 2697 2968 2767; x_wconf 91' lang='lat' dir='ltr'><strong>qui</strong></span> <span class='ocrx_word' id='word_1_508' title='bbox 2997 2699 3237 2760; x_wconf 88' lang='lat' dir='ltr'><strong>mandat,</strong></span> <span class='ocrx_word' id='word_1_509' title='bbox 3266 2695 3448 2762; x_wconf 84' lang='lat' dir='ltr'><strong>Pater;</strong></span> <span class='ocrx_word' id='word_1_510' title='bbox 3470 2697 3565 2766; x_wconf 92' lang='lat' dir='ltr'><strong>qui</strong></span> <span class='ocrx_word' id='word_1_511' title='bbox 3585 2696 3802 2759; x_wconf 83' lang='lat' dir='ltr'><strong>obedit,</strong></span> 
     </span>
    </p>
   </div>
   <div class='ocr_carea' id='block_1_73' title="bbox 2226 2788 3800 2862">
    <p class='ocr_par' dir='ltr' id='par_1_73' title="bbox 2226 2788 3800 2862">
     <span class='ocr_line' id='line_1_73' title="bbox 2226 2788 3800 2862; baseline -0.007 -15"><span class='ocrx_word' id='word_1_512' title='bbox 2226 2791 2432 2858; x_wconf 88' lang='lat' dir='ltr'><strong>Filius;</strong></span> <span class='ocrx_word' id='word_1_513' title='bbox 2463 2791 2558 2862; x_wconf 92' lang='lat' dir='ltr'><strong>qui</strong></span> <span class='ocrx_word' id='word_1_514' title='bbox 2603 2791 2762 2846; x_wconf 86' lang='lat' dir='ltr'><strong>docet</strong></span> <span class='ocrx_word' id='word_1_515' title='bbox 2814 2789 3095 2846; x_wconf 87' lang='lat' dir='ltr'><strong>scientiam</strong></span> <span class='ocrx_word' id='word_1_516' title='bbox 3122 2830 3138 2854; x_wconf 92' lang='lat'><strong>,</strong></span> <span class='ocrx_word' id='word_1_517' title='bbox 3193 2788 3425 2858; x_wconf 89' lang='lat' dir='ltr'><strong>Spiritus</strong></span> <span class='ocrx_word' id='word_1_518' title='bbox 3481 2799 3740 2841; x_wconf 84' lang='lat' dir='ltr'><strong>sanctus.</strong></span> <span class='ocrx_word' id='word_1_519' title='bbox 3784 2807 3800 2836; x_wconf 77' lang='grc' dir='ltr'>ι</span> 
     </span>
    </p>
   </div>
   <div class='ocr_carea' id='block_1_74' title="bbox 2224 2879 3804 2956">
    <p class='ocr_par' dir='ltr' id='par_1_74' title="bbox 2224 2879 3804 2956">
     <span class='ocr_line' id='line_1_74' title="bbox 2224 2879 3804 2956; baseline -0.007 -15"><span class='ocrx_word' id='word_1_520' title='bbox 2224 2885 2335 2941; x_wconf 87' lang='lat' dir='ltr'><strong>Nec</strong></span> <span class='ocrx_word' id='word_1_521' title='bbox 2381 2899 2710 2956; x_wconf 85' lang='lat' dir='ltr'><strong>quemquam</strong></span> <span class='ocrx_word' id='word_1_522' title='bbox 2755 2882 2957 2938; x_wconf 88' lang='lat' dir='ltr'><strong>morari</strong></span> <span class='ocrx_word' id='word_1_523' title='bbox 2999 2881 3198 2936; x_wconf 82' lang='lat' dir='ltr'><strong>debent</strong></span> <span class='ocrx_word' id='word_1_524' title='bbox 3249 2881 3361 2934; x_wconf 63' lang='lat' dir='ltr'><strong>haec</strong></span> <span class='ocrx_word' id='word_1_525' title='bbox 3405 2879 3574 2932; x_wconf 78' lang='lat' dir='ltr'><strong>verba</strong></span> <span class='ocrx_word' id='word_1_526' title='bbox 3609 2897 3623 2932; x_wconf 95' lang='lat'>:</span> <span class='ocrx_word' id='word_1_527' title='bbox 3658 2899 3679 2930; x_wconf 75' lang='grc' dir='ltr'><strong>ε</strong></span> <span class='ocrx_word' id='word_1_528' title='bbox 3714 2882 3804 2947; x_wconf 82' lang='lat' dir='ltr'><strong>qui</strong></span> 
     </span>
    </p>
   </div>
   <div class='ocr_carea' id='block_1_75' title="bbox 2225 2970 3806 3044">
    <p class='ocr_par' dir='ltr' id='par_1_75' title="bbox 2225 2970 3806 3044">
     <span class='ocr_line' id='line_1_75' title="bbox 2225 2970 3806 3044; baseline -0.009 -10"><span class='ocrx_word' id='word_1_529' title='bbox 2225 2978 2408 3034; x_wconf 89' lang='lat' dir='ltr'><strong>obedit</strong></span> <span class='ocrx_word' id='word_1_530' title='bbox 2446 2975 2640 3042; x_wconf 86' lang='lat' dir='ltr'><strong>Filius,</strong></span> <span class='ocrx_word' id='word_1_531' title='bbox 2685 2994 2702 3026; x_wconf 74' lang='grc' dir='ltr'><strong><em>ι</em></strong></span> <span class='ocrx_word' id='word_1_532' title='bbox 2747 2976 2903 3044; x_wconf 87' lang='lat' dir='ltr'><strong>quasi</strong></span> <span class='ocrx_word' id='word_1_533' title='bbox 2946 2973 3203 3028; x_wconf 61' lang='lat' dir='ltr'><strong>laederent</strong></span> <span class='ocrx_word' id='word_1_534' title='bbox 3232 2970 3525 3040; x_wconf 86' lang='lat' dir='ltr'><strong>perfectam</strong></span> <span class='ocrx_word' id='word_1_535' title='bbox 3553 2974 3806 3025; x_wconf 81' lang='lat' dir='ltr'><strong>consub-</strong></span> 
     </span>
    </p>
   </div>
   <div class='ocr_carea' id='block_1_76' title="bbox 2225 3060 3804 3131">
    <p class='ocr_par' dir='ltr' id='par_1_76' title="bbox 2225 3060 3804 3131">
     <span class='ocr_line' id='line_1_76' title="bbox 2225 3060 3804 3131; baseline -0.005 -8"><span class='ocrx_word' id='word_1_536' title='bbox 2225 3066 2630 3124; x_wconf 89' lang='lat' dir='ltr'><strong>stantialitatem</strong></span> <span class='ocrx_word' id='word_1_537' title='bbox 2654 3063 2830 3118; x_wconf 88' lang='lat' dir='ltr'><strong>Patris</strong></span> <span class='ocrx_word' id='word_1_538' title='bbox 2845 3072 2899 3117; x_wconf 92' lang='lat' dir='ltr'><strong>ct</strong></span> <span class='ocrx_word' id='word_1_539' title='bbox 2928 3061 3045 3116; x_wconf 84' lang='lat' dir='ltr'><strong>Filii</strong></span> <span class='ocrx_word' id='word_1_540' title='bbox 3070 3079 3085 3128; x_wconf 90' lang='lat'><strong>;</strong></span> <span class='ocrx_word' id='word_1_541' title='bbox 3118 3077 3262 3128; x_wconf 90' lang='lat' dir='ltr'><strong>nam,</strong></span> <span class='ocrx_word' id='word_1_542' title='bbox 3295 3070 3352 3115; x_wconf 90' lang='lat' dir='ltr'><strong>ut</strong></span> <span class='ocrx_word' id='word_1_543' title='bbox 3374 3060 3591 3131; x_wconf 81' lang='lat' dir='ltr'><strong>egregie</strong></span> <span class='ocrx_word' id='word_1_544' title='bbox 3616 3061 3804 3115; x_wconf 81' lang='lat' dir='ltr'><strong>anitu-</strong></span> 
     </span>
    </p>
   </div>
   <div class='ocr_carea' id='block_1_77' title="bbox 2225 3153 3804 3224">
    <p class='ocr_par' dir='ltr' id='par_1_77' title="bbox 2225 3153 3804 3224">
     <span class='ocr_line' id='line_1_77' title="bbox 2225 3153 3804 3224; baseline -0.004 -12"><span class='ocrx_word' id='word_1_545' title='bbox 2225 3159 2455 3213; x_wconf 87' lang='lat' dir='ltr'><strong>advertit</strong></span> <span class='ocrx_word' id='word_1_546' title='bbox 2499 3155 2658 3210; x_wconf 91' lang='lat' dir='ltr'><strong>Pater</strong></span> <span class='ocrx_word' id='word_1_547' title='bbox 2705 3154 3010 3210; x_wconf 89' lang='lat' dir='ltr'><strong>Ceillierius</strong></span> <span class='ocrx_word' id='word_1_548' title='bbox 3063 3154 3218 3224; x_wconf 89' lang='grc'><strong>(55),</strong></span> <span class='ocrx_word' id='word_1_549' title='bbox 3292 3153 3440 3207; x_wconf 88' lang='lat' dir='ltr'><strong>hisce</strong></span> <span class='ocrx_word' id='word_1_550' title='bbox 3531 3153 3804 3221; x_wconf 80' lang='lat' dir='ltr'><strong>loquendi</strong></span> 
     </span>
    </p>
   </div>
   <div class='ocr_carea' id='block_1_78' title="bbox 2227 3244 3803 3308">
    <p class='ocr_par' dir='ltr' id='par_1_78' title="bbox 2227 3244 3803 3308">
     <span class='ocr_line' id='line_1_78' title="bbox 2227 3244 3803 3308; baseline -0.007 -2"><span class='ocrx_word' id='word_1_551' title='bbox 2227 3249 2476 3306; x_wconf 78' lang='lat' dir='ltr'><strong>formulis</strong></span> <span class='ocrx_word' id='word_1_552' title='bbox 2519 3248 2605 3304; x_wconf 90' lang='lat' dir='ltr'><strong>usi</strong></span> <span class='ocrx_word' id='word_1_553' title='bbox 2655 3255 2783 3303; x_wconf 90' lang='lat' dir='ltr'><strong>sunt</strong></span> <span class='ocrx_word' id='word_1_554' title='bbox 2815 3246 3001 3302; x_wconf 90' lang='lat' dir='ltr'><strong>Patres</strong></span> <span class='ocrx_word' id='word_1_555' title='bbox 3047 3245 3269 3302; x_wconf 88' lang='lat' dir='ltr'><strong>secundi</strong></span> <span class='ocrx_word' id='word_1_556' title='bbox 3305 3253 3360 3298; x_wconf 91' lang='lat' dir='ltr'><strong>et</strong></span> <span class='ocrx_word' id='word_1_557' title='bbox 3392 3244 3536 3298; x_wconf 90' lang='lat' dir='ltr'><strong>tertii</strong></span> <span class='ocrx_word' id='word_1_558' title='bbox 3585 3246 3803 3308; x_wconf 69' lang='lat' dir='ltr'><strong>saeculi,</strong></span> 
     </span>
    </p>
   </div>
   <div class='ocr_carea' id='block_1_79' title="bbox 2223 3335 3801 3411">
    <p class='ocr_par' dir='ltr' id='par_1_79' title="bbox 2223 3335 3801 3411">
     <span class='ocr_line' id='line_1_79' title="bbox 2223 3335 3801 3411; baseline -0.006 -14"><span class='ocrx_word' id='word_1_559' title='bbox 2223 3351 2279 3397; x_wconf 93' lang='lat' dir='ltr'><strong>et</strong></span> <span class='ocrx_word' id='word_1_560' title='bbox 2309 3341 2530 3411; x_wconf 91' lang='lat' dir='ltr'><strong>quidem</strong></span> <span class='ocrx_word' id='word_1_561' title='bbox 2571 3338 2688 3392; x_wconf 90' lang='lat' dir='ltr'><strong>sine</strong></span> <span class='ocrx_word' id='word_1_562' title='bbox 2717 3337 3050 3403; x_wconf 79' lang='lat' dir='ltr'><strong>oﬂensione;</strong></span> <span class='ocrx_word' id='word_1_563' title='bbox 3082 3336 3185 3390; x_wconf 91' lang='lat' dir='ltr'><strong>hac</strong></span> <span class='ocrx_word' id='word_1_564' title='bbox 3225 3335 3410 3406; x_wconf 90' lang='lat' dir='ltr'><strong>phrasi</strong></span> <span class='ocrx_word' id='word_1_565' title='bbox 3451 3351 3590 3389; x_wconf 89' lang='lat' dir='ltr'><strong>usus</strong></span> <span class='ocrx_word' id='word_1_566' title='bbox 3621 3345 3712 3390; x_wconf 82' lang='lat' dir='ltr'><strong>est</strong></span> <span class='ocrx_word' id='word_1_567' title='bbox 3742 3335 3801 3388; x_wconf 88' lang='lat' dir='ltr'><strong>S.</strong></span> 
     </span>
    </p>
   </div>
   <div class='ocr_carea' id='block_1_80' title="bbox 2224 3426 3805 3499">
    <p class='ocr_par' dir='ltr' id='par_1_80' title="bbox 2224 3426 3805 3499">
     <span class='ocr_line' id='line_1_80' title="bbox 2224 3426 3805 3499; baseline -0.003 -15"><span class='ocrx_word' id='word_1_568' title='bbox 2224 3431 2460 3486; x_wconf 81' lang='lat' dir='ltr'><strong>lrenaeus</strong></span> <span class='ocrx_word' id='word_1_569' title='bbox 2484 3431 2688 3499; x_wconf 89' lang='lat' dir='ltr'><strong>absque</strong></span> <span class='ocrx_word' id='word_1_570' title='bbox 2719 3428 2830 3482; x_wconf 92' lang='lat' dir='ltr'><strong>ullo</strong></span> <span class='ocrx_word' id='word_1_571' title='bbox 2865 3427 3122 3496; x_wconf 84' lang='lat' dir='ltr'><strong>scrupulo</strong></span> <span class='ocrx_word' id='word_1_572' title='bbox 3153 3427 3294 3497; x_wconf 71' lang='lat'><strong>(&#39;54);</strong></span> <span class='ocrx_word' id='word_1_573' title='bbox 3327 3441 3390 3481; x_wconf 89' lang='lat' dir='ltr'><strong>ac</strong></span> <span class='ocrx_word' id='word_1_574' title='bbox 3431 3427 3534 3480; x_wconf 90' lang='lat' dir='ltr'><strong>etsi</strong></span> <span class='ocrx_word' id='word_1_575' title='bbox 3568 3426 3657 3481; x_wconf 77' lang='lat' dir='ltr'><strong>ha:</strong></span> <span class='ocrx_word' id='word_1_576' title='bbox 3687 3429 3805 3482; x_wconf 82' lang='lat' dir='ltr'><strong>for-</strong></span> 
     </span>
    </p>
   </div>
   <div class='ocr_carea' id='block_1_81' title="bbox 2223 3516 3800 3592">
    <p class='ocr_par' dir='ltr' id='par_1_81' title="bbox 2223 3516 3800 3592">
     <span class='ocr_line' id='line_1_81' title="bbox 2223 3516 3800 3592; baseline -0.003 -16"><span class='ocrx_word' id='word_1_577' title='bbox 2223 3521 2382 3576; x_wconf 62' lang='lat' dir='ltr'><strong>mula:</strong></span> <span class='ocrx_word' id='word_1_578' title='bbox 2426 3520 2678 3592; x_wconf 91' lang='lat' dir='ltr'><strong>loquendi</strong></span> <span class='ocrx_word' id='word_1_579' title='bbox 2722 3519 3038 3574; x_wconf 87' lang='lat' dir='ltr'><strong>viderentur</strong></span> <span class='ocrx_word' id='word_1_580' title='bbox 3082 3516 3262 3572; x_wconf 87' lang='lat' dir='ltr'><strong>favere</strong></span> <span class='ocrx_word' id='word_1_581' title='bbox 3310 3517 3523 3571; x_wconf 70' lang='lat' dir='ltr'><strong>Arianae</strong></span> <span class='ocrx_word' id='word_1_582' title='bbox 3573 3518 3800 3582; x_wconf 64' lang='lat' dir='ltr'><strong>hmresi,</strong></span> 
     </span>
    </p>
   </div>
   <div class='ocr_carea' id='block_1_82' title="bbox 2223 3607 3801 3680">
    <p class='ocr_par' dir='ltr' id='par_1_82' title="bbox 2223 3607 3801 3680">
     <span class='ocr_line' id='line_1_82' title="bbox 2223 3607 3801 3680; baseline -0.004 -12"><span class='ocrx_word' id='word_1_583' title='bbox 2223 3611 2578 3668; x_wconf 88' lang='lat' dir='ltr'><strong>nihilominus</strong></span> <span class='ocrx_word' id='word_1_584' title='bbox 2602 3610 2764 3666; x_wconf 90' lang='lat' dir='ltr'><strong>etiam</strong></span> <span class='ocrx_word' id='word_1_585' title='bbox 2807 3619 2929 3680; x_wconf 91' lang='lat' dir='ltr'><strong>post</strong></span> <span class='ocrx_word' id='word_1_586' title='bbox 2959 3609 3250 3664; x_wconf 89' lang='lat' dir='ltr'><strong>concilium</strong></span> <span class='ocrx_word' id='word_1_587' title='bbox 3280 3607 3558 3664; x_wconf 67' lang='lat' dir='ltr'><strong>Niczenum</strong></span> <span class='ocrx_word' id='word_1_588' title='bbox 3595 3609 3652 3663; x_wconf 94' lang='lat' dir='ltr'><strong>in</strong></span> <span class='ocrx_word' id='word_1_589' title='bbox 3689 3609 3801 3663; x_wconf 84' lang='lat' dir='ltr'><strong>Pa-</strong></span> 
     </span>
    </p>
   </div>
   <div class='ocr_carea' id='block_1_83' title="bbox 2223 3699 3800 3770">
    <p class='ocr_par' dir='ltr' id='par_1_83' title="bbox 2223 3699 3800 3770">
     <span class='ocr_line' id='line_1_83' title="bbox 2223 3699 3800 3770; baseline -0.003 -10"><span class='ocrx_word' id='word_1_590' title='bbox 2223 3705 2398 3760; x_wconf 87' lang='lat' dir='ltr'><strong>tribus</strong></span> <span class='ocrx_word' id='word_1_591' title='bbox 2418 3712 2732 3768; x_wconf 90' lang='lat' dir='ltr'><strong>occurrunt,</strong></span> <span class='ocrx_word' id='word_1_592' title='bbox 2758 3712 2816 3756; x_wconf 92' lang='lat' dir='ltr'><strong>ut</strong></span> <span class='ocrx_word' id='word_1_593' title='bbox 2844 3703 3026 3756; x_wconf 84' lang='lat' dir='ltr'><strong>videre</strong></span> <span class='ocrx_word' id='word_1_594' title='bbox 3052 3711 3137 3756; x_wconf 90' lang='lat' dir='ltr'><strong>est</strong></span> <span class='ocrx_word' id='word_1_595' title='bbox 3177 3701 3232 3754; x_wconf 92' lang='lat' dir='ltr'><strong>in</strong></span> <span class='ocrx_word' id='word_1_596' title='bbox 3267 3701 3391 3756; x_wconf 86' lang='lat' dir='ltr'><strong>divo</strong></span> <span class='ocrx_word' id='word_1_597' title='bbox 3426 3699 3630 3755; x_wconf 88' lang='lat' dir='ltr'><strong>Basilio</strong></span> <span class='ocrx_word' id='word_1_598' title='bbox 3653 3703 3800 3770; x_wconf 82' lang='grc'><strong>(55),</strong></span> 
     </span>
    </p>
   </div>
   <div class='ocr_carea' id='block_1_84' title="bbox 2219 3791 3804 3865">
    <p class='ocr_par' dir='ltr' id='par_1_84' title="bbox 2219 3791 3804 3865">
     <span class='ocr_line' id='line_1_84' title="bbox 2219 3791 3804 3865; baseline -0.005 -13"><span class='ocrx_word' id='word_1_599' title='bbox 2219 3797 2347 3852; x_wconf 86' lang='lat' dir='ltr'><strong>divo</strong></span> <span class='ocrx_word' id='word_1_600' title='bbox 2366 3796 2662 3851; x_wconf 80' lang='lat' dir='ltr'><strong>Athanasio</strong></span> <span class='ocrx_word' id='word_1_601' title='bbox 2687 3793 2822 3865; x_wconf 87' lang='grc'><strong>(56),</strong></span> <span class='ocrx_word' id='word_1_602' title='bbox 2847 3803 2902 3848; x_wconf 91' lang='lat' dir='ltr'><strong>et</strong></span> <span class='ocrx_word' id='word_1_603' title='bbox 2922 3791 3091 3847; x_wconf 81' lang='lat' dir='ltr'><strong>Mario</strong></span> <span class='ocrx_word' id='word_1_604' title='bbox 3112 3791 3393 3847; x_wconf 89' lang='lat' dir='ltr'><strong>Victorino</strong></span> <span class='ocrx_word' id='word_1_605' title='bbox 3419 3793 3556 3862; x_wconf 80' lang='grc'><strong>(57).</strong></span> <span class='ocrx_word' id='word_1_606' title='bbox 3577 3791 3804 3863; x_wconf 85' lang='lat' dir='ltr'><strong>Quippe</strong></span> 
     </span>
    </p>
   </div>
   <div class='ocr_carea' id='block_1_85' title="bbox 2217 3885 3800 3959">
    <p class='ocr_par' dir='ltr' id='par_1_85' title="bbox 2217 3885 3800 3959">
     <span class='ocr_line' id='line_1_85' title="bbox 2217 3885 3800 3959; baseline -0.003 -17"><span class='ocrx_word' id='word_1_607' title='bbox 2217 3889 2370 3959; x_wconf 78' lang='lat' dir='ltr'><strong>juxta</strong></span> <span class='ocrx_word' id='word_1_608' title='bbox 2421 3887 2620 3958; x_wconf 87' lang='lat' dir='ltr'><strong>stylum</strong></span> <span class='ocrx_word' id='word_1_609' title='bbox 2665 3893 2910 3940; x_wconf 89' lang='lat' dir='ltr'><strong>veterum</strong></span> <span class='ocrx_word' id='word_1_610' title='bbox 2976 3885 3380 3954; x_wconf 84' lang='lat' dir='ltr'><strong>theologorum,</strong></span> <span class='ocrx_word' id='word_1_611' title='bbox 3443 3885 3524 3938; x_wconf 66' lang='lat' dir='ltr'><strong>hic</strong></span> <span class='ocrx_word' id='word_1_612' title='bbox 3582 3900 3800 3951; x_wconf 80' lang='lat' dir='ltr'><strong>voces,</strong></span> 
     </span>
    </p>
   </div>
   <div class='ocr_carea' id='block_1_86' title="bbox 2227 3970 3803 4045">
    <p class='ocr_par' dir='ltr' id='par_1_86' title="bbox 2227 3970 3803 4045">
     <span class='ocr_line' id='line_1_86' title="bbox 2227 3970 3803 4045; baseline -0.004 -15"><span class='ocrx_word' id='word_1_613' title='bbox 2227 3995 2246 4030; x_wconf 70' lang='grc' dir='ltr'>ς</span> <span class='ocrx_word' id='word_1_614' title='bbox 2277 3977 2542 4045; x_wconf 89' lang='lat' dir='ltr'><strong>imperare</strong></span> <span class='ocrx_word' id='word_1_615' title='bbox 2574 3983 2628 4028; x_wconf 93' lang='lat' dir='ltr'><strong>et</strong></span> <span class='ocrx_word' id='word_1_616' title='bbox 2647 3972 2884 4039; x_wconf 85' lang='lat' dir='ltr'><strong>obedire,</strong></span> <span class='ocrx_word' id='word_1_617' title='bbox 2915 3991 2933 4023; x_wconf 76' lang='grc' dir='ltr'><strong><em>ι</em></strong></span> <span class='ocrx_word' id='word_1_618' title='bbox 2962 3973 3178 4042; x_wconf 89' lang='lat' dir='ltr'><strong>quando</strong></span> <span class='ocrx_word' id='word_1_619' title='bbox 3203 3973 3269 4026; x_wconf 87' lang='lat' dir='ltr'><strong>de</strong></span> <span class='ocrx_word' id='word_1_620' title='bbox 3301 3971 3558 4025; x_wconf 83' lang='lat' dir='ltr'><strong>Personis</strong></span> <span class='ocrx_word' id='word_1_621' title='bbox 3588 3970 3803 4024; x_wconf 85' lang='lat' dir='ltr'><strong>divinis</strong></span> 
     </span>
    </p>
   </div>
   <div class='ocr_carea' id='block_1_87' title="bbox 2221 4065 3803 4136">
    <p class='ocr_par' dir='ltr' id='par_1_87' title="bbox 2221 4065 3803 4136">
     <span class='ocr_line' id='line_1_87' title="bbox 2221 4065 3803 4136; baseline -0.004 -12"><span class='ocrx_word' id='word_1_622' title='bbox 2221 4083 2402 4124; x_wconf 90' lang='lat' dir='ltr'><strong>sermo</strong></span> <span class='ocrx_word' id='word_1_623' title='bbox 2431 4077 2535 4136; x_wconf 91' lang='lat' dir='ltr'><strong>est,</strong></span> <span class='ocrx_word' id='word_1_624' title='bbox 2565 4082 2674 4124; x_wconf 85' lang='lat' dir='ltr'><strong>non</strong></span> <span class='ocrx_word' id='word_1_625' title='bbox 2707 4065 3015 4134; x_wconf 80' lang='lat' dir='ltr'><strong>signiﬁcant</strong></span> <span class='ocrx_word' id='word_1_626' title='bbox 3042 4080 3206 4120; x_wconf 90' lang='lat' dir='ltr'><strong>unam</strong></span> <span class='ocrx_word' id='word_1_627' title='bbox 3236 4065 3389 4119; x_wconf 89' lang='lat' dir='ltr'><strong>alteri</strong></span> <span class='ocrx_word' id='word_1_628' title='bbox 3424 4065 3702 4133; x_wconf 89' lang='lat' dir='ltr'><strong>imperare</strong></span> <span class='ocrx_word' id='word_1_629' title='bbox 3733 4081 3803 4118; x_wconf 91' lang='lat' dir='ltr'><strong>eo</strong></span> 
     </span>
    </p>
   </div>
   <div class='ocr_carea' id='block_1_88' title="bbox 2219 4155 3803 4231">
    <p class='ocr_par' dir='ltr' id='par_1_88' title="bbox 2219 4155 3803 4231">
     <span class='ocr_line' id='line_1_88' title="bbox 2219 4155 3803 4231; baseline -0.007 -12"><span class='ocrx_word' id='word_1_630' title='bbox 2219 4162 2384 4219; x_wconf 89' lang='lat' dir='ltr'><strong>modo</strong></span> <span class='ocrx_word' id='word_1_631' title='bbox 2423 4175 2531 4231; x_wconf 91' lang='lat' dir='ltr'><strong>quo</strong></span> <span class='ocrx_word' id='word_1_632' title='bbox 2563 4158 2816 4214; x_wconf 91' lang='lat' dir='ltr'><strong>dominus</strong></span> <span class='ocrx_word' id='word_1_633' title='bbox 2854 4157 3058 4212; x_wconf 90' lang='lat' dir='ltr'><strong>famulo</strong></span> <span class='ocrx_word' id='word_1_634' title='bbox 3085 4172 3184 4212; x_wconf 90' lang='lat' dir='ltr'><strong>suo</strong></span> <span class='ocrx_word' id='word_1_635' title='bbox 3210 4156 3482 4226; x_wconf 67' lang='lat' dir='ltr'><strong>praecipit;</strong></span> <span class='ocrx_word' id='word_1_636' title='bbox 3516 4155 3613 4209; x_wconf 87' lang='lat' dir='ltr'><strong>sed</strong></span> <span class='ocrx_word' id='word_1_637' title='bbox 3642 4155 3803 4210; x_wconf 86' lang='lat' dir='ltr'><strong>desi-</strong></span> 
     </span>
    </p>
   </div>
   <div class='ocr_carea' id='block_1_89' title="bbox 2219 4251 3794 4326">
    <p class='ocr_par' dir='ltr' id='par_1_89' title="bbox 2219 4251 3794 4326">
     <span class='ocr_line' id='line_1_89' title="bbox 2219 4251 3794 4326; baseline -0.003 -15"><span class='ocrx_word' id='word_1_638' title='bbox 2219 4265 2390 4326; x_wconf 74' lang='lat' dir='ltr'><strong>gnant</strong></span> <span class='ocrx_word' id='word_1_639' title='bbox 2440 4254 2784 4310; x_wconf 89' lang='lat' dir='ltr'><strong>solummodo</strong></span> <span class='ocrx_word' id='word_1_640' title='bbox 2812 4255 3229 4310; x_wconf 88' lang='lat' dir='ltr'><strong>consensionem</strong></span> <span class='ocrx_word' id='word_1_641' title='bbox 3265 4252 3558 4306; x_wconf 84' lang='lat' dir='ltr'><strong>voluntatis</strong></span> <span class='ocrx_word' id='word_1_642' title='bbox 3592 4252 3647 4305; x_wconf 90' lang='lat' dir='ltr'><strong>in</strong></span> <span class='ocrx_word' id='word_1_643' title='bbox 3689 4251 3794 4306; x_wconf 85' lang='lat' dir='ltr'><strong>Pa-</strong></span> 
     </span>
    </p>
   </div>
   <div class='ocr_carea' id='block_1_90' title="bbox 2218 4343 3800 4415">
    <p class='ocr_par' dir='ltr' id='par_1_90' title="bbox 2218 4343 3800 4415">
     <span class='ocr_line' id='line_1_90' title="bbox 2218 4343 3800 4415; baseline -0.004 -11"><span class='ocrx_word' id='word_1_644' title='bbox 2218 4357 2384 4406; x_wconf 87' lang='lat' dir='ltr'><strong>treet</strong></span> <span class='ocrx_word' id='word_1_645' title='bbox 2405 4347 2576 4415; x_wconf 86' lang='lat' dir='ltr'><strong>Filio;</strong></span> <span class='ocrx_word' id='word_1_646' title='bbox 2604 4363 2709 4403; x_wconf 93' lang='lat' dir='ltr'><strong>non</strong></span> <span class='ocrx_word' id='word_1_647' title='bbox 2741 4361 2898 4403; x_wconf 89' lang='lat' dir='ltr'><strong>secus</strong></span> <span class='ocrx_word' id='word_1_648' title='bbox 2926 4360 2990 4400; x_wconf 89' lang='lat' dir='ltr'><strong>ac</strong></span> <span class='ocrx_word' id='word_1_649' title='bbox 3019 4345 3066 4400; x_wconf 85' lang='lat' dir='ltr'><strong>si</strong></span> <span class='ocrx_word' id='word_1_650' title='bbox 3088 4345 3210 4415; x_wconf 91' lang='lat' dir='ltr'><strong>quis</strong></span> <span class='ocrx_word' id='word_1_651' title='bbox 3240 4345 3442 4398; x_wconf 90' lang='lat' dir='ltr'><strong>diceret</strong></span> <span class='ocrx_word' id='word_1_652' title='bbox 3465 4343 3635 4412; x_wconf 86' lang='lat' dir='ltr'><strong>quod,</strong></span> <span class='ocrx_word' id='word_1_653' title='bbox 3662 4359 3800 4398; x_wconf 88' lang='lat' dir='ltr'><strong>cum</strong></span> 
     </span>
    </p>
   </div>
   <div class='ocr_carea' id='block_1_91' title="bbox 554 4434 3800 4514">
    <p class='ocr_par' dir='ltr' id='par_1_91' title="bbox 554 4434 3800 4514">
     <span class='ocr_line' id='line_1_91' title="bbox 554 4434 3800 4514; baseline -0.002 -20"><span class='ocrx_word' id='word_1_654' title='bbox 554 4439 683 4503; x_wconf 86' lang='grc' dir='ltr'><strong>λων,</strong></span> <span class='ocrx_word' id='word_1_655' title='bbox 714 4458 735 4491; x_wconf 87' lang='grc'><strong>‹</strong></span> <span class='ocrx_word' id='word_1_656' title='bbox 767 4441 1064 4496; x_wconf 91' lang='lat' dir='ltr'><strong>secundum</strong></span> <span class='ocrx_word' id='word_1_657' title='bbox 1098 4443 1440 4500; x_wconf 90' lang='lat' dir='ltr'><strong>traditionem</strong></span> <span class='ocrx_word' id='word_1_658' title='bbox 1462 4446 1853 4514; x_wconf 89' lang='lat' dir='ltr'><strong>apostolorum,</strong></span> <span class='ocrx_word' id='word_1_659' title='bbox 1884 4463 1902 4497; x_wconf 71' lang='grc' dir='ltr'><strong>ι</strong></span> <span class='ocrx_word' id='word_1_660' title='bbox 1931 4446 2113 4502; x_wconf 89' lang='lat' dir='ltr'><strong>ﬁdeles</strong></span> <span class='ocrx_word' id='word_1_661' title='bbox 2143 4442 2189 4497; x_wconf 92' lang='lat' dir='ltr'><strong>D</strong></span> <span class='ocrx_word' id='word_1_662' title='bbox 2215 4439 2375 4497; x_wconf 90' lang='lat' dir='ltr'><strong>Pater</strong></span> <span class='ocrx_word' id='word_1_663' title='bbox 2425 4440 2709 4497; x_wconf 87' lang='lat' dir='ltr'><strong>statuisset</strong></span> <span class='ocrx_word' id='word_1_664' title='bbox 2752 4438 3014 4492; x_wconf 90' lang='lat' dir='ltr'><strong>mundum</strong></span> <span class='ocrx_word' id='word_1_665' title='bbox 3057 4437 3288 4492; x_wconf 91' lang='lat' dir='ltr'><strong>condere</strong></span> <span class='ocrx_word' id='word_1_666' title='bbox 3324 4451 3421 4505; x_wconf 90' lang='lat' dir='ltr'><strong>per</strong></span> <span class='ocrx_word' id='word_1_667' title='bbox 3453 4451 3617 4490; x_wconf 88' lang='lat' dir='ltr'><strong>suum</strong></span> <span class='ocrx_word' id='word_1_668' title='bbox 3649 4434 3800 4490; x_wconf 77' lang='lat' dir='ltr'><strong>Ver-</strong></span> 
     </span>
    </p>
   </div>
   <div class='ocr_carea' id='block_1_92' title="bbox 555 4530 2111 4606">
    <p class='ocr_par' dir='ltr' id='par_1_92' title="bbox 555 4530 2111 4606">
     <span class='ocr_line' id='line_1_92' title="bbox 555 4530 2111 4606; baseline 0.006 -22"><span class='ocrx_word' id='word_1_669' title='bbox 555 4530 825 4586; x_wconf 81' lang='lat' dir='ltr'><strong>ltortalur.</strong></span> <span class='ocrx_word' id='word_1_670' title='bbox 874 4532 951 4585; x_wconf 88' lang='lat' dir='ltr'><strong>Ibi</strong></span> <span class='ocrx_word' id='word_1_671' title='bbox 1005 4549 1260 4606; x_wconf 87' lang='lat' dir='ltr'><strong>namque,</strong></span> <span class='ocrx_word' id='word_1_672' title='bbox 1293 4551 1361 4592; x_wconf 94' lang='lat' dir='ltr'><strong>ne</strong></span> <span class='ocrx_word' id='word_1_673' title='bbox 1408 4537 1530 4606; x_wconf 91' lang='lat' dir='ltr'><strong>quis</strong></span> <span class='ocrx_word' id='word_1_674' title='bbox 1577 4545 1726 4606; x_wconf 87' lang='lat' dir='ltr'><strong>putet</strong></span> <span class='ocrx_word' id='word_1_675' title='bbox 1763 4538 2111 4593; x_wconf 88' lang='lat' dir='ltr'><strong>traditionem</strong></span> 
     </span>
    </p>
   </div>
   <div class='ocr_carea' id='block_1_93' title="bbox 553 4621 2114 4697">
    <p class='ocr_par' dir='ltr' id='par_1_93' title="bbox 553 4621 2114 4697">
     <span class='ocr_line' id='line_1_93' title="bbox 553 4621 2114 4697; baseline 0.006 -25"><span class='ocrx_word' id='word_1_676' title='bbox 553 4635 773 4690; x_wconf 91' lang='lat' dir='ltr'><strong>quoque</strong></span> <span class='ocrx_word' id='word_1_677' title='bbox 817 4633 1009 4691; x_wconf 61' lang='lat' dir='ltr'><strong>praeter</strong></span> <span class='ocrx_word' id='word_1_678' title='bbox 1044 4621 1376 4692; x_wconf 89' lang='lat' dir='ltr'><strong>Scripturam</strong></span> <span class='ocrx_word' id='word_1_679' title='bbox 1413 4635 1661 4680; x_wconf 85' lang='lat' dir='ltr'><strong>sanctum</strong></span> <span class='ocrx_word' id='word_1_680' title='bbox 1693 4635 1984 4697; x_wconf 87' lang='lat' dir='ltr'><strong>martyrem</strong></span> <span class='ocrx_word' id='word_1_681' title='bbox 2019 4626 2114 4682; x_wconf 89' lang='lat' dir='ltr'><strong>ad-</strong></span> 
     </span>
    </p>
   </div>
   <div class='ocr_carea' id='block_1_94' title="bbox 553 4712 2116 4781">
    <p class='ocr_par' dir='ltr' id='par_1_94' title="bbox 553 4712 2116 4781">
     <span class='ocr_line' id='line_1_94' title="bbox 553 4712 2116 4781; baseline 0.003 -13"><span class='ocrx_word' id='word_1_682' title='bbox 553 4712 791 4781; x_wconf 87' lang='lat' dir='ltr'><strong>misisse,</strong></span> <span class='ocrx_word' id='word_1_683' title='bbox 857 4714 1088 4770; x_wconf 90' lang='lat' dir='ltr'><strong>sollicile</strong></span> <span class='ocrx_word' id='word_1_684' title='bbox 1143 4716 1424 4773; x_wconf 89' lang='lat' dir='ltr'><strong>Fabricius</strong></span> <span class='ocrx_word' id='word_1_685' title='bbox 1485 4719 1600 4773; x_wconf 70' lang='lat' dir='ltr'><strong>haec</strong></span> <span class='ocrx_word' id='word_1_686' title='bbox 1665 4719 1923 4774; x_wconf 89' lang='lat' dir='ltr'><strong>adnotat:</strong></span> <span class='ocrx_word' id='word_1_687' title='bbox 1958 4738 1977 4771; x_wconf 75' lang='grc' dir='ltr'>ι</span> <span class='ocrx_word' id='word_1_688' title='bbox 2009 4720 2116 4772; x_wconf 86' lang='grc' dir='ltr'><strong>Πα-</strong></span> 
     </span>
    </p>
   </div>
   <div class='ocr_carea' id='block_1_95' title="bbox 558 4805 2113 4881">
    <p class='ocr_par' dir='ltr' id='par_1_95' title="bbox 558 4805 2113 4881">
     <span class='ocr_line' id='line_1_95' title="bbox 558 4805 2113 4881; baseline 0.005 -21"><span class='ocrx_word' id='word_1_689' title='bbox 558 4805 771 4877; x_wconf 86' lang='grc' dir='ltr'><strong>ράδοσιν</strong></span> <span class='ocrx_word' id='word_1_690' title='bbox 813 4806 1201 4880; x_wconf 82' lang='grc' dir='ltr'><strong>ἀποστολικήν,</strong></span> <span class='ocrx_word' id='word_1_691' title='bbox 1239 4808 1332 4864; x_wconf 91' lang='lat' dir='ltr'><strong>sed</strong></span> <span class='ocrx_word' id='word_1_692' title='bbox 1384 4826 1547 4880; x_wconf 89' lang='lat' dir='ltr'><strong>quam</strong></span> <span class='ocrx_word' id='word_1_693' title='bbox 1593 4825 1721 4865; x_wconf 81' lang='lat' dir='ltr'><strong>mox</strong></span> <span class='ocrx_word' id='word_1_694' title='bbox 1771 4825 1839 4866; x_wconf 84' lang='lat' dir='ltr'><strong>ex</strong></span> <span class='ocrx_word' id='word_1_695' title='bbox 1897 4811 2113 4881; x_wconf 86' lang='lat' dir='ltr'><strong>scriptis</strong></span> 
     </span>
    </p>
   </div>
   <div class='ocr_carea' id='block_1_96' title="bbox 555 4899 2106 4975">
    <p class='ocr_par' dir='ltr' id='par_1_96' title="bbox 555 4899 2106 4975">
     <span class='ocr_line' id='line_1_96' title="bbox 555 4899 2106 4975; baseline 0.003 -25"><span class='ocrx_word' id='word_1_696' title='bbox 555 4899 868 4968; x_wconf 86' lang='lat' dir='ltr'><strong>apostolicis</strong></span> <span class='ocrx_word' id='word_1_697' title='bbox 907 4901 1212 4957; x_wconf 87' lang='lat' dir='ltr'><strong>clarissime</strong></span> <span class='ocrx_word' id='word_1_698' title='bbox 1257 4912 1510 4958; x_wconf 86' lang='lat' dir='ltr'><strong>testatam</strong></span> <span class='ocrx_word' id='word_1_699' title='bbox 1553 4901 1684 4958; x_wconf 82' lang='lat' dir='ltr'><strong>facit</strong></span> <span class='ocrx_word' id='word_1_700' title='bbox 1715 4901 2051 4975; x_wconf 87' lang='lat' dir='ltr'><strong>Hippolytus.</strong></span> <span class='ocrx_word' id='word_1_701' title='bbox 2087 4923 2106 4954; x_wconf 74' lang='grc' dir='ltr'><strong><em>ι</em></strong></span> 
     </span>
    </p>
   </div>
   <div class='ocr_carea' id='block_1_97' title="bbox 554 4989 2112 5066">
    <p class='ocr_par' dir='ltr' id='par_1_97' title="bbox 554 4989 2112 5066">
     <span class='ocr_line' id='line_1_97' title="bbox 554 4989 2112 5066; baseline 0.006 -23"><span class='ocrx_word' id='word_1_702' title='bbox 554 4989 829 5047; x_wconf 82' lang='lat' dir='ltr'><strong>Incassum</strong></span> <span class='ocrx_word' id='word_1_703' title='bbox 864 4993 1076 5048; x_wconf 90' lang='lat' dir='ltr'><strong>laborat</strong></span> <span class='ocrx_word' id='word_1_704' title='bbox 1108 4995 1196 5050; x_wconf 89' lang='lat' dir='ltr'><strong>hic</strong></span> <span class='ocrx_word' id='word_1_705' title='bbox 1222 4995 1560 5050; x_wconf 89' lang='lat' dir='ltr'><strong>scholiastes.</strong></span> <span class='ocrx_word' id='word_1_706' title='bbox 1591 4995 1866 5066; x_wconf 90' lang='lat' dir='ltr'><strong>Siquidem</strong></span> <span class='ocrx_word' id='word_1_707' title='bbox 1892 5006 2112 5052; x_wconf 88' lang='lat' dir='ltr'><strong>sanctus</strong></span> 
     </span>
    </p>
   </div>
   <div class='ocr_carea' id='block_1_98' title="bbox 621 5119 1790 5198">
    <p class='ocr_par' dir='ltr' id='par_1_98' title="bbox 621 5119 1790 5198">
     <span class='ocr_line' id='line_1_98' title="bbox 621 5119 1790 5198; baseline 0.004 -20"><span class='ocrx_word' id='word_1_708' title='bbox 621 5119 1564 5198; x_wconf 65' lang='lat' dir='ltr'><strong>(§l)S_.llippolyt.,ContraNoetum,</strong></span> <span class='ocrx_word' id='word_1_709' title='bbox 1591 5143 1710 5198; x_wconf 89' lang='lat' dir='ltr'><strong>cap.</strong></span> <span class='ocrx_word' id='word_1_710' title='bbox 1737 5129 1790 5184; x_wconf 87' lang='lat'><strong>9.</strong></span> 
     </span>
    </p>
   </div>
   <div class='ocr_carea' id='block_1_99' title="bbox 621 5191 1942 5276">
    <p class='ocr_par' dir='ltr' id='par_1_99' title="bbox 621 5191 1942 5276">
     <span class='ocr_line' id='line_1_99' title="bbox 621 5191 1942 5276; baseline 0.002 -29"><span class='ocrx_word' id='word_1_711' title='bbox 766 5195 825 5276; x_wconf 47' lang='lat' dir='ltr'><strong>SI;</strong></span> <span class='ocrx_word' id='word_1_712' title='bbox 855 5191 1147 5276; x_wconf 42' lang='lat' dir='ltr'><strong>Hipplolytv</strong></span> <span class='ocrx_word' id='word_1_713' title='bbox 1176 5194 1374 5276; x_wconf 62' lang='lat' dir='ltr'><strong>Contra</strong></span> <span class='ocrx_word' id='word_1_714' title='bbox 1404 5191 1676 5276; x_wconf 59' lang='lat' dir='ltr'><strong>Noctunr&#39;,</strong></span> <span class='ocrx_word' id='word_1_715' title='bbox 1708 5214 1828 5276; x_wconf 83' lang='lat' dir='ltr'><strong>cap.</strong></span> <span class='ocrx_word' id='word_1_716' title='bbox 1855 5198 1942 5252; x_wconf 72' lang='grc'><strong>14.</strong></span> 
     </span>
    </p>
   </div>
   <div class='ocr_carea' id='block_1_100' title="bbox 620 5261 2107 5337">
    <p class='ocr_par' dir='ltr' id='par_1_100' title="bbox 620 5261 2107 5337">
     <span class='ocr_line' id='line_1_100' title="bbox 620 5261 2107 5337; baseline 0.007 -22"><span class='ocrx_word' id='word_1_717' title='bbox 620 5261 1208 5337; x_wconf 46' lang='grc' dir='ltr'><strong>(55)-Ιὶεῐηὶίϐρίιιὶειυ,</strong></span> <span class='ocrx_word' id='word_1_718' title='bbox 1241 5265 1384 5322; x_wconf 82' lang='grc' dir='ltr'><strong>Ηὶει.</strong></span> <span class='ocrx_word' id='word_1_719' title='bbox 1436 5261 1674 5337; x_wconf 70' lang='lat' dir='ltr'><strong>generale</strong></span> <span class='ocrx_word' id='word_1_720' title='bbox 1721 5261 1810 5322; x_wconf 78' lang='grc' dir='ltr'><strong>άεέ</strong></span> <span class='ocrx_word' id='word_1_721' title='bbox 1859 5279 2107 5336; x_wconf 77' lang='lat' dir='ltr'><strong>auteurs,</strong></span> 
     </span>
    </p>
   </div>
   <div class='ocr_carea' id='block_1_101' title="bbox 547 5331 1088 5406">
    <p class='ocr_par' dir='ltr' id='par_1_101' title="bbox 547 5331 1088 5406">
     <span class='ocr_line' id='line_1_101' title="bbox 547 5331 1088 5406; baseline 0.009 -22"><span class='ocrx_word' id='word_1_722' title='bbox 547 5331 781 5406; x_wconf 83' lang='lat' dir='ltr'><strong>tom_.__l|_,</strong></span> <span class='ocrx_word' id='word_1_723' title='bbox 812 5351 934 5406; x_wconf 84' lang='lat' dir='ltr'><strong>pag.</strong></span> <span class='ocrx_word' id='word_1_724' title='bbox 952 5335 1088 5406; x_wconf 10' lang='lat'><strong>75766.</strong></span> 
     </span>
    </p>
   </div>
   <div class='ocr_carea' id='block_1_102' title="bbox 643 5401 1768 5474">
    <p class='ocr_par' dir='ltr' id='par_1_102' title="bbox 643 5401 1768 5474">
     <span class='ocr_line' id='line_1_102' title="bbox 643 5401 1768 5474; baseline 0.003 -18"><span class='ocrx_word' id='word_1_725' title='bbox 643 5401 734 5474; x_wconf 61' lang='grc' dir='ltr'><strong>ξιξ)</strong></span> <span class='ocrx_word' id='word_1_726' title='bbox 753 5401 916 5474; x_wconf 57' lang='lat' dir='ltr'><strong>l_ren.&#39;,</strong></span> <span class='ocrx_word' id='word_1_727' title='bbox 950 5405 1042 5459; x_wconf 90' lang='lat' dir='ltr'><strong>lib.</strong></span> <span class='ocrx_word' id='word_1_728' title='bbox 1073 5421 1124 5459; x_wconf 84' lang='lat' dir='ltr'><strong>tv</strong></span> <span class='ocrx_word' id='word_1_729' title='bbox 1154 5405 1285 5458; x_wconf 79' lang='lat' dir='ltr'><strong>Adv.</strong></span> <span class='ocrx_word' id='word_1_730' title='bbox 1323 5409 1506 5458; x_wconf 67' lang='lat' dir='ltr'><strong>horres.</strong></span> <span class='ocrx_word' id='word_1_731' title='bbox 1531 5420 1650 5474; x_wconf 88' lang='lat' dir='ltr'><strong>cap.</strong></span> <span class='ocrx_word' id='word_1_732' title='bbox 1683 5405 1768 5462; x_wconf 82' lang='lat'><strong>75.</strong></span> 
     </span>
    </p>
   </div>
   <div class='ocr_carea' id='block_1_103' title="bbox 644 5472 1798 5545">
    <p class='ocr_par' dir='ltr' id='par_1_103' title="bbox 644 5472 1798 5545">
     <span class='ocr_line' id='line_1_103' title="bbox 644 5472 1798 5545; baseline 0.003 -19"><span class='ocrx_word' id='word_1_733' title='bbox 644 5472 737 5545; x_wconf 67' lang='grc'><strong>55)</strong></span> <span class='ocrx_word' id='word_1_734' title='bbox 769 5472 956 5545; x_wconf 75' lang='lat' dir='ltr'><strong>Basil.,</strong></span> <span class='ocrx_word' id='word_1_735' title='bbox 986 5475 1077 5529; x_wconf 90' lang='lat' dir='ltr'><strong>lib.</strong></span> <span class='ocrx_word' id='word_1_736' title='bbox 1106 5475 1181 5528; x_wconf 88' lang='lat' dir='ltr'><strong>De</strong></span> <span class='ocrx_word' id='word_1_737' title='bbox 1211 5474 1415 5543; x_wconf 75' lang='lat' dir='ltr'><strong>Spiritu</strong></span> <span class='ocrx_word' id='word_1_738' title='bbox 1446 5475 1527 5541; x_wconf 81' lang='lat'><strong>8.,</strong></span> <span class='ocrx_word' id='word_1_739' title='bbox 1560 5472 1680 5545; x_wconf 78' lang='lat' dir='ltr'><strong>cap.</strong></span> <span class='ocrx_word' id='word_1_740' title='bbox 1716 5480 1798 5532; x_wconf 71' lang='lat'><strong>16.</strong></span> 
     </span>
    </p>
   </div>
   <div class='ocr_carea' id='block_1_104' title="bbox 645 5541 1669 5615">
    <p class='ocr_par' dir='ltr' id='par_1_104' title="bbox 645 5541 1669 5615">
     <span class='ocr_line' id='line_1_104' title="bbox 645 5541 1669 5615; baseline 0.004 -19"><span class='ocrx_word' id='word_1_741' title='bbox 645 5541 734 5615; x_wconf 56' lang='grc' dir='ltr'><strong>ἒξ)</strong></span> <span class='ocrx_word' id='word_1_742' title='bbox 762 5541 1047 5615; x_wconf 38' lang='lat' dir='ltr'><strong>Adlatras”</strong></span> <span class='ocrx_word' id='word_1_743' title='bbox 1077 5556 1214 5599; x_wconf 81' lang='lat' dir='ltr'><strong>orat.</strong></span> <span class='ocrx_word' id='word_1_744' title='bbox 1245 5541 1444 5598; x_wconf 84' lang='lat' dir='ltr'><strong>Contra</strong></span> <span class='ocrx_word' id='word_1_745' title='bbox 1474 5541 1669 5615; x_wconf 69' lang='lat' dir='ltr'><strong>gentes.</strong></span> 
     </span>
    </p>
   </div>
   <div class='ocr_carea' id='block_1_105' title="bbox 647 5611 1998 5680">
    <p class='ocr_par' dir='ltr' id='par_1_105' title="bbox 647 5611 1998 5680">
     <span class='ocr_line' id='line_1_105' title="bbox 647 5611 1998 5680; baseline 0.006 -18"><span class='ocrx_word' id='word_1_746' title='bbox 647 5611 736 5680; x_wconf 88' lang='grc'><strong>57)</strong></span> <span class='ocrx_word' id='word_1_747' title='bbox 766 5612 899 5668; x_wconf 82' lang='lat' dir='ltr'><strong>Mar.</strong></span> <span class='ocrx_word' id='word_1_748' title='bbox 933 5613 1215 5678; x_wconf 84' lang='lat' dir='ltr'><strong>Victorin.,</strong></span> <span class='ocrx_word' id='word_1_749' title='bbox 1249 5615 1340 5669; x_wconf 89' lang='lat' dir='ltr'><strong>lib.</strong></span> <span class='ocrx_word' id='word_1_750' title='bbox 1374 5633 1389 5668; x_wconf 86' lang='grc' dir='ltr'>ι</span> <span class='ocrx_word' id='word_1_751' title='bbox 1429 5611 1501 5670; x_wconf 63' lang='lat' dir='ltr'><strong>oe</strong></span> <span class='ocrx_word' id='word_1_752' title='bbox 1529 5632 1700 5668; x_wconf 86' lang='lat' dir='ltr'><strong>rerum</strong></span> <span class='ocrx_word' id='word_1_753' title='bbox 1723 5621 1998 5671; x_wconf 82' lang='lat' dir='ltr'><strong>creatione.</strong></span> 
     </span>
    </p>
   </div>
   <div class='ocr_carea' id='block_1_106' title="bbox 623 5680 2102 5750">
    <p class='ocr_par' dir='ltr' id='par_1_106' title="bbox 623 5680 2102 5750">
     <span class='ocr_line' id='line_1_106' title="bbox 623 5680 2102 5750; baseline 0.005 -16"><span class='ocrx_word' id='word_1_754' title='bbox 623 5680 736 5750; x_wconf 88' lang='grc'><strong>(58)</strong></span> <span class='ocrx_word' id='word_1_755' title='bbox 770 5700 790 5734; x_wconf 70' lang='grc' dir='ltr'><strong><em>ι</em></strong></span> <span class='ocrx_word' id='word_1_756' title='bbox 827 5684 943 5738; x_wconf 88' lang='lat' dir='ltr'><strong>Una</strong></span> <span class='ocrx_word' id='word_1_757' title='bbox 967 5687 1110 5740; x_wconf 89' lang='lat' dir='ltr'><strong>enim</strong></span> <span class='ocrx_word' id='word_1_758' title='bbox 1153 5688 1322 5740; x_wconf 85' lang='lat' dir='ltr'><strong>virtus</strong></span> <span class='ocrx_word' id='word_1_759' title='bbox 1358 5701 1423 5740; x_wconf 79' lang='lat' dir='ltr'><strong>ex</strong></span> <span class='ocrx_word' id='word_1_760' title='bbox 1459 5696 1600 5748; x_wconf 88' lang='lat' dir='ltr'><strong>toto;</strong></span> <span class='ocrx_word' id='word_1_761' title='bbox 1635 5694 1802 5740; x_wconf 90' lang='lat' dir='ltr'><strong>totum</strong></span> <span class='ocrx_word' id='word_1_762' title='bbox 1846 5704 1974 5742; x_wconf 83' lang='lat' dir='ltr'><strong>vero</strong></span> <span class='ocrx_word' id='word_1_763' title='bbox 2004 5687 2102 5742; x_wconf 84' lang='lat' dir='ltr'><strong>Pa-</strong></span> 
     </span>
    </p>
   </div>
   <div class='ocr_carea' id='block_1_107' title="bbox 550 5754 2105 5827">
    <p class='ocr_par' dir='ltr' id='par_1_107' title="bbox 550 5754 2105 5827">
     <span class='ocr_line' id='line_1_107' title="bbox 550 5754 2105 5827; baseline 0.005 -22"><span class='ocrx_word' id='word_1_764' title='bbox 550 5756 655 5816; x_wconf 81' lang='lat' dir='ltr'><strong>ter,</strong></span> <span class='ocrx_word' id='word_1_765' title='bbox 682 5765 749 5806; x_wconf 76' lang='lat' dir='ltr'><strong>ex</strong></span> <span class='ocrx_word' id='word_1_766' title='bbox 793 5767 900 5821; x_wconf 91' lang='lat' dir='ltr'><strong>quo</strong></span> <span class='ocrx_word' id='word_1_767' title='bbox 935 5755 1106 5810; x_wconf 88' lang='lat' dir='ltr'><strong>virtus</strong></span> <span class='ocrx_word' id='word_1_768' title='bbox 1141 5754 1396 5812; x_wconf 86' lang='lat' dir='ltr'><strong>Verbum.</strong></span> <span class='ocrx_word' id='word_1_769' title='bbox 1436 5775 1455 5808; x_wconf 75' lang='grc' dir='ltr'><strong><em>ι</em></strong></span> <span class='ocrx_word' id='word_1_770' title='bbox 1498 5757 1553 5812; x_wconf 91' lang='lat' dir='ltr'><strong>S.</strong></span> <span class='ocrx_word' id='word_1_771' title='bbox 1588 5755 1878 5827; x_wconf 83' lang='lat' dir='ltr'><strong>llippolyt.,</strong></span> <span class='ocrx_word' id='word_1_772' title='bbox 1911 5758 2105 5812; x_wconf 85' lang='lat' dir='ltr'><strong>Contra</strong></span> 
     </span>
    </p>
   </div>
   <div class='ocr_carea' id='block_1_108' title="bbox 2217 4526 3800 4599">
    <p class='ocr_par' dir='ltr' id='par_1_108' title="bbox 2217 4526 3800 4599">
     <span class='ocr_line' id='line_1_108' title="bbox 2217 4526 3800 4599; baseline -0.004 -12"><span class='ocrx_word' id='word_1_773' title='bbox 2217 4532 2368 4599; x_wconf 89' lang='lat' dir='ltr'><strong>bum,</strong></span> <span class='ocrx_word' id='word_1_774' title='bbox 2399 4531 2454 4586; x_wconf 87' lang='lat' dir='ltr'><strong>id</strong></span> <span class='ocrx_word' id='word_1_775' title='bbox 2488 4547 2596 4587; x_wconf 94' lang='lat' dir='ltr'><strong>non</strong></span> <span class='ocrx_word' id='word_1_776' title='bbox 2643 4529 2772 4586; x_wconf 80' lang='lat' dir='ltr'><strong>fecit</strong></span> <span class='ocrx_word' id='word_1_777' title='bbox 2818 4531 2936 4586; x_wconf 90' lang='lat' dir='ltr'><strong>sine</strong></span> <span class='ocrx_word' id='word_1_778' title='bbox 2981 4529 3258 4583; x_wconf 88' lang='lat' dir='ltr'><strong>voluntate</strong></span> <span class='ocrx_word' id='word_1_779' title='bbox 3303 4526 3464 4582; x_wconf 89' lang='lat' dir='ltr'><strong>Verbi</strong></span> <span class='ocrx_word' id='word_1_780' title='bbox 3507 4527 3596 4580; x_wconf 91' lang='lat' dir='ltr'><strong>sui</strong></span> <span class='ocrx_word' id='word_1_781' title='bbox 3642 4528 3800 4599; x_wconf 78' lang='lat'><strong>(38),</strong></span> 
     </span>
    </p>
   </div>
   <div class='ocr_carea' id='block_1_109' title="bbox 2214 4619 3801 4695">
    <p class='ocr_par' dir='ltr' id='par_1_109' title="bbox 2214 4619 3801 4695">
     <span class='ocr_line' id='line_1_109' title="bbox 2214 4619 3801 4695; baseline -0.003 -17"><span class='ocrx_word' id='word_1_782' title='bbox 2214 4626 2358 4695; x_wconf 92' lang='lat' dir='ltr'><strong>quod</strong></span> <span class='ocrx_word' id='word_1_783' title='bbox 2386 4635 2468 4680; x_wconf 90' lang='lat' dir='ltr'><strong>est</strong></span> <span class='ocrx_word' id='word_1_784' title='bbox 2493 4639 2598 4678; x_wconf 86' lang='lat' dir='ltr'><strong>una</strong></span> <span class='ocrx_word' id='word_1_785' title='bbox 2623 4624 2920 4692; x_wconf 90' lang='lat' dir='ltr'><strong>eademque</strong></span> <span class='ocrx_word' id='word_1_786' title='bbox 2944 4637 3066 4676; x_wconf 92' lang='lat' dir='ltr'><strong>cum</strong></span> <span class='ocrx_word' id='word_1_787' title='bbox 3100 4637 3167 4676; x_wconf 93' lang='lat' dir='ltr'><strong>eo</strong></span> <span class='ocrx_word' id='word_1_788' title='bbox 3193 4621 3527 4685; x_wconf 87' lang='lat' dir='ltr'><strong>substantia;</strong></span> <span class='ocrx_word' id='word_1_789' title='bbox 3568 4619 3647 4674; x_wconf 90' lang='lat' dir='ltr'><strong>uti</strong></span> <span class='ocrx_word' id='word_1_790' title='bbox 3671 4621 3801 4690; x_wconf 84' lang='lat' dir='ltr'><strong>jam</strong></span> 
     </span>
    </p>
   </div>
   <div class='ocr_carea' id='block_1_110' title="bbox 2214 4712 3490 4782">
    <p class='ocr_par' dir='ltr' id='par_1_110' title="bbox 2214 4712 3490 4782">
     <span class='ocr_line' id='line_1_110' title="bbox 2214 4712 3490 4782; baseline -0.006 -11"><span class='ocrx_word' id='word_1_791' title='bbox 2214 4717 2322 4772; x_wconf 89' lang='lat' dir='ltr'><strong>alio</strong></span> <span class='ocrx_word' id='word_1_792' title='bbox 2350 4717 2471 4772; x_wconf 93' lang='lat' dir='ltr'><strong>loco</strong></span> <span class='ocrx_word' id='word_1_793' title='bbox 2496 4715 2755 4780; x_wconf 84' lang='lat' dir='ltr'><strong>diximus,</strong></span> <span class='ocrx_word' id='word_1_794' title='bbox 2787 4724 2841 4769; x_wconf 90' lang='lat' dir='ltr'><strong>et</strong></span> <span class='ocrx_word' id='word_1_795' title='bbox 2870 4713 3034 4768; x_wconf 92' lang='lat' dir='ltr'><strong>modo</strong></span> <span class='ocrx_word' id='word_1_796' title='bbox 3064 4713 3239 4768; x_wconf 86' lang='lat' dir='ltr'><strong>fusius</strong></span> <span class='ocrx_word' id='word_1_797' title='bbox 3267 4712 3490 4782; x_wconf 87' lang='lat' dir='ltr'><strong>patebit.</strong></span> 
     </span>
    </p>
   </div>
   <div class='ocr_carea' id='block_1_111' title="bbox 2287 4804 3798 4880">
    <p class='ocr_par' dir='ltr' id='par_1_111' title="bbox 2287 4804 3798 4880">
     <span class='ocr_line' id='line_1_111' title="bbox 2287 4804 3798 4880; baseline -0.002 -20"><span class='ocrx_word' id='word_1_798' title='bbox 2287 4829 2307 4860; x_wconf 77' lang='grc' dir='ltr'>ι</span> <span class='ocrx_word' id='word_1_799' title='bbox 2341 4809 2522 4876; x_wconf 91' lang='lat' dir='ltr'><strong>Pater,</strong></span> <span class='ocrx_word' id='word_1_800' title='bbox 2561 4809 2734 4880; x_wconf 80' lang='lat' dir='ltr'><strong>pergit</strong></span> <span class='ocrx_word' id='word_1_801' title='bbox 2777 4806 2835 4862; x_wconf 91' lang='lat' dir='ltr'><strong>S.</strong></span> <span class='ocrx_word' id='word_1_802' title='bbox 2880 4805 3221 4878; x_wconf 87' lang='lat' dir='ltr'><strong>Hippolytus,</strong></span> <span class='ocrx_word' id='word_1_803' title='bbox 3265 4814 3349 4862; x_wconf 89' lang='lat' dir='ltr'><strong>est</strong></span> <span class='ocrx_word' id='word_1_804' title='bbox 3379 4819 3540 4875; x_wconf 90' lang='lat' dir='ltr'><strong>super</strong></span> <span class='ocrx_word' id='word_1_805' title='bbox 3568 4804 3798 4872; x_wconf 84' lang='lat' dir='ltr'><strong>omnia,</strong></span> 
     </span>
    </p>
   </div>
   <div class='ocr_carea' id='block_1_112' title="bbox 2212 4896 3795 4969">
    <p class='ocr_par' dir='ltr' id='par_1_112' title="bbox 2212 4896 3795 4969">
     <span class='ocr_line' id='line_1_112' title="bbox 2212 4896 3795 4969; baseline -0.001 -17"><span class='ocrx_word' id='word_1_806' title='bbox 2212 4897 2388 4955; x_wconf 84' lang='lat' dir='ltr'><strong>Filius</strong></span> <span class='ocrx_word' id='word_1_807' title='bbox 2417 4914 2512 4968; x_wconf 89' lang='lat' dir='ltr'><strong>per</strong></span> <span class='ocrx_word' id='word_1_808' title='bbox 2539 4900 2745 4964; x_wconf 88' lang='lat' dir='ltr'><strong>omnia,</strong></span> <span class='ocrx_word' id='word_1_809' title='bbox 2771 4897 3007 4969; x_wconf 89' lang='lat' dir='ltr'><strong>Spiritus</strong></span> <span class='ocrx_word' id='word_1_810' title='bbox 3029 4905 3250 4954; x_wconf 88' lang='lat' dir='ltr'><strong>sanctus</strong></span> <span class='ocrx_word' id='word_1_811' title='bbox 3276 4897 3330 4952; x_wconf 91' lang='lat' dir='ltr'><strong>in</strong></span> <span class='ocrx_word' id='word_1_812' title='bbox 3360 4896 3617 4954; x_wconf 89' lang='lat' dir='ltr'><strong>omnibus</strong></span> <span class='ocrx_word' id='word_1_813' title='bbox 3640 4898 3795 4968; x_wconf 78' lang='lat'><strong>(39).</strong></span> 
     </span>
    </p>
   </div>
   <div class='ocr_carea' id='block_1_113' title="bbox 2211 4991 3795 5064">
    <p class='ocr_par' dir='ltr' id='par_1_113' title="bbox 2211 4991 3795 5064">
     <span class='ocr_line' id='line_1_113' title="bbox 2211 4991 3795 5064; baseline 0.001 -20"><span class='ocrx_word' id='word_1_814' title='bbox 2211 4991 2379 5046; x_wconf 85' lang='lat' dir='ltr'><strong>Aliter</strong></span> <span class='ocrx_word' id='word_1_815' title='bbox 2406 4991 2573 5046; x_wconf 92' lang='lat' dir='ltr'><strong>Deum</strong></span> <span class='ocrx_word' id='word_1_816' title='bbox 2606 5008 2774 5047; x_wconf 92' lang='lat' dir='ltr'><strong>unum</strong></span> <span class='ocrx_word' id='word_1_817' title='bbox 2824 4991 3122 5064; x_wconf 83' lang='lat' dir='ltr'><strong>intelligere</strong></span> <span class='ocrx_word' id='word_1_818' title='bbox 3169 5007 3277 5047; x_wconf 90' lang='lat' dir='ltr'><strong>non</strong></span> <span class='ocrx_word' id='word_1_819' title='bbox 3323 5007 3639 5063; x_wconf 90' lang='lat' dir='ltr'><strong>possumus,</strong></span> <span class='ocrx_word' id='word_1_820' title='bbox 3677 4995 3795 5048; x_wconf 81' lang='lat' dir='ltr'><strong>nisi</strong></span> 
     </span>
    </p>
   </div>
   <div class='ocr_carea' id='block_1_114' title="bbox 2213 5128 2746 5194">
    <p class='ocr_par' dir='ltr' id='par_1_114' title="bbox 2213 5128 2746 5194">
     <span class='ocr_line' id='line_1_114' title="bbox 2213 5128 2746 5194; baseline -0.008 -9"><span class='ocrx_word' id='word_1_821' title='bbox 2213 5128 2460 5194; x_wconf 88' lang='lat' dir='ltr'><strong>Noetum,</strong></span> <span class='ocrx_word' id='word_1_822' title='bbox 2484 5144 2635 5182; x_wconf 90' lang='lat' dir='ltr'><strong>num.</strong></span> <span class='ocrx_word' id='word_1_823' title='bbox 2661 5129 2746 5182; x_wconf 77' lang='lat' dir='ltr'><strong>ll.</strong></span> 
     </span>
    </p>
   </div>
   <div class='ocr_carea' id='block_1_115' title="bbox 2283 5195 3798 5272">
    <p class='ocr_par' dir='ltr' id='par_1_115' title="bbox 2283 5195 3798 5272">
     <span class='ocr_line' id='line_1_115' title="bbox 2283 5195 3798 5272; baseline -0.001 -18"><span class='ocrx_word' id='word_1_824' title='bbox 2283 5200 2394 5272; x_wconf 85' lang='grc'><strong>(59)</strong></span> <span class='ocrx_word' id='word_1_825' title='bbox 2423 5217 2442 5250; x_wconf 85' lang='grc'><strong><em>‹</em></strong></span> <span class='ocrx_word' id='word_1_826' title='bbox 2477 5197 2613 5253; x_wconf 88' lang='lat' dir='ltr'><strong>Cum</strong></span> <span class='ocrx_word' id='word_1_827' title='bbox 2636 5197 2835 5272; x_wconf 88' lang='lat' dir='ltr'><strong>Paulus</strong></span> <span class='ocrx_word' id='word_1_828' title='bbox 2865 5200 2941 5253; x_wconf 92' lang='lat' dir='ltr'><strong>ait</strong></span> <span class='ocrx_word' id='word_1_829' title='bbox 2967 5199 3034 5254; x_wconf 90' lang='lat' dir='ltr'><strong>de</strong></span> <span class='ocrx_word' id='word_1_830' title='bbox 3065 5197 3392 5272; x_wconf 83' lang='lat' dir='ltr'><strong>Deo,Ephes.</strong></span> <span class='ocrx_word' id='word_1_831' title='bbox 3417 5213 3488 5262; x_wconf 85' lang='lat' dir='ltr'><strong>tv,</strong></span> <span class='ocrx_word' id='word_1_832' title='bbox 3509 5195 3592 5272; x_wconf 47' lang='grc' dir='ltr'><strong>ϐλ</strong></span> <span class='ocrx_word' id='word_1_833' title='bbox 3623 5215 3640 5247; x_wconf 81' lang='grc' dir='ltr'>ι</span> <span class='ocrx_word' id='word_1_834' title='bbox 3679 5198 3798 5265; x_wconf 88' lang='lat' dir='ltr'><strong>Qui</strong></span> 
     </span>
    </p>
   </div>
   <div class='ocr_carea' id='block_1_116' title="bbox 2216 5268 3789 5339">
    <p class='ocr_par' dir='ltr' id='par_1_116' title="bbox 2216 5268 3789 5339">
     <span class='ocr_line' id='line_1_116' title="bbox 2216 5268 3789 5339; baseline -0.001 -17"><span class='ocrx_word' id='word_1_835' title='bbox 2216 5290 2235 5322; x_wconf 83' lang='grc'><em>‹</em></span> <span class='ocrx_word' id='word_1_836' title='bbox 2271 5268 2544 5339; x_wconf 62' lang='grc' dir='ltr'><strong>θειειιρεισ</strong></span> <span class='ocrx_word' id='word_1_837' title='bbox 2570 5271 2772 5333; x_wconf 90' lang='lat' dir='ltr'><strong>omnia,</strong></span> <span class='ocrx_word' id='word_1_838' title='bbox 2802 5279 2856 5325; x_wconf 91' lang='lat' dir='ltr'><strong>et</strong></span> <span class='ocrx_word' id='word_1_839' title='bbox 2893 5286 2986 5338; x_wconf 89' lang='lat' dir='ltr'><strong>per</strong></span> <span class='ocrx_word' id='word_1_840' title='bbox 3014 5270 3217 5334; x_wconf 90' lang='lat' dir='ltr'><strong>omnia,</strong></span> <span class='ocrx_word' id='word_1_841' title='bbox 3243 5268 3303 5324; x_wconf 85' lang='lat' dir='ltr'><strong>et</strong></span> <span class='ocrx_word' id='word_1_842' title='bbox 3339 5270 3391 5323; x_wconf 93' lang='lat' dir='ltr'><strong>in</strong></span> <span class='ocrx_word' id='word_1_843' title='bbox 3422 5268 3730 5339; x_wconf 82' lang='lat' dir='ltr'><strong>omnibus;</strong></span> <span class='ocrx_word' id='word_1_844' title='bbox 3770 5290 3789 5321; x_wconf 76' lang='grc' dir='ltr'><strong><em>ι</em></strong></span> 
     </span>
    </p>
   </div>
   <div class='ocr_carea' id='block_1_117' title="bbox 2211 5338 3791 5409">
    <p class='ocr_par' dir='ltr' id='par_1_117' title="bbox 2211 5338 3791 5409">
     <span class='ocr_line' id='line_1_117' title="bbox 2211 5338 3791 5409; baseline -0.002 -14"><span class='ocrx_word' id='word_1_845' title='bbox 2211 5353 2318 5395; x_wconf 90' lang='lat' dir='ltr'><strong>tres</strong></span> <span class='ocrx_word' id='word_1_846' title='bbox 2361 5338 2631 5394; x_wconf 81' lang='lat' dir='ltr'><strong>Personas</strong></span> <span class='ocrx_word' id='word_1_847' title='bbox 2678 5340 2956 5409; x_wconf 85' lang='lat' dir='ltr'><strong>designat,</strong></span> <span class='ocrx_word' id='word_1_848' title='bbox 2991 5349 3045 5394; x_wconf 89' lang='lat' dir='ltr'><strong>et</strong></span> <span class='ocrx_word' id='word_1_849' title='bbox 3088 5340 3348 5394; x_wconf 90' lang='lat' dir='ltr'><strong>unitatem</strong></span> <span class='ocrx_word' id='word_1_850' title='bbox 3397 5339 3489 5392; x_wconf 90' lang='lat' dir='ltr'><strong>Dei</strong></span> <span class='ocrx_word' id='word_1_851' title='bbox 3531 5338 3590 5391; x_wconf 88' lang='lat' dir='ltr'><strong>in</strong></span> <span class='ocrx_word' id='word_1_852' title='bbox 3621 5339 3742 5393; x_wconf 89' lang='lat' dir='ltr'><strong>illis</strong></span> <span class='ocrx_word' id='word_1_853' title='bbox 3778 5358 3791 5392; x_wconf 87' lang='lat'><strong>:</strong></span> 
     </span>
    </p>
   </div>
   <div class='ocr_carea' id='block_1_118' title="bbox 2209 5408 3792 5480">
    <p class='ocr_par' dir='ltr' id='par_1_118' title="bbox 2209 5408 3792 5480">
     <span class='ocr_line' id='line_1_118' title="bbox 2209 5408 3792 5480; baseline -0.001 -17"><span class='ocrx_word' id='word_1_854' title='bbox 2209 5411 2334 5480; x_wconf 91' lang='lat' dir='ltr'><strong>quia</strong></span> <span class='ocrx_word' id='word_1_855' title='bbox 2386 5409 2548 5463; x_wconf 87' lang='lat' dir='ltr'><strong>unius</strong></span> <span class='ocrx_word' id='word_1_856' title='bbox 2599 5408 2950 5478; x_wconf 85' lang='lat' dir='ltr'><strong>ejusdemque</strong></span> <span class='ocrx_word' id='word_1_857' title='bbox 2996 5411 3212 5464; x_wconf 79' lang='lat' dir='ltr'><strong>virtutis</strong></span> <span class='ocrx_word' id='word_1_858' title='bbox 3256 5425 3319 5464; x_wconf 90' lang='lat' dir='ltr'><strong>ac</strong></span> <span class='ocrx_word' id='word_1_859' title='bbox 3364 5410 3622 5480; x_wconf 67' lang='lat' dir='ltr'><strong>potentize</strong></span> <span class='ocrx_word' id='word_1_860' title='bbox 3678 5421 3792 5474; x_wconf 76' lang='lat' dir='ltr'><strong>est,</strong></span> 
     </span>
    </p>
   </div>
   <div class='ocr_carea' id='block_1_119' title="bbox 2207 5479 3796 5548">
    <p class='ocr_par' dir='ltr' id='par_1_119' title="bbox 2207 5479 3796 5548">
     <span class='ocr_line' id='line_1_119' title="bbox 2207 5479 3796 5548; baseline -0.001 -14"><span class='ocrx_word' id='word_1_861' title='bbox 2207 5479 2328 5534; x_wconf 88' lang='lat' dir='ltr'><strong>esse</strong></span> <span class='ocrx_word' id='word_1_862' title='bbox 2351 5493 2514 5547; x_wconf 90' lang='lat' dir='ltr'><strong>super</strong></span> <span class='ocrx_word' id='word_1_863' title='bbox 2541 5480 2721 5534; x_wconf 87' lang='lat' dir='ltr'><strong>omnia</strong></span> <span class='ocrx_word' id='word_1_864' title='bbox 2741 5521 2756 5543; x_wconf 94' lang='lat'><strong>,</strong></span> <span class='ocrx_word' id='word_1_865' title='bbox 2783 5488 2837 5533; x_wconf 92' lang='lat' dir='ltr'><strong>et</strong></span> <span class='ocrx_word' id='word_1_866' title='bbox 2866 5495 2959 5548; x_wconf 90' lang='lat' dir='ltr'><strong>per</strong></span> <span class='ocrx_word' id='word_1_867' title='bbox 2985 5481 3189 5544; x_wconf 89' lang='lat' dir='ltr'><strong>omnia,</strong></span> <span class='ocrx_word' id='word_1_868' title='bbox 3218 5489 3273 5535; x_wconf 90' lang='lat' dir='ltr'><strong>et</strong></span> <span class='ocrx_word' id='word_1_869' title='bbox 3312 5481 3363 5534; x_wconf 87' lang='lat' dir='ltr'><strong>in</strong></span> <span class='ocrx_word' id='word_1_870' title='bbox 3395 5479 3696 5548; x_wconf 61' lang='lat' dir='ltr'><strong>onyﬁhus;</strong></span> <span class='ocrx_word' id='word_1_871' title='bbox 3738 5491 3796 5533; x_wconf 86' lang='lat' dir='ltr'><strong>et</strong></span> 
     </span>
    </p>
   </div>
   <div class='ocr_carea' id='block_1_120' title="bbox 2209 5547 3790 5616">
    <p class='ocr_par' dir='ltr' id='par_1_120' title="bbox 2209 5547 3790 5616">
     <span class='ocr_line' id='line_1_120' title="bbox 2209 5547 3790 5616; baseline -0.001 -12"><span class='ocrx_word' id='word_1_872' title='bbox 2209 5549 2503 5604; x_wconf 84' lang='lat' dir='ltr'><strong>secundum</strong></span> <span class='ocrx_word' id='word_1_873' title='bbox 2549 5549 2794 5603; x_wconf 91' lang='lat' dir='ltr'><strong>ordinem</strong></span> <span class='ocrx_word' id='word_1_874' title='bbox 2828 5547 3190 5605; x_wconf 83' lang='lat' dir='ltr'><strong>confessionis</strong></span> <span class='ocrx_word' id='word_1_875' title='bbox 3219 5560 3420 5603; x_wconf 69' lang='lat' dir='ltr'><strong>sancta:</strong></span> <span class='ocrx_word' id='word_1_876' title='bbox 3458 5547 3790 5616; x_wconf 83' lang='lat' dir='ltr'><strong>Trinitatis,</strong></span> 
     </span>
    </p>
   </div>
   <div class='ocr_carea' id='block_1_121' title="bbox 2209 5618 3795 5688">
    <p class='ocr_par' dir='ltr' id='par_1_121' title="bbox 2209 5618 3795 5688">
     <span class='ocr_line' id='line_1_121' title="bbox 2209 5618 3795 5688; baseline 0.001 -17"><span class='ocrx_word' id='word_1_877' title='bbox 2209 5619 2441 5687; x_wconf 91' lang='lat' dir='ltr'><strong>primum</strong></span> <span class='ocrx_word' id='word_1_878' title='bbox 2468 5619 2659 5674; x_wconf 90' lang='lat' dir='ltr'><strong>tribuit</strong></span> <span class='ocrx_word' id='word_1_879' title='bbox 2679 5619 2846 5684; x_wconf 87' lang='lat' dir='ltr'><strong>Patri,</strong></span> <span class='ocrx_word' id='word_1_880' title='bbox 2881 5621 3177 5675; x_wconf 90' lang='lat' dir='ltr'><strong>secundum</strong></span> <span class='ocrx_word' id='word_1_881' title='bbox 3205 5619 3364 5682; x_wconf 86' lang='lat' dir='ltr'><strong>Filio,</strong></span> <span class='ocrx_word' id='word_1_882' title='bbox 3398 5619 3622 5672; x_wconf 86' lang='lat' dir='ltr'><strong>tertium</strong></span> <span class='ocrx_word' id='word_1_883' title='bbox 3655 5618 3795 5688; x_wconf 83' lang='lat' dir='ltr'><strong>Spi-</strong></span> 
     </span>
    </p>
   </div>
   <div class='ocr_carea' id='block_1_122' title="bbox 2208 5689 3792 5759">
    <p class='ocr_par' dir='ltr' id='par_1_122' title="bbox 2208 5689 3792 5759">
     <span class='ocr_line' id='line_1_122' title="bbox 2208 5689 3792 5759; baseline -0.001 -18"><span class='ocrx_word' id='word_1_884' title='bbox 2208 5689 2335 5742; x_wconf 89' lang='lat' dir='ltr'><strong>ritui</strong></span> <span class='ocrx_word' id='word_1_885' title='bbox 2363 5697 2584 5759; x_wconf 87' lang='lat' dir='ltr'><strong>sancto;</strong></span> <span class='ocrx_word' id='word_1_886' title='bbox 2612 5689 2734 5759; x_wconf 91' lang='lat' dir='ltr'><strong>quia</strong></span> <span class='ocrx_word' id='word_1_887' title='bbox 2759 5700 2841 5743; x_wconf 91' lang='lat' dir='ltr'><strong>est</strong></span> <span class='ocrx_word' id='word_1_888' title='bbox 2879 5690 3032 5744; x_wconf 88' lang='lat' dir='ltr'><strong>tertia</strong></span> <span class='ocrx_word' id='word_1_889' title='bbox 3077 5689 3311 5744; x_wconf 84' lang='lat' dir='ltr'><strong>Persona</strong></span> <span class='ocrx_word' id='word_1_890' title='bbox 3351 5689 3658 5743; x_wconf 88' lang='lat' dir='ltr'><strong>secundum</strong></span> <span class='ocrx_word' id='word_1_891' title='bbox 3689 5703 3792 5743; x_wconf 84' lang='lat' dir='ltr'><strong>or-</strong></span> 
     </span>
    </p>
   </div>
   <div class='ocr_carea' id='block_1_123' title="bbox 2207 5758 3788 5829">
    <p class='ocr_par' dir='ltr' id='par_1_123' title="bbox 2207 5758 3788 5829">
     <span class='ocr_line' id='line_1_123' title="bbox 2207 5758 3788 5829; baseline -0.004 -11"><span class='ocrx_word' id='word_1_892' title='bbox 2207 5759 2386 5818; x_wconf 84' lang='lat' dir='ltr'><strong>dinem</strong></span> <span class='ocrx_word' id='word_1_893' title='bbox 2429 5758 2809 5827; x_wconf 79' lang='lat' dir='ltr'><strong>confessionis,</strong></span> <span class='ocrx_word' id='word_1_894' title='bbox 2841 5770 2898 5814; x_wconf 91' lang='lat' dir='ltr'><strong>ut</strong></span> <span class='ocrx_word' id='word_1_895' title='bbox 2930 5759 3134 5829; x_wconf 89' lang='lat' dir='ltr'><strong>antiqui</strong></span> <span class='ocrx_word' id='word_1_896' title='bbox 3182 5759 3414 5828; x_wconf 83' lang='lat' dir='ltr'><strong>theologi</strong></span> <span class='ocrx_word' id='word_1_897' title='bbox 3445 5759 3788 5829; x_wconf 82' lang='lat' dir='ltr'><strong>loquuntur,</strong></span> 
     </span>
    </p>
   </div>
  </div>
