3802 6198
95 261 170 314 55⁵
896 284 901 289 ε
950 251 1037 305 DE
1078 252 1238 307 VlTA
1276 254 1365 310 ET
1403 255 1717 313 SCRIPTlS
1753 259 1809 313 S.
1854 258 2238 318 lllPPOLVTl.

3091 280 3194 335 534

86 393 175 431 rere
194 366 542 435 Patri,elFilio,
562 375 613 421 et
634 364 851 435 Spiritui
877 376 1066 423 sancto
1089 370 1374 426 credamus
1392 372 1524 443 (ιο).
1557 380 1603 435 Α
1632 382 1755 430 ctus
1782 376 1981 432 dicitur
2010 381 2201 436 tertius
2236 383 2437 452 gradus
2456 424 2471 450 ,
2506 385 2614 441 dici
2642 388 2803 443 etiam
2836 399 3016 459 potest
3046 396 3203 449 tertia

86 468 251 525 Etenim
273 462 399 516 Judei
425 458 628 513 Patrem
656 458 1111 529 gloriﬁcaverunt,
1147 463 1239 517 sed
1272 478 1380 517 non
1413 478 1532 534 ege—

84 568 185 613 runt
220 554 399 627 gratias;
445 550 703 620 siquidem
762 565 870 606 non
917 561 1255 621 agnoverunt
1306 552 1525 609 Filium.

82 647 273 717 Discipuli
314 651 621 713 agnoverunt
654 641 884 709 Filium,
932 642 1030 697 sed
1072 659 1182 698 non
1219 645 1276 699 in
1322 644 1525 716 Spiritu

80 750 238 804 sancto;
276 736 451 791 idcirco
487 742 833 804 negaverunt.
868 732 1059 790 Sciens
1091 736 1256 806 igitur
1286 734 1526 793 Verbum

78 832 199 885 Patris
234 826 545 883 teconomiam
578 833 629 879 et
650 824 981 879 voluntatem
1015 825 1212 893 Patris,
1245 830 1387 898 quod
1417 843 1527 884 non

77 921 155 973 vult
171 919 288 973 aliter
312 914 452 968 Pater
483 913 794 985 gloriﬁcari,
837 915 940 970 nisi
975 916 1083 981 sic;
1119 932 1244 971 cum
1277 934 1525 975 resurre-

76 1014 140 1071 xit,
164 1008 332 1071 tradidit
360 1007 455 1061 hoc
484 1006 767 1076 discipulis
803 1023 817 1059 :
868 1026 886 1059 ι
924 1007 1150 1073 Euntes,
1193 1010 1389 1080 inquit,
1428 1011 1527 1067 do-

76 1112 196 1155 (Cf'lc
219 1113 374 1153 omnes
415 1107 627 1166 gentes,
675 1099 1011 1169 baptizantcs
1055 1116 1150 1156 eos
1203 1102 1256 1154 in
1305 1104 1525 1159 nomine

77 1194 252 1257 «Patris,
278 1200 322 1245 et
347 1190 491 1255 Filii,
530 1200 584 1245 et
622 1190 856 1261 Spiritus
890 1192 1083 1246 sancti.
1127 1213 1145 1245 ι
1183 1192 1379 1251 Docuit
1410 1195 1519 1260 hic,

71 1285 161 1355 quod
194 1282 457 1353 quicunque
508 1298 677 1336 unum
725 1283 857 1352 quid
905 1283 1100 1337 horum
1159 1285 1442 1351 omiserit,
1475 1286 1522 1341 is

72 1378 227 1443 perteue
267 1373 414 1427 Deum
464 1389 571 1427 non
630 1375 971 1444 gloriﬁcavit.
1024 1375 1127 1431 Per
1180 1377 1320 1431 hanc
1375 1378 1520 1432 enim

71 1465 309 1527 Trinitatem,
325 1464 404 1515 διὰ
426 1464 522 1533 τῆς
539 1464 787 1535 Τριάδος,
809 1464 965 1520 Pater
991 1467 1339 1536 gloriﬁcatur.
1364 1465 1521 1524 Pater

68 1561 158 1609 cnim
181 1557 330 1615 voluit,
358 1554 523 1611 Filius
564 1556 725 1622 fecit,
760 1556 994 1626 Spiritus
1036 1568 1257 1615 sanctus
1296 1561 1521 1617 manife-

68 1660 157 1701 slum
180 1646 287 1699 fecit.
308 1643 527 1700 Necesse
549 1662 682 1716 ergo
710 1657 813 1714 est,
847 1648 922 1701 ait
953 1658 1173 1704 sanctus
1200 1650 1288 1705 hic
1309 1651 1519 1721 episco-

1629 468 1916 538 dispositio
1937 510 1952 535 ,
1996 473 2109 528 sive
2154 478 2477 533 meonomia.
2516 477 2695 535 Minus
2724 494 2979 541 accurate
3011 486 3066 541 in
3097 486 3202 543 La-

1630 559 1743 614 tina
1789 561 2235 632 interpretatione
2276 567 2579 624 incarnatio
2612 590 2631 623 ‹
2679 578 2997 631 oeconomiae
3048 594 3068 629 ι
3103 595 3201 633 no-

1628 652 1775 707 mine
1798 653 2138 724 designatur,
2174 658 2229 713 in
2263 659 2349 714 his
2381 662 2583 728 verbis,
2607 678 2732 735 quae
2760 665 3013 736 leguntur
3035 686 3085 726 c.
3118 672 3153 727 5
3182 689 3194 723 :

1627 744 1725 808 Τίς
1756 744 1866 817 γὰρ
1893 746 1994 800 οὐκ
2031 749 2147 822 ὲρεί
2177 750 2271 805 ’ἐνα
2309 752 2440 807 Θεὸν
2470 750 2639 822 srvat;
2675 758 2790 811 ἀλλ’
2821 760 2882 812 οὐ
2914 762 3014 833 τὴν
3052 764 3198 818 obto-

1628 838 1819 907 νομίαν
1850 839 2155 913 ἀναιρήσει.
2193 863 2211 896 t
2239 845 2373 911 Quis
2402 848 2546 902 enim
2576 865 2684 904 non
2712 851 2853 907 dicet
2880 870 3046 909 unum
3078 871 3200 913 esse

1628 925 1837 983 Deum?
1865 947 1973 985 non
2005 941 2183 988 tamen
2218 938 2478 992 continuo
2506 942 2866 997 (nconomiam
2896 943 2970 1014 (id
3012 956 3093 1001 est
3116 947 3200 1001 in-

1626 1022 2021 1093 carnationem)
2075 1026 2311 1095 negabit.
2352 1047 2372 1080 ›
2407 1028 2526 1084 Νοη
2588 1032 3044 1101 incarnationem,
3099 1038 3195 1093 sed

1627 1127 1914 1167 numerum
1944 1124 1998 1169 et
2025 1116 2437 1187 dispositionem
2481 1122 2760 1181 Trinitatis
2796 1128 3106 1186 considerat
3134 1130 3191 1185 S.

1627 1203 1945 1278 Hippolytus
1975 1209 2081 1265 hoc
2108 1211 2162 1263 in
2192 1212 2334 1280 loco,
2363 1222 2418 1269 et
2450 1216 2697 1285 pluribus
2727 1218 2781 1274 in
2815 1221 2958 1276 aliis.

2146 1370 2543 1431 ARTICULUS
2582 1376 2670 1434 lV.

1715 1520 1778 1557 DE
1819 1520 2134 1564 DIVINITATE
2170 1526 2299 1567 FlLll
2338 1528 2406 1566 ET
2458 1529 3092 1575 CONSUBSTANTIALITATE

2309 1598 2486 1639 VEBBI.

66 1758 128 1807 pus
160 1740 264 1807 mh
291 1747 369 1804 ut,
407 1709 661 1807 quamvis
706 1709 868 1806 “om,
905 1741 1228 1796 conﬁtemur
1271 1709 1514 1812 (Ngews)
1550 1723 1590 1776 Β
1663 1709 2140 1812 lDiuinitasPitii.
2165 1746 2235 1756 —
2265 1716 2389 1774 Pari
2425 1722 2744 1812 praecisione
2778 1724 3023 1795 loquitur
3062 1744 3190 1783 san-

68 1830 206 1883 Patrem
239 1829 381 1882 Deum
425 1831 880 1899 omnipotentem,
926 1842 980 1887 et
1011 1833 1289 1888 Christum
1329 1833 1515 1891 Jesum

66 1924 189 1977 filiuni
223 1921 326 1985 Dei,
377 1920 546 1975 Deum
602 1921 806 1977 factum
863 1924 1158 1990 hominem,
1199 1927 1285 1980 cui
1336 1930 1515 1983 omnia

64 2015 164 2069 Pater
186 2016 363 2083 subjicit
392 2024 592 2084 praeter
623 2030 681 2071 se
701 2058 716 2081 ,
753 2025 807 2071 et
851 2015 1112 2083 Spiritum
1159 2028 1427 2085 sanctum,
1461 2031 1516 2076 et

65 2109 123 2161 bas
152 2124 239 2161 vere
273 2121 381 2161 esse
419 2116 549 2162 tres.
584 2107 741 2173 Quod
787 2108 833 2162 si
888 2110 1001 2163 vult
1053 2110 1194 2165 scire
1240 2113 1515 2181 quomodo

64 2214 150 2251 unus
172 2197 278 2253 Deus
305 2200 720 2265 demonstretur,
756 2200 889 2255 sciat
924 2216 1085 2255 unam
1115 2216 1235 2257 esse
1260 2203 1511 2259 virtutem

65 2294 130 2342 sive
156 2292 394 2359 potentiam
438 2291 630 2361 hujus.
670 2310 690 2342 ι
1038 2356 1041 2357 ν

109 2378 204 2431 Sane
229 2396 361 2433 nemo
384 2389 568 2450 posset
585 2380 787 2435 nostris
805 2380 953 2436 hisce
979 2384 1314 2454 temporibus
1341 2386 1512 2457 magis

66 2478 221 2523 inmte
246 2471 372 2540 loqui
405 2470 473 2524 de
504 2472 771 2541 mysterio
803 2474 1162 2529 sanctissima:
1206 2474 1508 2543 Trinitatis,

63 2576 157 2626 quam
173 2562 452 2631 loquebatur
482 2563 540 2617 S.
564 2562 907 2635 Hippolytus,
940 2567 1222 2636 qui_tertio
1255 2568 1510 2627 Ecclesiae

62 2656 179 2706 sctum
192 2653 353 2709 ﬂoruit.
383 2654 680 2725 Perspicue
703 2672 890 2712 revera
906 2659 1179 2715 adorabile
1193 2663 1296 2718 hoc
1312 2673 1511 2734 myste-

64 2752 141 2796 rium
152 2758 473 2814 pertractatur,
493 2764 622 2802 cum
640 2748 838 2803 dicitur
853 2748 1065 2806 Patrem
1083 2768 1202 2808 esse
1220 2752 1408 2823 Deum,
1428 2755 1511 2812 Fi-

61 2841 135 2893 Ιιιιω
146 2858 231 2897 esse
244 2842 413 2912 Deum,
434 2844 705 2914 Spiritum
717 2854 961 2900 sanctum
979 2862 1099 2903 esse
1119 2847 1286 2905 Deum
1308 2870 1321 2917 ;
1349 2862 1401 2907 et
1419 2854 1505 2906 ni-

59 2931 253 2989 hilominus
268 2952 418 2989 unum
437 2938 622 2991 solum
638 2952 759 2993 esse
776 2937 965 3002 Deum,
984 2941 1109 3010 quia
1127 2950 1236 2998 tres
1253 2943 1369 2999 istae
1384 2942 1507 2998 Per-

57 3027 361 3089 m,etsivere
377 3029 443 3083 ab
460 3030 697 3084 invicem
720 3030 1007 3097 distinctae,
1027 3040 1153 3088 sunt
1171 3050 1276 3088 una
1293 3019 1507 3091 eadetn-

60 3132 117 3183 quc
130 3120 269 3185 virtus,
289 3122 390 3175 sive
408 3123 680 3192 potentia,
700 3123 929 3194 ideoque
947 3142 1087 3181 unus
1104 3135 1157 3180 et
1172 3128 1311 3181 idem
1342 3128 1505 3183 Deus.

61 3204 123 3261 Hoc
142 3226 218 3264 uno
252 3211 300 3265 S.
341 3212 615 3284 Hippolyti
655 3215 1019 3283 pulcherrimo
1047 3217 1356 3273 testimonio
1394 3230 1507 3273 tum

60 3306 224 3367 .in’i,tutn
239 3310 434 3366 Sabellii
455 3312 712 3381 impietas
729 3312 1061 3385 proﬁigatur.
1082 3315 1213 3372 Tres
1230 3326 1354 3373 sunt
1373 3319 1507 3373 divi-

58 3395 306 3465 iePersonae,
322 3403 409 3457 sed
430 3421 581 3459 unus
598 3403 740 3461 Deus
757 3415 884 3460 sunt
908 3425 921 3459 :
946 3422 1011 3461 en
1033 3416 1204 3462 totum
1225 3410 1508 3465 sanctissi-

59 3489 335 3551 m'l'rinitatis
356 3499 697 3567 mysterium.
712 3496 944 3553 Notante
962 3500 1183 3570 insuper
1198 3502 1265 3555 cl.
1286 3500 1507 3557 Marano

58 3578 119 3639 {iii
148 3586 267 3649 paulo
303 3596 441 3653 ante,
491 3604 620 3657 cap.
653 3590 906 3645 nimirum
946 3592 1016 3657 8,
1048 3602 1269 3647 sanctus
1303 3593 1507 3664 Hippo-

60 3672 137 3738 inus
154 3679 319 3733 dixerat
351 3698 519 3735 unum
554 3682 720 3737 Deum
751 3698 871 3737 esse
897 3685 1195 3739 secundum
1227 3686 1503 3754 virtutem,

59 3766 118 3817 me
145 3772 387 3827 secundum
430 3775 728 3828 essentiam
774 3776 1032 3841 divinam,
1064 3792 1185 3845 qua:
1217 3793 1322 3832 una
1350 3794 1507 3847 pror-

58 3873 107 3907 τις
124 3872 178 3914 est
209 3864 250 3916 in
286 3866 451 3919 tribus
490 3864 789 3932 Personis;
822 3868 1116 3921 secundum
1145 3879 1326 3924 autem
1360 3884 1505 3924 teco-

57 3952 199 4005 mmiam
233 3965 329 4011 tres
374 3957 648 4014 Personas
696 3960 901 4013 ostendi
934 3961 1220 4030 :intelligit
1267 3977 1417 4033 ergo,
1447 3978 1505 4018 ut

56 4036 305 4103 lenullianus
334 4050 442 4119 (45)
464 4095 479 4117 ,
522 4053 841 4107 meonomiae
880 4052 1131 4118 nomine,
1165 4070 1183 4105 ι
1218 4069 1501 4109 numerum

57 4136 425 4203 ndispositionem
464 4141 767 4197 Trinitatis.
814 4163 833 4196 ι
877 4142 994 4199 Hoc
1017 4156 1197 4199 autem
1224 4146 1341 4201 loco
1378 4161 1502 4216 gra-

56 4229 125 4275 ium
144 4224 329 4295 Spiritus
354 4233 532 4287 sancti
554 4233 783 4303 appellat
799 4251 818 4284 ι
840 4235 1051 4289 tertiam
1077 4238 1432 4290 mconomiam
1450 4255 1463 4303 ;
1479 4256 1496 4288 ›

58 4316 104 4364 ssi
136 4322 275 4375 eodem
321 4342 480 4381 sensu
538 4342 602 4381 ae
650 4325 1046 4393 Tertullianus,
1094 4328 1187 4399 qui
1240 4328 1499 4398 Spiritum

1624 1809 1744 1855 ctus
1767 1802 1870 1857 iste
1893 1805 2184 1876 episcopus
2214 1823 2278 1863 ac
2303 1820 2505 1880 martyr
2535 1811 2601 1866 de
2636 1813 2921 1869 divinitate
2954 1831 3019 1871 ac
3058 1832 3191 1873 con-

1623 1894 2082 1953 substantialitate
2131 1896 2293 1953 Verbi
2353 1901 2406 1954 in
2455 1903 2808 1971 particulari;
2861 1915 2915 1959 ct
2962 1922 3028 1960 ex
3094 1908 3188 1963 illo

1621 1974 1902 2042 innumera
1931 2001 2197 2046 eruuntur
2229 1994 2537 2049 testimonia
2559 2036 2574 2061 ,
2610 2012 2732 2066 qua:
2760 1997 3087 2053 Arianorum
3124 2015 3188 2054 ac

1623 2077 2039 2137 Socinianorum
2063 2100 2125 2140 os
2166 2086 2453 2141 obstruere
2477 2087 2677 2143 valent.
2718 2087 2867 2144 Habe
2896 2092 3058 2145 modo
3089 2107 3189 2146 no-

1620 2172 1887 2227 tabiliora.
1908 2173 1966 2228 In
1998 2175 2138 2231 libro
2164 2190 2344 2232 contra
2370 2177 2597 2233 Noetum
2626 2180 2826 2237 Christi
2852 2181 3185 2237 divinitatem

1617 2261 1817 2317 diserte
1850 2264 2156 2333 proﬁtetur,
2191 2267 2319 2322 dum
2356 2268 2425 2323 ad
2462 2269 2594 2325 illud
2639 2270 2885 2341 Apostoli
2918 2270 3078 2327 Rom.
3108 2288 3187 2339 tx,
3282 2328 3285 2331 .

1619 2348 1715 2404 15:
1746 2370 1763 2403 ε
1789 2351 2034 2417 Quorum
2064 2366 2269 2425 patres,
2293 2373 2359 2412 ea
2388 2360 2589 2429 quibus
2612 2357 2865 2417 Christus
2887 2363 3185 2418 secundum

1616 2457 1858 2508 carnem,
1886 2463 1905 2497 ι
1934 2456 2039 2502 etc.
2059 2489 2075 2514 ,
2112 2448 2186 2503 ita
2220 2451 2495 2520 eloquitur
2517 2452 2664 2525 (44):
2705 2474 2723 2506 t
2751 2452 2984 2512 Pulchre
3022 2474 3185 2512 enar-

1617 2544 1719 2601 rat,
1751 2545 1805 2591 et
1836 2536 2070 2594 dilucide
2108 2543 2427 2611 mysterium
2469 2546 2737 2602 veritatis.
2814 2547 2932 2611 Hic,
2972 2551 3065 2619 qui
3105 2561 3188 2605 est

1615 2640 1779 2695 super
1824 2631 2042 2692 omnia,
2092 2629 2239 2689 Deus
2285 2642 2366 2689 est
2408 2634 2509 2705 (sic
2553 2638 2697 2690 enim
2764 2641 2926 2694 audet
2963 2641 3183 2695 dicere:

1612 2716 1830 2788 (Omnia
1858 2722 1987 2775 mihi
2032 2724 2231 2778 tradita
2261 2736 2384 2779 sunt
2424 2745 2455 2779 ιι
2495 2726 2715 2799 Patre).
2756 2729 2859 2796 Qui
2906 2743 2991 2787 est
3023 2749 3185 2803 super

1613 2812 1797 2866 omnia
1812 2812 1953 2869 Deus
1968 2813 2305 2883 benedictus,
2328 2819 2539 2889 genitus
2561 2831 2673 2888 est;
2701 2831 2755 2877 et
2775 2823 2960 2882 ifactus
2993 2828 3182 2891 homo,

1612 2901 1755 2961 Deus
1780 2916 1863 2960 est
1879 2907 1931 2959 in
1955 2908 2172 2963 saecula.
2196 2928 2214 2961 ι
2238 2911 2473 2982 (Sic.)Et
2490 2930 2681 2970 rursus
2699 2918 2860 2985 paulo
2877 2917 3178 2991 inlra(45):

1617 3014 1635 3047 ί
1660 2994 1892 3055 Necesse
1907 3014 2035 3070 ergo
2050 3010 2150 3068 est,
2172 3012 2227 3057 ut
2242 3006 2491 3073 quamvis
2506 3008 2659 3071 nolit,
2679 3010 2997 3066 conﬁteatur
3010 3012 3180 3068 Deum

1535 3080 1576 3135 C
1609 3088 2069 3159 omnipotentem,
2133 3102 2189 3149 et
2233 3094 2511 3151 Christum
2562 3096 2749 3154 Jesum
2808 3100 2902 3155 Dei
2938 3092 3180 3169 Filium,

1612 3178 1778 3235 Deum
1826 3181 2028 3238 factum
2058 3184 2403 3242 hominem...
2448 3198 2503 3243 et
2543 3188 2799 3260 Spiritum
2820 3206 3095 3259 sanctum;
3127 3204 3183 3253 et

1612 3272 1711 3326 hos
1743 3287 1863 3328 esse
1895 3291 2023 3331 vere
2054 3285 2183 3343 tres,
2232 3280 2326 3332 καὶ
2360 3280 2579 3345 τούτους
2615 3278 2755 3337 εἶναι
2783 3284 2955 3349 οὕτως
2980 3287 3124 3358 τρία.
3152 3307 3172 3342 9

1677 3391 1980 3447 Cowternus
2014 3392 2168 3448 Patri
2190 3406 2267 3450 est
2294 3394 2991 3456 Filius.—Generationem
3019 3412 3178 3457 aeter-

1607 3500 1732 3538 nam
1754 3495 1808 3540 et
1826 3487 2441 3545 eonsubstantialitatem
2467 3489 2588 3544 Filii
2611 3509 2733 3547 cum
2758 3492 2917 3550 Patre
2943 3512 3177 3566 sequen-

1607 3578 1681 3632 tia
1712 3580 2006 3635 ostendunt
2053 3585 2224 3657 sancti
2268 3582 2540 3655 Hippolyti
2576 3586 2738 3641 verba
2767 3586 2877 3657 (46)
2911 3606 2923 3641 :
2956 3608 2974 3639 ι
3008 3588 3174 3653 Deus,

1606 3671 1756 3726 solus
1799 3662 1922 3726 cum
1978 3652 2125 3728 esset
2169 3674 2328 3743 (ante
2375 3677 2740 3748 creationem)
2780 3680 3026 3750 nihilque
3068 3682 3175 3737 sibi

1605 3777 1844 3818 coaevum
1874 3764 2116 3831 haberet,
2147 3767 2321 3821 voluit
2353 3769 2615 3822 mundum
2650 3769 2881 3837 eﬁicere,
2922 3788 2986 3827 ac
3009 3789 3172 3828 mun-

1604 3855 1732 3911 dum
1764 3857 2009 3928 cogitans
2050 3873 2115 3913 ac
2159 3859 2369 3927 volens,
2408 3869 2464 3915 et
2512 3862 2700 3917 dicens
2734 3863 2945 3930 eﬁecit;
2998 3867 3173 3920 conti-

1606 3964 1823 4019 nuoque
1878 3950 2085 4005 exstitit
2124 3951 2173 4006 ei
2226 3951 2434 4018 factus,
2486 3952 2628 4008 sicut
2682 3955 2892 4023 voluit,
2934 3966 2990 4010 et
3029 3957 3172 4013 sicut

1604 4042 1793 4104 voluit,
1821 4043 2069 4113 perfecit.
2098 4043 2243 4100 Satis
2284 4046 2450 4117 igitur
2482 4047 2643 4103 nobis
2682 4058 2766 4103 est
2798 4049 2941 4105 scire
2966 4051 3166 4117 solum,

1604 4135 1738 4191 nihil
1770 4152 1894 4191 esse
1923 4136 2036 4193 Deo
2070 4153 2334 4193 coaevum.
2377 4136 2523 4194 Nihil
2562 4150 2681 4195 erat
2723 4153 2915 4209 praeter
2950 4142 3165 4211 ipsum;

1602 4228 1718 4297 ipse
1744 4229 1914 4292 solus,
1948 4230 2152 4284 multus
2173 4240 2311 4285 erat.
2330 4229 2441 4286 Nec
2470 4232 2617 4287 enim
2646 4242 2765 4287 erat
2794 4232 2911 4287 sine
2936 4234 3166 4300 ratione,

1602 4320 1721 4374 sine
1754 4321 2041 4389 sapientia,
2074 4322 2194 4377 sine
2219 4323 2481 4392 potentia,
2522 4324 2640 4379 sine
2673 4325 2925 4380 consilio.
2971 4324 3164 4379 Omnia

58 4420 207 4465 sanctum
234 4418 446 4485 appellat
480 4438 499 4470 ς
536 4421 750 4473 lenium
778 4420 1027 4491 gradum,
1061 4439 1079 4472 ι
1108 4419 1244 4475 Nam
1274 4422 1495 4491 gradus,
1528 4431 1575 4491 ι)
1600 4422 1757 4467 erant
1787 4414 1840 4467 in
1892 4430 1992 4468 eo:
2044 4415 2158 4484 ipse
2211 4425 2329 4471 erat
2365 4417 2568 4471 omnia.
2601 4414 2830 4483 Quando
2875 4418 3081 4480 voluit,
3113 4426 3168 4472 et

58 4494 181 4562 ίθτιιιε,
218 4508 441 4574 species,
486 4510 771 4579 dispositio
813 4512 926 4569 sive
971 4513 1304 4580 oeconomia,
1354 4512 1495 4569 idem

57 4602 172 4645 vitant
197 4599 313 4665 apud
355 4599 771 4657 Tertullianum.
803 4604 983 4669 Quare
1031 4605 1076 4659 si
1111 4604 1345 4675 Spiritus
1371 4623 1497 4662 san-

56 4772 172 4879 ῐιδοε
205 4771 327 4845 loqui
371 4778 688 4833 docuerunt.
730 4799 749 4831 ι
778 4779 865 4833 Fr.
905 4778 1205 4835 anrianus
1250 4782 1302 4833 in
1352 4781 1495 4834 hunc

76 4850 156 4879 ierim

76 4850 172 4893 901m.

75 4908 161 4982 μυ)
183 4913 272 4985 Non
293 4928 482 4985 potest,
508 4926 728 4974 notante
755 4919 821 4973 cl.
863 4918 1081 4974 Marano
1102 4920 1195 4974 lib.
1224 4936 1276 4974 tv
1304 4919 1379 4974 De
1411 4922 1494 4974 di-

58 4988 186 5057 τῖ’ξηειι
217 4983 263 5039 1.
296 4983 387 5053 Ε..
436 5004 556 5060 pag.
601 4989 727 5053 458,
773 4991 1080 5045 accuratius
1103 4991 1297 5060 dogma
1334 4990 1492 5060 Chri-

60 5005 186 5049 “sunt:
217 5005 263 5039 δ.
296 5005 387 5053 ι..
436 5005 500 5057 pa
544 5029 556 5042 .
601 5005 727 5053 ams,
773 5005 1080 5045 accuratius
1103 5005 1297 5060 dogma
1334 5005 1492 5045 ωηι-

59 5056 253 5127 έὶιᾶιςοηιιη
276 5061 482 5127 exponi.
507 5005 625 5112 gon
669 5060 840 5113 solum
869 5062 1012 5114 enim
1050 5076 1335 5113 numerum
1361 5059 1493 5115 Per-

61 5126 220 5210 ῗέίῗῑυιιι
257 5126 375 5210 {nbit
415 5128 484 5209 de
519 5128 627 5193 θεί-
654 5130 1334 5210 ⁵1ηευὲπίιίξιθ.ί¹οιν³¹¹θΐθ
1362 5147 1492 5210 ⁶9¹¹“

60 5190 174 5270 fell;
195 5196 270 5247 sed
294 5199 447 5252 etiam
474 5190 641 5269 ipsam
669 5190 771 5253 Dei
788 5202 1213 5270 singularitatem
1242 5202 1357 5255 sine
1388 5203 1491 5256 hoc

60 5260 302 5341 {arenarum
332 5260 552 5324 numero
580 5286 680 5325 nec
711 5260 1027 5338 consistere,
1058 5288 1158 5327 nec
1199 5271 1300 5326 coli
1331 5287 1490 5341 posse

94 5398 159 5476 {ili
183 5400 413 5476 ﬂippolyt.
444 5408 541 5462 loc.
573 5412 688 5473 cit.,
718 5428 867 5465 num.
901 5412 954 5465 8.

184 5468 405 5532 Proderit.
433 5468 763 5544 Maran.,'De
790 5482 1065 5536 divinitate
1090 5481 1143 5536 J.
1170 5481 1255 5549 ϐ..
1285 5483 1377 5538 lib.
1404 5499 1479 5551 tv,

78 5556 178 5591 dot.

191 5610 385 5689 Tertull.
416 5618 529 5674 adv.
555 5619 837 5685 Praxeam,
862 5637 981 5689 cap.
1007 5624 1058 5677 3.

98 5672 163 5743 l“)
190 5680 285 5739 Lib.
307 5672 501 5743 (Συηιηι⁷
903 5672 955 5745 ϐ’.

1603 4506 1878 4575 quomodo
1904 4508 2093 4572 voluit,
2118 4508 2605 4563 ostenditVerbum
2638 4526 2797 4564 suum
2830 4512 3166 4582 temporibus

1602 4598 1741 4666 apud
1775 4613 1899 4652 eum
1939 4598 2212 4665 deﬁnitis;
2247 4615 2345 4668 per
2387 4600 2534 4670 quod
2569 4602 2750 4655 omnia
2793 4600 2918 4657 fecit
2955 4604 3163 4673 (ιη...

1672 4778 1784 4848 (45)
1820 4777 1966 4848 Idem
2002 4776 2159 4839 ihid.,
2194 4793 2345 4832 num.
2375 4779 2428 4833 8.

1671 4846 1785 4916 (46)
1824 4847 1883 4918 S.
1920 4846 2216 4918 Hippolyt.,
2242 4849 2344 4903 loc.
2374 4850 2491 4914 cit.,
2523 4865 2673 4903 num.
2704 4849 2791 4907 10.

1671 4919 1782 4993 (47)
1821 4917 1948 4973 Haec
1966 4928 2019 4972 et
2042 4917 2323 4988 sequentia
2357 4922 2553 4973 mirum
2576 4921 2634 4993 _in
2662 4922 2879 4993 modum
2908 4924 3163 4993 explanat

1600 4989 1762 5043 simul
1794 4999 1847 5044 et
1881 4998 2102 5043 strenue
2134 4999 2314 5043 tuetur
2342 5002 2531 5044 contra
2564 4988 2776 5044 Jurium
2809 4988 3161 5049 doctissimus

1598 5059 1893 5135 ljnssttetus
1941 5058 2231 5135 Meldensis
2266 5062 2584 5135 episcqpus,
2616 5062 2976 5135 Avertiss._vt,
3007 5064 3033 5135 §
3070 5064 3161 5135 678,

1600 5129 1704 5183 Sur
1730 5128 1803 5183 les
1835 5131 2011 5202 lettres
2053 5129 2116 5202 de
2160 5129 2369 5202 Jurieu.
2415 5128 2661 5186 (Euvres
2697 5142 2827 5186 tom.
2858 5130 2949 5199 IV,
2978 5128 3031 5202 ρῖ
3057 5134 3162 5187 575

1597 5214 1649 5253 et
1676 5216 1790 5270 seq.
1824 5200 1915 5254 Ait
1945 5200 2200 5254 nimirum
2223 5201 2292 5254 cl.
2328 5199 2627 5255 Bossuetus
2669 5214 2917 5256 sanctum
2954 5199 3159 5272 Hippo-

1596 5271 1763 5341 lytutn
1799 5287 1909 5325 non
1943 5280 2152 5325 tantum
2188 5272 2429 5341 seipsqu
2460 5271 2763 5327 luculenter
2804 5273 2859 5325 in
2892 5271 3161 5327 catholico

1595 5358 1758 5395 sensu
1800 5343 2098 5406 declarare,
2121 5342 2237 5412 Ased
2267 5344 2456 5412 getiam
2512 5342 2731 5395 modum
2785 5344 3155 5412 suppeditare,

1594 5428 1703 5479 quo
1728 5413 1833 5465 alia
1869 5413 2067 5466 similia
2114 5409 2214 5465 SS.
2264 5411 2481 5466 Patrum
2518 5409 2869 5477 testimonia,
2892 5409 3027 5481 qua”:
3059 5414 3160 5466 ob-

1593 5484 1839 5539 scuriora
1865 5492 2147 5550 apparent.
2185 5482 2422 5536 dilucide
2444 5489 2803 5549 exponantur.
2835 5483 2971 5537 Cum
3011 5486 3157 5536 enim

1593 5554 1646 5605 in
1678 5554 1797 5606 loco
1827 5553 1991 5606 citato
2034 5554 2212 5606 dicat:
2266 5572 2284 5603 ι
2318 5552 2472 5617 Quod
2501 5551 2735 5604 Verbum
2760 5594 2775 5617 ,
2836 5570 2957 5607 cum
3013 5554 3065 5606 in
3097 5569 3157 5608 se

1591 5624 1858 5687 traheret,
1910 5631 2163 5690 essetque
2219 5622 2423 5676 mundo
2480 5630 2659 5677 creato
2727 5622 3155 5693 inaspectabile,

1591 5695 1844 5749 einittens
1874 5693 2108 5763 priorem
2152 5708 2338 5749 vocem
2364 5732 2379 5759 ,
2414 5702 2467 5747 et
2499 5693 2681 5749 lumen
2710 5709 2776 5748 ex
2816 5695 3023 5750 lumine
3060 5708 3154 5766 ge-
