3844 6188
662 237 773 296 355

1631 227 1721 283 DE
1764 225 1929 311 VITA
1970 223 2058 278 ΕΤ
2096 221 2407 279 SCRIPTIS
2446 220 2506 277 S.
2547 217 2930 276 HIPPULYTI.
3723 231 3799 286 εδδ

651 350 857 410 Eorum
891 356 1072 404 autem
1102 363 1224 418 quae
1251 345 1392 402 facta
1423 354 1571 412 sunt,
1598 345 1814 412 ducem,
1842 340 2214 398 consiliarium
2244 341 2292 395 Α
2319 343 2542 405 martyr,
2587 334 2733 403 quod
2764 332 3169 400 Athenagoram
3205 329 3451 385 docuisse
3482 345 3628 400 supra
3655 345 3793 392 oste"-

649 454 708 503 et
775 443 1083 514 operarium
1141 441 1432 512 generabat
1463 439 1740 504 Verbum;
1784 436 1928 506 quod
1981 433 2220 488 Verbum

651 555 778 596 cum
832 538 887 592 in
929 552 989 591 se
1041 535 1308 598 haberet,
1361 541 1615 602 essetque
1673 529 1877 584 mundo
1907 535 2089 582 creato
2131 526 2219 579 in-

651 629 1022 702 aspectabile,
1081 627 1211 683 fecit
1261 625 1627 696 aspectabile,
1689 623 1940 677 emittens
1984 620 2220 690 priorem

649 732 954 791 vocem;et
978 723 1163 778 iumen
1183 736 1250 776 ex
1277 719 1484 774 lumine
1533 730 1800 788 generans
1869 711 2099 784 (48-49),
2128 711 2222 767 de-

649 816 919 889 prompsit
952 816 1056 885 ipsi
1083 822 1347 869 creaturae
1385 811 1710 874 Dominum,
1750 824 1973 865 sensum
2011 821 2172 862 suum
2201 822 2216 860 :

650 917 708 964 et
735 908 828 979 qui
854 906 1005 977 prius
1032 906 1135 974 ipsi
1161 912 1370 959 tantum
1396 910 1515 957 erat
1536 900 1788 965 visibilis,
1809 898 2010 953 mundo
2036 906 2218 952 autem

652 999 980 1063 invisibilis,
1020 997 1167 1052 hunc
1209 995 1474 1051 visibilem
1507 993 1657 1062 facit,
1699 1003 1760 1049 ut
1797 994 2054 1059 mundus,
2092 1006 2217 1046 eum

651 1112 802 1161 cum,
825 1094 921 1164 qui
949 1090 1220 1162 apparuit,
1246 1089 1472 1152 videret,
1497 1089 1683 1144 salvus
1719 1086 1834 1141 ﬁeri
1862 1093 2062 1156 posset.
2087 1103 2105 1136 ι

719 1185 836 1240 Hoc
865 1185 987 1239 loco
1035 1182 1144 1238 divi
1183 1179 1458 1252 Hippolyti
1501 1179 1746 1234 abutitur
1793 1177 2029 1232 Sandius
2059 1175 2214 1245 (50);

651 1276 780 1333 dum
813 1291 882 1331 ex
920 1289 986 1329 co
1025 1272 1312 1329 ostendere
1364 1282 1629 1338 conatur,
1675 1277 1924 1325 sanctum
1971 1276 2216 1323 nostrum

649 1369 966 1440 episcopum
1013 1365 1303 1428 docuisse,
1347 1363 1544 1418 Filium
1587 1363 1749 1432 paulo
1779 1370 1902 1416 ante
1953 1359 2214 1414 mundum

648 1460 930 1515 conditum
982 1456 1246 1512 exsistere
1298 1456 1550 1524 cmpisse.
1602 1453 1803 1508 Verum
1861 1451 2215 1507 doctissimus

649 1548 839 1604 Bullus
873 1547 986 1618 (51)
1041 1545 1293 1602 eumdem
1349 1545 1527 1600 locum
1585 1543 1655 1598 ab
1716 1541 2216 1613 interpretamentis

650 1640 842 1696 Sandii
896 1638 1111 1710 egregie
1158 1637 1399 1692 vindicat
1445 1637 1518 1690 ita
1546 1635 1822 1690 disserens
1853 1651 1867 1688 :
1910 1653 1930 1686 ‹
1963 1634 2213 1732 Agnosco
2245 1677 2288 1732 Β

651 1731 901 1800 quidem,
931 1729 1023 1784 hic
1048 1728 1116 1783 ab
1159 1726 1448 1798 Hippolyto
1483 1725 1886 1797 generationem
1919 1724 2211 1795 quamdam

648 1821 831 1878 Ver’bo
855 1823 976 1878 sive
1005 1821 1146 1877 Filio
1179 1821 1272 1876 Dei
1301 1819 1487 1884 tribui,
1521 1835 1629 1889 quo
1664 1817 1853 1874 mundi
1883 1818 2211 1873 creationem

645 1918 895 1988 proxime
947 1914 1319 1972 antecesserit.
1359 1911 1464 1966 Sed
1511 1911 1736 1966 omnino
1773 1925 1910 1980 nego
1944 1910 2012 1965 de
2053 1925 2215 1980 gene-

648 2010 860 2064 ratione
880 2007 1034 2077 ‘loqui
1058 2005 1405 2076 Hippolytum
1437 2003 1656 2074 proprie
1677 2003 1840 2065 dicta.
1857 2017 1980 2071 qua:
2007 2001 2216 2058 scilicet

649 2095 814 2153 Verbi
844 2097 1006 2152 fuerit
1043 2095 1350 2167 productio,
1386 2108 1560 2163 quave
1590 2092 1826 2148 Verbum
1855 2091 2053 2162 ipsum,
2088 2107 2213 2147 cum

645 2190 800 2260 prius
845 2203 953 2242 non
1000 2187 1327 2252 exsisteret,
1362 2184 1626 2240 cxsistere
1664 2185 1846 2254 coepit.
1888 2183 2027 2241 Huic
2064 2200 2215 2240 com-

644 2287 832 2336 mento
863 2287 1012 2334 totus
1043 2277 1318 2350 Hippolyti
1352 2293 1532 2334 sermo
1557 2287 1844 2348 repugnat.
1870 2275 2007 2330 Nam
2042 2276 2213 2332 Deum

646 2388 715 2430 ex
749 2380 951 2427 aeterno
979 2371 1050 2426 ita
1087 2390 1106 2422 ‹
1143 2371 1319 2426 solum
1358 2389 1376 2422 ι
1419 2368 1590 2425 fuisse
1637 2369 1833 2434 docet,
1889 2377 1950 2424 ut
1993 2368 2211 2423 interim

657 2485 676 2518 ι
703 2465 934 2520 multum
960 2483 978 2515 ι
1011 2463 1181 2519 fuisse
1207 2461 1458 2517 afﬁrmet.
1493 2460 1816 2527 Quomodo?
1843 2459 1979 2528 Quia
2008 2461 2213 2515 scilicet

646 2555 792 2612 Deus
823 2555 982 2610 Pater
1011 2570 1294 2626 nunquam
1333 2561 1453 2608 erat
1495 2553 1616 2608 sine
1641 2554 1851 2608 ratione
1882 2551 1991 2624 (τῷ
2022 2551 2208 2623 Λόγῳ)

645 2661 700 2705 et
723 2650 1008 2720 sapientia,
1042 2649 1148 2704 hoc
1181 2657 1283 2714 est,
1322 2648 1441 2703 sine
1467 2646 1608 2703 Filio
1645 2657 1699 2703 et
1739 2647 1946 2718 Spiritu
1979 2655 2206 2712 sancto;

645 2740 874 2810 proinde
906 2755 1015 2794 non
1047 2738 1163 2794 sine
1186 2737 1436 2802 consilio,
1467 2753 1590 2792 cum
1622 2745 1915 2807 utrumque
1951 2736 2053 2791 sibi
2077 2751 2211 2790 con-

643 2831 914 2886 siliarium
970 2829 1240 2885 habuerit.
1291 2828 1484 2884 Nullus
1544 2829 1771 2893 dubito,
1819 2830 1948 2899 quin
1995 2828 2086 2884 hic
2140 2827 2211 2884 sit

647 2937 845 2976 sensus
902 2921 1170 2991 genuinus
1231 2921 1459 2976 istorum
1538 2919 1810 2992 Hippolyti
1871 2921 2206 2976 verborum:

2323 426 2524 480 dimus.
2553 424 2715 493 Atqui
2741 425 2794 477 in
2826 425 2970 476 hunc
3000 434 3224 476 sensum
3252 429 3310 474 ut
3339 419 3797 492 Hippolytuminter—

2319 525 2616 586 pretemur,
2659 515 2891 571 suadent
2935 512 3153 583 quidem
3185 511 3299 582 ipsa
3339 511 3441 567 loci
3475 513 3608 567 allati
3645 518 3791 584 verba;

2320 607 2416 662 sed
2445 621 2511 661 eo
2537 607 2693 676 plane
2718 620 2817 659 nos
2846 611 3050 674 cogunt
3068 602 3172 656 alia
3201 605 3319 671 ejus
3346 602 3557 672 scripta,
3578 603 3627 658 in
3649 608 3795 675 quibus

2320 708 2647 755 comternam
2665 698 2786 753 Filii
2803 713 2925 752 cum
2942 695 3102 751 Patre
3126 694 3489 750 exsistentiam
3507 696 3659 752 verbis
3680 701 3794 756 veluti

2321 792 2458 847 solis
2482 791 2635 846 radio
2657 789 2942 860 descriptis
2965 787 3230 843 declarat.
3262 804 3282 838 ι

2389 973 2498 1029 Sed
2527 972 2698 1028 multo
2723 970 3076 1026 luculentiora
3110 968 3381 1040 perfectae,
3421 985 3481 1024 ac
3507 986 3632 1028 vera:
3649 973 3795 1028 divini-

2319 1065 2446 1118 tatis
2484 1063 2538 1117 in
2586 1061 2761 1127 Filio,
2811 1061 3038 1131 ejusque
3067 1059 3307 1115 Persona
3340 1075 3373 1115 a
3423 1059 3570 1116 Patre
3607 1064 3798 1120 distincta

2321 1155 2378 1209 S.
2413 1153 2734 1225 Hippolytus
2767 1153 3073 1208 testimonia
3105 1151 3256 1207 dedit
3284 1152 3336 1206 in
3380 1154 3631 1223 Opusculis
3657 1155 3798 1209 Contra

2315 1244 2571 1300 Bcronem
2600 1256 2649 1300 et
2679 1244 2933 1311 Helicem,
2965 1244 3108 1313 apud
3153 1243 3524 1299 Anastasium.
3565 1245 3616 1299 in
3654 1249 3799 1317 quibus

2317 1329 2598 1408 duplicem'
2617 1337 2673 1392 in
2701 1335 2939 1392 Christo
2984 1345 3240 1390 naturam
3291 1344 3535 1391 accurate
3573 1336 3796 1402 discernit;

2315 1439 2370 1485 et
2417 1430 2656 1484 divinam
2698 1429 2946 1484 eamdem
2990 1429 3150 1498 plane
3199 1443 3323 1483 esse
3369 1429 3686 1496 demonstrat,
3717 1447 3801 1500 que

2315 1531 2397 1576 est
2428 1521 2482 1574 in
2511 1519 2692 1576 Patre.
2743 1541 2760 1573 ε
2797 1521 3029 1576 Verbum
3060 1521 3208 1576 enim
3239 1520 3334 1576 Dei
3358 1521 3500 1576 nulla
3521 1539 3574 1579 re
3597 1534 3799 1579 mutatum

2316 1628 2454 1679 esse,
2468 1633 2486 1664 ι
2508 1613 2637 1668 dicit
2656 1628 2721 1668 eo
2750 1613 2886 1683 ipso,
2906 1614 3053 1682 quod
3069 1629 3294 1668 carnem
3312 1615 3514 1682 induit;
3536 1634 3552 1666 ι
3570 1632 3654 1671 nec
3670 1620 3711 1671 in
3727 1619 3801 1672 ullo

2319 1720 2564 1776 prorsus,
2595 1706 2651 1759 in
2683 1721 2791 1775 quo
2822 1705 2964 1762 idem
3007 1715 3092 1762 est
3127 1722 3258 1761 cum
3301 1705 3679 1774 Patre,i'actum
3718 1725 3802 1765 esse

2319 1797 2461 1852 idem
2489 1814 2610 1854 cum
2639 1813 2803 1853 carne
2833 1807 3051 1869 propter
3091 1799 3534 1855 exinanitionem.
3561 1800 3650 1856 Sed
3669 1803 3802 1871 cujus-

2319 1890 2467 1945 modi
2496 1898 2615 1945 erat
2643 1890 2848 1960 absque
2877 1906 3063 1958 carne,
3091 1891 3167 1946 ita
3198 1881 3464 1948 mansisse
3483 1901 3618 1948 extra
3642 1909 3800 1948 onmem

2317 1983 2879 2052 circumscriptionem
2926 1983 3060 2054 (52).
3090 2002 3110 2035 ι
3147 1983 3408 2039 Rursus:
3463 2003 3480 2036 ‹
3514 1984 3659 2040 Deum
3693 1985 3799 2038 illum

2319 2075 2589 2130 inﬁnitum
2607 2076 2790 2137 simul,
2809 2085 2860 2130 et
2893 2075 3376 2146 circumscriptum
3406 2079 3652 2132 hominem
3680 2092 3796 2131 esset

2317 2168 2424 2234 ait,
2449 2185 2470 2221 ‹
2513 2177 2567 2223 et
2597 2168 2856 2237 intelligi,
2891 2167 3180 2236 utriusque
3244 2168 3587 2224 substantiam
3631 2166 3801 2238 perfecte

2318 2259 2612 2330 perfectam
2639 2260 2922 2334 habentem
2949 2259 3082 2330 (55).
3108 2279 3126 2312 ι
3153 2258 3319 2327 Quod
3348 2270 3516 2331 potest
3533 2276 3637 2316 esse
3655 2260 3800 2315 clarius

2316 2365 2563 2415 summae,
2605 2349 2976 2418 absolutaeque
3022 2349 3334 2406 divinitatis
3381 2351 3431 2403 in
3478 2349 3667 2404 Christo
3702 2362 3797 2416 pra:-

2317 2445 2570 2497 conium?
2601 2440 2737 2496 Nam
2776 2452 2830 2497 et
2865 2442 3138 2496 inﬁnitum
3161 2441 3358 2497 ~Deum
3401 2443 3539 2497 hunc
3580 2455 3677 2495 esse
3701 2454 3797 2508 prae-

2315 2534 2489 2601 dicat,
2547 2544 2602 2590 et
2648 2535 3012 2600 immensum,
3045 2541 3101 2588 et
3154 2533 3578 2599 immutabilem,
3620 2539 3664 2586 et
3698 2531 3794 2584 idem

2315 2628 2540 2683 omnino
2573 2643 2696 2682 cum
2724 2628 2904 2694 Patre,
2931 2627 3076 2697 quod
3118 2627 3197 2682 ad
3220 2637 3466 2684 naturam
3501 2627 3679 2687 attinet,
3711 2637 3796 2676 cum

2316 2722 2388 2776 sit
2419 2720 2539 2790 ejus
2569 2719 2762 2787 Filius,
2797 2721 3026 2791 ideoque
3057 2721 3248 2792 reipsa
3274 2721 3566 2776 distinctus.
3589 2718 3792 2786 Denique:

2320 2831 2341 2866 ‹
2368 2812 2635 2869 Divinitas
2673 2813 2871 2886 (inquit
2915 2829 2982 2869 ex
3028 2813 3312 2870 Anastasii
3349 2814 3617 2883 versione),
3644 2820 3691 2865 ut
3717 2816 3796 2863 erat

2315 2911 2442 2958 ante
2482 2903 2936 2970 incarnationem,
2966 2911 3020 2959 et
3059 2913 3143 2959 est
3175 2914 3301 2974 post
3331 2903 3709 2960 incarnationem
3735 2914 3795 2953 se-

647 3009 934 3065 Νίιιίιεηη
966 3021 1155 3080 pm,"
1188 3011 1396 3080 ipsum;
1449 3012 1581 3080 ipse,
1615 3012 1756 3066 δοιηδ
1779 3065 1793 3084 ⁸
1817 3013 2013 3065 manus
2067 3022 2205 3079 erat,
2234 3030 2278 3089 ο
2314 2995 2553 3050 cundum
2587 3003 2839 3050 naturam
2876 2995 3107 3062 inﬁnita,
3151 2992 3800 3068 inconrprebensibilis,im-

647 3102 761 3159 Nec
811 3104 950 3157 enim
995 3111 1107 3156 erat
1149 3103 1261 3156 sine
1312 3104 1515 3156 ratione
1550 3105 1774 3172 (procul
1808 3104 1974 3159 dubio
2023 3103 2206 3160 Graece

645 3195 940 3262 scripserat
990 3192 1311 3263 Hippolytus
1383 3193 1460 3263 τῷ
1489 3194 1712 3266 Λόγῳ),
1765 3197 1877 3250 sine
1917 3198 2203 3265 sapientia,

645 3285 758 3338 sine
791 3283 1029 3337 consilio.
1103 3281 1308 3352 Quippe
1337 3283 1503 3338 Deum
1544 3285 1830 3354 agnovisse
1858 3284 2204 3357 Hippolytum

647 3389 817 3426 unum
847 3381 901 3427 ct
945 3372 1194 3438 multum,
1228 3374 1332 3427 hoc
1360 3382 1444 3428 est
1473 3373 1708 3439 trinum;
1743 3389 1911 3428 unum
1950 3377 2202 3445 essentia,

649 3465 850 3520 trinum
883 3464 1163 3530 Personis,
1201 3466 1316 3537 ipse
1344 3465 1508 3535 hujus
1534 3466 1769 3521 homilire
1798 3468 1988 3523 titulus
2029 3469 2209 3524 decla-

644 3568 750 3615 rat.
774 3558 1011 3614 Tertiam
1039 3569 1218 3614 autem
1245 3559 1544 3615 divinitatis
1583 3559 1899 3632 hypostasin
1933 3579 1952 3613 ‹
1978 3560 2206 3633 Sapien-

643 3651 734 3706 tia:
763 3669 781 3701 ι
821 3650 1044 3705 nomine
1073 3651 1361 3722 appellavit
1402 3649 1744 3723 Hippolytus,
1793 3637 1999 3720 lrenaei,
2047 3655 2206 3725 cujus

646 3743 862 3797 auditur
903 3742 1074 3798 fuisse
1137 3745 1492 3814 perhibetur,
1533 3745 1783 3815 exemplo
1833 3754 1888 3800 et
1934 3763 2001 3802 ex
2054 3763 2207 3804 more

644 3835 860 3891 illorum
916 3843 1241 3905 temporum.
1296 3834 1499 3890 Deinde
1539 3836 1615 3890 ait
1669 3835 2008 3910 Hippolytus,
2035 3839 2204 3894 Deum

644 3945 932 4001 generasse
961 3927 1220 3992 Verbum,
1257 3927 1404 3998 quod
1432 3927 1502 3982 ab
1522 3936 1723 3983 aeterno
1748 3930 1806 3983 in
1836 3945 1894 3984 se
1933 3929 2202 3986 habuerit.

643 4021 962 4088 Quomodo?
1011 4040 1034 4072 ί
1067 4020 1276 4090 ipsum,
1323 4019 1519 4089 inquit,
1575 4021 1907 4090 temporibus
1955 4021 2098 4090 apud
2148 4037 2207 4077 se

645 4130 666 4166 ι
695 4111 928 4167 deﬁnitis
970 4111 1246 4167 ostendit:
1284 4110 1460 4180 ipsum
1503 4121 1765 4178 creatura:
1807 4120 1867 4164 ut
1891 4110 2203 4178 Dominum,

645 4220 666 4256 ι
690 4203 1064 4274 deprompsit:
1093 4204 1268 4274 ipsum
1291 4202 1526 4272 denique
1549 4201 1764 4257 sibimet
1794 4202 1894 4257 soli
1923 4203 2073 4272 prius
2101 4219 2204 4257 no-

647 4313 668 4347 ‹
695 4284 1051 4360 ῑυιηνπιύηάο
1073 4296 1340 4350 visibilem
1371 4294 1551 4349 fecit.»
1575 4294 1755 4362 Itaque
1779 4296 2071 4365 generatio,
2095 4311 2202 4365 qua

2315 3086 2610 3156 passibilis,
2647 3087 3089 3158 incomparabilis
3106 3086 3242 3159 (imo
3268 3089 3638 3158 inalterabilis),
3661 3088 3795 3142 incon-

2307 3179 2606 3245 vertibilis,
2659 3194 2756 3248 per
2803 3195 2862 3234 se
2895 3189 3116 3250 potens,
3177 3190 3236 3235 et
3285 3190 3347 3236 ut
3395 3189 3553 3235 totum
3594 3179 3794 3239 dicamus,

2308 3271 2614 3325 subsistens
2657 3270 3032 3326 substantialis
3086 3273 3209 3326 sola
3263 3272 3482 3327 inﬁnitae
3519 3269 3696 3324 virtutis
3728 3267 3794 3321 bo-

2307 3378 2438 3417 num
2492 3362 2630 3433 (54).
2670 3381 2688 3415 ›
2726 3361 2979 3419 Potuitne
3021 3365 3105 3418 vel
3157 3365 3271 3420 hoc
3344 3365 3535 3420 sa-culo
3575 3364 3792 3434 quisquam

2307 3455 2592 3522 disertius,
2624 3457 2936 3526 expressius
2985 3449 3495 3527 signiﬁcantiusque
3535 3453 3792 3511 divinitatem

2306 3547 2449 3614 Filii,
2491 3563 2554 3602 ac
2596 3547 2957 3604 Personarum
3011 3549 3312 3605 discrimen
3367 3564 3639 3619 exponere,
3678 3558 3793 3613 quam

2307 3640 2542 3709 scriptor
2592 3640 2682 3696 ille
2749 3639 2877 3696 fecit
2928 3641 3230 3710 antiquus,
3287 3650 3563 3712 antequam
3608 3637 3792 3692 Nicetius

2306 3749 2598 3790 consessus
2631 3733 2897 3805 liquidam
2929 3748 2993 3788 ea
3037 3733 3104 3788 de
3150 3749 3218 3789 re
3253 3736 3562 3790 sententiam
3589 3729 3792 3800 explicas-

2306 3827 2430 3882 set?
2481 3824 2577 3881 His
2606 3834 2734 3881 sunt
2776 3835 3138 3881 consentanea
3191 3829 3497 3882 testimonia
3533 3825 3793 3892 reliquorum

2306 3916 2730 3986 fragmentorum
2757 3913 2906 3986 (sunt
2934 3924 3113 3969 autem
3136 3925 3266 3971 octo
3290 3916 3525 3984 omnino)
3555 3915 3614 3968 dc
3634 3910 3794 3966 Christo

2307 4010 2435 4076 Deo,
2455 4009 2658 4080 Deique
2683 4007 2820 4066 Filio
2843 4009 2982 4063 dicta
3003 4051 3017 4075 ,
3040 4025 3161 4078 qua:
3197 4010 3416 4080 longum
3445 4011 3512 4065 sit
3536 4005 3792 4064 exscribere.

2307 4102 2372 4160 Ut
2417 4119 2542 4158 cum
2591 4103 2646 4158 in
2700 4101 2938 4159 secundo
2968 4102 3289 4158 nominatur
3315 4104 3343 4158 ὁ
3378 4105 3481 4164 τῶν
3529 4101 3647 4156 ὅλων
3683 4094 3792 4154 Θεὸς,

2312 4213 2331 4248 ι
2369 4197 2512 4250 Deus
2566 4196 2982 4264 universorum,
3019 4215 3038 4248 ι
3073 4202 3129 4252 et
3179 4195 3236 4250 in
3279 4203 3431 4250 sexto
3478 4191 3698 4248 tribuitur
3740 4181 3792 4236 illi

2311 4307 2330 4340 ι
2360 4287 2825 4359 imprincipalitas,
2869 4288 3113 4354 infactio,
3153 4289 3415 4356 inﬁnitas,
3448 4280 3795 4356 sempiternitas,

641 4387 710 4442 de
757 4389 998 4456 loquitur
1028 4387 1369 4460 Hippolytus,
1409 4402 1516 4443 non
1545 4396 1629 4442 est
1677 4385 1836 4443 Verbi
1873 4389 2195 4458 productio;
2227 4368 2277 4428 Ῑ)
2303 4381 2946 4452 incomprehensibilitas,
2973 4403 2992 4434 ι
3035 4394 3088 4437 et
3118 4398 3458 4454 quzecunque
3495 4399 3512 4432 ‹
3537 4381 3701 4433 horum
3733 4384 3794 4424 se-

639 4479 733 4533 sed
768 4479 940 4547 ipsius
965 4495 1033 4534 ex
1073 4489 1274 4534 :eteruo
1299 4479 1446 4534 Patri
1475 4479 1880 4546 coexsistentis,
1925 4480 2195 4545 ostensio,

637 4568 1012 4639 depromptio,
1059 4581 1110 4625 et
1144 4572 1546 4638 mauit‘estatio,
1581 4586 1703 4642 quae
1732 4585 1823 4626 res
1863 4580 2074 4628 creatas
2114 4588 2201 4628 re-

636 4657 895 4725 spexerit.
947 4656 1021 4714 Ut
1074 4660 1215 4714 idem
1279 4676 1508 4733 prorsus
1565 4661 1796 4718 voluerit
1851 4661 2200 4719 beatissimus

635 4943 853 4995 nerans,
895 4947 916 4981 ι
967 4928 1336 4985 ιιιοσοιειτῑυς
1381 4931 1650 4998 ostendit,
1696 4933 1840 4988 hanc
1899 4931 2196 4988 secundam

636 4999 796 5055 Verbi
834 5001 1254 5072 generationem,
1285 5003 1417 5056 nihil
1447 5003 1591 5056 aliud
1634 5019 1772 5066 esse,
1810 5019 1973 5072 quam
2012 5011 2196 5056 exter-

633 5087 760 5142 nam
795 5071 1038 5140 ejusdcm
1079 5071 1610 5142 manifestationem;
1640 5089 1737 5128 seu
1775 5091 1794 5125 ‹
1821 5071 2195 5142 operationem

629 5141 700 5196 ad
732 5154 904 5208 extra,
929 5161 948 5194 ι
987 5149 1047 5196 ιιι
1075 5140 1274 5196 Schola
1301 5142 1560 5212 loquitur.

701 5259 910 5332 (48-49)
952 5258 1042 5313 Sic
1082 5258 1246 5313 locuti
1287 5257 1640 5332 ante_Patres
1684 5256 1975 5332 Νἰίιειεηοεζ
2001 5267 2195 5332 printer

629 5326 974 5401 Hippolytum
995 5337 1262 5395 nostrum,
1280 5327 1666 5401 suntJustinus
1695 5326 2192 5401 m_artyr,_Ta_ti_anus

627 5411 683 5453 et
703 5397 1106 5467 Athenagoras,
1154 5409 1213 5454 ut
1251 5407 1494 5452 notatum
1527 5397 1846 5453 doctissimo
1891 5397 2095 5454 Grabio
2123 5400 2192 5454 ad

629 5467 888 5538 irenzeum
921 5470 1012 5523 lih.
1051 5486 1113 5532 ll,
1158 5484 1277 5538 cap.
1309 5468 1398 5522 25.
1437 5467 1530 5524 His
1581 5469 1716 5523 adde
1763 5467 2090 5538 Methodium
2135 5469 2192 5538 in

630 5537 850 5609 humilia
882 5537 950 5594 de
979 5537 1486 5609 SimeoneetAuna
1515 5580 1530 5604 ,
1558 5553 1680 5609 pag.
1711 5539 1812 5593 {52
1837 5556 1850 5592 :
1878 5540 1964 5609 ίΣὺ
1998 5537 2046 5596 εἲ
2075 5537 2192 5609 φῶς

625 5606 875 5674 ἀληθινὸν
907 5609 970 5662 ὲκ
1001 5608 1175 5677 φωτὸς
1203 5607 1486 5683 ἀληθινοῦ,
1519 5606 1652 5676 Θεδᾴ
1683 5608 1932 5683 ἀληθινὸς
1962 5609 2024 5662 ἐκ
2055 5606 2191 5666 Θεοῦ

2303 4476 2543 4532 cundum
2591 4477 3021 4546 magnitudinem
3071 4477 3378 4546 theologica
3427 4469 3720 4542 amplissima
3758 4463 3796 4514 in

2302 4566 2510 4623 Deitate
2575 4568 2715 4624 ratio
2770 4568 3202 4641 contemplatur,
3239 4586 3257 4620 ι
3313 4577 3373 4622 ut
3423 4566 3634 4622 barbare
3680 4553 3796 4610 vertit

2301 4659 2644 4716 Anastasius.

2298 4926 2571 4999 ἀληθινοῦ.
2607 4924 2939 4999 Athanasius
2961 4922 3311 4999 postea‘dixit
3332 4921 3517 4991 λύχνον
3548 4919 3606 4970 ἐκ
3625 4908 3796 4978 λύχνθυο

2301 4994 2455 5054 Tom.
2492 4999 2531 5065 I,
2566 5013 2689 5068 pag.
2724 4996 2822 5050 881
2857 4994 2987 5049 edit.
3013 4994 3283 5064 Lipsiens.

2369 5092 2481 5162 (50)
2523 5090 2688 5145 Sand.
2721 5087 2911 5142 Nuclei
2937 5087 3062 5140 hist.
3087 5085 3379 5140 ecclesiast.
3407 5083 3500 5138 lib.
3529 5096 3563 5143 ι,
3584 5092 3634 5147 p.
3655 5069 3726 5126 98.

2366 5155 2479 5252 (51)
2519 5181 2682 5246 Bull.,
2723 5179 2932 5252 Defens.
2954 5179 3062 5252 ῥά.
3088 5176 3326 5252 Niciam,
3375 5182 3501 5231 sect.
3536 5185 3610 5230 Ill,
3631 5155 3790 5252 eam}:

2334 5233 2920 5324 agi—Elgiietjscqul‘.
2953 5233 3200 5324 gessitet.
3223 5288 3238 5312 ,
3281 5233 3324 5303 ιζ
3353 5263 3403 5324 c._
3417 5253 3643 5324 inpii-ue

2294 5271 2420 5378 pag.
2467 5271 2572 5307 Ζιυ
2614 5271 2666 5305 et
2696 5271 2920 5333 setiam.
2953 5271 3200 5332 missiles.
3223 5288 3238 5312 ,
3281 5271 3321 5303 ι.
3353 5271 3628 5332 armsun
3671 5271 3783 5313 ιιι-ςτέ-

2323 5326 2552 5379 iaranus
2569 5321 2644 5376 De
2662 5323 2866 5375 dicunt.
2885 5319 2940 5375 J.
2963 5318 3024 5374 C.
3044 5320 3137 5399 lib.
3160 5333 3365 5387 tv,cap.
3384 5318 3469 5380 io,
3498 5312 3595 5384 §3,
3622 5322 3669 5376 p.
3693 5297 3790 5399 ἆοιξο

2366 5413 2718 5486 (ὕὲὶᾴϐυηζτα
2739 5413 2932 5486 Beron.
2956 5422 3007 5486 et
3039 5383 3383 5486 Helic.,_apud_
3408 5403 3608 5486 Fabric.
3629 5383 3776 5486 φρῖξαι

3095 5461 3535 5553 apud-Eallan”
3559 5488 3610 5544 p.
3633 5461 3740 5524 £66.

2365 5623 2477 5682 154)
2517 5623 2649 5678 Ibid.
