  <div class='ocr_page' id='page_1' title='image "/cluster/home/n/w/nwhite01/storage/ocr_20150623/10/hvd.32044073501330/198.png"; bbox 0 0 3844 6188; ppageno 0'>
   <div class='ocr_carea' id='block_1_1' title="bbox 189 218 271 277">
    <p class='ocr_par' dir='ltr' id='par_1_1' title="bbox 189 218 271 277">
     <span class='ocr_line' id='line_1_1' title="bbox 189 218 271 277; baseline 0 0"><span class='ocrx_word' id='word_1_1' title='bbox 189 218 271 277; x_wconf 73' lang='lat'><strong>357</strong></span> 
     </span>
    </p>
   </div>
   <div class='ocr_carea' id='block_1_2' title="bbox 1092 218 2386 298">
    <p class='ocr_par' dir='ltr' id='par_1_2' title="bbox 1092 218 2386 298">
     <span class='ocr_line' id='line_1_2' title="bbox 1092 218 2386 298; baseline 0.009 -26"><span class='ocrx_word' id='word_1_2' title='bbox 1092 218 1180 274; x_wconf 77' lang='lat' dir='ltr'><strong>DE.</strong></span> <span class='ocrx_word' id='word_1_3' title='bbox 1223 219 1393 277; x_wconf 77' lang='lat' dir='ltr'><strong>VITA</strong></span> <span class='ocrx_word' id='word_1_4' title='bbox 1429 221 1517 278; x_wconf 83' lang='lat' dir='ltr'><strong>ET</strong></span> <span class='ocrx_word' id='word_1_5' title='bbox 1557 224 1863 281; x_wconf 78' lang='lat' dir='ltr'><strong>SCRIPTIS</strong></span> <span class='ocrx_word' id='word_1_6' title='bbox 1895 226 1949 281; x_wconf 82' lang='lat' dir='ltr'><strong>S.</strong></span> <span class='ocrx_word' id='word_1_7' title='bbox 1974 226 2386 298; x_wconf 75' lang='lat' dir='ltr'><strong>,HIPPOLYTI.</strong></span> 
     </span>
    </p>
   </div>
   <div class='ocr_carea' id='block_1_3' title="bbox 3227 244 3337 302">
    <p class='ocr_par' dir='ltr' id='par_1_3' title="bbox 3227 244 3337 302">
     <span class='ocr_line' id='line_1_3' title="bbox 3227 244 3337 302; baseline 0 0"><span class='ocrx_word' id='word_1_8' title='bbox 3227 244 3337 302; x_wconf 76' lang='lat'><strong>358</strong></span> 
     </span>
    </p>
   </div>
   <div class='ocr_carea' id='block_1_4' title="bbox 245 335 3336 429">
    <p class='ocr_par' dir='ltr' id='par_1_4' title="bbox 245 335 3336 429">
     <span class='ocr_line' id='line_1_4' title="bbox 245 335 3336 429; baseline 0.008 -37"><span class='ocrx_word' id='word_1_9' title='bbox 245 338 372 410; x_wconf 82' lang='lat' dir='ltr'><strong>Apud</strong></span> <span class='ocrx_word' id='word_1_10' title='bbox 414 335 791 392; x_wconf 83' lang='lat' dir='ltr'><strong>Theodoretum</strong></span> <span class='ocrx_word' id='word_1_11' title='bbox 824 338 986 395; x_wconf 91' lang='lat' dir='ltr'><strong>etiam</strong></span> <span class='ocrx_word' id='word_1_12' title='bbox 1011 340 1122 412; x_wconf 79' lang='lat'><strong>(55)</strong></span> <span class='ocrx_word' id='word_1_13' title='bbox 1158 341 1275 399; x_wconf 85' lang='lat' dir='ltr'><strong>haec</strong></span> <span class='ocrx_word' id='word_1_14' title='bbox 1304 344 1367 401; x_wconf 92' lang='lat' dir='ltr'><strong>D.</strong></span> <span class='ocrx_word' id='word_1_15' title='bbox 1401 344 1669 420; x_wconf 89' lang='lat' dir='ltr'><strong>Hippolyti</strong></span> <span class='ocrx_word' id='word_1_16' title='bbox 1700 354 1747 410; x_wconf 75' lang='grc' dir='ltr'><strong>Α</strong></span> <span class='ocrx_word' id='word_1_17' title='bbox 1776 348 1954 419; x_wconf 88' lang='lat' dir='ltr'><strong>aliqua</strong></span> <span class='ocrx_word' id='word_1_18' title='bbox 1991 348 2177 406; x_wconf 66' lang='lat' dir='ltr'><strong>Romae</strong></span> <span class='ocrx_word' id='word_1_19' title='bbox 2206 352 2475 422; x_wconf 83' lang='lat' dir='ltr'><strong>descripta</strong></span> <span class='ocrx_word' id='word_1_20' title='bbox 2513 351 2731 409; x_wconf 86' lang='lat' dir='ltr'><strong>Isaacus</strong></span> <span class='ocrx_word' id='word_1_21' title='bbox 2785 354 3015 413; x_wconf 78' lang='lat' dir='ltr'><strong>Vossius</strong></span> <span class='ocrx_word' id='word_1_22' title='bbox 3064 363 3336 429; x_wconf 88' lang='lat' dir='ltr'><strong>quondam</strong></span> 
     </span>
    </p>
   </div>
   <div class='ocr_carea' id='block_1_5' title="bbox 188 434 1668 505">
    <p class='ocr_par' dir='ltr' id='par_1_5' title="bbox 188 434 1668 505">
     <span class='ocr_line' id='line_1_5' title="bbox 188 434 1668 505; baseline 0.004 -16"><span class='ocrx_word' id='word_1_23' title='bbox 188 437 323 492; x_wconf 77' lang='lat' dir='ltr'><strong>verba</strong></span> <span class='ocrx_word' id='word_1_24' title='bbox 354 434 578 502; x_wconf 84' lang='lat' dir='ltr'><strong>leguntur</strong></span> <span class='ocrx_word' id='word_1_25' title='bbox 618 447 682 487; x_wconf 62' lang='lat' dir='ltr'><strong>ex</strong></span> <span class='ocrx_word' id='word_1_26' title='bbox 731 449 980 489; x_wconf 82' lang='lat' dir='ltr'><strong>sermone</strong></span> <span class='ocrx_word' id='word_1_27' title='bbox 1025 435 1091 490; x_wconf 88' lang='lat' dir='ltr'><strong>de</strong></span> <span class='ocrx_word' id='word_1_28' title='bbox 1135 435 1369 493; x_wconf 83' lang='lat' dir='ltr'><strong>He‘leana</strong></span> <span class='ocrx_word' id='word_1_29' title='bbox 1399 449 1453 494; x_wconf 91' lang='lat' dir='ltr'><strong>et</strong></span> <span class='ocrx_word' id='word_1_30' title='bbox 1493 441 1668 505; x_wconf 87' lang='lat' dir='ltr'><strong>Anna,</strong></span> 
     </span>
    </p>
   </div>
   <div class='ocr_carea' id='block_1_6' title="bbox 189 524 1668 601">
    <p class='ocr_par' dir='ltr' id='par_1_6' title="bbox 189 524 1668 601">
     <span class='ocr_line' id='line_1_6' title="bbox 189 524 1668 601; baseline 0.005 -21"><span class='ocrx_word' id='word_1_31' title='bbox 189 526 361 585; x_wconf 80' lang='lat' dir='ltr'><strong>cumde</strong></span> <span class='ocrx_word' id='word_1_32' title='bbox 382 540 456 589; x_wconf 87' lang='lat' dir='ltr'><strong>eo,</strong></span> <span class='ocrx_word' id='word_1_33' title='bbox 478 525 618 594; x_wconf 91' lang='lat' dir='ltr'><strong>quod</strong></span> <span class='ocrx_word' id='word_1_34' title='bbox 647 524 815 580; x_wconf 83' lang='lat' dir='ltr'><strong>Maria</strong></span> <span class='ocrx_word' id='word_1_35' title='bbox 848 527 1089 597; x_wconf 72' lang='lat' dir='ltr'><strong>gestabat</strong></span> <span class='ocrx_word' id='word_1_36' title='bbox 1112 528 1165 582; x_wconf 93' lang='lat' dir='ltr'><strong>in</strong></span> <span class='ocrx_word' id='word_1_37' title='bbox 1195 539 1369 594; x_wconf 91' lang='lat' dir='ltr'><strong>utero,</strong></span> <span class='ocrx_word' id='word_1_38' title='bbox 1398 530 1668 601; x_wconf 86' lang='lat' dir='ltr'><strong>loquitur:</strong></span> 
     </span>
    </p>
   </div>
   <div class='ocr_carea' id='block_1_7' title="bbox 191 615 1672 689">
    <p class='ocr_par' dir='ltr' id='par_1_7' title="bbox 191 615 1672 689">
     <span class='ocr_line' id='line_1_7' title="bbox 191 615 1672 689; baseline 0.004 -18"><span class='ocrx_word' id='word_1_39' title='bbox 191 618 427 672; x_wconf 66' lang='lat' dir='ltr'><strong>«Verbum</strong></span> <span class='ocrx_word' id='word_1_40' title='bbox 473 626 588 671; x_wconf 88' lang='lat' dir='ltr'><strong>erat</strong></span> <span class='ocrx_word' id='word_1_41' title='bbox 632 615 729 671; x_wconf 92' lang='lat' dir='ltr'><strong>Dei</strong></span> <span class='ocrx_word' id='word_1_42' title='bbox 774 617 1190 689; x_wconf 80' lang='lat' dir='ltr'><strong>primogenitum</strong></span> <span class='ocrx_word' id='word_1_43' title='bbox 1243 635 1275 675; x_wconf 92' lang='lat' dir='ltr'><strong>e</strong></span> <span class='ocrx_word' id='word_1_44' title='bbox 1331 622 1469 677; x_wconf 83' lang='lat' dir='ltr'><strong>coelo</strong></span> <span class='ocrx_word' id='word_1_45' title='bbox 1501 624 1568 677; x_wconf 88' lang='lat' dir='ltr'><strong>ad</strong></span> <span class='ocrx_word' id='word_1_46' title='bbox 1616 632 1672 678; x_wconf 86' lang='lat' dir='ltr'><strong>te</strong></span> 
     </span>
    </p>
   </div>
   <div class='ocr_carea' id='block_1_8' title="bbox 184 710 1670 783">
    <p class='ocr_par' dir='ltr' id='par_1_8' title="bbox 184 710 1670 783">
     <span class='ocr_line' id='line_1_8' title="bbox 184 710 1670 783; baseline 0.004 -17"><span class='ocrx_word' id='word_1_47' title='bbox 184 713 428 781; x_wconf 80' lang='lat' dir='ltr'><strong>delapsum,</strong></span> <span class='ocrx_word' id='word_1_48' title='bbox 458 719 510 764; x_wconf 89' lang='lat' dir='ltr'><strong>et</strong></span> <span class='ocrx_word' id='word_1_49' title='bbox 560 710 722 765; x_wconf 90' lang='lat' dir='ltr'><strong>homo</strong></span> <span class='ocrx_word' id='word_1_50' title='bbox 750 711 1139 783; x_wconf 85' lang='lat' dir='ltr'><strong>primogenitus</strong></span> <span class='ocrx_word' id='word_1_51' title='bbox 1178 713 1231 768; x_wconf 93' lang='lat' dir='ltr'><strong>in</strong></span> <span class='ocrx_word' id='word_1_52' title='bbox 1266 724 1421 770; x_wconf 88' lang='lat' dir='ltr'><strong>utero</strong></span> <span class='ocrx_word' id='word_1_53' title='bbox 1465 716 1670 772; x_wconf 75' lang='lat' dir='ltr'><strong>forma-</strong></span> 
     </span>
    </p>
   </div>
   <div class='ocr_carea' id='block_1_9' title="bbox 179 801 1669 880">
    <p class='ocr_par' dir='ltr' id='par_1_9' title="bbox 179 801 1669 880">
     <span class='ocr_line' id='line_1_9' title="bbox 179 801 1669 880; baseline 0.004 -22"><span class='ocrx_word' id='word_1_54' title='bbox 179 815 272 868; x_wconf 89' lang='lat' dir='ltr'><strong>tus;</strong></span> <span class='ocrx_word' id='word_1_55' title='bbox 316 811 367 857; x_wconf 89' lang='lat' dir='ltr'><strong>ut</strong></span> <span class='ocrx_word' id='word_1_56' title='bbox 414 801 827 873; x_wconf 80' lang='lat' dir='ltr'><strong>primogenitum</strong></span> <span class='ocrx_word' id='word_1_57' title='bbox 882 802 1112 858; x_wconf 81' lang='lat' dir='ltr'><strong>Verbum</strong></span> <span class='ocrx_word' id='word_1_58' title='bbox 1168 804 1263 859; x_wconf 89' lang='lat' dir='ltr'><strong>Dei</strong></span> <span class='ocrx_word' id='word_1_59' title='bbox 1311 807 1669 880; x_wconf 89' lang='lat' dir='ltr'><strong>primogenito</strong></span> 
     </span>
    </p>
   </div>
   <div class='ocr_carea' id='block_1_10' title="bbox 178 891 1671 961">
    <p class='ocr_par' dir='ltr' id='par_1_10' title="bbox 178 891 1671 961">
     <span class='ocr_line' id='line_1_10' title="bbox 178 891 1671 961; baseline 0.005 -14"><span class='ocrx_word' id='word_1_60' title='bbox 178 893 471 961; x_wconf 76' lang='lat' dir='ltr'><strong>coniunctum</strong></span> <span class='ocrx_word' id='word_1_61' title='bbox 503 891 711 946; x_wconf 89' lang='lat' dir='ltr'><strong>homini</strong></span> <span class='ocrx_word' id='word_1_62' title='bbox 749 904 1099 948; x_wconf 77' lang='lat' dir='ltr'><strong>monStretur.</strong></span> <span class='ocrx_word' id='word_1_63' title='bbox 1132 913 1150 945; x_wconf 72' lang='grc' dir='ltr'><strong><em>ι</em></strong></span> <span class='ocrx_word' id='word_1_64' title='bbox 1177 893 1384 951; x_wconf 91' lang='lat' dir='ltr'><strong>Horum</strong></span> <span class='ocrx_word' id='word_1_65' title='bbox 1426 899 1509 953; x_wconf 93' lang='lat' dir='ltr'><strong>vis</strong></span> <span class='ocrx_word' id='word_1_66' title='bbox 1551 916 1671 955; x_wconf 89' lang='lat' dir='ltr'><strong>ver-</strong></span> 
     </span>
    </p>
   </div>
   <div class='ocr_carea' id='block_1_11' title="bbox 174 984 1668 1059">
    <p class='ocr_par' dir='ltr' id='par_1_11' title="bbox 174 984 1668 1059">
     <span class='ocr_line' id='line_1_11' title="bbox 174 984 1668 1059; baseline 0.007 -23"><span class='ocrx_word' id='word_1_67' title='bbox 174 984 328 1037; x_wconf 86' lang='lat' dir='ltr'><strong>borum</strong></span> <span class='ocrx_word' id='word_1_68' title='bbox 362 992 554 1053; x_wconf 89' lang='lat' dir='ltr'><strong>quanta</strong></span> <span class='ocrx_word' id='word_1_69' title='bbox 596 984 687 1049; x_wconf 89' lang='lat' dir='ltr'><strong>sit,</strong></span> <span class='ocrx_word' id='word_1_70' title='bbox 720 984 913 1039; x_wconf 90' lang='lat' dir='ltr'><strong>melius</strong></span> <span class='ocrx_word' id='word_1_71' title='bbox 958 986 1321 1054; x_wconf 79' lang='lat' dir='ltr'><strong>existimabit,</strong></span> <span class='ocrx_word' id='word_1_72' title='bbox 1360 990 1450 1059; x_wconf 89' lang='lat' dir='ltr'><strong>qui</strong></span> <span class='ocrx_word' id='word_1_73' title='bbox 1489 993 1668 1046; x_wconf 89' lang='lat' dir='ltr'><strong>nomi-</strong></span> 
     </span>
    </p>
   </div>
   <div class='ocr_carea' id='block_1_12' title="bbox 171 1073 1668 1152">
    <p class='ocr_par' dir='ltr' id='par_1_12' title="bbox 171 1073 1668 1152">
     <span class='ocr_line' id='line_1_12' title="bbox 171 1073 1668 1152; baseline 0.008 -24"><span class='ocrx_word' id='word_1_74' title='bbox 171 1091 271 1129; x_wconf 86' lang='lat' dir='ltr'><strong>num</strong></span> <span class='ocrx_word' id='word_1_75' title='bbox 297 1074 530 1140; x_wconf 87' lang='lat' dir='ltr'><strong>istorum,</strong></span> <span class='ocrx_word' id='word_1_76' title='bbox 562 1092 581 1126; x_wconf 85' lang='grc'><strong><em>‹</em></strong></span> <span class='ocrx_word' id='word_1_77' title='bbox 612 1073 797 1139; x_wconf 89' lang='lat' dir='ltr'><strong>Verbi,</strong></span> <span class='ocrx_word' id='word_1_78' title='bbox 824 1094 842 1127; x_wconf 77' lang='grc' dir='ltr'><strong><em>ι</em></strong></span> <span class='ocrx_word' id='word_1_79' title='bbox 875 1086 927 1130; x_wconf 88' lang='lat' dir='ltr'><strong>et</strong></span> <span class='ocrx_word' id='word_1_80' title='bbox 968 1095 986 1128; x_wconf 84' lang='grc'><em>‹</em></span> <span class='ocrx_word' id='word_1_81' title='bbox 1017 1081 1359 1149; x_wconf 89' lang='lat' dir='ltr'><strong>primogeniti</strong></span> <span class='ocrx_word' id='word_1_82' title='bbox 1386 1101 1404 1133; x_wconf 85' lang='grc'><strong>›</strong></span> <span class='ocrx_word' id='word_1_83' title='bbox 1432 1092 1668 1152; x_wconf 85' lang='lat' dir='ltr'><strong>potesta-</strong></span> 
     </span>
    </p>
   </div>
   <div class='ocr_carea' id='block_1_13' title="bbox 171 1164 1669 1239">
    <p class='ocr_par' dir='ltr' id='par_1_13' title="bbox 171 1164 1669 1239">
     <span class='ocr_line' id='line_1_13' title="bbox 171 1164 1669 1239; baseline 0.009 -21"><span class='ocrx_word' id='word_1_84' title='bbox 171 1174 251 1219; x_wconf 74' lang='lat' dir='ltr'><strong>tem</strong></span> <span class='ocrx_word' id='word_1_85' title='bbox 292 1165 607 1235; x_wconf 80' lang='lat' dir='ltr'><strong>expenderit.</strong></span> <span class='ocrx_word' id='word_1_86' title='bbox 638 1164 853 1221; x_wconf 85' lang='lat' dir='ltr'><strong>Etenim</strong></span> <span class='ocrx_word' id='word_1_87' title='bbox 882 1169 1051 1237; x_wconf 71' lang='grc' dir='ltr'><strong>Λόγον</strong></span> <span class='ocrx_word' id='word_1_88' title='bbox 1093 1170 1359 1239; x_wconf 85' lang='lat' dir='ltr'><strong>ejusmodi</strong></span> <span class='ocrx_word' id='word_1_89' title='bbox 1405 1174 1669 1233; x_wconf 77' lang='lat' dir='ltr'><strong>intellexit</strong></span> 
     </span>
    </p>
   </div>
   <div class='ocr_carea' id='block_1_14' title="bbox 168 1255 1665 1335">
    <p class='ocr_par' dir='ltr' id='par_1_14' title="bbox 168 1255 1665 1335">
     <span class='ocr_line' id='line_1_14' title="bbox 168 1255 1665 1335; baseline 0.009 -27"><span class='ocrx_word' id='word_1_90' title='bbox 168 1255 465 1326; x_wconf 76' lang='lat' dir='ltr'><strong>Hippolytus,</strong></span> <span class='ocrx_word' id='word_1_91' title='bbox 516 1256 586 1310; x_wconf 92' lang='lat' dir='ltr'><strong>de</strong></span> <span class='ocrx_word' id='word_1_92' title='bbox 620 1272 728 1327; x_wconf 88' lang='lat' dir='ltr'><strong>quo</strong></span> <span class='ocrx_word' id='word_1_93' title='bbox 773 1256 1007 1314; x_wconf 83' lang='lat' dir='ltr'><strong>Joannes</strong></span> <span class='ocrx_word' id='word_1_94' title='bbox 1056 1260 1209 1315; x_wconf 90' lang='lat' dir='ltr'><strong>initio</strong></span> <span class='ocrx_word' id='word_1_95' title='bbox 1262 1262 1533 1335; x_wconf 80' lang='lat' dir='ltr'><strong>Evangelii</strong></span> <span class='ocrx_word' id='word_1_96' title='bbox 1584 1267 1665 1321; x_wconf 90' lang='lat' dir='ltr'><strong>lo-</strong></span> 
     </span>
    </p>
   </div>
   <div class='ocr_carea' id='block_1_15' title="bbox 165 1346 1663 1423">
    <p class='ocr_par' dir='ltr' id='par_1_15' title="bbox 165 1346 1663 1423">
     <span class='ocr_line' id='line_1_15' title="bbox 165 1346 1663 1423; baseline 0.007 -23"><span class='ocrx_word' id='word_1_97' title='bbox 165 1348 325 1417; x_wconf 83' lang='lat' dir='ltr'><strong>quitur.</strong></span> <span class='ocrx_word' id='word_1_98' title='bbox 372 1348 437 1402; x_wconf 82' lang='lat' dir='ltr'><strong>At</strong></span> <span class='ocrx_word' id='word_1_99' title='bbox 485 1346 659 1416; x_wconf 77' lang='grc' dir='ltr'><strong>Λόγος</strong></span> <span class='ocrx_word' id='word_1_100' title='bbox 708 1348 809 1404; x_wconf 90' lang='lat' dir='ltr'><strong>iste</strong></span> <span class='ocrx_word' id='word_1_101' title='bbox 842 1367 859 1400; x_wconf 86' lang='grc'><em>‹</em></span> <span class='ocrx_word' id='word_1_102' title='bbox 892 1348 1068 1415; x_wconf 90' lang='lat' dir='ltr'><strong>Deus,</strong></span> <span class='ocrx_word' id='word_1_103' title='bbox 1111 1360 1164 1405; x_wconf 92' lang='lat' dir='ltr'><strong>et</strong></span> <span class='ocrx_word' id='word_1_104' title='bbox 1211 1354 1355 1423; x_wconf 89' lang='lat' dir='ltr'><strong>apud</strong></span> <span class='ocrx_word' id='word_1_105' title='bbox 1404 1355 1571 1410; x_wconf 91' lang='lat' dir='ltr'><strong>Deum</strong></span> <span class='ocrx_word' id='word_1_106' title='bbox 1608 1357 1663 1411; x_wconf 90' lang='lat' dir='ltr'><strong>in</strong></span> 
     </span>
    </p>
   </div>
   <div class='ocr_carea' id='block_1_16' title="bbox 163 1442 1664 1512">
    <p class='ocr_par' dir='ltr' id='par_1_16' title="bbox 163 1442 1664 1512">
     <span class='ocr_line' id='line_1_16' title="bbox 163 1442 1664 1512; baseline 0.005 -18"><span class='ocrx_word' id='word_1_107' title='bbox 163 1442 377 1509; x_wconf 89' lang='lat' dir='ltr'><strong>principio</strong></span> <span class='ocrx_word' id='word_1_108' title='bbox 419 1458 439 1491; x_wconf 73' lang='grc' dir='ltr'><strong><em>ι</em></strong></span> <span class='ocrx_word' id='word_1_109' title='bbox 498 1442 744 1507; x_wconf 79' lang='lat' dir='ltr'><strong>exstitit;</strong></span> <span class='ocrx_word' id='word_1_110' title='bbox 803 1449 856 1495; x_wconf 88' lang='lat' dir='ltr'><strong>et</strong></span> <span class='ocrx_word' id='word_1_111' title='bbox 918 1461 937 1493; x_wconf 69' lang='grc' dir='ltr'><strong><em>ι</em></strong></span> <span class='ocrx_word' id='word_1_112' title='bbox 979 1457 1072 1512; x_wconf 90' lang='lat' dir='ltr'><strong>per</strong></span> <span class='ocrx_word' id='word_1_113' title='bbox 1119 1457 1243 1498; x_wconf 92' lang='lat' dir='ltr'><strong>eum</strong></span> <span class='ocrx_word' id='word_1_114' title='bbox 1298 1446 1480 1501; x_wconf 87' lang='lat' dir='ltr'><strong>omnia</strong></span> <span class='ocrx_word' id='word_1_115' title='bbox 1536 1458 1664 1503; x_wconf 91' lang='lat' dir='ltr'><strong>sunt</strong></span> 
     </span>
    </p>
   </div>
   <div class='ocr_carea' id='block_1_17' title="bbox 163 1528 1660 1607">
    <p class='ocr_par' dir='ltr' id='par_1_17' title="bbox 163 1528 1660 1607">
     <span class='ocr_line' id='line_1_17' title="bbox 163 1528 1660 1607; baseline 0.006 -23"><span class='ocrx_word' id='word_1_116' title='bbox 163 1531 319 1586; x_wconf 78' lang='lat' dir='ltr'><strong>lacta’.</strong></span> <span class='ocrx_word' id='word_1_117' title='bbox 349 1547 367 1581; x_wconf 77' lang='grc' dir='ltr'><strong><em>ι</em></strong></span> <span class='ocrx_word' id='word_1_118' title='bbox 403 1528 518 1586; x_wconf 77' lang='lat' dir='ltr'><strong>Non</strong></span> <span class='ocrx_word' id='word_1_119' title='bbox 558 1531 728 1602; x_wconf 85' lang='lat' dir='ltr'><strong>igitur</strong></span> <span class='ocrx_word' id='word_1_120' title='bbox 763 1543 977 1589; x_wconf 89' lang='lat' dir='ltr'><strong>creatus</strong></span> <span class='ocrx_word' id='word_1_121' title='bbox 1014 1546 1116 1600; x_wconf 87' lang='lat' dir='ltr'><strong>est,</strong></span> <span class='ocrx_word' id='word_1_122' title='bbox 1153 1552 1327 1606; x_wconf 88' lang='lat' dir='ltr'><strong>neque</strong></span> <span class='ocrx_word' id='word_1_123' title='bbox 1355 1554 1451 1607; x_wconf 82' lang='lat' dir='ltr'><strong>per</strong></span> <span class='ocrx_word' id='word_1_124' title='bbox 1495 1539 1660 1594; x_wconf 92' lang='lat' dir='ltr'><strong>alium</strong></span> 
     </span>
    </p>
   </div>
   <div class='ocr_carea' id='block_1_18' title="bbox 1773 440 3337 513">
    <p class='ocr_par' dir='ltr' id='par_1_18' title="bbox 1773 440 3337 513">
     <span class='ocr_line' id='line_1_18' title="bbox 1773 440 3337 513; baseline 0.009 -18"><span class='ocrx_word' id='word_1_125' title='bbox 1773 440 2089 497; x_wconf 89' lang='lat' dir='ltr'><strong>doctissimo</strong></span> <span class='ocrx_word' id='word_1_126' title='bbox 2144 442 2207 497; x_wconf 92' lang='lat' dir='ltr'><strong>D.</strong></span> <span class='ocrx_word' id='word_1_127' title='bbox 2260 442 2452 497; x_wconf 86' lang='lat' dir='ltr'><strong>Joanni</strong></span> <span class='ocrx_word' id='word_1_128' title='bbox 2488 442 2675 513; x_wconf 83' lang='lat' dir='ltr'><strong>Millio,</strong></span> <span class='ocrx_word' id='word_1_129' title='bbox 2722 447 2811 502; x_wconf 90' lang='lat' dir='ltr'><strong>hic</strong></span> <span class='ocrx_word' id='word_1_130' title='bbox 2850 464 2981 504; x_wconf 85' lang='lat' dir='ltr'><strong>vero</strong></span> <span class='ocrx_word' id='word_1_131' title='bbox 3020 450 3092 506; x_wconf 91' lang='lat' dir='ltr'><strong>cl.</strong></span> <span class='ocrx_word' id='word_1_132' title='bbox 3134 450 3337 509; x_wconf 87' lang='lat' dir='ltr'><strong>Grahio</strong></span> 
     </span>
    </p>
   </div>
   <div class='ocr_carea' id='block_1_19' title="bbox 1772 536 3337 613">
    <p class='ocr_par' dir='ltr' id='par_1_19' title="bbox 1772 536 3337 613">
     <span class='ocr_line' id='line_1_19' title="bbox 1772 536 3337 613; baseline 0.008 -25"><span class='ocrx_word' id='word_1_133' title='bbox 1772 536 2212 591; x_wconf 79' lang='lat' dir='ltr'><strong>communicavit.</strong></span> <span class='ocrx_word' id='word_1_134' title='bbox 2241 536 2403 606; x_wconf 82' lang='lat' dir='ltr'><strong>Atqui</strong></span> <span class='ocrx_word' id='word_1_135' title='bbox 2430 536 2571 592; x_wconf 92' lang='lat' dir='ltr'><strong>inter</strong></span> <span class='ocrx_word' id='word_1_136' title='bbox 2603 538 2718 595; x_wconf 76' lang='lat' dir='ltr'><strong>haec</strong></span> <span class='ocrx_word' id='word_1_137' title='bbox 2745 540 2799 594; x_wconf 90' lang='lat' dir='ltr'><strong>in</strong></span> <span class='ocrx_word' id='word_1_138' title='bbox 2821 557 2948 595; x_wconf 77' lang='lat' dir='ltr'><strong>xm</strong></span> <span class='ocrx_word' id='word_1_139' title='bbox 2979 552 3160 613; x_wconf 91' lang='lat' dir='ltr'><strong>caput.</strong></span> <span class='ocrx_word' id='word_1_140' title='bbox 3188 560 3337 601; x_wconf 84' lang='lat' dir='ltr'><strong>vers.</strong></span> 
     </span>
    </p>
   </div>
   <div class='ocr_carea' id='block_1_20' title="bbox 1770 627 3340 702">
    <p class='ocr_par' dir='ltr' id='par_1_20' title="bbox 1770 627 3340 702">
     <span class='ocr_line' id='line_1_20' title="bbox 1770 627 3340 702; baseline 0.008 -22"><span class='ocrx_word' id='word_1_141' title='bbox 1770 627 1863 691; x_wconf 72' lang='lat'><strong>22,</strong></span> <span class='ocrx_word' id='word_1_142' title='bbox 1926 628 2039 693; x_wconf 79' lang='grc' dir='ltr'><strong>υἱὸς</strong></span> <span class='ocrx_word' id='word_1_143' title='bbox 2084 627 2386 700; x_wconf 77' lang='grc' dir='ltr'><strong>ηὐξημένος</strong></span> <span class='ocrx_word' id='word_1_144' title='bbox 2459 629 2676 702; x_wconf 79' lang='grc' dir='ltr'><strong>Ἰωσήφ,</strong></span> <span class='ocrx_word' id='word_1_145' title='bbox 2725 634 3007 702; x_wconf 79' lang='lat' dir='ltr'><strong>sequentia</strong></span> <span class='ocrx_word' id='word_1_146' title='bbox 3071 635 3340 692; x_wconf 86' lang='lat' dir='ltr'><strong>habentur</strong></span> 
     </span>
    </p>
   </div>
   <div class='ocr_carea' id='block_1_21' title="bbox 1771 720 3336 793">
    <p class='ocr_par' dir='ltr' id='par_1_21' title="bbox 1771 720 3336 793">
     <span class='ocr_line' id='line_1_21' title="bbox 1771 720 3336 793; baseline 0.007 -20"><span class='ocrx_word' id='word_1_147' title='bbox 1771 720 1932 775; x_wconf 86' lang='lat' dir='ltr'><strong>verba</strong></span> <span class='ocrx_word' id='word_1_148' title='bbox 1976 738 1991 774; x_wconf 89' lang='lat'><strong>:</strong></span> <span class='ocrx_word' id='word_1_149' title='bbox 2038 739 2059 773; x_wconf 71' lang='grc' dir='ltr'><strong><em>ι</em></strong></span> <span class='ocrx_word' id='word_1_150' title='bbox 2102 721 2551 792; x_wconf 87' lang='lat' dir='ltr'><strong>Quandoquidem</strong></span> <span class='ocrx_word' id='word_1_151' title='bbox 2599 722 2934 793; x_wconf 85' lang='lat' dir='ltr'><strong>unigenitum</strong></span> <span class='ocrx_word' id='word_1_152' title='bbox 2961 726 3054 781; x_wconf 89' lang='lat' dir='ltr'><strong>Dei</strong></span> <span class='ocrx_word' id='word_1_153' title='bbox 3094 726 3336 784; x_wconf 82' lang='lat' dir='ltr'><strong>Verbum</strong></span> 
     </span>
    </p>
   </div>
   <div class='ocr_carea' id='block_1_22' title="bbox 1770 812 3339 885">
    <p class='ocr_par' dir='ltr' id='par_1_22' title="bbox 1770 812 3339 885">
     <span class='ocr_line' id='line_1_22' title="bbox 1770 812 3339 885; baseline 0.006 -21"><span class='ocrx_word' id='word_1_154' title='bbox 1770 812 1913 867; x_wconf 90' lang='lat' dir='ltr'><strong>Deus</strong></span> <span class='ocrx_word' id='word_1_155' title='bbox 1944 828 2011 866; x_wconf 77' lang='lat' dir='ltr'><strong>ex</strong></span> <span class='ocrx_word' id='word_1_156' title='bbox 2056 812 2166 867; x_wconf 87' lang='lat' dir='ltr'><strong>Deo</strong></span> <span class='ocrx_word' id='word_1_157' title='bbox 2190 814 2458 869; x_wconf 80' lang='lat' dir='ltr'><strong>exsistens</strong></span> <span class='ocrx_word' id='word_1_158' title='bbox 2502 815 2750 884; x_wconf 88' lang='lat' dir='ltr'><strong>(observa</strong></span> <span class='ocrx_word' id='word_1_159' title='bbox 2793 816 2963 885; x_wconf 91' lang='lat' dir='ltr'><strong>ipsius</strong></span> <span class='ocrx_word' id='word_1_160' title='bbox 2997 820 3211 873; x_wconf 91' lang='lat' dir='ltr'><strong>concilii</strong></span> <span class='ocrx_word' id='word_1_161' title='bbox 3241 820 3339 874; x_wconf 87' lang='lat' dir='ltr'><strong>Ni-</strong></span> 
     </span>
    </p>
   </div>
   <div class='ocr_carea' id='block_1_23' title="bbox 1769 904 3337 979">
    <p class='ocr_par' dir='ltr' id='par_1_23' title="bbox 1769 904 3337 979">
     <span class='ocr_line' id='line_1_23' title="bbox 1769 904 3337 979; baseline 0.004 -20"><span class='ocrx_word' id='word_1_162' title='bbox 1769 904 1901 959; x_wconf 65' lang='grc' dir='ltr'><strong>(ιωηί</strong></span> <span class='ocrx_word' id='word_1_163' title='bbox 1946 904 2188 974; x_wconf 87' lang='lat' dir='ltr'><strong>phrasin,</strong></span> <span class='ocrx_word' id='word_1_164' title='bbox 2235 906 2314 959; x_wconf 92' lang='lat' dir='ltr'><strong>uti</strong></span> <span class='ocrx_word' id='word_1_165' title='bbox 2345 921 2509 976; x_wconf 88' lang='lat' dir='ltr'><strong>supra</strong></span> <span class='ocrx_word' id='word_1_166' title='bbox 2544 907 2719 961; x_wconf 83' lang='lat' dir='ltr'><strong>lumen</strong></span> <span class='ocrx_word' id='word_1_167' title='bbox 2746 908 2810 962; x_wconf 85' lang='lat' dir='ltr'><strong>de</strong></span> <span class='ocrx_word' id='word_1_168' title='bbox 2847 909 3062 979; x_wconf 83' lang='lat' dir='ltr'><strong>lumine)</strong></span> <span class='ocrx_word' id='word_1_169' title='bbox 3090 911 3337 966; x_wconf 78' lang='lat' dir='ltr'><strong>exinani-</strong></span> 
     </span>
    </p>
   </div>
   <div class='ocr_carea' id='block_1_24' title="bbox 1768 996 3334 1068">
    <p class='ocr_par' dir='ltr' id='par_1_24' title="bbox 1768 996 3334 1068">
     <span class='ocr_line' id='line_1_24' title="bbox 1768 996 3334 1068; baseline 0.004 -17"><span class='ocrx_word' id='word_1_170' title='bbox 1768 998 1845 1051; x_wconf 91' lang='lat' dir='ltr'><strong>vit</strong></span> <span class='ocrx_word' id='word_1_171' title='bbox 1872 998 2217 1063; x_wconf 88' lang='lat' dir='ltr'><strong>semetipsum</strong></span> <span class='ocrx_word' id='word_1_172' title='bbox 2243 998 2402 1068; x_wconf 70' lang='lat' dir='ltr'><strong>juxta</strong></span> <span class='ocrx_word' id='word_1_173' title='bbox 2438 996 2773 1067; x_wconf 90' lang='lat' dir='ltr'><strong>Scripturas,</strong></span> <span class='ocrx_word' id='word_1_174' title='bbox 2810 999 3101 1056; x_wconf 89' lang='lat' dir='ltr'><strong>demittens</strong></span> <span class='ocrx_word' id='word_1_175' title='bbox 3133 1012 3334 1058; x_wconf 77' lang='lat' dir='ltr'><strong>semet-</strong></span> 
     </span>
    </p>
   </div>
   <div class='ocr_carea' id='block_1_25' title="bbox 1770 1088 3333 1160">
    <p class='ocr_par' dir='ltr' id='par_1_25' title="bbox 1770 1088 3333 1160">
     <span class='ocr_line' id='line_1_25' title="bbox 1770 1088 3333 1160; baseline 0.006 -18"><span class='ocrx_word' id='word_1_176' title='bbox 1770 1088 1945 1158; x_wconf 88' lang='lat' dir='ltr'><strong>ipsum</strong></span> <span class='ocrx_word' id='word_1_177' title='bbox 1984 1091 2127 1144; x_wconf 86' lang='lat' dir='ltr'><strong>ultro</strong></span> <span class='ocrx_word' id='word_1_178' title='bbox 2159 1090 2213 1144; x_wconf 90' lang='lat' dir='ltr'><strong>in</strong></span> <span class='ocrx_word' id='word_1_179' title='bbox 2262 1092 2314 1145; x_wconf 90' lang='lat' dir='ltr'><strong>id</strong></span> <span class='ocrx_word' id='word_1_180' title='bbox 2344 1092 2489 1160; x_wconf 85' lang='lat' dir='ltr'><strong>quod</strong></span> <span class='ocrx_word' id='word_1_181' title='bbox 2529 1106 2636 1145; x_wconf 94' lang='lat' dir='ltr'><strong>non</strong></span> <span class='ocrx_word' id='word_1_182' title='bbox 2669 1100 2808 1154; x_wconf 87' lang='lat' dir='ltr'><strong>erat,</strong></span> <span class='ocrx_word' id='word_1_183' title='bbox 2850 1102 2904 1147; x_wconf 93' lang='lat' dir='ltr'><strong>et</strong></span> <span class='ocrx_word' id='word_1_184' title='bbox 2932 1094 3091 1148; x_wconf 85' lang='lat' dir='ltr'><strong>vilem</strong></span> <span class='ocrx_word' id='word_1_185' title='bbox 3124 1095 3333 1151; x_wconf 85' lang='lat' dir='ltr'><strong>hancce</strong></span> 
     </span>
    </p>
   </div>
   <div class='ocr_carea' id='block_1_26' title="bbox 1768 1181 3330 1256">
    <p class='ocr_par' dir='ltr' id='par_1_26' title="bbox 1768 1181 3330 1256">
     <span class='ocr_line' id='line_1_26' title="bbox 1768 1181 3330 1256; baseline 0.007 -23"><span class='ocrx_word' id='word_1_186' title='bbox 1768 1194 1985 1235; x_wconf 88' lang='lat' dir='ltr'><strong>carnem</strong></span> <span class='ocrx_word' id='word_1_187' title='bbox 2020 1181 2213 1247; x_wconf 90' lang='lat' dir='ltr'><strong>indttit,</strong></span> <span class='ocrx_word' id='word_1_188' title='bbox 2246 1191 2405 1251; x_wconf 88' lang='lat' dir='ltr'><strong>atque</strong></span> <span class='ocrx_word' id='word_1_189' title='bbox 2434 1184 2485 1237; x_wconf 92' lang='lat' dir='ltr'><strong>in</strong></span> <span class='ocrx_word' id='word_1_190' title='bbox 2514 1186 2657 1239; x_wconf 80' lang='lat' dir='ltr'><strong>servi</strong></span> <span class='ocrx_word' id='word_1_191' title='bbox 2693 1184 2863 1240; x_wconf 78' lang='lat' dir='ltr'><strong>forma</strong></span> <span class='ocrx_word' id='word_1_192' title='bbox 2898 1189 3165 1256; x_wconf 89' lang='lat' dir='ltr'><strong>apparuit,</strong></span> <span class='ocrx_word' id='word_1_193' title='bbox 3194 1190 3330 1243; x_wconf 88' lang='lat' dir='ltr'><strong>ohe-</strong></span> 
     </span>
    </p>
   </div>
   <div class='ocr_carea' id='block_1_27' title="bbox 1770 1271 3329 1345">
    <p class='ocr_par' dir='ltr' id='par_1_27' title="bbox 1770 1271 3329 1345">
     <span class='ocr_line' id='line_1_27' title="bbox 1770 1271 3329 1345; baseline 0.006 -20"><span class='ocrx_word' id='word_1_194' title='bbox 1770 1271 1926 1335; x_wconf 82' lang='lat' dir='ltr'><strong>diens</strong></span> <span class='ocrx_word' id='word_1_195' title='bbox 1974 1272 2083 1327; x_wconf 91' lang='lat' dir='ltr'><strong>Deo</strong></span> <span class='ocrx_word' id='word_1_196' title='bbox 2112 1282 2165 1327; x_wconf 90' lang='lat' dir='ltr'><strong>et</strong></span> <span class='ocrx_word' id='word_1_197' title='bbox 2205 1273 2349 1329; x_wconf 87' lang='lat' dir='ltr'><strong>Patri</strong></span> <span class='ocrx_word' id='word_1_198' title='bbox 2390 1274 2566 1331; x_wconf 82' lang='lat' dir='ltr'><strong>factus</strong></span> <span class='ocrx_word' id='word_1_199' title='bbox 2596 1293 2769 1345; x_wconf 89' lang='lat' dir='ltr'><strong>usque</strong></span> <span class='ocrx_word' id='word_1_200' title='bbox 2806 1278 2872 1331; x_wconf 91' lang='lat' dir='ltr'><strong>ad</strong></span> <span class='ocrx_word' id='word_1_201' title='bbox 2904 1282 3205 1345; x_wconf 77' lang='lat' dir='ltr'><strong>mortem&quot;,</strong></span> <span class='ocrx_word' id='word_1_202' title='bbox 3262 1297 3329 1337; x_wconf 84' lang='lat' dir='ltr'><strong>ea</strong></span> 
     </span>
    </p>
   </div>
   <div class='ocr_carea' id='block_1_28' title="bbox 1768 1362 3333 1438">
    <p class='ocr_par' dir='ltr' id='par_1_28' title="bbox 1768 1362 3333 1438">
     <span class='ocr_line' id='line_1_28' title="bbox 1768 1362 3333 1438; baseline 0.004 -24"><span class='ocrx_word' id='word_1_203' title='bbox 1768 1371 1987 1431; x_wconf 86' lang='lat' dir='ltr'><strong>propter</strong></span> <span class='ocrx_word' id='word_1_204' title='bbox 2030 1362 2096 1417; x_wconf 90' lang='lat' dir='ltr'><strong>de</strong></span> <span class='ocrx_word' id='word_1_205' title='bbox 2129 1372 2323 1418; x_wconf 78' lang='lat' dir='ltr'><strong>czetero</strong></span> <span class='ocrx_word' id='word_1_206' title='bbox 2371 1373 2427 1419; x_wconf 88' lang='lat' dir='ltr'><strong>et</strong></span> <span class='ocrx_word' id='word_1_207' title='bbox 2468 1369 2897 1435; x_wconf 83' lang='lat' dir='ltr'><strong>superexaltatus</strong></span> <span class='ocrx_word' id='word_1_208' title='bbox 2943 1383 3063 1422; x_wconf 90' lang='lat' dir='ltr'><strong>esse</strong></span> <span class='ocrx_word' id='word_1_209' title='bbox 3095 1368 3333 1438; x_wconf 82' lang='lat' dir='ltr'><strong>legitur;</strong></span> 
     </span>
    </p>
   </div>
   <div class='ocr_carea' id='block_1_29' title="bbox 1768 1454 3334 1527">
    <p class='ocr_par' dir='ltr' id='par_1_29' title="bbox 1768 1454 3334 1527">
     <span class='ocr_line' id='line_1_29' title="bbox 1768 1454 3334 1527; baseline 0.003 -19"><span class='ocrx_word' id='word_1_210' title='bbox 1768 1463 1821 1509; x_wconf 91' lang='lat' dir='ltr'><strong>et</strong></span> <span class='ocrx_word' id='word_1_211' title='bbox 1843 1462 2096 1523; x_wconf 86' lang='lat' dir='ltr'><strong>tanquam</strong></span> <span class='ocrx_word' id='word_1_212' title='bbox 2122 1454 2174 1508; x_wconf 92' lang='lat' dir='ltr'><strong>id</strong></span> <span class='ocrx_word' id='word_1_213' title='bbox 2204 1456 2418 1525; x_wconf 81' lang='lat' dir='ltr'><strong>prOprie</strong></span> <span class='ocrx_word' id='word_1_214' title='bbox 2440 1471 2547 1509; x_wconf 90' lang='lat' dir='ltr'><strong>non</strong></span> <span class='ocrx_word' id='word_1_215' title='bbox 2581 1458 2785 1512; x_wconf 80' lang='lat' dir='ltr'><strong>habens</strong></span> <span class='ocrx_word' id='word_1_216' title='bbox 2806 1466 3018 1527; x_wconf 91' lang='lat' dir='ltr'><strong>propter</strong></span> <span class='ocrx_word' id='word_1_217' title='bbox 3035 1458 3334 1513; x_wconf 87' lang='lat' dir='ltr'><strong>humanam</strong></span> 
     </span>
    </p>
   </div>
   <div class='ocr_carea' id='block_1_30' title="bbox 1763 1546 3331 1617">
    <p class='ocr_par' dir='ltr' id='par_1_30' title="bbox 1763 1546 3331 1617">
     <span class='ocr_line' id='line_1_30' title="bbox 1763 1546 3331 1617; baseline 0.003 -18"><span class='ocrx_word' id='word_1_218' title='bbox 1763 1554 2035 1611; x_wconf 87' lang='lat' dir='ltr'><strong>naturam,</strong></span> <span class='ocrx_word' id='word_1_219' title='bbox 2075 1560 2139 1599; x_wconf 91' lang='lat' dir='ltr'><strong>ac</strong></span> <span class='ocrx_word' id='word_1_220' title='bbox 2167 1546 2385 1615; x_wconf 88' lang='lat' dir='ltr'><strong>gratuiti</strong></span> <span class='ocrx_word' id='word_1_221' title='bbox 2418 1546 2589 1600; x_wconf 86' lang='lat' dir='ltr'><strong>instar</strong></span> <span class='ocrx_word' id='word_1_222' title='bbox 2620 1547 2745 1600; x_wconf 89' lang='lat' dir='ltr'><strong>doni</strong></span> <span class='ocrx_word' id='word_1_223' title='bbox 2774 1550 2981 1617; x_wconf 88' lang='lat' dir='ltr'><strong>accepit</strong></span> <span class='ocrx_word' id='word_1_224' title='bbox 3008 1563 3205 1603; x_wconf 90' lang='lat' dir='ltr'><strong>nomen</strong></span> <span class='ocrx_word' id='word_1_225' title='bbox 3231 1566 3331 1605; x_wconf 89' lang='lat' dir='ltr'><strong>su-</strong></span> 
     </span>
    </p>
   </div>
   <div class='ocr_carea' id='block_1_31' title="bbox 160 1623 3330 1704">
    <p class='ocr_par' dir='ltr' id='par_1_31' title="bbox 160 1623 3330 1704">
     <span class='ocr_line' id='line_1_31' title="bbox 160 1623 3330 1704; baseline 0.005 -29"><span class='ocrx_word' id='word_1_226' title='bbox 160 1623 509 1691; x_wconf 63' lang='lat' dir='ltr'><strong>Myovlactus,</strong></span> <span class='ocrx_word' id='word_1_227' title='bbox 553 1635 621 1679; x_wconf 88' lang='lat' dir='ltr'><strong>ut</strong></span> <span class='ocrx_word' id='word_1_228' title='bbox 664 1629 851 1682; x_wconf 85' lang='lat' dir='ltr'><strong>Ariani</strong></span> <span class='ocrx_word' id='word_1_229' title='bbox 904 1641 1085 1699; x_wconf 90' lang='lat' dir='ltr'><strong>postea</strong></span> <span class='ocrx_word' id='word_1_230' title='bbox 1129 1628 1352 1685; x_wconf 83' lang='lat' dir='ltr'><strong>fabulati</strong></span> <span class='ocrx_word' id='word_1_231' title='bbox 1402 1641 1548 1698; x_wconf 90' lang='lat' dir='ltr'><strong>sunt,</strong></span> <span class='ocrx_word' id='word_1_232' title='bbox 1594 1648 1660 1687; x_wconf 90' lang='lat' dir='ltr'><strong>eo</strong></span> <span class='ocrx_word' id='word_1_233' title='bbox 1692 1696 1728 1704; x_wconf 76' lang='lat'><strong><em>_</em></strong></span> <span class='ocrx_word' id='word_1_234' title='bbox 1763 1651 1856 1704; x_wconf 89' lang='lat' dir='ltr'><strong>per</strong></span> <span class='ocrx_word' id='word_1_235' title='bbox 1877 1650 2039 1690; x_wconf 91' lang='lat' dir='ltr'><strong>omne</strong></span> <span class='ocrx_word' id='word_1_236' title='bbox 2061 1650 2266 1701; x_wconf 89' lang='lat' dir='ltr'><strong>nomen</strong></span> <span class='ocrx_word' id='word_1_237' title='bbox 2290 1634 2330 1699; x_wconf 86' lang='grc'><em>³,</em></span> <span class='ocrx_word' id='word_1_238' title='bbox 2383 1635 2681 1689; x_wconf 84' lang='lat' dir='ltr'><strong>secundum</strong></span> <span class='ocrx_word' id='word_1_239' title='bbox 2717 1635 2776 1689; x_wconf 87' lang='grc' dir='ltr'><strong>Β.</strong></span> <span class='ocrx_word' id='word_1_240' title='bbox 2810 1635 2961 1690; x_wconf 88' lang='lat' dir='ltr'><strong>Pauli</strong></span> <span class='ocrx_word' id='word_1_241' title='bbox 3005 1636 3189 1701; x_wconf 88' lang='lat' dir='ltr'><strong>verba,</strong></span> <span class='ocrx_word' id='word_1_242' title='bbox 3232 1638 3330 1692; x_wconf 87' lang='lat' dir='ltr'><strong>sed</strong></span> 
     </span>
    </p>
   </div>
   <div class='ocr_carea' id='block_1_32' title="bbox 160 1696 3331 1796">
    <p class='ocr_par' dir='ltr' id='par_1_32' title="bbox 160 1696 3331 1796">
     <span class='ocr_line' id='line_1_32' title="bbox 160 1696 3331 1796; baseline 0.005 -28"><span class='ocrx_word' id='word_1_243' title='bbox 160 1715 262 1784; x_wconf 88' lang='lat' dir='ltr'><strong>ipso,</strong></span> <span class='ocrx_word' id='word_1_244' title='bbox 288 1716 413 1785; x_wconf 88' lang='lat' dir='ltr'><strong>quod</strong></span> <span class='ocrx_word' id='word_1_245' title='bbox 452 1717 851 1787; x_wconf 85' lang='lat' dir='ltr'><strong>primogenitus</strong></span> <span class='ocrx_word' id='word_1_246' title='bbox 883 1696 982 1774; x_wconf 85' lang='lat' dir='ltr'><strong>est.</strong></span> <span class='ocrx_word' id='word_1_247' title='bbox 1018 1720 1098 1775; x_wconf 86' lang='lat' dir='ltr'><strong>Ad</strong></span> <span class='ocrx_word' id='word_1_248' title='bbox 1136 1721 1250 1777; x_wconf 67' lang='lat' dir='ltr'><strong>haec</strong></span> <span class='ocrx_word' id='word_1_249' title='bbox 1278 1722 1422 1778; x_wconf 89' lang='lat' dir='ltr'><strong>idem</strong></span> <span class='ocrx_word' id='word_1_250' title='bbox 1460 1696 1661 1794; x_wconf 88' lang='lat' dir='ltr'><strong>Hippo-</strong></span> <span class='ocrx_word' id='word_1_251' title='bbox 1690 1696 1732 1749; x_wconf 73' lang='grc' dir='ltr'><strong>Β</strong></span> <span class='ocrx_word' id='word_1_252' title='bbox 1760 1696 1825 1781; x_wconf 80' lang='lat' dir='ltr'><strong>ex</strong></span> <span class='ocrx_word' id='word_1_253' title='bbox 1860 1727 1937 1782; x_wconf 89' lang='lat' dir='ltr'><strong>rei</strong></span> <span class='ocrx_word' id='word_1_254' title='bbox 1980 1697 2236 1789; x_wconf 87' lang='lat' dir='ltr'><strong>veritate;</strong></span> <span class='ocrx_word' id='word_1_255' title='bbox 2290 1741 2378 1781; x_wconf 90' lang='lat' dir='ltr'><strong>res</strong></span> <span class='ocrx_word' id='word_1_256' title='bbox 2426 1727 2541 1796; x_wconf 88' lang='lat' dir='ltr'><strong>ipsa</strong></span> <span class='ocrx_word' id='word_1_257' title='bbox 2588 1739 2768 1782; x_wconf 89' lang='lat' dir='ltr'><strong>tamen</strong></span> <span class='ocrx_word' id='word_1_258' title='bbox 2814 1743 2921 1781; x_wconf 91' lang='lat' dir='ltr'><strong>non</strong></span> <span class='ocrx_word' id='word_1_259' title='bbox 2967 1738 3084 1783; x_wconf 88' lang='lat' dir='ltr'><strong>erat</strong></span> <span class='ocrx_word' id='word_1_260' title='bbox 3120 1729 3331 1784; x_wconf 85' lang='lat' dir='ltr'><strong>donum</strong></span> 
     </span>
    </p>
   </div>
   <div class='ocr_carea' id='block_1_33' title="bbox 159 1809 1658 1885">
    <p class='ocr_par' dir='ltr' id='par_1_33' title="bbox 159 1809 1658 1885">
     <span class='ocr_line' id='line_1_33' title="bbox 159 1809 1658 1885; baseline 0.008 -24"><span class='ocrx_word' id='word_1_261' title='bbox 159 1809 266 1878; x_wconf 71' lang='lat' dir='ltr'><strong>lytus</strong></span> <span class='ocrx_word' id='word_1_262' title='bbox 291 1809 338 1862; x_wconf 89' lang='lat' dir='ltr'><strong>in</strong></span> <span class='ocrx_word' id='word_1_263' title='bbox 365 1810 465 1865; x_wconf 86' lang='lat' dir='ltr'><strong>alio</strong></span> <span class='ocrx_word' id='word_1_264' title='bbox 490 1810 640 1865; x_wconf 80' lang='lat' dir='ltr'><strong>libro</strong></span> <span class='ocrx_word' id='word_1_265' title='bbox 661 1812 860 1883; x_wconf 81' lang='grc' dir='ltr'>Κύριον</span> <span class='ocrx_word' id='word_1_266' title='bbox 898 1812 1275 1885; x_wconf 79' lang='grc' dir='ltr'><strong>ἀναμάρτητον</strong></span> <span class='ocrx_word' id='word_1_267' title='bbox 1308 1826 1466 1871; x_wconf 84' lang='lat' dir='ltr'><strong>vocat</strong></span> <span class='ocrx_word' id='word_1_268' title='bbox 1496 1816 1658 1873; x_wconf 91' lang='lat' dir='ltr'><strong>Chri-</strong></span> 
     </span>
    </p>
   </div>
   <div class='ocr_carea' id='block_1_34' title="bbox 157 1902 1660 1976">
    <p class='ocr_par' dir='ltr' id='par_1_34' title="bbox 157 1902 1660 1976">
     <span class='ocr_line' id='line_1_34' title="bbox 157 1902 1660 1976; baseline 0.007 -21"><span class='ocrx_word' id='word_1_269' title='bbox 157 1908 270 1968; x_wconf 74' lang='grc' dir='ltr'><strong>ιω,</strong></span> <span class='ocrx_word' id='word_1_270' title='bbox 314 1902 360 1957; x_wconf 89' lang='lat' dir='ltr'><strong>id</strong></span> <span class='ocrx_word' id='word_1_271' title='bbox 387 1911 469 1958; x_wconf 90' lang='lat' dir='ltr'><strong>est</strong></span> <span class='ocrx_word' id='word_1_272' title='bbox 514 1904 937 1974; x_wconf 78' lang='lat' dir='ltr'><strong>impeccabilem;</strong></span> <span class='ocrx_word' id='word_1_273' title='bbox 983 1908 1127 1976; x_wconf 89' lang='lat' dir='ltr'><strong>quod</strong></span> <span class='ocrx_word' id='word_1_274' title='bbox 1167 1906 1337 1964; x_wconf 90' lang='lat' dir='ltr'><strong>solius</strong></span> <span class='ocrx_word' id='word_1_275' title='bbox 1382 1924 1562 1976; x_wconf 73' lang='lat' dir='ltr'><strong>verte,</strong></span> <span class='ocrx_word' id='word_1_276' title='bbox 1605 1918 1660 1965; x_wconf 90' lang='lat' dir='ltr'><strong>et</strong></span> 
     </span>
    </p>
   </div>
   <div class='ocr_carea' id='block_1_35' title="bbox 158 1994 1140 2067">
    <p class='ocr_par' dir='ltr' id='par_1_35' title="bbox 158 1994 1140 2067">
     <span class='ocr_line' id='line_1_35' title="bbox 158 1994 1140 2067; baseline 0.006 -20"><span class='ocrx_word' id='word_1_277' title='bbox 158 1994 356 2049; x_wconf 64' lang='lat' dir='ltr'><strong>incurata:</strong></span> <span class='ocrx_word' id='word_1_278' title='bbox 385 1994 703 2052; x_wconf 86' lang='lat' dir='ltr'><strong>Divinitatis</strong></span> <span class='ocrx_word' id='word_1_279' title='bbox 733 1998 1009 2067; x_wconf 88' lang='lat' dir='ltr'><strong>proprium</strong></span> <span class='ocrx_word' id='word_1_280' title='bbox 1038 2007 1140 2053; x_wconf 89' lang='lat' dir='ltr'><strong>est.</strong></span> 
     </span>
    </p>
   </div>
   <div class='ocr_carea' id='block_1_36' title="bbox 204 2087 1657 2158">
    <p class='ocr_par' dir='ltr' id='par_1_36' title="bbox 204 2087 1657 2158">
     <span class='ocr_line' id='line_1_36' title="bbox 204 2087 1657 2158; baseline 0.007 -21"><span class='ocrx_word' id='word_1_281' title='bbox 204 2087 296 2139; x_wconf 78' lang='lat' dir='ltr'><strong>Alia</strong></span> <span class='ocrx_word' id='word_1_282' title='bbox 335 2087 458 2141; x_wconf 90' lang='lat' dir='ltr'><strong>satis</strong></span> <span class='ocrx_word' id='word_1_283' title='bbox 498 2088 654 2143; x_wconf 87' lang='lat' dir='ltr'><strong>clara</strong></span> <span class='ocrx_word' id='word_1_284' title='bbox 700 2103 801 2158; x_wconf 89' lang='lat' dir='ltr'><strong>pro</strong></span> <span class='ocrx_word' id='word_1_285' title='bbox 854 2090 1049 2145; x_wconf 88' lang='lat' dir='ltr'><strong>deitate</strong></span> <span class='ocrx_word' id='word_1_286' title='bbox 1096 2088 1297 2146; x_wconf 90' lang='lat' dir='ltr'><strong>Christi</strong></span> <span class='ocrx_word' id='word_1_287' title='bbox 1350 2091 1657 2147; x_wconf 87' lang='lat' dir='ltr'><strong>testimonia</strong></span> 
     </span>
    </p>
   </div>
   <div class='ocr_carea' id='block_1_37' title="bbox 156 2175 1659 2251">
    <p class='ocr_par' dir='ltr' id='par_1_37' title="bbox 156 2175 1659 2251">
     <span class='ocr_line' id='line_1_37' title="bbox 156 2175 1659 2251; baseline 0.007 -22"><span class='ocrx_word' id='word_1_288' title='bbox 156 2175 369 2248; x_wconf 75' lang='lat' dir='ltr'><strong>Hippolyti</strong></span> <span class='ocrx_word' id='word_1_289' title='bbox 395 2179 669 2233; x_wconf 86' lang='lat' dir='ltr'><strong>habentur</strong></span> <span class='ocrx_word' id='word_1_290' title='bbox 702 2179 840 2235; x_wconf 91' lang='lat' dir='ltr'><strong>inter</strong></span> <span class='ocrx_word' id='word_1_291' title='bbox 861 2181 1013 2250; x_wconf 88' lang='lat' dir='ltr'><strong>plura</strong></span> <span class='ocrx_word' id='word_1_292' title='bbox 1044 2181 1161 2251; x_wconf 86' lang='lat' dir='ltr'><strong>ejus</strong></span> <span class='ocrx_word' id='word_1_293' title='bbox 1186 2182 1326 2238; x_wconf 91' lang='lat' dir='ltr'><strong>dicta</strong></span> <span class='ocrx_word' id='word_1_294' title='bbox 1353 2198 1383 2239; x_wconf 91' lang='lat' dir='ltr'><strong>a</strong></span> <span class='ocrx_word' id='word_1_295' title='bbox 1412 2182 1659 2239; x_wconf 87' lang='lat' dir='ltr'><strong>Theodo-</strong></span> 
     </span>
    </p>
   </div>
   <div class='ocr_carea' id='block_1_38' title="bbox 156 2266 1655 2341">
    <p class='ocr_par' dir='ltr' id='par_1_38' title="bbox 156 2266 1655 2341">
     <span class='ocr_line' id='line_1_38' title="bbox 156 2266 1655 2341; baseline 0.007 -23"><span class='ocrx_word' id='word_1_296' title='bbox 156 2266 439 2338; x_wconf 84' lang='lat' dir='ltr'><strong>retodialogo</strong></span> <span class='ocrx_word' id='word_1_297' title='bbox 464 2268 519 2335; x_wconf 67' lang='grc' dir='ltr'><strong>ε,</strong></span> <span class='ocrx_word' id='word_1_298' title='bbox 554 2279 695 2324; x_wconf 89' lang='lat' dir='ltr'><strong>tom.</strong></span> <span class='ocrx_word' id='word_1_299' title='bbox 727 2269 817 2336; x_wconf 84' lang='lat' dir='ltr'><strong>1V,</strong></span> <span class='ocrx_word' id='word_1_300' title='bbox 856 2286 976 2341; x_wconf 87' lang='lat' dir='ltr'><strong>pag.</strong></span> <span class='ocrx_word' id='word_1_301' title='bbox 1014 2273 1116 2336; x_wconf 90' lang='lat'><strong>88,</strong></span> <span class='ocrx_word' id='word_1_302' title='bbox 1155 2283 1206 2328; x_wconf 88' lang='lat' dir='ltr'><strong>et</strong></span> <span class='ocrx_word' id='word_1_303' title='bbox 1230 2282 1337 2328; x_wconf 89' lang='lat' dir='ltr'><strong>act.</strong></span> <span class='ocrx_word' id='word_1_304' title='bbox 1373 2290 1407 2327; x_wconf 88' lang='lat' dir='ltr'><strong>v</strong></span> <span class='ocrx_word' id='word_1_305' title='bbox 1436 2276 1655 2331; x_wconf 85' lang='lat' dir='ltr'><strong>concilii</strong></span> 
     </span>
    </p>
   </div>
   <div class='ocr_carea' id='block_1_39' title="bbox 154 2357 1658 2429">
    <p class='ocr_par' dir='ltr' id='par_1_39' title="bbox 154 2357 1658 2429">
     <span class='ocr_line' id='line_1_39' title="bbox 154 2357 1658 2429; baseline 0.005 -17"><span class='ocrx_word' id='word_1_306' title='bbox 154 2357 468 2417; x_wconf 75' lang='lat' dir='ltr'><strong>lateraneusis</strong></span> <span class='ocrx_word' id='word_1_307' title='bbox 494 2362 608 2416; x_wconf 84' lang='lat' dir='ltr'><strong>sub</strong></span> <span class='ocrx_word' id='word_1_308' title='bbox 636 2361 865 2418; x_wconf 84' lang='lat' dir='ltr'><strong>Martino</strong></span> <span class='ocrx_word' id='word_1_309' title='bbox 885 2365 926 2429; x_wconf 86' lang='grc' dir='ltr'><strong>Ι,</strong></span> <span class='ocrx_word' id='word_1_310' title='bbox 962 2378 1104 2416; x_wconf 90' lang='lat' dir='ltr'><strong>anno</strong></span> <span class='ocrx_word' id='word_1_311' title='bbox 1125 2365 1245 2427; x_wconf 70' lang='grc'><strong>649,</strong></span> <span class='ocrx_word' id='word_1_312' title='bbox 1284 2374 1415 2421; x_wconf 84' lang='lat' dir='ltr'><strong>tum.</strong></span> <span class='ocrx_word' id='word_1_313' title='bbox 1447 2365 1494 2419; x_wconf 81' lang='grc' dir='ltr'>Χ</span> <span class='ocrx_word' id='word_1_314' title='bbox 1522 2366 1658 2421; x_wconf 88' lang='lat' dir='ltr'><strong>Con-</strong></span> 
     </span>
    </p>
   </div>
   <div class='ocr_carea' id='block_1_40' title="bbox 153 2452 1656 2527">
    <p class='ocr_par' dir='ltr' id='par_1_40' title="bbox 153 2452 1656 2527">
     <span class='ocr_line' id='line_1_40' title="bbox 153 2452 1656 2527; baseline 0.011 -27"><span class='ocrx_word' id='word_1_315' title='bbox 153 2452 316 2516; x_wconf 66' lang='lat' dir='ltr'><strong>cilion,</strong></span> <span class='ocrx_word' id='word_1_316' title='bbox 367 2453 489 2507; x_wconf 92' lang='lat' dir='ltr'><strong>edit.</strong></span> <span class='ocrx_word' id='word_1_317' title='bbox 542 2452 727 2508; x_wconf 79' lang='lat' dir='ltr'><strong>Mansi</strong></span> <span class='ocrx_word' id='word_1_318' title='bbox 758 2494 771 2518; x_wconf 98' lang='lat'><strong>,</strong></span> <span class='ocrx_word' id='word_1_319' title='bbox 816 2471 935 2525; x_wconf 85' lang='lat' dir='ltr'><strong>pag.</strong></span> <span class='ocrx_word' id='word_1_320' title='bbox 995 2456 1132 2510; x_wconf 70' lang='lat'><strong>1079</strong></span> <span class='ocrx_word' id='word_1_321' title='bbox 1174 2458 1419 2527; x_wconf 83' lang='lat' dir='ltr'><strong>allegata.</strong></span> <span class='ocrx_word' id='word_1_322' title='bbox 1460 2459 1656 2517; x_wconf 86' lang='lat' dir='ltr'><strong>Notatu</strong></span> 
     </span>
    </p>
   </div>
   <div class='ocr_carea' id='block_1_41' title="bbox 152 2543 1657 2617">
    <p class='ocr_par' dir='ltr' id='par_1_41' title="bbox 152 2543 1657 2617">
     <span class='ocr_line' id='line_1_41' title="bbox 152 2543 1657 2617; baseline 0.009 -25"><span class='ocrx_word' id='word_1_323' title='bbox 152 2556 315 2609; x_wconf 83' lang='lat' dir='ltr'><strong>quoque</strong></span> <span class='ocrx_word' id='word_1_324' title='bbox 331 2543 481 2613; x_wconf 84' lang='lat' dir='ltr'><strong>digna</strong></span> <span class='ocrx_word' id='word_1_325' title='bbox 508 2553 647 2597; x_wconf 89' lang='lat' dir='ltr'><strong>sunt</strong></span> <span class='ocrx_word' id='word_1_326' title='bbox 670 2544 907 2613; x_wconf 88' lang='lat' dir='ltr'><strong>ejusdem</strong></span> <span class='ocrx_word' id='word_1_327' title='bbox 936 2544 1199 2617; x_wconf 83' lang='lat' dir='ltr'><strong>Hippolyti</strong></span> <span class='ocrx_word' id='word_1_328' title='bbox 1223 2550 1381 2603; x_wconf 85' lang='lat' dir='ltr'><strong>verba</strong></span> <span class='ocrx_word' id='word_1_329' title='bbox 1404 2565 1469 2605; x_wconf 80' lang='lat' dir='ltr'><strong>ex</strong></span> <span class='ocrx_word' id='word_1_330' title='bbox 1491 2552 1657 2606; x_wconf 89' lang='lat' dir='ltr'><strong>inter-</strong></span> 
     </span>
    </p>
   </div>
   <div class='ocr_carea' id='block_1_42' title="bbox 151 2633 1651 2715">
    <p class='ocr_par' dir='ltr' id='par_1_42' title="bbox 151 2633 1651 2715">
     <span class='ocr_line' id='line_1_42' title="bbox 151 2633 1651 2715; baseline 0.012 -34"><span class='ocrx_word' id='word_1_331' title='bbox 151 2633 387 2698; x_wconf 77' lang='lat' dir='ltr'><strong>pretatione</strong></span> <span class='ocrx_word' id='word_1_332' title='bbox 441 2635 650 2702; x_wconf 87' lang='lat' dir='ltr'><strong>psalmi</strong></span> <span class='ocrx_word' id='word_1_333' title='bbox 701 2651 741 2689; x_wconf 89' lang='lat' dir='ltr'><strong>tt</strong></span> <span class='ocrx_word' id='word_1_334' title='bbox 787 2651 819 2689; x_wconf 91' lang='lat' dir='ltr'><strong>a</strong></span> <span class='ocrx_word' id='word_1_335' title='bbox 864 2634 1200 2693; x_wconf 90' lang='lat' dir='ltr'><strong>Theodoreto</strong></span> <span class='ocrx_word' id='word_1_336' title='bbox 1238 2640 1466 2696; x_wconf 83' lang='lat' dir='ltr'><strong>adducta</strong></span> <span class='ocrx_word' id='word_1_337' title='bbox 1518 2642 1651 2715; x_wconf 83' lang='lat'><strong>(56).</strong></span> 
     </span>
    </p>
   </div>
   <div class='ocr_carea' id='block_1_43' title="bbox 150 2718 1655 2805">
    <p class='ocr_par' dir='ltr' id='par_1_43' title="bbox 150 2718 1655 2805">
     <span class='ocr_line' id='line_1_43' title="bbox 150 2718 1655 2805; baseline 0.011 -32"><span class='ocrx_word' id='word_1_338' title='bbox 150 2718 367 2776; x_wconf 81' lang='lat' dir='ltr'><strong>Christum</strong></span> <span class='ocrx_word' id='word_1_339' title='bbox 401 2722 573 2779; x_wconf 90' lang='lat' dir='ltr'><strong>Deum</strong></span> <span class='ocrx_word' id='word_1_340' title='bbox 608 2726 893 2805; x_wconf 84' lang='lat' dir='ltr'><strong>appellavit</strong></span> <span class='ocrx_word' id='word_1_341' title='bbox 921 2743 1170 2785; x_wconf 89' lang='lat' dir='ltr'><strong>sermone</strong></span> <span class='ocrx_word' id='word_1_342' title='bbox 1208 2729 1261 2785; x_wconf 90' lang='lat' dir='ltr'><strong>in</strong></span> <span class='ocrx_word' id='word_1_343' title='bbox 1286 2727 1576 2788; x_wconf 84' lang='lat' dir='ltr'><strong>Helcanam</strong></span> <span class='ocrx_word' id='word_1_344' title='bbox 1603 2745 1655 2790; x_wconf 91' lang='lat' dir='ltr'><strong>et</strong></span> 
     </span>
    </p>
   </div>
   <div class='ocr_carea' id='block_1_44' title="bbox 149 2812 463 2886">
    <p class='ocr_par' dir='ltr' id='par_1_44' title="bbox 149 2812 463 2886">
     <span class='ocr_line' id='line_1_44' title="bbox 149 2812 463 2886; baseline 0.022 -22"><span class='ocrx_word' id='word_1_345' title='bbox 149 2812 307 2866; x_wconf 73' lang='lat' dir='ltr'><strong>Annam</strong></span> <span class='ocrx_word' id='word_1_346' title='bbox 338 2816 463 2886; x_wconf 74' lang='lat'><strong>(57).</strong></span> 
     </span>
    </p>
   </div>
   <div class='ocr_carea' id='block_1_45' title="bbox 196 2904 1656 2980">
    <p class='ocr_par' dir='ltr' id='par_1_45' title="bbox 196 2904 1656 2980">
     <span class='ocr_line' id='line_1_45' title="bbox 196 2904 1656 2980; baseline 0.011 -22"><span class='ocrx_word' id='word_1_347' title='bbox 196 2904 363 2960; x_wconf 72' lang='lat' dir='ltr'><strong>Divina:</strong></span> <span class='ocrx_word' id='word_1_348' title='bbox 381 2909 866 2980; x_wconf 70' lang='lat' dir='ltr'><strong>omni-praesentiae</strong></span> <span class='ocrx_word' id='word_1_349' title='bbox 915 2912 1074 2971; x_wconf 89' lang='lat' dir='ltr'><strong>etiam</strong></span> <span class='ocrx_word' id='word_1_350' title='bbox 1126 2914 1441 2973; x_wconf 87' lang='lat' dir='ltr'><strong>attributum</strong></span> <span class='ocrx_word' id='word_1_351' title='bbox 1499 2918 1656 2975; x_wconf 85' lang='lat' dir='ltr'><strong>Chri-</strong></span> 
     </span>
    </p>
   </div>
   <div class='ocr_carea' id='block_1_46' title="bbox 148 3000 1721 3105">
    <p class='ocr_par' dir='ltr' id='par_1_46' title="bbox 148 3000 1721 3105">
     <span class='ocr_line' id='line_1_46' title="bbox 148 3000 1721 3105; baseline 0.013 -57"><span class='ocrx_word' id='word_1_352' title='bbox 148 3002 209 3049; x_wconf 68' lang='lat' dir='ltr'><strong>sto</strong></span> <span class='ocrx_word' id='word_1_353' title='bbox 228 3000 451 3068; x_wconf 84' lang='lat' dir='ltr'><strong>ascripsit</strong></span> <span class='ocrx_word' id='word_1_354' title='bbox 497 3011 742 3056; x_wconf 85' lang='lat' dir='ltr'><strong>tractatu</strong></span> <span class='ocrx_word' id='word_1_355' title='bbox 776 3004 829 3057; x_wconf 89' lang='lat' dir='ltr'><strong>in</strong></span> <span class='ocrx_word' id='word_1_356' title='bbox 858 3002 1087 3073; x_wconf 90' lang='lat' dir='ltr'><strong>Pascha,</strong></span> <span class='ocrx_word' id='word_1_357' title='bbox 1123 3022 1189 3061; x_wconf 74' lang='lat' dir='ltr'><strong>ex</strong></span> <span class='ocrx_word' id='word_1_358' title='bbox 1209 3023 1318 3079; x_wconf 88' lang='lat' dir='ltr'><strong>quo</strong></span> <span class='ocrx_word' id='word_1_359' title='bbox 1344 3010 1459 3066; x_wconf 75' lang='lat' dir='ltr'><strong>inec</strong></span> <span class='ocrx_word' id='word_1_360' title='bbox 1483 3012 1652 3067; x_wconf 88' lang='lat' dir='ltr'><strong>citato</strong></span> <span class='ocrx_word' id='word_1_361' title='bbox 1680 3047 1721 3105; x_wconf 62' lang='grc' dir='ltr'>ϐ</span> 
     </span>
    </p>
   </div>
   <div class='ocr_carea' id='block_1_47' title="bbox 148 3087 1649 3163">
    <p class='ocr_par' dir='ltr' id='par_1_47' title="bbox 148 3087 1649 3163">
     <span class='ocr_line' id='line_1_47' title="bbox 148 3087 1649 3163; baseline 0.012 -22"><span class='ocrx_word' id='word_1_362' title='bbox 148 3087 370 3145; x_wconf 74' lang='lat' dir='ltr'><strong>Conciliar.</strong></span> <span class='ocrx_word' id='word_1_363' title='bbox 408 3101 599 3159; x_wconf 78' lang='lat' dir='ltr'><strong>torno,</strong></span> <span class='ocrx_word' id='word_1_364' title='bbox 641 3096 745 3150; x_wconf 88' lang='lat' dir='ltr'><strong>col.</strong></span> <span class='ocrx_word' id='word_1_365' title='bbox 779 3095 931 3163; x_wconf 85' lang='grc'>1087,</span> <span class='ocrx_word' id='word_1_366' title='bbox 959 3098 1223 3154; x_wconf 89' lang='lat' dir='ltr'><strong>habentur</strong></span> <span class='ocrx_word' id='word_1_367' title='bbox 1253 3102 1413 3157; x_wconf 90' lang='lat' dir='ltr'><strong>verba</strong></span> <span class='ocrx_word' id='word_1_368' title='bbox 1450 3118 1465 3156; x_wconf 90' lang='lat'><strong>:</strong></span> <span class='ocrx_word' id='word_1_369' title='bbox 1496 3122 1518 3156; x_wconf 68' lang='grc' dir='ltr'><strong><em>ι</em></strong></span> <span class='ocrx_word' id='word_1_370' title='bbox 1542 3103 1649 3159; x_wconf 89' lang='grc' dir='ltr'><strong>Το-</strong></span> 
     </span>
    </p>
   </div>
   <div class='ocr_carea' id='block_1_48' title="bbox 150 3185 1651 3263">
    <p class='ocr_par' dir='ltr' id='par_1_48' title="bbox 150 3185 1651 3263">
     <span class='ocr_line' id='line_1_48' title="bbox 150 3185 1651 3263; baseline 0.012 -30"><span class='ocrx_word' id='word_1_371' title='bbox 150 3188 211 3235; x_wconf 83' lang='lat' dir='ltr'><strong>tus</strong></span> <span class='ocrx_word' id='word_1_372' title='bbox 226 3197 325 3238; x_wconf 81' lang='lat' dir='ltr'><strong>erat</strong></span> <span class='ocrx_word' id='word_1_373' title='bbox 360 3185 411 3239; x_wconf 93' lang='lat' dir='ltr'><strong>in</strong></span> <span class='ocrx_word' id='word_1_374' title='bbox 434 3186 701 3242; x_wconf 86' lang='lat' dir='ltr'><strong>omnibus</strong></span> <span class='ocrx_word' id='word_1_375' title='bbox 740 3197 793 3242; x_wconf 91' lang='lat' dir='ltr'><strong>et</strong></span> <span class='ocrx_word' id='word_1_376' title='bbox 818 3190 1037 3260; x_wconf 87' lang='lat' dir='ltr'><strong>ubique,</strong></span> <span class='ocrx_word' id='word_1_377' title='bbox 1060 3192 1359 3263; x_wconf 87' lang='lat' dir='ltr'><strong>aditnplens</strong></span> <span class='ocrx_word' id='word_1_378' title='bbox 1382 3211 1506 3250; x_wconf 88' lang='lat' dir='ltr'><strong>vero</strong></span> <span class='ocrx_word' id='word_1_379' title='bbox 1535 3212 1651 3251; x_wconf 90' lang='lat' dir='ltr'><strong>om—</strong></span> 
     </span>
    </p>
   </div>
   <div class='ocr_carea' id='block_1_49' title="bbox 149 3274 1652 3360">
    <p class='ocr_par' dir='ltr' id='par_1_49' title="bbox 149 3274 1652 3360">
     <span class='ocr_line' id='line_1_49' title="bbox 149 3274 1652 3360; baseline 0.013 -34"><span class='ocrx_word' id='word_1_380' title='bbox 149 3274 227 3338; x_wconf 79' lang='lat' dir='ltr'><strong>nia,</strong></span> <span class='ocrx_word' id='word_1_381' title='bbox 255 3278 309 3331; x_wconf 89' lang='lat' dir='ltr'><strong>ad</strong></span> <span class='ocrx_word' id='word_1_382' title='bbox 329 3293 512 3335; x_wconf 90' lang='lat' dir='ltr'><strong>omnes</strong></span> <span class='ocrx_word' id='word_1_383' title='bbox 532 3282 721 3336; x_wconf 87' lang='lat' dir='ltr'><strong>aerios</strong></span> <span class='ocrx_word' id='word_1_384' title='bbox 757 3283 1090 3353; x_wconf 88' lang='lat' dir='ltr'><strong>principatus</strong></span> <span class='ocrx_word' id='word_1_385' title='bbox 1126 3288 1303 3342; x_wconf 90' lang='lat' dir='ltr'><strong>nudus</strong></span> <span class='ocrx_word' id='word_1_386' title='bbox 1336 3290 1652 3360; x_wconf 87' lang='lat' dir='ltr'><strong>redispolia-</strong></span> 
     </span>
    </p>
   </div>
   <div class='ocr_carea' id='block_1_50' title="bbox 148 3372 1651 3450">
    <p class='ocr_par' dir='ltr' id='par_1_50' title="bbox 148 3372 1651 3450">
     <span class='ocr_line' id='line_1_50' title="bbox 148 3372 1651 3450; baseline 0.015 -31"><span class='ocrx_word' id='word_1_387' title='bbox 148 3372 425 3440; x_wconf 74' lang='lat' dir='ltr'><strong>tus(sic)est,</strong></span> <span class='ocrx_word' id='word_1_388' title='bbox 444 3382 496 3429; x_wconf 87' lang='lat' dir='ltr'><strong>ct</strong></span> <span class='ocrx_word' id='word_1_389' title='bbox 529 3377 604 3429; x_wconf 83' lang='lat' dir='ltr'><strong>ad</strong></span> <span class='ocrx_word' id='word_1_390' title='bbox 626 3392 847 3445; x_wconf 89' lang='lat' dir='ltr'><strong>parvum</strong></span> <span class='ocrx_word' id='word_1_391' title='bbox 866 3377 1065 3432; x_wconf 92' lang='lat' dir='ltr'><strong>clamat</strong></span> <span class='ocrx_word' id='word_1_392' title='bbox 1080 3380 1308 3435; x_wconf 89' lang='lat' dir='ltr'><strong>transire</strong></span> <span class='ocrx_word' id='word_1_393' title='bbox 1329 3382 1572 3450; x_wconf 89' lang='lat' dir='ltr'><strong>calicem,</strong></span> <span class='ocrx_word' id='word_1_394' title='bbox 1593 3396 1651 3441; x_wconf 89' lang='lat' dir='ltr'><strong>ut</strong></span> 
     </span>
    </p>
   </div>
   <div class='ocr_carea' id='block_1_51' title="bbox 147 3466 1652 3547">
    <p class='ocr_par' dir='ltr' id='par_1_51' title="bbox 147 3466 1652 3547">
     <span class='ocr_line' id='line_1_51' title="bbox 147 3466 1652 3547; baseline 0.011 -30"><span class='ocrx_word' id='word_1_395' title='bbox 147 3466 338 3519; x_wconf 83' lang='lat' dir='ltr'><strong>ostendat</strong></span> <span class='ocrx_word' id='word_1_396' title='bbox 372 3483 497 3523; x_wconf 83' lang='lat' dir='ltr'><strong>vere</strong></span> <span class='ocrx_word' id='word_1_397' title='bbox 520 3508 537 3532; x_wconf 97' lang='lat'><strong>,</strong></span> <span class='ocrx_word' id='word_1_398' title='bbox 587 3468 712 3537; x_wconf 86' lang='lat' dir='ltr'><strong>quia</strong></span> <span class='ocrx_word' id='word_1_399' title='bbox 743 3478 795 3523; x_wconf 91' lang='lat' dir='ltr'><strong>et</strong></span> <span class='ocrx_word' id='word_1_400' title='bbox 837 3469 1001 3523; x_wconf 90' lang='lat' dir='ltr'><strong>homo</strong></span> <span class='ocrx_word' id='word_1_401' title='bbox 1034 3480 1169 3525; x_wconf 88' lang='lat' dir='ltr'><strong>erat.</strong></span> <span class='ocrx_word' id='word_1_402' title='bbox 1222 3490 1241 3524; x_wconf 73' lang='grc' dir='ltr'><strong><em>ι</em></strong></span> <span class='ocrx_word' id='word_1_403' title='bbox 1276 3471 1412 3529; x_wconf 88' lang='lat' dir='ltr'><strong>Nota</strong></span> <span class='ocrx_word' id='word_1_404' title='bbox 1438 3491 1652 3547; x_wconf 88' lang='lat' dir='ltr'><strong>quoque</strong></span> 
     </span>
    </p>
   </div>
   <div class='ocr_carea' id='block_1_52' title="bbox 148 3554 1653 3634">
    <p class='ocr_par' dir='ltr' id='par_1_52' title="bbox 148 3554 1653 3634">
     <span class='ocr_line' id='line_1_52' title="bbox 148 3554 1653 3634; baseline 0.014 -30"><span class='ocrx_word' id='word_1_405' title='bbox 148 3554 320 3622; x_wconf 85' lang='lat' dir='ltr'><strong>dictum,</strong></span> <span class='ocrx_word' id='word_1_406' title='bbox 350 3568 408 3613; x_wconf 91' lang='lat' dir='ltr'><strong>ut</strong></span> <span class='ocrx_word' id='word_1_407' title='bbox 453 3563 682 3631; x_wconf 84' lang='lat' dir='ltr'><strong>egregie</strong></span> <span class='ocrx_word' id='word_1_408' title='bbox 716 3560 802 3615; x_wconf 91' lang='lat' dir='ltr'><strong>hic</strong></span> <span class='ocrx_word' id='word_1_409' title='bbox 847 3562 1223 3619; x_wconf 88' lang='lat' dir='ltr'><strong>animadvertit</strong></span> <span class='ocrx_word' id='word_1_410' title='bbox 1250 3564 1500 3634; x_wconf 88' lang='lat' dir='ltr'><strong>Crabius,</strong></span> <span class='ocrx_word' id='word_1_411' title='bbox 1538 3589 1559 3622; x_wconf 84' lang='grc'><strong><em>‹</em></strong></span> <span class='ocrx_word' id='word_1_412' title='bbox 1600 3580 1653 3626; x_wconf 88' lang='lat' dir='ltr'><strong>et</strong></span> 
     </span>
    </p>
   </div>
   <div class='ocr_carea' id='block_1_53' title="bbox 148 3648 1650 3728">
    <p class='ocr_par' dir='ltr' id='par_1_53' title="bbox 148 3648 1650 3728">
     <span class='ocr_line' id='line_1_53' title="bbox 148 3648 1650 3728; baseline 0.012 -28"><span class='ocrx_word' id='word_1_413' title='bbox 148 3648 291 3716; x_wconf 86' lang='lat' dir='ltr'><strong>homo;</strong></span> <span class='ocrx_word' id='word_1_414' title='bbox 339 3672 356 3704; x_wconf 75' lang='grc' dir='ltr'><strong><em>ι</em></strong></span> <span class='ocrx_word' id='word_1_415' title='bbox 401 3656 668 3724; x_wconf 90' lang='lat' dir='ltr'><strong>quoniam</strong></span> <span class='ocrx_word' id='word_1_416' title='bbox 714 3655 919 3711; x_wconf 86' lang='lat' dir='ltr'><strong>scilicet</strong></span> <span class='ocrx_word' id='word_1_417' title='bbox 952 3656 1111 3710; x_wconf 89' lang='lat' dir='ltr'><strong>aliam</strong></span> <span class='ocrx_word' id='word_1_418' title='bbox 1140 3656 1363 3728; x_wconf 90' lang='lat' dir='ltr'><strong>insuper</strong></span> <span class='ocrx_word' id='word_1_419' title='bbox 1401 3670 1650 3718; x_wconf 87' lang='lat' dir='ltr'><strong>naturam</strong></span> 
     </span>
    </p>
   </div>
   <div class='ocr_carea' id='block_1_54' title="bbox 148 3728 766 3798">
    <p class='ocr_par' dir='ltr' id='par_1_54' title="bbox 148 3728 766 3798">
     <span class='ocr_line' id='line_1_54' title="bbox 148 3728 766 3798; baseline 0.006 -13"><span class='ocrx_word' id='word_1_420' title='bbox 148 3728 344 3798; x_wconf 76' lang='lat' dir='ltr'><strong>habebat,</strong></span> <span class='ocrx_word' id='word_1_421' title='bbox 373 3746 425 3790; x_wconf 88' lang='lat' dir='ltr'><strong>et</strong></span> <span class='ocrx_word' id='word_1_422' title='bbox 452 3738 605 3790; x_wconf 89' lang='lat' dir='ltr'><strong>Deus</strong></span> <span class='ocrx_word' id='word_1_423' title='bbox 631 3746 766 3791; x_wconf 83' lang='lat' dir='ltr'><strong>erat.</strong></span> 
     </span>
    </p>
   </div>
   <div class='ocr_carea' id='block_1_55' title="bbox 194 3821 1654 3900">
    <p class='ocr_par' dir='ltr' id='par_1_55' title="bbox 194 3821 1654 3900">
     <span class='ocr_line' id='line_1_55' title="bbox 194 3821 1654 3900; baseline 0.008 -27"><span class='ocrx_word' id='word_1_424' title='bbox 194 3821 435 3880; x_wconf 82' lang='lat' dir='ltr'><strong>Accedunt</strong></span> <span class='ocrx_word' id='word_1_425' title='bbox 479 3826 592 3879; x_wconf 87' lang='lat' dir='ltr'><strong>alia</strong></span> <span class='ocrx_word' id='word_1_426' title='bbox 636 3840 847 3895; x_wconf 86' lang='lat' dir='ltr'><strong>quoque</strong></span> <span class='ocrx_word' id='word_1_427' title='bbox 894 3826 1136 3896; x_wconf 90' lang='lat' dir='ltr'><strong>ejusdem</strong></span> <span class='ocrx_word' id='word_1_428' title='bbox 1173 3828 1444 3900; x_wconf 85' lang='lat' dir='ltr'><strong>Hippolyti</strong></span> <span class='ocrx_word' id='word_1_429' title='bbox 1492 3829 1654 3884; x_wconf 89' lang='lat' dir='ltr'><strong>verba</strong></span> 
     </span>
    </p>
   </div>
   <div class='ocr_carea' id='block_1_56' title="bbox 150 3910 1655 3989">
    <p class='ocr_par' dir='ltr' id='par_1_56' title="bbox 150 3910 1655 3989">
     <span class='ocr_line' id='line_1_56' title="bbox 150 3910 1655 3989; baseline 0.01 -29"><span class='ocrx_word' id='word_1_430' title='bbox 150 3920 195 3960; x_wconf 78' lang='lat' dir='ltr'><strong>ex</strong></span> <span class='ocrx_word' id='word_1_431' title='bbox 236 3910 334 3980; x_wconf 83' lang='lat' dir='ltr'><strong>ejus</strong></span> <span class='ocrx_word' id='word_1_432' title='bbox 382 3914 432 3966; x_wconf 94' lang='lat' dir='ltr'><strong>in</strong></span> <span class='ocrx_word' id='word_1_433' title='bbox 492 3913 753 3968; x_wconf 86' lang='lat' dir='ltr'><strong>Cenesim</strong></span> <span class='ocrx_word' id='word_1_434' title='bbox 804 3918 1205 3972; x_wconf 88' lang='lat' dir='ltr'><strong>commentario.</strong></span> <span class='ocrx_word' id='word_1_435' title='bbox 1248 3920 1315 3973; x_wconf 89' lang='lat' dir='ltr'><strong>Et</strong></span> <span class='ocrx_word' id='word_1_436' title='bbox 1360 3920 1519 3989; x_wconf 89' lang='lat' dir='ltr'><strong>periit</strong></span> <span class='ocrx_word' id='word_1_437' title='bbox 1553 3920 1655 3975; x_wconf 89' lang='lat' dir='ltr'><strong>iste</strong></span> 
     </span>
    </p>
   </div>
   <div class='ocr_carea' id='block_1_57' title="bbox 150 3996 1654 4076">
    <p class='ocr_par' dir='ltr' id='par_1_57' title="bbox 150 3996 1654 4076">
     <span class='ocr_line' id='line_1_57' title="bbox 150 3996 1654 4076; baseline 0.008 -27"><span class='ocrx_word' id='word_1_438' title='bbox 150 3996 316 4063; x_wconf 82' lang='lat' dir='ltr'><strong>quidem</strong></span> <span class='ocrx_word' id='word_1_439' title='bbox 342 4002 797 4067; x_wconf 89' lang='lat' dir='ltr'><strong>commentarius;</strong></span> <span class='ocrx_word' id='word_1_440' title='bbox 835 4013 1104 4059; x_wconf 87' lang='lat' dir='ltr'><strong>asservata</strong></span> <span class='ocrx_word' id='word_1_441' title='bbox 1136 4015 1312 4060; x_wconf 90' lang='lat' dir='ltr'><strong>tamen</strong></span> <span class='ocrx_word' id='word_1_442' title='bbox 1356 4016 1481 4060; x_wconf 90' lang='lat' dir='ltr'><strong>sunt</strong></span> <span class='ocrx_word' id='word_1_443' title='bbox 1506 4022 1654 4076; x_wconf 65' lang='lat' dir='ltr'><strong>quae-</strong></span> 
     </span>
    </p>
   </div>
   <div class='ocr_carea' id='block_1_58' title="bbox 150 4082 1655 4165">
    <p class='ocr_par' dir='ltr' id='par_1_58' title="bbox 150 4082 1655 4165">
     <span class='ocr_line' id='line_1_58' title="bbox 150 4082 1655 4165; baseline 0.011 -29"><span class='ocrx_word' id='word_1_444' title='bbox 150 4082 241 4138; x_wconf 82' lang='lat' dir='ltr'><strong>dam</strong></span> <span class='ocrx_word' id='word_1_445' title='bbox 264 4088 366 4156; x_wconf 84' lang='lat' dir='ltr'><strong>ejus</strong></span> <span class='ocrx_word' id='word_1_446' title='bbox 390 4089 695 4162; x_wconf 81' lang='lat' dir='ltr'><strong>fragmenta</strong></span> <span class='ocrx_word' id='word_1_447' title='bbox 729 4092 782 4145; x_wconf 90' lang='lat' dir='ltr'><strong>in</strong></span> <span class='ocrx_word' id='word_1_448' title='bbox 817 4092 1049 4158; x_wconf 87' lang='lat' dir='ltr'><strong>Catenis,</strong></span> <span class='ocrx_word' id='word_1_449' title='bbox 1084 4111 1202 4164; x_wconf 74' lang='lat' dir='ltr'><strong>qua:</strong></span> <span class='ocrx_word' id='word_1_450' title='bbox 1241 4096 1397 4165; x_wconf 88' lang='lat' dir='ltr'><strong>vulgo</strong></span> <span class='ocrx_word' id='word_1_451' title='bbox 1433 4096 1536 4151; x_wconf 89' lang='lat' dir='ltr'><strong>dici</strong></span> <span class='ocrx_word' id='word_1_452' title='bbox 1564 4113 1655 4153; x_wconf 91' lang='lat' dir='ltr'><strong>so-</strong></span> 
     </span>
    </p>
   </div>
   <div class='ocr_carea' id='block_1_59' title="bbox 149 4166 1654 4254">
    <p class='ocr_par' dir='ltr' id='par_1_59' title="bbox 149 4166 1654 4254">
     <span class='ocr_line' id='line_1_59' title="bbox 149 4166 1654 4254; baseline 0.011 -31"><span class='ocrx_word' id='word_1_453' title='bbox 149 4166 254 4238; x_wconf 70' lang='lat' dir='ltr'><strong>leat,</strong></span> <span class='ocrx_word' id='word_1_454' title='bbox 298 4174 510 4232; x_wconf 88' lang='lat' dir='ltr'><strong>Patrum</strong></span> <span class='ocrx_word' id='word_1_455' title='bbox 569 4178 627 4232; x_wconf 90' lang='lat' dir='ltr'><strong>in</strong></span> <span class='ocrx_word' id='word_1_456' title='bbox 680 4178 880 4234; x_wconf 89' lang='lat' dir='ltr'><strong>dictum</strong></span> <span class='ocrx_word' id='word_1_457' title='bbox 922 4180 1114 4251; x_wconf 72' lang='lat' dir='ltr'><strong>Moysis</strong></span> <span class='ocrx_word' id='word_1_458' title='bbox 1163 4183 1388 4250; x_wconf 90' lang='lat' dir='ltr'><strong>librum;</strong></span> <span class='ocrx_word' id='word_1_459' title='bbox 1427 4200 1654 4254; x_wconf 88' lang='lat' dir='ltr'><strong>quorum</strong></span> 
     </span>
    </p>
   </div>
   <div class='ocr_carea' id='block_1_60' title="bbox 1760 1814 3330 1889">
    <p class='ocr_par' dir='ltr' id='par_1_60' title="bbox 1760 1814 3330 1889">
     <span class='ocr_line' id='line_1_60' title="bbox 1760 1814 3330 1889; baseline 0.004 -22"><span class='ocrx_word' id='word_1_460' title='bbox 1760 1828 1947 1868; x_wconf 88' lang='lat' dir='ltr'><strong>eorum</strong></span> <span class='ocrx_word' id='word_1_461' title='bbox 1982 1829 2103 1883; x_wconf 81' lang='lat' dir='ltr'><strong>quae</strong></span> <span class='ocrx_word' id='word_1_462' title='bbox 2133 1814 2201 1867; x_wconf 92' lang='lat' dir='ltr'><strong>ab</strong></span> <span class='ocrx_word' id='word_1_463' title='bbox 2231 1814 2385 1867; x_wconf 84' lang='lat' dir='ltr'><strong>initio</strong></span> <span class='ocrx_word' id='word_1_464' title='bbox 2416 1817 2733 1870; x_wconf 89' lang='lat' dir='ltr'><strong>naturaliter</strong></span> <span class='ocrx_word' id='word_1_465' title='bbox 2762 1816 2906 1870; x_wconf 89' lang='lat' dir='ltr'><strong>haud</strong></span> <span class='ocrx_word' id='word_1_466' title='bbox 2930 1818 3119 1872; x_wconf 89' lang='lat' dir='ltr'><strong>habuit</strong></span> <span class='ocrx_word' id='word_1_467' title='bbox 3145 1817 3330 1889; x_wconf 85' lang='lat' dir='ltr'><strong>(longe</strong></span> 
     </span>
    </p>
   </div>
   <div class='ocr_carea' id='block_1_61' title="bbox 1760 1906 3327 1977">
    <p class='ocr_par' dir='ltr' id='par_1_61' title="bbox 1760 1906 3327 1977">
     <span class='ocr_line' id='line_1_61' title="bbox 1760 1906 3327 1977; baseline 0.002 -17"><span class='ocrx_word' id='word_1_468' title='bbox 1760 1922 1818 1961; x_wconf 90' lang='lat' dir='ltr'><strong>se</strong></span> <span class='ocrx_word' id='word_1_469' title='bbox 1867 1921 1954 1960; x_wconf 90' lang='lat' dir='ltr'><strong>res</strong></span> <span class='ocrx_word' id='word_1_470' title='bbox 1995 1906 2214 1974; x_wconf 86' lang='lat' dir='ltr'><strong>habet);</strong></span> <span class='ocrx_word' id='word_1_471' title='bbox 2256 1921 2445 1960; x_wconf 88' lang='lat' dir='ltr'><strong>verum</strong></span> <span class='ocrx_word' id='word_1_472' title='bbox 2491 1908 2670 1977; x_wconf 89' lang='lat' dir='ltr'><strong>potius</strong></span> <span class='ocrx_word' id='word_1_473' title='bbox 2697 1908 2905 1962; x_wconf 89' lang='lat' dir='ltr'><strong>reditus</strong></span> <span class='ocrx_word' id='word_1_474' title='bbox 2930 1908 3327 1963; x_wconf 79' lang='lat' dir='ltr'><strong>existimandus</strong></span> 
     </span>
    </p>
   </div>
   <div class='ocr_carea' id='block_1_62' title="bbox 1758 1997 3328 2068">
    <p class='ocr_par' dir='ltr' id='par_1_62' title="bbox 1758 1997 3328 2068">
     <span class='ocr_line' id='line_1_62' title="bbox 1758 1997 3328 2068; baseline 0.001 -15"><span class='ocrx_word' id='word_1_475' title='bbox 1758 2007 1861 2063; x_wconf 90' lang='lat' dir='ltr'><strong>est,</strong></span> <span class='ocrx_word' id='word_1_476' title='bbox 1894 2008 1946 2052; x_wconf 90' lang='lat' dir='ltr'><strong>et</strong></span> <span class='ocrx_word' id='word_1_477' title='bbox 1970 2013 2225 2052; x_wconf 84' lang='lat' dir='ltr'><strong>recursus</strong></span> <span class='ocrx_word' id='word_1_478' title='bbox 2250 1998 2315 2051; x_wconf 90' lang='lat' dir='ltr'><strong>ad</strong></span> <span class='ocrx_word' id='word_1_479' title='bbox 2357 1998 2410 2052; x_wconf 93' lang='lat' dir='ltr'><strong>id</strong></span> <span class='ocrx_word' id='word_1_480' title='bbox 2441 1998 2584 2068; x_wconf 89' lang='lat' dir='ltr'><strong>quod</strong></span> <span class='ocrx_word' id='word_1_481' title='bbox 2616 2014 2646 2052; x_wconf 89' lang='lat' dir='ltr'><strong>a</strong></span> <span class='ocrx_word' id='word_1_482' title='bbox 2673 1999 2942 2068; x_wconf 89' lang='lat' dir='ltr'><strong>principio</strong></span> <span class='ocrx_word' id='word_1_483' title='bbox 2964 1997 3328 2054; x_wconf 89' lang='lat' dir='ltr'><strong>essentialiter</strong></span> 
     </span>
    </p>
   </div>
   <div class='ocr_carea' id='block_1_63' title="bbox 1756 2088 3331 2159">
    <p class='ocr_par' dir='ltr' id='par_1_63' title="bbox 1756 2088 3331 2159">
     <span class='ocr_line' id='line_1_63' title="bbox 1756 2088 3331 2159; baseline 0.001 -16"><span class='ocrx_word' id='word_1_484' title='bbox 1756 2098 1810 2143; x_wconf 93' lang='lat' dir='ltr'><strong>et</strong></span> <span class='ocrx_word' id='word_1_485' title='bbox 1845 2088 2276 2157; x_wconf 85' lang='lat' dir='ltr'><strong>inseparabiliter</strong></span> <span class='ocrx_word' id='word_1_486' title='bbox 2302 2089 2352 2142; x_wconf 91' lang='lat' dir='ltr'><strong>ei</strong></span> <span class='ocrx_word' id='word_1_487' title='bbox 2386 2088 2578 2144; x_wconf 89' lang='lat' dir='ltr'><strong>inerat.</strong></span> <span class='ocrx_word' id='word_1_488' title='bbox 2621 2108 2639 2140; x_wconf 86' lang='grc'><strong>›</strong></span> <span class='ocrx_word' id='word_1_489' title='bbox 2668 2089 2733 2143; x_wconf 78' lang='lat' dir='ltr'><strong>Et</strong></span> <span class='ocrx_word' id='word_1_490' title='bbox 2764 2090 2928 2158; x_wconf 90' lang='lat' dir='ltr'><strong>paulo</strong></span> <span class='ocrx_word' id='word_1_491' title='bbox 2971 2098 3096 2159; x_wconf 91' lang='lat' dir='ltr'><strong>post</strong></span> <span class='ocrx_word' id='word_1_492' title='bbox 3124 2091 3191 2145; x_wconf 90' lang='lat' dir='ltr'><strong>ad</strong></span> <span class='ocrx_word' id='word_1_493' title='bbox 3222 2090 3331 2145; x_wconf 81' lang='lat' dir='ltr'><strong>ista</strong></span> 
     </span>
    </p>
   </div>
   <div class='ocr_carea' id='block_1_64' title="bbox 1754 2178 3327 2252">
    <p class='ocr_par' dir='ltr' id='par_1_64' title="bbox 1754 2178 3327 2252">
     <span class='ocr_line' id='line_1_64' title="bbox 1754 2178 3327 2252; baseline 0.003 -21"><span class='ocrx_word' id='word_1_494' title='bbox 1754 2178 1939 2244; x_wconf 85' lang='lat' dir='ltr'><strong>verba,</strong></span> <span class='ocrx_word' id='word_1_495' title='bbox 1992 2179 2241 2247; x_wconf 78' lang='grc' dir='ltr'><strong>εὐλογίας</strong></span> <span class='ocrx_word' id='word_1_496' title='bbox 2289 2180 2493 2251; x_wconf 69' lang='grc' dir='ltr'>πατρὸς</span> <span class='ocrx_word' id='word_1_497' title='bbox 2532 2182 2626 2233; x_wconf 74' lang='grc' dir='ltr'><strong>καὶ</strong></span> <span class='ocrx_word' id='word_1_498' title='bbox 2661 2180 2891 2252; x_wconf 73' lang='grc' dir='ltr'><strong>μητρὸς,</strong></span> <span class='ocrx_word' id='word_1_499' title='bbox 2929 2180 3002 2235; x_wconf 89' lang='lat' dir='ltr'><strong>ita</strong></span> <span class='ocrx_word' id='word_1_500' title='bbox 3044 2196 3327 2236; x_wconf 85' lang='lat' dir='ltr'><strong>commen-</strong></span> 
     </span>
    </p>
   </div>
   <div class='ocr_carea' id='block_1_65' title="bbox 1756 2272 3327 2343">
    <p class='ocr_par' dir='ltr' id='par_1_65' title="bbox 1756 2272 3327 2343">
     <span class='ocr_line' id='line_1_65' title="bbox 1756 2272 3327 2343; baseline 0 -18"><span class='ocrx_word' id='word_1_501' title='bbox 1756 2280 1901 2325; x_wconf 85' lang='lat' dir='ltr'><strong>tatur</strong></span> <span class='ocrx_word' id='word_1_502' title='bbox 1943 2272 2059 2341; x_wconf 83' lang='lat'><strong>(58)</strong></span> <span class='ocrx_word' id='word_1_503' title='bbox 2115 2291 2129 2326; x_wconf 86' lang='lat'><strong>:</strong></span> <span class='ocrx_word' id='word_1_504' title='bbox 2189 2291 2206 2323; x_wconf 77' lang='grc' dir='ltr'>ι</span> <span class='ocrx_word' id='word_1_505' title='bbox 2254 2272 2413 2327; x_wconf 90' lang='lat' dir='ltr'><strong>Clare</strong></span> <span class='ocrx_word' id='word_1_506' title='bbox 2451 2282 2611 2342; x_wconf 89' lang='lat' dir='ltr'><strong>atque</strong></span> <span class='ocrx_word' id='word_1_507' title='bbox 2657 2272 2940 2328; x_wconf 81' lang='lat' dir='ltr'><strong>manifeste</strong></span> <span class='ocrx_word' id='word_1_508' title='bbox 2988 2288 3049 2327; x_wconf 90' lang='lat' dir='ltr'><strong>ea</strong></span> <span class='ocrx_word' id='word_1_509' title='bbox 3098 2273 3327 2343; x_wconf 83' lang='lat' dir='ltr'><strong>pariter,</strong></span> 
     </span>
    </p>
   </div>
   <div class='ocr_carea' id='block_1_66' title="bbox 1756 2361 3329 2435">
    <p class='ocr_par' dir='ltr' id='par_1_66' title="bbox 1756 2361 3329 2435">
     <span class='ocr_line' id='line_1_66' title="bbox 1756 2361 3329 2435; baseline 0.001 -18"><span class='ocrx_word' id='word_1_510' title='bbox 1756 2378 1875 2433; x_wconf 75' lang='lat' dir='ltr'><strong>quze</strong></span> <span class='ocrx_word' id='word_1_511' title='bbox 1902 2370 1986 2417; x_wconf 91' lang='lat' dir='ltr'><strong>est</strong></span> <span class='ocrx_word' id='word_1_512' title='bbox 2034 2378 2101 2416; x_wconf 79' lang='lat' dir='ltr'><strong>ex</strong></span> <span class='ocrx_word' id='word_1_513' title='bbox 2154 2361 2264 2417; x_wconf 86' lang='lat' dir='ltr'><strong>Deo</strong></span> <span class='ocrx_word' id='word_1_514' title='bbox 2287 2404 2302 2429; x_wconf 95' lang='lat'><strong>,</strong></span> <span class='ocrx_word' id='word_1_515' title='bbox 2354 2373 2406 2417; x_wconf 91' lang='lat' dir='ltr'><strong>et</strong></span> <span class='ocrx_word' id='word_1_516' title='bbox 2435 2363 2591 2417; x_wconf 89' lang='lat' dir='ltr'><strong>Patre</strong></span> <span class='ocrx_word' id='word_1_517' title='bbox 2623 2365 2895 2435; x_wconf 89' lang='lat' dir='ltr'><strong>generatio</strong></span> <span class='ocrx_word' id='word_1_518' title='bbox 2922 2362 3193 2434; x_wconf 87' lang='lat' dir='ltr'><strong>Unigeniti</strong></span> <span class='ocrx_word' id='word_1_519' title='bbox 3213 2404 3229 2429; x_wconf 97' lang='lat'><strong>,</strong></span> <span class='ocrx_word' id='word_1_520' title='bbox 3262 2380 3329 2418; x_wconf 90' lang='lat' dir='ltr'><strong>ac</strong></span> 
     </span>
    </p>
   </div>
   <div class='ocr_carea' id='block_1_67' title="bbox 1754 2454 3327 2526">
    <p class='ocr_par' dir='ltr' id='par_1_67' title="bbox 1754 2454 3327 2526">
     <span class='ocr_line' id='line_1_67' title="bbox 1754 2454 3327 2526; baseline 0 -17"><span class='ocrx_word' id='word_1_521' title='bbox 1754 2471 1875 2525; x_wconf 72' lang='lat' dir='ltr'><strong>qua:</strong></span> <span class='ocrx_word' id='word_1_522' title='bbox 1925 2471 2020 2525; x_wconf 92' lang='lat' dir='ltr'><strong>per</strong></span> <span class='ocrx_word' id='word_1_523' title='bbox 2068 2466 2310 2511; x_wconf 88' lang='lat' dir='ltr'><strong>sanctam</strong></span> <span class='ocrx_word' id='word_1_524' title='bbox 2362 2454 2635 2526; x_wconf 80' lang='lat' dir='ltr'><strong>Virginem</strong></span> <span class='ocrx_word' id='word_1_525' title='bbox 2688 2455 2828 2511; x_wconf 78' lang='lat' dir='ltr'><strong>facta</strong></span> <span class='ocrx_word' id='word_1_526' title='bbox 2877 2465 2979 2522; x_wconf 89' lang='lat' dir='ltr'><strong>est,</strong></span> <span class='ocrx_word' id='word_1_527' title='bbox 3012 2455 3327 2522; x_wconf 84' lang='lat' dir='ltr'><strong>indicatur,</strong></span> 
     </span>
    </p>
   </div>
   <div class='ocr_carea' id='block_1_68' title="bbox 1751 2546 3329 2618">
    <p class='ocr_par' dir='ltr' id='par_1_68' title="bbox 1751 2546 3329 2618">
     <span class='ocr_line' id='line_1_68' title="bbox 1751 2546 3329 2618; baseline -0.001 -18"><span class='ocrx_word' id='word_1_528' title='bbox 1751 2548 1905 2618; x_wconf 81' lang='lat' dir='ltr'><strong>juxta</strong></span> <span class='ocrx_word' id='word_1_529' title='bbox 1938 2563 2100 2617; x_wconf 90' lang='lat' dir='ltr'><strong>quam</strong></span> <span class='ocrx_word' id='word_1_530' title='bbox 2132 2548 2373 2603; x_wconf 88' lang='lat' dir='ltr'><strong>creditur</strong></span> <span class='ocrx_word' id='word_1_531' title='bbox 2400 2556 2453 2602; x_wconf 91' lang='lat' dir='ltr'><strong>et</strong></span> <span class='ocrx_word' id='word_1_532' title='bbox 2474 2548 2623 2603; x_wconf 78' lang='lat' dir='ltr'><strong>viSus</strong></span> <span class='ocrx_word' id='word_1_533' title='bbox 2655 2556 2737 2603; x_wconf 91' lang='lat' dir='ltr'><strong>est</strong></span> <span class='ocrx_word' id='word_1_534' title='bbox 2767 2548 2947 2602; x_wconf 92' lang='lat' dir='ltr'><strong>homo.</strong></span> <span class='ocrx_word' id='word_1_535' title='bbox 2984 2546 3153 2602; x_wconf 88' lang='lat' dir='ltr'><strong>Filius</strong></span> <span class='ocrx_word' id='word_1_536' title='bbox 3176 2547 3329 2600; x_wconf 88' lang='lat' dir='ltr'><strong>enim</strong></span> 
     </span>
    </p>
   </div>
   <div class='ocr_carea' id='block_1_69' title="bbox 1754 2635 3326 2705">
    <p class='ocr_par' dir='ltr' id='par_1_69' title="bbox 1754 2635 3326 2705">
     <span class='ocr_line' id='line_1_69' title="bbox 1754 2635 3326 2705; baseline -0.003 -14"><span class='ocrx_word' id='word_1_537' title='bbox 1754 2638 1849 2692; x_wconf 86' lang='lat' dir='ltr'><strong>Dei</strong></span> <span class='ocrx_word' id='word_1_538' title='bbox 1871 2637 2111 2692; x_wconf 88' lang='lat' dir='ltr'><strong>etPatris</strong></span> <span class='ocrx_word' id='word_1_539' title='bbox 2134 2638 2450 2691; x_wconf 88' lang='lat' dir='ltr'><strong>naturaliter</strong></span> <span class='ocrx_word' id='word_1_540' title='bbox 2476 2646 2636 2705; x_wconf 81' lang='lat' dir='ltr'><strong>atque</strong></span> <span class='ocrx_word' id='word_1_541' title='bbox 2655 2650 2782 2689; x_wconf 85' lang='lat' dir='ltr'><strong>vere</strong></span> <span class='ocrx_word' id='word_1_542' title='bbox 2804 2635 3326 2703; x_wconf 83' lang='lat' dir='ltr'><strong>exsistens,propter</strong></span> 
     </span>
    </p>
   </div>
   <div class='ocr_carea' id='block_1_70' title="bbox 1754 2724 3327 2797">
    <p class='ocr_par' dir='ltr' id='par_1_70' title="bbox 1754 2724 3327 2797">
     <span class='ocr_line' id='line_1_70' title="bbox 1754 2724 3327 2797; baseline -0.003 -16"><span class='ocrx_word' id='word_1_543' title='bbox 1754 2743 1855 2783; x_wconf 84' lang='lat' dir='ltr'><strong>nos</strong></span> <span class='ocrx_word' id='word_1_544' title='bbox 1902 2727 2165 2782; x_wconf 88' lang='lat' dir='ltr'><strong>sustinuit</strong></span> <span class='ocrx_word' id='word_1_545' title='bbox 2208 2742 2325 2780; x_wconf 90' lang='lat' dir='ltr'><strong>eam</strong></span> <span class='ocrx_word' id='word_1_546' title='bbox 2348 2767 2363 2791; x_wconf 95' lang='lat'><strong>,</strong></span> <span class='ocrx_word' id='word_1_547' title='bbox 2416 2743 2537 2797; x_wconf 77' lang='lat' dir='ltr'><strong>qua:</strong></span> <span class='ocrx_word' id='word_1_548' title='bbox 2564 2726 2667 2779; x_wconf 78' lang='lat' dir='ltr'><strong>fuit</strong></span> <span class='ocrx_word' id='word_1_549' title='bbox 2698 2740 2793 2795; x_wconf 89' lang='lat' dir='ltr'><strong>per</strong></span> <span class='ocrx_word' id='word_1_550' title='bbox 2826 2724 3102 2795; x_wconf 89' lang='lat' dir='ltr'><strong>Virginem</strong></span> <span class='ocrx_word' id='word_1_551' title='bbox 3162 2734 3327 2794; x_wconf 89' lang='lat' dir='ltr'><strong>atque</strong></span> 
     </span>
    </p>
   </div>
   <div class='ocr_carea' id='block_1_71' title="bbox 1754 2815 3325 2887">
    <p class='ocr_par' dir='ltr' id='par_1_71' title="bbox 1754 2815 3325 2887">
     <span class='ocr_line' id='line_1_71' title="bbox 1754 2815 3325 2887; baseline -0.001 -16"><span class='ocrx_word' id='word_1_552' title='bbox 1754 2827 1967 2873; x_wconf 89' lang='lat' dir='ltr'><strong>uterum</strong></span> <span class='ocrx_word' id='word_1_553' title='bbox 2000 2818 2427 2887; x_wconf 85' lang='lat' dir='ltr'><strong>generationem,</strong></span> <span class='ocrx_word' id='word_1_554' title='bbox 2469 2827 2523 2872; x_wconf 92' lang='lat' dir='ltr'><strong>et</strong></span> <span class='ocrx_word' id='word_1_555' title='bbox 2554 2818 2719 2871; x_wconf 90' lang='lat' dir='ltr'><strong>uhera</strong></span> <span class='ocrx_word' id='word_1_556' title='bbox 2749 2818 2911 2870; x_wconf 82' lang='lat' dir='ltr'><strong>suxit.</strong></span> <span class='ocrx_word' id='word_1_557' title='bbox 2936 2815 3121 2886; x_wconf 89' lang='lat' dir='ltr'><strong>Neque</strong></span> <span class='ocrx_word' id='word_1_558' title='bbox 3154 2818 3325 2880; x_wconf 90' lang='lat' dir='ltr'><strong>enim,</strong></span> 
     </span>
    </p>
   </div>
   <div class='ocr_carea' id='block_1_72' title="bbox 1756 2907 3324 2981">
    <p class='ocr_par' dir='ltr' id='par_1_72' title="bbox 1756 2907 3324 2981">
     <span class='ocr_line' id='line_1_72' title="bbox 1756 2907 3324 2981; baseline -0.003 -15"><span class='ocrx_word' id='word_1_559' title='bbox 1756 2921 1816 2966; x_wconf 91' lang='lat' dir='ltr'><strong>ut</strong></span> <span class='ocrx_word' id='word_1_560' title='bbox 1846 2909 2172 2981; x_wconf 84' lang='lat' dir='ltr'><strong>quibusdam</strong></span> <span class='ocrx_word' id='word_1_561' title='bbox 2194 2909 2429 2975; x_wconf 89' lang='lat' dir='ltr'><strong>videtur,</strong></span> <span class='ocrx_word' id='word_1_562' title='bbox 2453 2909 2691 2980; x_wconf 89' lang='lat' dir='ltr'><strong>putative</strong></span> <span class='ocrx_word' id='word_1_563' title='bbox 2721 2908 2820 2962; x_wconf 78' lang='lat' dir='ltr'><strong>fuit</strong></span> <span class='ocrx_word' id='word_1_564' title='bbox 2842 2910 3023 2971; x_wconf 90' lang='lat' dir='ltr'><strong>homo,</strong></span> <span class='ocrx_word' id='word_1_565' title='bbox 3050 2907 3144 2962; x_wconf 88' lang='lat' dir='ltr'><strong>sed</strong></span> <span class='ocrx_word' id='word_1_566' title='bbox 3176 2907 3324 2962; x_wconf 85' lang='lat' dir='ltr'><strong>idem</strong></span> 
     </span>
    </p>
   </div>
   <div class='ocr_carea' id='block_1_73' title="bbox 1755 2999 3326 3072">
    <p class='ocr_par' dir='ltr' id='par_1_73' title="bbox 1755 2999 3326 3072">
     <span class='ocr_line' id='line_1_73' title="bbox 1755 2999 3326 3072; baseline -0.002 -16"><span class='ocrx_word' id='word_1_567' title='bbox 1755 3018 1877 3058; x_wconf 89' lang='lat' dir='ltr'><strong>vere</strong></span> <span class='ocrx_word' id='word_1_568' title='bbox 1906 3001 2176 3072; x_wconf 87' lang='lat' dir='ltr'><strong>apparuit,</strong></span> <span class='ocrx_word' id='word_1_569' title='bbox 2224 3001 2366 3071; x_wconf 87' lang='lat' dir='ltr'><strong>quod</strong></span> <span class='ocrx_word' id='word_1_570' title='bbox 2410 3017 2507 3057; x_wconf 90' lang='lat' dir='ltr'><strong>nos</strong></span> <span class='ocrx_word' id='word_1_571' title='bbox 2547 3016 2759 3065; x_wconf 89' lang='lat' dir='ltr'><strong>sumus,</strong></span> <span class='ocrx_word' id='word_1_572' title='bbox 2809 3000 2900 3069; x_wconf 91' lang='lat' dir='ltr'><strong>qui</strong></span> <span class='ocrx_word' id='word_1_573' title='bbox 2930 3008 3139 3054; x_wconf 58' lang='lat' dir='ltr'><strong>natura),</strong></span> <span class='ocrx_word' id='word_1_574' title='bbox 3179 2999 3326 3068; x_wconf 73' lang='lat' dir='ltr'><strong>lege:</strong></span> 
     </span>
    </p>
   </div>
   <div class='ocr_carea' id='block_1_74' title="bbox 1756 3091 3325 3164">
    <p class='ocr_par' dir='ltr' id='par_1_74' title="bbox 1756 3091 3325 3164">
     <span class='ocr_line' id='line_1_74' title="bbox 1756 3091 3325 3164; baseline -0.002 -16"><span class='ocrx_word' id='word_1_575' title='bbox 1756 3094 2055 3164; x_wconf 89' lang='lat' dir='ltr'><strong>sequimur,</strong></span> <span class='ocrx_word' id='word_1_576' title='bbox 2110 3102 2165 3150; x_wconf 87' lang='lat' dir='ltr'><strong>et</strong></span> <span class='ocrx_word' id='word_1_577' title='bbox 2198 3094 2531 3149; x_wconf 84' lang='lat' dir='ltr'><strong>nutrimento</strong></span> <span class='ocrx_word' id='word_1_578' title='bbox 2574 3108 2706 3148; x_wconf 91' lang='lat' dir='ltr'><strong>usus</strong></span> <span class='ocrx_word' id='word_1_579' title='bbox 2755 3102 2857 3158; x_wconf 89' lang='lat' dir='ltr'><strong>est,</strong></span> <span class='ocrx_word' id='word_1_580' title='bbox 2907 3092 3159 3163; x_wconf 88' lang='lat' dir='ltr'><strong>quamvis</strong></span> <span class='ocrx_word' id='word_1_581' title='bbox 3207 3091 3325 3161; x_wconf 89' lang='lat' dir='ltr'><strong>ipse</strong></span> 
     </span>
    </p>
   </div>
   <div class='ocr_carea' id='block_1_75' title="bbox 1754 3188 2395 3243">
    <p class='ocr_par' dir='ltr' id='par_1_75' title="bbox 1754 3188 2395 3243">
     <span class='ocr_line' id='line_1_75' title="bbox 1754 3188 2395 3243; baseline -0.003 0"><span class='ocrx_word' id='word_1_582' title='bbox 1754 3188 1957 3243; x_wconf 88' lang='lat' dir='ltr'><strong>mundo</strong></span> <span class='ocrx_word' id='word_1_583' title='bbox 1983 3188 2144 3242; x_wconf 86' lang='lat' dir='ltr'><strong>vitam</strong></span> <span class='ocrx_word' id='word_1_584' title='bbox 2169 3188 2338 3242; x_wconf 88' lang='lat' dir='ltr'><strong>daret.</strong></span> <span class='ocrx_word' id='word_1_585' title='bbox 2376 3206 2395 3241; x_wconf 71' lang='grc' dir='ltr'><strong>ι</strong></span> 
     </span>
    </p>
   </div>
   <div class='ocr_carea' id='block_1_76' title="bbox 1822 3276 3329 3345">
    <p class='ocr_par' dir='ltr' id='par_1_76' title="bbox 1822 3276 3329 3345">
     <span class='ocr_line' id='line_1_76' title="bbox 1822 3276 3329 3345; baseline -0.003 -10"><span class='ocrx_word' id='word_1_586' title='bbox 1822 3280 2089 3336; x_wconf 86' lang='lat' dir='ltr'><strong>Omnibus</strong></span> <span class='ocrx_word' id='word_1_587' title='bbox 2118 3280 2203 3334; x_wconf 91' lang='lat' dir='ltr'><strong>his</strong></span> <span class='ocrx_word' id='word_1_588' title='bbox 2239 3279 2557 3335; x_wconf 86' lang='lat' dir='ltr'><strong>decretoriis</strong></span> <span class='ocrx_word' id='word_1_589' title='bbox 2591 3278 3009 3334; x_wconf 79' lang='lat' dir='ltr'><strong>auctoritatibus</strong></span> <span class='ocrx_word' id='word_1_590' title='bbox 3044 3276 3168 3332; x_wconf 84' lang='lat' dir='ltr'><strong>addi</strong></span> <span class='ocrx_word' id='word_1_591' title='bbox 3199 3290 3329 3345; x_wconf 86' lang='lat' dir='ltr'><strong>pos-</strong></span> 
     </span>
    </p>
   </div>
   <div class='ocr_carea' id='block_1_77' title="bbox 1755 3370 3323 3443">
    <p class='ocr_par' dir='ltr' id='par_1_77' title="bbox 1755 3370 3323 3443">
     <span class='ocr_line' id='line_1_77' title="bbox 1755 3370 3323 3443; baseline -0.004 -15"><span class='ocrx_word' id='word_1_592' title='bbox 1755 3382 1882 3428; x_wconf 92' lang='lat' dir='ltr'><strong>sunt</strong></span> <span class='ocrx_word' id='word_1_593' title='bbox 1907 3373 2009 3427; x_wconf 88' lang='lat' dir='ltr'><strong>alia</strong></span> <span class='ocrx_word' id='word_1_594' title='bbox 2029 3373 2138 3428; x_wconf 92' lang='lat' dir='ltr'><strong>duo</strong></span> <span class='ocrx_word' id='word_1_595' title='bbox 2164 3373 2281 3427; x_wconf 91' lang='lat' dir='ltr'><strong>loca</strong></span> <span class='ocrx_word' id='word_1_596' title='bbox 2304 3389 2369 3427; x_wconf 83' lang='lat' dir='ltr'><strong>ex</strong></span> <span class='ocrx_word' id='word_1_597' title='bbox 2401 3373 2618 3442; x_wconf 91' lang='lat' dir='ltr'><strong>scriptis</strong></span> <span class='ocrx_word' id='word_1_598' title='bbox 2646 3374 2701 3427; x_wconf 84' lang='lat' dir='ltr'><strong>S.</strong></span> <span class='ocrx_word' id='word_1_599' title='bbox 2739 3370 3033 3443; x_wconf 79' lang='lat' dir='ltr'><strong>Hippolyti,</strong></span> <span class='ocrx_word' id='word_1_600' title='bbox 3064 3386 3184 3440; x_wconf 68' lang='lat' dir='ltr'><strong>quae</strong></span> <span class='ocrx_word' id='word_1_601' title='bbox 3224 3384 3323 3423; x_wconf 76' lang='lat' dir='ltr'><strong>ex—</strong></span> 
     </span>
    </p>
   </div>
   <div class='ocr_carea' id='block_1_78' title="bbox 1754 3463 3327 3535">
    <p class='ocr_par' dir='ltr' id='par_1_78' title="bbox 1754 3463 3327 3535">
     <span class='ocr_line' id='line_1_78' title="bbox 1754 3463 3327 3535; baseline -0.002 -15"><span class='ocrx_word' id='word_1_602' title='bbox 1754 3481 1941 3535; x_wconf 90' lang='lat' dir='ltr'><strong>presse</strong></span> <span class='ocrx_word' id='word_1_603' title='bbox 1970 3470 2104 3520; x_wconf 88' lang='lat' dir='ltr'><strong>adco</strong></span> <span class='ocrx_word' id='word_1_604' title='bbox 2132 3465 2468 3520; x_wconf 84' lang='lat' dir='ltr'><strong>divinitatem</strong></span> <span class='ocrx_word' id='word_1_605' title='bbox 2504 3464 2626 3519; x_wconf 87' lang='lat' dir='ltr'><strong>Filii</strong></span> <span class='ocrx_word' id='word_1_606' title='bbox 2664 3465 2755 3519; x_wconf 91' lang='lat' dir='ltr'><strong>Dei</strong></span> <span class='ocrx_word' id='word_1_607' title='bbox 2786 3464 2995 3519; x_wconf 86' lang='lat' dir='ltr'><strong>Domini</strong></span> <span class='ocrx_word' id='word_1_608' title='bbox 3027 3463 3327 3517; x_wconf 88' lang='lat' dir='ltr'><strong>Salvatoris</strong></span> 
     </span>
    </p>
   </div>
   <div class='ocr_carea' id='block_1_79' title="bbox 1754 3555 3328 3627">
    <p class='ocr_par' dir='ltr' id='par_1_79' title="bbox 1754 3555 3328 3627">
     <span class='ocr_line' id='line_1_79' title="bbox 1754 3555 3328 3627; baseline -0.001 -17"><span class='ocrx_word' id='word_1_609' title='bbox 1754 3558 1923 3613; x_wconf 91' lang='lat' dir='ltr'><strong>nostri</strong></span> <span class='ocrx_word' id='word_1_610' title='bbox 1952 3555 2077 3611; x_wconf 85' lang='lat' dir='ltr'><strong>Jesu</strong></span> <span class='ocrx_word' id='word_1_611' title='bbox 2106 3556 2330 3624; x_wconf 90' lang='lat' dir='ltr'><strong>Christi,</strong></span> <span class='ocrx_word' id='word_1_612' title='bbox 2355 3557 2583 3627; x_wconf 87' lang='lat' dir='ltr'><strong>ejusque</strong></span> <span class='ocrx_word' id='word_1_613' title='bbox 2606 3555 3247 3621; x_wconf 89' lang='lat' dir='ltr'><strong>consubstantialitatem,</strong></span> <span class='ocrx_word' id='word_1_614' title='bbox 3270 3564 3328 3609; x_wconf 87' lang='lat' dir='ltr'><strong>et</strong></span> 
     </span>
    </p>
   </div>
   <div class='ocr_carea' id='block_1_80' title="bbox 1753 3647 3323 3711">
    <p class='ocr_par' dir='ltr' id='par_1_80' title="bbox 1753 3647 3323 3711">
     <span class='ocr_line' id='line_1_80' title="bbox 1753 3647 3323 3711; baseline -0.001 -11"><span class='ocrx_word' id='word_1_615' title='bbox 1753 3648 2167 3702; x_wconf 65' lang='lat' dir='ltr'><strong>coaeternitatem</strong></span> <span class='ocrx_word' id='word_1_616' title='bbox 2199 3664 2321 3701; x_wconf 93' lang='lat' dir='ltr'><strong>cum</strong></span> <span class='ocrx_word' id='word_1_617' title='bbox 2352 3647 2509 3701; x_wconf 90' lang='lat' dir='ltr'><strong>Patre</strong></span> <span class='ocrx_word' id='word_1_618' title='bbox 2538 3648 2933 3711; x_wconf 91' lang='lat' dir='ltr'><strong>demonstrant,</strong></span> <span class='ocrx_word' id='word_1_619' title='bbox 2965 3656 3024 3702; x_wconf 89' lang='lat' dir='ltr'><strong>ut</strong></span> <span class='ocrx_word' id='word_1_620' title='bbox 3049 3648 3180 3700; x_wconf 88' lang='lat' dir='ltr'><strong>nihil</strong></span> <span class='ocrx_word' id='word_1_621' title='bbox 3205 3662 3323 3700; x_wconf 86' lang='lat' dir='ltr'><strong>ma-</strong></span> 
     </span>
    </p>
   </div>
   <div class='ocr_carea' id='block_1_81' title="bbox 1750 3738 3325 3809">
    <p class='ocr_par' dir='ltr' id='par_1_81' title="bbox 1750 3738 3325 3809">
     <span class='ocr_line' id='line_1_81' title="bbox 1750 3738 3325 3809; baseline -0.001 -16"><span class='ocrx_word' id='word_1_622' title='bbox 1750 3740 1835 3809; x_wconf 70' lang='lat' dir='ltr'><strong>gis</strong></span> <span class='ocrx_word' id='word_1_623' title='bbox 1866 3740 2161 3795; x_wconf 85' lang='lat' dir='ltr'><strong>desiderari</strong></span> <span class='ocrx_word' id='word_1_624' title='bbox 2187 3751 2371 3809; x_wconf 89' lang='lat' dir='ltr'><strong>queat.</strong></span> <span class='ocrx_word' id='word_1_625' title='bbox 2426 3742 2487 3794; x_wconf 93' lang='lat' dir='ltr'><strong>In</strong></span> <span class='ocrx_word' id='word_1_626' title='bbox 2551 3750 2783 3794; x_wconf 89' lang='lat' dir='ltr'><strong>tractatu</strong></span> <span class='ocrx_word' id='word_1_627' title='bbox 2806 3741 3066 3793; x_wconf 83' lang='lat' dir='ltr'><strong>Adversus</strong></span> <span class='ocrx_word' id='word_1_628' title='bbox 3094 3738 3325 3792; x_wconf 77' lang='lat' dir='ltr'><strong>Nectum</strong></span> 
     </span>
    </p>
   </div>
   <div class='ocr_carea' id='block_1_82' title="bbox 1753 3829 3325 3902">
    <p class='ocr_par' dir='ltr' id='par_1_82' title="bbox 1753 3829 3325 3902">
     <span class='ocr_line' id='line_1_82' title="bbox 1753 3829 3325 3902; baseline 0 -18"><span class='ocrx_word' id='word_1_629' title='bbox 1753 3830 1867 3885; x_wconf 77' lang='lat' dir='ltr'><strong>han</strong></span> <span class='ocrx_word' id='word_1_630' title='bbox 1896 3831 1951 3884; x_wconf 89' lang='lat' dir='ltr'><strong>in</strong></span> <span class='ocrx_word' id='word_1_631' title='bbox 1985 3829 2260 3902; x_wconf 86' lang='lat' dir='ltr'><strong>Evangelii</strong></span> <span class='ocrx_word' id='word_1_632' title='bbox 2310 3833 2472 3887; x_wconf 85' lang='lat' dir='ltr'><strong>verba</strong></span> <span class='ocrx_word' id='word_1_633' title='bbox 2506 3850 2519 3886; x_wconf 92' lang='lat'>:</span> <span class='ocrx_word' id='word_1_634' title='bbox 2562 3851 2581 3883; x_wconf 83' lang='grc'><strong><em>‹</em></strong></span> <span class='ocrx_word' id='word_1_635' title='bbox 2624 3832 2733 3901; x_wconf 81' lang='lat' dir='ltr'><strong>Ego</strong></span> <span class='ocrx_word' id='word_1_636' title='bbox 2761 3840 2816 3887; x_wconf 90' lang='lat' dir='ltr'><strong>et</strong></span> <span class='ocrx_word' id='word_1_637' title='bbox 2852 3832 3009 3887; x_wconf 87' lang='lat' dir='ltr'><strong>Pater</strong></span> <span class='ocrx_word' id='word_1_638' title='bbox 3044 3848 3208 3887; x_wconf 89' lang='lat' dir='ltr'><strong>unum</strong></span> <span class='ocrx_word' id='word_1_639' title='bbox 3237 3848 3325 3887; x_wconf 89' lang='lat' dir='ltr'><strong>su-</strong></span> 
     </span>
    </p>
   </div>
   <div class='ocr_carea' id='block_1_83' title="bbox 1750 3921 3323 3992">
    <p class='ocr_par' dir='ltr' id='par_1_83' title="bbox 1750 3921 3323 3992">
     <span class='ocr_line' id='line_1_83' title="bbox 1750 3921 3323 3992; baseline 0.001 -18"><span class='ocrx_word' id='word_1_640' title='bbox 1750 3936 1875 3976; x_wconf 90' lang='lat' dir='ltr'><strong>mus</strong></span> <span class='ocrx_word' id='word_1_641' title='bbox 1914 3921 1958 3988; x_wconf 70' lang='grc' dir='ltr'><strong>δ,</strong></span> <span class='ocrx_word' id='word_1_642' title='bbox 2020 3940 2040 3974; x_wconf 86' lang='grc'><strong>›</strong></span> <span class='ocrx_word' id='word_1_643' title='bbox 2104 3932 2285 3992; x_wconf 89' lang='lat' dir='ltr'><strong>aperte</strong></span> <span class='ocrx_word' id='word_1_644' title='bbox 2316 3923 2556 3978; x_wconf 89' lang='lat' dir='ltr'><strong>declarat</strong></span> <span class='ocrx_word' id='word_1_645' title='bbox 2580 3922 2793 3975; x_wconf 85' lang='lat' dir='ltr'><strong>Patrem</strong></span> <span class='ocrx_word' id='word_1_646' title='bbox 2824 3931 2877 3976; x_wconf 92' lang='lat' dir='ltr'><strong>et</strong></span> <span class='ocrx_word' id='word_1_647' title='bbox 2925 3922 3119 3976; x_wconf 87' lang='lat' dir='ltr'><strong>Filium</strong></span> <span class='ocrx_word' id='word_1_648' title='bbox 3150 3938 3323 3976; x_wconf 90' lang='lat' dir='ltr'><strong>unum</strong></span> 
     </span>
    </p>
   </div>
   <div class='ocr_carea' id='block_1_84' title="bbox 1753 4010 3321 4084">
    <p class='ocr_par' dir='ltr' id='par_1_84' title="bbox 1753 4010 3321 4084">
     <span class='ocr_line' id='line_1_84' title="bbox 1753 4010 3321 4084; baseline 0 -19"><span class='ocrx_word' id='word_1_649' title='bbox 1753 4010 2003 4083; x_wconf 89' lang='lat' dir='ltr'><strong>idemque</strong></span> <span class='ocrx_word' id='word_1_650' title='bbox 2028 4029 2167 4078; x_wconf 89' lang='lat' dir='ltr'><strong>esse,</strong></span> <span class='ocrx_word' id='word_1_651' title='bbox 2200 4014 2326 4084; x_wconf 90' lang='lat' dir='ltr'><strong>quia</strong></span> <span class='ocrx_word' id='word_1_652' title='bbox 2358 4033 2377 4065; x_wconf 72' lang='grc' dir='ltr'>ί</span> <span class='ocrx_word' id='word_1_653' title='bbox 2411 4030 2574 4068; x_wconf 91' lang='lat' dir='ltr'><strong>unam</strong></span> <span class='ocrx_word' id='word_1_654' title='bbox 2601 4014 2954 4083; x_wconf 89' lang='lat' dir='ltr'><strong>eamdemque</strong></span> <span class='ocrx_word' id='word_1_655' title='bbox 2986 4013 3185 4067; x_wconf 89' lang='lat' dir='ltr'><strong>habent</strong></span> <span class='ocrx_word' id='word_1_656' title='bbox 3214 4012 3321 4065; x_wconf 85' lang='lat' dir='ltr'><strong>vir-</strong></span> 
     </span>
    </p>
   </div>
   <div class='ocr_carea' id='block_1_85' title="bbox 1754 4103 3324 4175">
    <p class='ocr_par' dir='ltr' id='par_1_85' title="bbox 1754 4103 3324 4175">
     <span class='ocr_line' id='line_1_85' title="bbox 1754 4103 3324 4175; baseline 0 -20"><span class='ocrx_word' id='word_1_657' title='bbox 1754 4108 1923 4156; x_wconf 88' lang='lat' dir='ltr'><strong>tutem</strong></span> <span class='ocrx_word' id='word_1_658' title='bbox 1952 4112 2005 4158; x_wconf 90' lang='lat' dir='ltr'><strong>et</strong></span> <span class='ocrx_word' id='word_1_659' title='bbox 2032 4105 2325 4174; x_wconf 87' lang='lat' dir='ltr'><strong>potentiam</strong></span> <span class='ocrx_word' id='word_1_660' title='bbox 2373 4104 2519 4175; x_wconf 83' lang='lat'><strong>(59);</strong></span> <span class='ocrx_word' id='word_1_661' title='bbox 2569 4124 2588 4158; x_wconf 72' lang='grc' dir='ltr'><strong><em>ι</em></strong></span> <span class='ocrx_word' id='word_1_662' title='bbox 2643 4115 2695 4159; x_wconf 90' lang='lat' dir='ltr'><strong>et</strong></span> <span class='ocrx_word' id='word_1_663' title='bbox 2751 4104 2802 4158; x_wconf 91' lang='lat' dir='ltr'><strong>in</strong></span> <span class='ocrx_word' id='word_1_664' title='bbox 2850 4112 3078 4158; x_wconf 89' lang='lat' dir='ltr'><strong>tractatu</strong></span> <span class='ocrx_word' id='word_1_665' title='bbox 3121 4103 3324 4158; x_wconf 78' lang='lat' dir='ltr'><strong>Contra</strong></span> 
     </span>
    </p>
   </div>
   <div class='ocr_carea' id='block_1_86' title="bbox 1752 4192 3319 4267">
    <p class='ocr_par' dir='ltr' id='par_1_86' title="bbox 1752 4192 3319 4267">
     <span class='ocr_line' id='line_1_86' title="bbox 1752 4192 3319 4267; baseline 0.001 -20"><span class='ocrx_word' id='word_1_666' title='bbox 1752 4192 1970 4250; x_wconf 69' lang='lat' dir='ltr'><strong>Judaaos</strong></span> <span class='ocrx_word' id='word_1_667' title='bbox 1998 4197 2200 4267; x_wconf 86' lang='lat' dir='ltr'><strong>pariter</strong></span> <span class='ocrx_word' id='word_1_668' title='bbox 2232 4212 2485 4267; x_wconf 80' lang='lat' dir='ltr'><strong>expresse</strong></span> <span class='ocrx_word' id='word_1_669' title='bbox 2520 4197 2651 4253; x_wconf 89' lang='lat' dir='ltr'><strong>dicit</strong></span> <span class='ocrx_word' id='word_1_670' title='bbox 2682 4195 2959 4251; x_wconf 89' lang='lat' dir='ltr'><strong>Christum</strong></span> <span class='ocrx_word' id='word_1_671' title='bbox 2988 4210 3107 4251; x_wconf 88' lang='lat' dir='ltr'><strong>esse</strong></span> <span class='ocrx_word' id='word_1_672' title='bbox 3132 4210 3319 4249; x_wconf 85' lang='lat' dir='ltr'><strong>verum</strong></span> 
     </span>
    </p>
   </div>
   <div class='ocr_carea' id='block_1_87' title="bbox 196 4348 1871 4439">
    <p class='ocr_par' dir='ltr' id='par_1_87' title="bbox 196 4348 1871 4439">
     <span class='ocr_line' id='line_1_87' title="bbox 196 4348 1871 4439; baseline 0.015 -36"><span class='ocrx_word' id='word_1_673' title='bbox 196 4348 409 4424; x_wconf 73' lang='lat' dir='ltr'><strong>‘JoanJ,</strong></span> <span class='ocrx_word' id='word_1_674' title='bbox 430 4358 539 4417; x_wconf 74' lang='grc'><strong>1-5.</strong></span> <span class='ocrx_word' id='word_1_675' title='bbox 605 4359 625 4391; x_wconf 79' lang='grc'>³</span> <span class='ocrx_word' id='word_1_676' title='bbox 645 4359 982 4433; x_wconf 85' lang='lat' dir='ltr'><strong>Philip.tt,7,</strong></span> <span class='ocrx_word' id='word_1_677' title='bbox 998 4360 1052 4418; x_wconf 90' lang='lat'><strong>8.</strong></span> <span class='ocrx_word' id='word_1_678' title='bbox 1082 4365 1103 4398; x_wconf 86' lang='grc'><em>³</em></span> <span class='ocrx_word' id='word_1_679' title='bbox 1124 4364 1287 4435; x_wconf 86' lang='lat' dir='ltr'><strong>lbid.,</strong></span> <span class='ocrx_word' id='word_1_680' title='bbox 1318 4368 1371 4424; x_wconf 91' lang='lat'><strong>9.</strong></span> <span class='ocrx_word' id='word_1_681' title='bbox 1449 4369 1474 4402; x_wconf 77' lang='grc'><strong>⁸</strong></span> <span class='ocrx_word' id='word_1_682' title='bbox 1508 4367 1668 4427; x_wconf 80' lang='lat' dir='ltr'><strong>Joan.</strong></span> <span class='ocrx_word' id='word_1_683' title='bbox 1698 4385 1755 4439; x_wconf 71' lang='grc' dir='ltr'><strong>Χ,</strong></span> <span class='ocrx_word' id='word_1_684' title='bbox 1788 4371 1871 4427; x_wconf 79' lang='grc'><strong>50.</strong></span> 
     </span>
    </p>
   </div>
   <div class='ocr_carea' id='block_1_88' title="bbox 178 4550 3317 4649">
    <p class='ocr_par' dir='ltr' id='par_1_88' title="bbox 178 4550 3317 4649">
     <span class='ocr_line' id='line_1_88' title="bbox 178 4550 3317 4649; baseline 0.009 -39"><span class='ocrx_word' id='word_1_685' title='bbox 178 4550 644 4649; x_wconf 45' lang='lat' dir='ltr'><strong>ESL&#39;fheodoret.</strong></span> <span class='ocrx_word' id='word_1_686' title='bbox 696 4560 923 4633; x_wconf 84' lang='lat' dir='ltr'><strong>Dialog.,</strong></span> <span class='ocrx_word' id='word_1_687' title='bbox 962 4565 1173 4637; x_wconf 40' lang='lat' dir='ltr'><strong>i,‘tom.</strong></span> <span class='ocrx_word' id='word_1_688' title='bbox 1216 4566 1284 4622; x_wconf 81' lang='lat' dir='ltr'><strong>IV</strong></span> <span class='ocrx_word' id='word_1_689' title='bbox 1319 4567 1478 4641; x_wconf 86' lang='lat' dir='ltr'><strong>0pp.,</strong></span> <span class='ocrx_word' id='word_1_690' title='bbox 1509 4573 1638 4630; x_wconf 90' lang='lat' dir='ltr'><strong>edit.</strong></span> <span class='ocrx_word' id='word_1_691' title='bbox 1673 4556 1721 4613; x_wconf 80' lang='grc' dir='ltr'>Ῑ)</span> <span class='ocrx_word' id='word_1_692' title='bbox 1750 4577 2012 4632; x_wconf 88' lang='lat' dir='ltr'><strong>mediator</strong></span> <span class='ocrx_word' id='word_1_693' title='bbox 2041 4577 2133 4633; x_wconf 90' lang='lat' dir='ltr'><strong>Dei</strong></span> <span class='ocrx_word' id='word_1_694' title='bbox 2159 4588 2213 4633; x_wconf 87' lang='lat' dir='ltr'><strong>et</strong></span> <span class='ocrx_word' id='word_1_695' title='bbox 2239 4579 2543 4644; x_wconf 91' lang='lat' dir='ltr'><strong>hominum,</strong></span> <span class='ocrx_word' id='word_1_696' title='bbox 2575 4578 2643 4635; x_wconf 90' lang='lat' dir='ltr'><strong>ab</strong></span> <span class='ocrx_word' id='word_1_697' title='bbox 2678 4581 2926 4649; x_wconf 89' lang='lat' dir='ltr'><strong>utrisque</strong></span> <span class='ocrx_word' id='word_1_698' title='bbox 2953 4582 3317 4637; x_wconf 89' lang='lat' dir='ltr'><strong>arrhabonem</strong></span> 
     </span>
    </p>
   </div>
   <div class='ocr_carea' id='block_1_89' title="bbox 148 4614 366 4682">
    <p class='ocr_par' dir='ltr' id='par_1_89' title="bbox 148 4614 366 4682">
     <span class='ocr_line' id='line_1_89' title="bbox 148 4614 366 4682; baseline 0.06 -13"><span class='ocrx_word' id='word_1_699' title='bbox 148 4614 366 4682; x_wconf 82' lang='lat' dir='ltr'><strong>Sirmond.</strong></span> 
     </span>
    </p>
   </div>
   <div class='ocr_carea' id='block_1_90' title="bbox 196 4714 1643 4807">
    <p class='ocr_par' dir='ltr' id='par_1_90' title="bbox 196 4714 1643 4807">
     <span class='ocr_line' id='line_1_90' title="bbox 196 4714 1643 4807; baseline 0.011 -30"><span class='ocrx_word' id='word_1_700' title='bbox 196 4714 282 4807; x_wconf 55' lang='lat' dir='ltr'><strong>(5ft)</strong></span> <span class='ocrx_word' id='word_1_701' title='bbox 310 4719 649 4807; x_wconf 51' lang='lat' dir='ltr'><strong>Theodorei.</strong></span> <span class='ocrx_word' id='word_1_702' title='bbox 682 4725 913 4807; x_wconf 41' lang='grc' dir='ltr'><strong>ιὶὶαιιζετΣ</strong></span> <span class='ocrx_word' id='word_1_703' title='bbox 951 4730 1005 4793; x_wconf 77' lang='grc'><strong>9,</strong></span> <span class='ocrx_word' id='word_1_704' title='bbox 1052 4728 1207 4807; x_wconf 53' lang='grc' dir='ltr'>Ορρτ,</span> <span class='ocrx_word' id='word_1_705' title='bbox 1229 4740 1370 4807; x_wconf 63' lang='lat' dir='ltr'><strong>tum.</strong></span> <span class='ocrx_word' id='word_1_706' title='bbox 1403 4732 1491 4807; x_wconf 84' lang='lat' dir='ltr'><strong>IV,</strong></span> <span class='ocrx_word' id='word_1_707' title='bbox 1522 4752 1643 4807; x_wconf 80' lang='lat' dir='ltr'><strong>pag.</strong></span> 
     </span>
    </p>
   </div>
   <div class='ocr_carea' id='block_1_91' title="bbox 142 4777 1645 4907">
    <p class='ocr_par' dir='ltr' id='par_1_91' title="bbox 142 4777 1645 4905">
     <span class='ocr_line' id='line_1_91' title="bbox 142 4777 1645 4905; baseline 0.018 -69"><span class='ocrx_word' id='word_1_708' title='bbox 142 4777 218 4905; x_wconf 37' lang='lat'><strong>383%</strong></span> <span class='ocrx_word' id='word_1_709' title='bbox 234 4777 355 4858; x_wconf 82' lang='lat' dir='ltr'><strong>apud</strong></span> <span class='ocrx_word' id='word_1_710' title='bbox 380 4777 646 4861; x_wconf 63' lang='lat' dir='ltr'><strong>Fabrici,&quot;</strong></span> <span class='ocrx_word' id='word_1_711' title='bbox 660 4777 938 4867; x_wconf 48' lang='lat' dir='ltr'><strong>nam,</strong></span> <span class='ocrx_word' id='word_1_712' title='bbox 953 4777 1025 4854; x_wconf 76' lang='grc' dir='ltr'><strong>’ἐι</strong></span> <span class='ocrx_word' id='word_1_713' title='bbox 1048 4777 1491 4871; x_wconf 48' lang='lat' dir='ltr'><strong>generum:</strong></span> <span class='ocrx_word' id='word_1_714' title='bbox 1521 4777 1645 4879; x_wconf 60' lang='grc' dir='ltr'><strong>ἓξὲξ</strong></span> 
     </span>
    </p>
   </div>
   <div class='ocr_carea' id='block_1_92' title="bbox 139 4942 1643 5064">
    <p class='ocr_par' dir='ltr' id='par_1_92' title="bbox 139 4942 1643 5064">
     <span class='ocr_line' id='line_1_92' title="bbox 139 4942 1643 5064; baseline 0.013 -65"><span class='ocrx_word' id='word_1_715' title='bbox 139 4942 280 5064; x_wconf 43' lang='grc' dir='ltr'><strong>ἤὲεη</strong></span> <span class='ocrx_word' id='word_1_716' title='bbox 304 4948 651 5017; x_wconf 83' lang='lat' dir='ltr'><strong>Theodoret.,</strong></span> <span class='ocrx_word' id='word_1_717' title='bbox 698 4955 795 5011; x_wconf 86' lang='lat' dir='ltr'><strong>loc.</strong></span> <span class='ocrx_word' id='word_1_718' title='bbox 828 4958 943 5025; x_wconf 83' lang='lat' dir='ltr'><strong>cit.,</strong></span> <span class='ocrx_word' id='word_1_719' title='bbox 986 4966 1041 5014; x_wconf 91' lang='lat' dir='ltr'><strong>et</strong></span> <span class='ocrx_word' id='word_1_720' title='bbox 1066 4960 1208 5031; x_wconf 79' lang='lat' dir='ltr'><strong>apud</strong></span> <span class='ocrx_word' id='word_1_721' title='bbox 1240 4959 1482 5029; x_wconf 86' lang='lat' dir='ltr'><strong>Fabric.,</strong></span> <span class='ocrx_word' id='word_1_722' title='bbox 1520 4979 1643 5035; x_wconf 85' lang='lat' dir='ltr'><strong>pag.</strong></span> 
     </span>
     <span class='ocr_line' id='line_1_93' title="bbox 229 5023 836 5064; baseline 0 0"><span class='ocrx_word' id='word_1_723' title='bbox 229 5024 400 5064; x_wconf 74' lang='lat' dir='ltr'><strong>:anml</strong></span> <span class='ocrx_word' id='word_1_724' title='bbox 427 5023 652 5064; x_wconf 63' lang='lat' dir='ltr'><strong>Callnml</strong></span> <span class='ocrx_word' id='word_1_725' title='bbox 734 5028 836 5064; x_wconf 66' lang='grc' dir='ltr'><strong>ως</strong></span> 
     </span>
    </p>
   </div>
   <div class='ocr_carea' id='block_1_93' title="bbox 229 5023 857 5087">
    <p class='ocr_par' dir='ltr' id='par_1_93' title="bbox 229 5023 857 5087">
     <span class='ocr_line' id='line_1_94' title="bbox 229 5023 857 5087; baseline 0.016 -14"><span class='ocrx_word' id='word_1_726' title='bbox 229 5034 242 5073; x_wconf 86' lang='grc'>;</span> <span class='ocrx_word' id='word_1_727' title='bbox 269 5024 400 5087; x_wconf 80' lang='lat' dir='ltr'><strong>apud</strong></span> <span class='ocrx_word' id='word_1_728' title='bbox 427 5023 699 5087; x_wconf 86' lang='lat' dir='ltr'><strong>Gallaud.,</strong></span> <span class='ocrx_word' id='word_1_729' title='bbox 732 5028 857 5083; x_wconf 67' lang='lat'><strong>496.</strong></span> 
     </span>
    </p>
   </div>
   <div class='ocr_carea' id='block_1_94' title="bbox 190 5104 1643 5193">
    <p class='ocr_par' dir='ltr' id='par_1_94' title="bbox 190 5104 1643 5193">
     <span class='ocr_line' id='line_1_95' title="bbox 190 5104 1643 5193; baseline 0.008 -25"><span class='ocrx_word' id='word_1_730' title='bbox 190 5104 276 5193; x_wconf 51' lang='lat'><strong>(.53)</strong></span> <span class='ocrx_word' id='word_1_731' title='bbox 303 5109 781 5193; x_wconf 59' lang='lat' dir='ltr'><strong>§x_Comn_tenturi9</strong></span> <span class='ocrx_word' id='word_1_732' title='bbox 809 5118 865 5175; x_wconf 92' lang='lat' dir='ltr'><strong>S.</strong></span> <span class='ocrx_word' id='word_1_733' title='bbox 894 5118 1162 5193; x_wconf 82' lang='lat' dir='ltr'><strong>Hippolyti</strong></span> <span class='ocrx_word' id='word_1_734' title='bbox 1184 5123 1239 5177; x_wconf 81' lang='lat' dir='ltr'><strong>in</strong></span> <span class='ocrx_word' id='word_1_735' title='bbox 1270 5123 1643 5179; x_wconf 67' lang='lat' dir='ltr'><strong>benedictione:</strong></span> 
     </span>
    </p>
   </div>
   <div class='ocr_carea' id='block_1_95' title="bbox 140 5170 1645 5251">
    <p class='ocr_par' dir='ltr' id='par_1_95' title="bbox 140 5170 1645 5251">
     <span class='ocr_line' id='line_1_96' title="bbox 140 5170 1645 5251; baseline 0.015 -26"><span class='ocrx_word' id='word_1_736' title='bbox 140 5170 335 5251; x_wconf 61' lang='grc' dir='ltr'><strong>ιξαιαάηιὶ</strong></span> <span class='ocrx_word' id='word_1_737' title='bbox 374 5184 489 5238; x_wconf 62' lang='lat' dir='ltr'><strong>haec</strong></span> <span class='ocrx_word' id='word_1_738' title='bbox 529 5188 713 5241; x_wconf 89' lang='lat' dir='ltr'><strong>citavit</strong></span> <span class='ocrx_word' id='word_1_739' title='bbox 736 5170 1645 5249; x_wconf 52' lang='lat' dir='ltr'><strong>Lebinit&#39;h&#39;ini.&quot;{MSZ&#39;NEJBI</strong></span> 
     </span>
    </p>
   </div>
   <div class='ocr_carea' id='block_1_96' title="bbox 139 5252 1643 5334">
    <p class='ocr_par' dir='ltr' id='par_1_96' title="bbox 139 5252 1643 5334">
     <span class='ocr_line' id='line_1_97' title="bbox 139 5252 1643 5334; baseline 0.002 -18"><span class='ocrx_word' id='word_1_740' title='bbox 139 5257 253 5334; x_wconf 36' lang='lat'><strong>1&#39;1?</strong></span> <span class='ocrx_word' id='word_1_741' title='bbox 272 5261 314 5301; x_wconf 73' lang='grc' dir='ltr'><strong><em>ιι</em></strong></span> <span class='ocrx_word' id='word_1_742' title='bbox 344 5252 628 5334; x_wconf 47' lang='grc' dir='ltr'><strong>,Ειιῃοξιεῃ</strong></span> <span class='ocrx_word' id='word_1_743' title='bbox 658 5277 677 5311; x_wconf 85' lang='lat'><strong>.&#39;</strong></span> <span class='ocrx_word' id='word_1_744' title='bbox 712 5277 730 5310; x_wconf 85' lang='grc'>‹</span> <span class='ocrx_word' id='word_1_745' title='bbox 781 5258 851 5334; x_wconf 82' lang='lat' dir='ltr'><strong>Ut</strong></span> <span class='ocrx_word' id='word_1_746' title='bbox 901 5262 1302 5318; x_wconf 89' lang='lat' dir='ltr'><strong>demonstretur</strong></span> <span class='ocrx_word' id='word_1_747' title='bbox 1361 5274 1643 5334; x_wconf 90' lang='lat' dir='ltr'><strong>utramque</strong></span> 
     </span>
    </p>
   </div>
   <div class='ocr_carea' id='block_1_97' title="bbox 139 5318 1643 5396">
    <p class='ocr_par' dir='ltr' id='par_1_97' title="bbox 139 5318 1643 5396">
     <span class='ocr_line' id='line_1_98' title="bbox 139 5318 1643 5396; baseline 0.013 -26"><span class='ocrx_word' id='word_1_748' title='bbox 139 5318 306 5396; x_wconf 54' lang='lat' dir='ltr'><strong>{timent</strong></span> <span class='ocrx_word' id='word_1_749' title='bbox 340 5322 396 5377; x_wconf 84' lang='lat' dir='ltr'><strong>in</strong></span> <span class='ocrx_word' id='word_1_750' title='bbox 443 5318 504 5380; x_wconf 69' lang='lat' dir='ltr'><strong>se</strong></span> <span class='ocrx_word' id='word_1_751' title='bbox 538 5329 734 5384; x_wconf 88' lang='lat' dir='ltr'><strong>habere</strong></span> <span class='ocrx_word' id='word_1_752' title='bbox 764 5332 1118 5386; x_wconf 87' lang='lat' dir='ltr'><strong>substantiam</strong></span> <span class='ocrx_word' id='word_1_753' title='bbox 1149 5373 1163 5395; x_wconf 90' lang='lat'><strong>,</strong></span> <span class='ocrx_word' id='word_1_754' title='bbox 1218 5335 1424 5389; x_wconf 88' lang='lat' dir='ltr'><strong>scilicet</strong></span> <span class='ocrx_word' id='word_1_755' title='bbox 1465 5318 1568 5388; x_wconf 64' lang='grc' dir='ltr'><strong>Βιξῖ</strong></span> <span class='ocrx_word' id='word_1_756' title='bbox 1588 5344 1643 5388; x_wconf 91' lang='lat' dir='ltr'><strong>et</strong></span> 
     </span>
    </p>
   </div>
   <div class='ocr_carea' id='block_1_98' title="bbox 142 5380 1641 5475">
    <p class='ocr_par' dir='ltr' id='par_1_98' title="bbox 142 5380 1641 5475">
     <span class='ocr_line' id='line_1_99' title="bbox 142 5380 1641 5475; baseline 0.013 -35"><span class='ocrx_word' id='word_1_757' title='bbox 142 5380 385 5475; x_wconf 40' lang='lat' dir='ltr'><strong>l&#39;t‘ftlzliuum,</strong></span> <span class='ocrx_word' id='word_1_758' title='bbox 409 5396 564 5475; x_wconf 43' lang='lat' dir='ltr'><strong>.sicut</strong></span> <span class='ocrx_word' id='word_1_759' title='bbox 580 5380 1027 5475; x_wconf 52' lang='lat' dir='ltr'><strong>“in</strong></span> <span class='ocrx_word' id='word_1_760' title='bbox 1034 5380 1454 5475; x_wconf 34' lang='grc' dir='ltr'><strong>ῗί-Μεάῖἷιίίρἷίι</strong></span> <span class='ocrx_word' id='word_1_761' title='bbox 1461 5380 1641 5459; x_wconf 47' lang='lat' dir='ltr'><strong>uid-ervi;</strong></span> 
     </span>
    </p>
   </div>
   <div class='ocr_carea' id='block_1_99' title="bbox 143 5449 1638 5543">
    <p class='ocr_par' dir='ltr' id='par_1_99' title="bbox 143 5449 1638 5543">
     <span class='ocr_line' id='line_1_100' title="bbox 143 5449 1638 5543; baseline 0.018 -39"><span class='ocrx_word' id='word_1_762' title='bbox 143 5449 266 5543; x_wconf 36' lang='lat' dir='ltr'><strong>ﬁcijet</strong></span> <span class='ocrx_word' id='word_1_763' title='bbox 280 5449 455 5543; x_wconf 62' lang='lat' dir='ltr'><strong>homin</strong></span> <span class='ocrx_word' id='word_1_764' title='bbox 463 5483 496 5518; x_wconf 78' lang='grc' dir='ltr'><em>α</em></span> <span class='ocrx_word' id='word_1_765' title='bbox 504 5449 560 5521; x_wconf 16' lang='lat' dir='ltr'><strong>niti</strong></span> <span class='ocrx_word' id='word_1_766' title='bbox 570 5449 997 5543; x_wconf 49' lang='lat' dir='ltr'><strong>laniatu:</strong></span> <span class='ocrx_word' id='word_1_767' title='bbox 1006 5449 1050 5525; x_wconf 42' lang='lat' dir='ltr'><strong>&#39;J</strong></span> <span class='ocrx_word' id='word_1_768' title='bbox 1056 5449 1187 5526; x_wconf 38' lang='lat' dir='ltr'><strong>exit-sv</strong></span> <span class='ocrx_word' id='word_1_769' title='bbox 1366 5494 1413 5529; x_wconf 87' lang='lat' dir='ltr'><strong>m</strong></span> 
     </span>
    </p>
   </div>
   <div class='ocr_carea' id='block_1_100' title="bbox 150 5517 1639 5615">
    <p class='ocr_par' dir='ltr' id='par_1_100' title="bbox 150 5517 1639 5615">
     <span class='ocr_line' id='line_1_101' title="bbox 150 5517 1639 5615; baseline 0.007 -30"><span class='ocrx_word' id='word_1_770' title='bbox 150 5517 549 5615; x_wconf 78' lang='lat' dir='ltr'><strong>autem</strong></span> <span class='ocrx_word' id='word_1_771' title='bbox 565 5540 723 5594; x_wconf 83' lang='lat' dir='ltr'><strong>unius</strong></span> <span class='ocrx_word' id='word_1_772' title='bbox 751 5517 987 5615; x_wconf 46' lang='lat' dir='ltr'><strong>Itominisv</strong></span> <span class='ocrx_word' id='word_1_773' title='bbox 1011 5517 1639 5615; x_wconf 35' lang='lat' dir='ltr'><strong>ﬁngas-(Gut:23):</strong></span> 
     </span>
    </p>
   </div>
   <div class='ocr_carea' id='block_1_101' title="bbox 142 5594 1640 5685">
    <p class='ocr_par' dir='ltr' id='par_1_101' title="bbox 142 5594 1640 5685">
     <span class='ocr_line' id='line_1_102' title="bbox 142 5594 1640 5685; baseline 0.011 -30"><span class='ocrx_word' id='word_1_774' title='bbox 142 5594 207 5646; x_wconf 64' lang='grc' dir='ltr'><strong>δαί</strong></span> <span class='ocrx_word' id='word_1_775' title='bbox 236 5598 533 5663; x_wconf 76' lang='lat' dir='ltr'><strong>hominum;</strong></span> <span class='ocrx_word' id='word_1_776' title='bbox 582 5612 862 5678; x_wconf 81' lang='lat' dir='ltr'><strong>oportebat</strong></span> <span class='ocrx_word' id='word_1_777' title='bbox 907 5594 1037 5685; x_wconf 85' lang='lat' dir='ltr'><strong>ergo</strong></span> <span class='ocrx_word' id='word_1_778' title='bbox 1056 5594 1640 5683; x_wconf 63' lang='lat' dir='ltr'><strong>&#39;dt&#39;Cidiinis,&quot;i2t€tds&#39;</strong></span> 
     </span>
    </p>
   </div>
   <div class='ocr_carea' id='block_1_102' title="bbox 1711 4649 3317 4720">
    <p class='ocr_par' dir='ltr' id='par_1_102' title="bbox 1711 4649 3317 4720">
     <span class='ocr_line' id='line_1_103' title="bbox 1711 4649 3317 4720; baseline 0.003 -19"><span class='ocrx_word' id='word_1_779' title='bbox 1711 4706 1715 4711; x_wconf 55' lang='grc'>,</span> <span class='ocrx_word' id='word_1_780' title='bbox 1749 4649 2037 4717; x_wconf 85' lang='lat' dir='ltr'><strong>quemdam</strong></span> <span class='ocrx_word' id='word_1_781' title='bbox 2071 4651 2378 4720; x_wconf 89' lang='lat' dir='ltr'><strong>acciperet,</strong></span> <span class='ocrx_word' id='word_1_782' title='bbox 2423 4658 2480 4703; x_wconf 91' lang='lat' dir='ltr'><strong>ut</strong></span> <span class='ocrx_word' id='word_1_783' title='bbox 2504 4660 2761 4719; x_wconf 85' lang='lat' dir='ltr'><strong>appareat</strong></span> <span class='ocrx_word' id='word_1_784' title='bbox 2791 4651 3057 4705; x_wconf 86' lang='lat' dir='ltr'><strong>mediator</strong></span> <span class='ocrx_word' id='word_1_785' title='bbox 3086 4653 3317 4707; x_wconf 85' lang='lat' dir='ltr'><strong>duarum</strong></span> 
     </span>
    </p>
   </div>
   <div class='ocr_carea' id='block_1_103' title="bbox 1748 4726 2166 4773">
    <p class='ocr_par' dir='ltr' id='par_1_103' title="bbox 1748 4726 2166 4773">
     <span class='ocr_line' id='line_1_104' title="bbox 1748 4726 2166 4773; baseline 0 -2"><span class='ocrx_word' id='word_1_786' title='bbox 1748 4726 2095 4773; x_wconf 87' lang='lat' dir='ltr'><strong>naturarum.</strong></span> <span class='ocrx_word' id='word_1_787' title='bbox 2146 4738 2166 4771; x_wconf 74' lang='grc' dir='ltr'><strong><em>ι</em></strong></span> 
     </span>
    </p>
   </div>
   <div class='ocr_carea' id='block_1_104' title="bbox 1827 4826 3317 4901">
    <p class='ocr_par' dir='ltr' id='par_1_104' title="bbox 1827 4826 3317 4901">
     <span class='ocr_line' id='line_1_105' title="bbox 1827 4826 3317 4901; baseline 0.001 -17"><span class='ocrx_word' id='word_1_788' title='bbox 1827 4828 1940 4900; x_wconf 84' lang='grc'><strong>(59)</strong></span> <span class='ocrx_word' id='word_1_789' title='bbox 1979 4846 1997 4880; x_wconf 77' lang='grc' dir='ltr'>ι</span> <span class='ocrx_word' id='word_1_790' title='bbox 2029 4828 2086 4883; x_wconf 91' lang='lat' dir='ltr'><strong>Si</strong></span> <span class='ocrx_word' id='word_1_791' title='bbox 2114 4838 2291 4883; x_wconf 86' lang='lat' dir='ltr'><strong>autem</strong></span> <span class='ocrx_word' id='word_1_792' title='bbox 2328 4829 2471 4885; x_wconf 86' lang='lat' dir='ltr'><strong>dicat</strong></span> <span class='ocrx_word' id='word_1_793' title='bbox 2502 4826 2706 4885; x_wconf 86' lang='lat' dir='ltr'><strong>Noetus</strong></span> <span class='ocrx_word' id='word_1_794' title='bbox 2743 4848 2757 4885; x_wconf 91' lang='lat'><strong>:</strong></span> <span class='ocrx_word' id='word_1_795' title='bbox 2796 4829 2915 4900; x_wconf 85' lang='lat' dir='ltr'><strong>ipse</strong></span> <span class='ocrx_word' id='word_1_796' title='bbox 2934 4830 3236 4901; x_wconf 78' lang='lat' dir='ltr'><strong>dixitzEga</strong></span> <span class='ocrx_word' id='word_1_797' title='bbox 3265 4838 3317 4885; x_wconf 82' lang='lat' dir='ltr'><strong>et</strong></span> 
     </span>
    </p>
   </div>
   <div class='ocr_carea' id='block_1_105' title="bbox 1749 4897 3314 4971">
    <p class='ocr_par' dir='ltr' id='par_1_105' title="bbox 1749 4897 3314 4971">
     <span class='ocr_line' id='line_1_106' title="bbox 1749 4897 3314 4971; baseline 0.001 -18"><span class='ocrx_word' id='word_1_798' title='bbox 1749 4897 1916 4971; x_wconf 80' lang='lat' dir='ltr'><strong>Pater</strong></span> <span class='ocrx_word' id='word_1_799' title='bbox 1948 4916 2108 4971; x_wconf 83' lang='lat' dir='ltr'><strong>unum</strong></span> <span class='ocrx_word' id='word_1_800' title='bbox 2137 4917 2346 4961; x_wconf 76' lang='lat' dir='ltr'><strong>sumus;</strong></span> <span class='ocrx_word' id='word_1_801' title='bbox 2383 4902 2629 4971; x_wconf 76' lang='lat' dir='ltr'><strong>advertat</strong></span> <span class='ocrx_word' id='word_1_802' title='bbox 2666 4897 2906 4955; x_wconf 82' lang='lat' dir='ltr'><strong>animum</strong></span> <span class='ocrx_word' id='word_1_803' title='bbox 2939 4912 2990 4955; x_wconf 91' lang='lat' dir='ltr'><strong>et</strong></span> <span class='ocrx_word' id='word_1_804' title='bbox 3032 4897 3314 4971; x_wconf 77' lang='lat' dir='ltr'><strong>intelligat.</strong></span> 
     </span>
    </p>
   </div>
   <div class='ocr_carea' id='block_1_106' title="bbox 1748 4970 3315 5041">
    <p class='ocr_par' dir='ltr' id='par_1_106' title="bbox 1748 4970 3315 5041">
     <span class='ocr_line' id='line_1_107' title="bbox 1748 4970 3315 5041; baseline -0.001 -18"><span class='ocrx_word' id='word_1_805' title='bbox 1748 4970 1891 5039; x_wconf 92' lang='lat' dir='ltr'><strong>quod</strong></span> <span class='ocrx_word' id='word_1_806' title='bbox 1912 4984 2023 5041; x_wconf 79' lang='lat' dir='ltr'><strong>non</strong></span> <span class='ocrx_word' id='word_1_807' title='bbox 2047 4970 2182 5024; x_wconf 81' lang='lat' dir='ltr'><strong>dixit</strong></span> <span class='ocrx_word' id='word_1_808' title='bbox 2216 4989 2228 5024; x_wconf 91' lang='lat'><strong>:</strong></span> <span class='ocrx_word' id='word_1_809' title='bbox 2254 4971 2365 5041; x_wconf 79' lang='lat' dir='ltr'><strong>Ego</strong></span> <span class='ocrx_word' id='word_1_810' title='bbox 2388 4982 2435 5025; x_wconf 86' lang='lat' dir='ltr'><strong>et</strong></span> <span class='ocrx_word' id='word_1_811' title='bbox 2463 4970 2627 5024; x_wconf 83' lang='lat' dir='ltr'><strong>Pater</strong></span> <span class='ocrx_word' id='word_1_812' title='bbox 2660 4988 2822 5024; x_wconf 87' lang='lat' dir='ltr'><strong>unum</strong></span> <span class='ocrx_word' id='word_1_813' title='bbox 2848 4987 3000 5035; x_wconf 83' lang='lat' dir='ltr'><strong>sum;</strong></span> <span class='ocrx_word' id='word_1_814' title='bbox 3028 4972 3121 5025; x_wconf 90' lang='lat' dir='ltr'><strong>sed</strong></span> <span class='ocrx_word' id='word_1_815' title='bbox 3154 4970 3315 5041; x_wconf 75' lang='lat' dir='ltr'><strong>unum</strong></span> 
     </span>
    </p>
   </div>
   <div class='ocr_carea' id='block_1_107' title="bbox 1748 5039 3315 5111">
    <p class='ocr_par' dir='ltr' id='par_1_107' title="bbox 1748 5039 3315 5111">
     <span class='ocr_line' id='line_1_108' title="bbox 1748 5039 3315 5111; baseline 0 -18"><span class='ocrx_word' id='word_1_816' title='bbox 1748 5056 1948 5095; x_wconf 74' lang='lat' dir='ltr'><strong>sumus.</strong></span> <span class='ocrx_word' id='word_1_817' title='bbox 1981 5039 2122 5107; x_wconf 77' lang='lat' dir='ltr'><strong>llllud</strong></span> <span class='ocrx_word' id='word_1_818' title='bbox 2159 5039 2317 5095; x_wconf 79' lang='lat' dir='ltr'><strong>enim</strong></span> <span class='ocrx_word' id='word_1_819' title='bbox 2344 5041 2565 5111; x_wconf 75' lang='lat' dir='ltr'><strong>(sumus)</strong></span> <span class='ocrx_word' id='word_1_820' title='bbox 2604 5058 2709 5096; x_wconf 90' lang='lat' dir='ltr'><strong>non</strong></span> <span class='ocrx_word' id='word_1_821' title='bbox 2744 5044 2942 5096; x_wconf 83' lang='lat' dir='ltr'><strong>dicitur</strong></span> <span class='ocrx_word' id='word_1_822' title='bbox 2966 5045 3160 5111; x_wconf 88' lang='lat' dir='ltr'><strong>deuno</strong></span> <span class='ocrx_word' id='word_1_823' title='bbox 3181 5058 3195 5101; x_wconf 89' lang='lat'><strong>;</strong></span> <span class='ocrx_word' id='word_1_824' title='bbox 3219 5040 3315 5094; x_wconf 86' lang='lat' dir='ltr'><strong>sed</strong></span> 
     </span>
    </p>
   </div>
   <div class='ocr_carea' id='block_1_108' title="bbox 1748 5110 3315 5180">
    <p class='ocr_par' dir='ltr' id='par_1_108' title="bbox 1748 5110 3315 5180">
     <span class='ocr_line' id='line_1_109' title="bbox 1748 5110 3315 5180; baseline -0.001 -16"><span class='ocrx_word' id='word_1_825' title='bbox 1748 5112 1828 5164; x_wconf 89' lang='lat' dir='ltr'><strong>sic</strong></span> <span class='ocrx_word' id='word_1_826' title='bbox 1857 5111 2022 5177; x_wconf 83' lang='lat' dir='ltr'><strong>dixit,</strong></span> <span class='ocrx_word' id='word_1_827' title='bbox 2057 5113 2181 5180; x_wconf 87' lang='lat' dir='ltr'><strong>quia</strong></span> <span class='ocrx_word' id='word_1_828' title='bbox 2220 5112 2355 5167; x_wconf 91' lang='lat' dir='ltr'><strong>duas</strong></span> <span class='ocrx_word' id='word_1_829' title='bbox 2386 5110 2651 5167; x_wconf 86' lang='lat' dir='ltr'><strong>Personas</strong></span> <span class='ocrx_word' id='word_1_830' title='bbox 2684 5110 3112 5174; x_wconf 85' lang='lat' dir='ltr'><strong>demonstravit,</strong></span> <span class='ocrx_word' id='word_1_831' title='bbox 3150 5126 3315 5163; x_wconf 88' lang='lat' dir='ltr'><strong>unam</strong></span> 
     </span>
    </p>
   </div>
   <div class='ocr_carea' id='block_1_109' title="bbox 1749 5180 3316 5251">
    <p class='ocr_par' dir='ltr' id='par_1_109' title="bbox 1749 5180 3316 5251">
     <span class='ocr_line' id='line_1_110' title="bbox 1749 5180 3316 5251; baseline 0 -18"><span class='ocrx_word' id='word_1_832' title='bbox 1749 5188 1928 5251; x_wconf 78' lang='lat' dir='ltr'><strong>autem</strong></span> <span class='ocrx_word' id='word_1_833' title='bbox 1974 5184 2289 5251; x_wconf 87' lang='lat' dir='ltr'><strong>potentiam.</strong></span> <span class='ocrx_word' id='word_1_834' title='bbox 2339 5185 2453 5236; x_wconf 87' lang='lat' dir='ltr'><strong>sive</strong></span> <span class='ocrx_word' id='word_1_835' title='bbox 2498 5183 2771 5237; x_wconf 90' lang='lat' dir='ltr'><strong>virtutem.</strong></span> <span class='ocrx_word' id='word_1_836' title='bbox 2806 5180 2935 5251; x_wconf 15' lang='lat' dir='ltr'><strong>iUna</strong></span> <span class='ocrx_word' id='word_1_837' title='bbox 2973 5180 3116 5233; x_wconf 89' lang='lat' dir='ltr'><strong>enitn</strong></span> <span class='ocrx_word' id='word_1_838' title='bbox 3162 5196 3316 5251; x_wconf 75' lang='lat' dir='ltr'><strong>mens</strong></span> 
     </span>
    </p>
   </div>
   <div class='ocr_carea' id='block_1_110' title="bbox 1746 5249 3317 5324">
    <p class='ocr_par' dir='ltr' id='par_1_110' title="bbox 1746 5249 3317 5324">
     <span class='ocr_line' id='line_1_111' title="bbox 1746 5249 3317 5324; baseline -0.001 -20"><span class='ocrx_word' id='word_1_839' title='bbox 1746 5249 1925 5324; x_wconf 76' lang='lat' dir='ltr'><strong>Patris</strong></span> <span class='ocrx_word' id='word_1_840' title='bbox 1950 5249 2033 5307; x_wconf 82' lang='lat' dir='ltr'><strong>est</strong></span> <span class='ocrx_word' id='word_1_841' title='bbox 2059 5252 2198 5305; x_wconf 90' lang='lat' dir='ltr'><strong>Puer</strong></span> <span class='ocrx_word' id='word_1_842' title='bbox 2224 5251 2511 5324; x_wconf 79' lang='lat' dir='ltr'><strong>(Filius)...</strong></span> <span class='ocrx_word' id='word_1_843' title='bbox 2533 5250 2680 5324; x_wconf 75' lang='lat' dir='ltr'><strong>Unde</strong></span> <span class='ocrx_word' id='word_1_844' title='bbox 2705 5250 3105 5324; x_wconf 14' lang='lat' dir='ltr'><strong>adAPhilippum</strong></span> <span class='ocrx_word' id='word_1_845' title='bbox 3142 5249 3317 5324; x_wconf 39' lang='lat' dir='ltr'><strong>31’th</strong></span> 
     </span>
    </p>
   </div>
   <div class='ocr_carea' id='block_1_111' title="bbox 1740 5317 3315 5391">
    <p class='ocr_par' dir='ltr' id='par_1_111' title="bbox 1740 5317 3315 5391">
     <span class='ocr_line' id='line_1_112' title="bbox 1740 5317 3315 5391; baseline 0.001 -19"><span class='ocrx_word' id='word_1_846' title='bbox 1740 5320 1909 5390; x_wconf 78' lang='lat' dir='ltr'><strong>lt’ppe,</strong></span> <span class='ocrx_word' id='word_1_847' title='bbox 1946 5325 2034 5391; x_wconf 83' lang='lat' dir='ltr'><strong>qui</strong></span> <span class='ocrx_word' id='word_1_848' title='bbox 2075 5324 2204 5375; x_wconf 82' lang='lat' dir='ltr'><strong>vidit</strong></span> <span class='ocrx_word' id='word_1_849' title='bbox 2228 5317 2339 5386; x_wconf 67' lang='lat' dir='ltr'><strong>ine,</strong></span> <span class='ocrx_word' id='word_1_850' title='bbox 2370 5317 2499 5378; x_wconf 68' lang='lat' dir='ltr'><strong>vidit</strong></span> <span class='ocrx_word' id='word_1_851' title='bbox 2525 5322 2742 5391; x_wconf 72' lang='lat' dir='ltr'><strong>Patrem</strong></span> <span class='ocrx_word' id='word_1_852' title='bbox 2770 5317 2955 5389; x_wconf 70' lang='lat' dir='ltr'><strong>(Joan.</strong></span> <span class='ocrx_word' id='word_1_853' title='bbox 2977 5317 3099 5385; x_wconf 57' lang='lat' dir='ltr'><strong>itv,</strong></span> <span class='ocrx_word' id='word_1_854' title='bbox 3135 5320 3229 5389; x_wconf 88' lang='lat'><strong>9);</strong></span> <span class='ocrx_word' id='word_1_855' title='bbox 3260 5317 3315 5373; x_wconf 87' lang='lat' dir='ltr'><strong>id</strong></span> 
     </span>
    </p>
   </div>
   <div class='ocr_carea' id='block_1_112' title="bbox 1741 5390 3312 5462">
    <p class='ocr_par' dir='ltr' id='par_1_112' title="bbox 1741 5390 3312 5462">
     <span class='ocr_line' id='line_1_113' title="bbox 1741 5390 3312 5462; baseline 0.001 -19"><span class='ocrx_word' id='word_1_856' title='bbox 1741 5402 1844 5462; x_wconf 72' lang='lat' dir='ltr'><strong>est,</strong></span> <span class='ocrx_word' id='word_1_857' title='bbox 1873 5392 1924 5462; x_wconf 85' lang='lat' dir='ltr'><strong>si</strong></span> <span class='ocrx_word' id='word_1_858' title='bbox 1954 5390 2039 5447; x_wconf 90' lang='lat' dir='ltr'><strong>me</strong></span> <span class='ocrx_word' id='word_1_859' title='bbox 2067 5392 2270 5457; x_wconf 89' lang='lat' dir='ltr'><strong>vidisti,</strong></span> <span class='ocrx_word' id='word_1_860' title='bbox 2299 5408 2393 5462; x_wconf 91' lang='lat' dir='ltr'><strong>per</strong></span> <span class='ocrx_word' id='word_1_861' title='bbox 2414 5409 2499 5446; x_wconf 87' lang='lat' dir='ltr'><strong>me</strong></span> <span class='ocrx_word' id='word_1_862' title='bbox 2528 5403 2678 5462; x_wconf 82' lang='lat' dir='ltr'><strong>potes</strong></span> <span class='ocrx_word' id='word_1_863' title='bbox 2707 5390 2925 5462; x_wconf 89' lang='lat' dir='ltr'><strong>Patrem</strong></span> <span class='ocrx_word' id='word_1_864' title='bbox 2963 5404 3312 5462; x_wconf 73' lang='lat' dir='ltr'><strong>cognoscere.</strong></span> 
     </span>
    </p>
   </div>
   <div class='ocr_carea' id='block_1_113' title="bbox 1741 5458 3316 5532">
    <p class='ocr_par' dir='ltr' id='par_1_113' title="bbox 1741 5458 3316 5532">
     <span class='ocr_line' id='line_1_114' title="bbox 1741 5458 3316 5532; baseline 0.001 -18"><span class='ocrx_word' id='word_1_865' title='bbox 1741 5458 1842 5532; x_wconf 66' lang='lat' dir='ltr'><strong>Per</strong></span> <span class='ocrx_word' id='word_1_866' title='bbox 1870 5461 2155 5531; x_wconf 87' lang='lat' dir='ltr'><strong>imaginem</strong></span> <span class='ocrx_word' id='word_1_867' title='bbox 2199 5458 2366 5527; x_wconf 80' lang='lat' dir='ltr'><strong>enim,</strong></span> <span class='ocrx_word' id='word_1_868' title='bbox 2397 5458 2762 5532; x_wconf 39' lang='lat' dir='ltr'><strong>quae—similis&quot;</strong></span> <span class='ocrx_word' id='word_1_869' title='bbox 2786 5470 2904 5525; x_wconf 91' lang='lat' dir='ltr'><strong>est,</strong></span> <span class='ocrx_word' id='word_1_870' title='bbox 2946 5458 3123 5532; x_wconf 82' lang='lat' dir='ltr'><strong>potest</strong></span> <span class='ocrx_word' id='word_1_871' title='bbox 3154 5459 3316 5532; x_wconf 67' lang='lat' dir='ltr'><strong>facile</strong></span> 
     </span>
    </p>
   </div>
   <div class='ocr_carea' id='block_1_114' title="bbox 1740 5528 3311 5604">
    <p class='ocr_par' dir='ltr' id='par_1_114' title="bbox 1740 5528 3311 5604">
     <span class='ocr_line' id='line_1_115' title="bbox 1740 5528 3311 5604; baseline 0.003 -23"><span class='ocrx_word' id='word_1_872' title='bbox 1740 5528 1899 5587; x_wconf 86' lang='lat' dir='ltr'><strong>Pater</strong></span> <span class='ocrx_word' id='word_1_873' title='bbox 1928 5528 2201 5598; x_wconf 56' lang='lat' dir='ltr'><strong>cognosci.</strong></span> <span class='ocrx_word' id='word_1_874' title='bbox 2237 5551 2257 5586; x_wconf 73' lang='grc' dir='ltr'><strong><em>ι</em></strong></span> <span class='ocrx_word' id='word_1_875' title='bbox 2303 5532 2361 5586; x_wconf 88' lang='lat' dir='ltr'><strong>S.</strong></span> <span class='ocrx_word' id='word_1_876' title='bbox 2394 5528 2694 5604; x_wconf 70' lang='lat' dir='ltr'><strong>Hippolyt.,</strong></span> <span class='ocrx_word' id='word_1_877' title='bbox 2726 5529 2923 5587; x_wconf 87' lang='lat' dir='ltr'><strong>Contra</strong></span> <span class='ocrx_word' id='word_1_878' title='bbox 2949 5528 3146 5602; x_wconf 64' lang='grc' dir='ltr'><strong>’Νοειη</strong></span> <span class='ocrx_word' id='word_1_879' title='bbox 3174 5545 3227 5587; x_wconf 92' lang='lat' dir='ltr'><strong>c.</strong></span> <span class='ocrx_word' id='word_1_880' title='bbox 3258 5530 3311 5586; x_wconf 85' lang='grc'><strong>7.</strong></span> 
     </span>
    </p>
   </div>
  </div>
