3844 6188
564 271 670 328 339

1523 275 1610 328 DE
1645 273 1807 329 VlTA
1846 274 1936 328 ET
1975 274 2286 331 SCRIPTIS
2319 275 2376 332 S.
2421 275 2804 335 HIPPOLYTL
3635 287 3720 343 360

562 386 732 440 Deum
765 385 900 456 (60),
927 400 1162 455 eumque
1187 383 1333 441 Patri
1362 397 1687 442 coaeternum
1710 388 1954 443 nominat
1985 387 2119 460 (6|).
2151 395 2195 451 Α
2224 387 2582 457 pretationem
2639 387 2970 458 suppeditat.
3037 386 3307 444 Observat
3356 393 3491 448 enim
3532 393 3729 461 Verbum

562 473 630 527 Et
656 473 710 527 in
752 472 1155 528 Commentario
1180 474 1293 544 jam
1325 475 1544 531 laudato
1576 477 1631 530 in
1670 474 1901 533 Genesin
1929 478 2117 534 eadem

559 561 677 618 fere
723 562 791 618 de
835 563 1204 618 coazternitate
1237 564 1362 619 Filii
1405 565 1588 620 habet.
1627 583 1646 619 ι
1699 567 1886 637 Itaque
1923 568 2017 637 qui
2062 576 2122 623 ut

559 654 747 720 homo,
800 653 978 724 inquit
1029 653 1088 708 S.
1140 651 1482 725 Hippolytus.
1524 657 1822 726 periculum
1858 658 2118 724 subierat,

556 762 588 799 a
650 745 810 801 Patre
878 747 1118 803 salvatus
1174 762 1297 802 esse
1363 747 1700 816 aﬂirmatur,
1766 764 2077 820 quanquam

557 845 754 890 natura
798 852 897 891 sua
951 837 1220 893 exsistens
1267 836 1430 904 Deus,
1475 839 1616 892 κατὰ
1659 839 1816 909 φύσιν
1862 841 2118 913 ὑπάρχων

557 928 689 992 Θεός
717 968 732 994 ,
768 937 822 984 et
859 929 1168 985 universam
1222 930 1391 1000 ipsam
1430 932 1695 987 visibilem
1729 944 2032 990 creaturam
2063 938 2115 990 in

559 1019 704 1073 bono
724 1027 872 1075 statu
906 1034 1302 1076 conservans...
1333 1035 1546 1092 semper
1569 1023 1711 1079 enim
1741 1023 1840 1078 fuit
1871 1024 1924 1078 in
1946 1025 2115 1096 gloria

559 1111 764 1176 divina,
811 1113 904 1182 qui
939 1121 1063 1168 ante
1103 1128 1265 1170 omne
1297 1129 1500 1180 aevum,
1542 1125 1596 1170 et
1635 1126 1869 1186 tempus,
1913 1126 1967 1171 et
1993 1127 2117 1172 ante

558 1201 745 1255 mundi
759 1201 904 1271 jacta
932 1201 1279 1258 fundamenta
1303 1205 1520 1274 proprio
1539 1204 1687 1260 Patri
1709 1206 2006 1274 coexsistit,
2037 1205 2114 1277 τῷ

561 1293 678 1364 ἰδίῳ
714 1295 1071 1367 συνυπάρχων
1117 1299 1395 1370 γεννήτορι
1424 1297 1556 1367 (62).
1607 1296 1748 1353 Sane
1777 1299 1988 1364 Ariani,
2020 1298 2113 1369 qui

554 1386 734 1440 adhuc
766 1396 1059 1456 supersunt
1082 1427 1097 1453 ,
1128 1388 1320 1442 harum
1347 1389 1732 1444 auctoritatum
1757 1389 1867 1446 vim
1898 1389 2115 1445 eludere

554 1493 666 1546 quo
696 1486 852 1546 pacto
874 1482 1104 1544 valeant,
1133 1495 1243 1534 non
1269 1480 1604 1548 video.,Quis
1634 1482 1777 1536 enim
1813 1496 1922 1536 non
1950 1496 2116 1552 agno-

555 1579 669 1625 scet
710 1571 787 1625 uti
815 1587 1000 1626 verum
1045 1573 1236 1638 Deum,
1280 1575 1355 1628 uti
1391 1573 1536 1628 Patri
1570 1574 2110 1639 consubstantialem,

553 1675 700 1726 eum,
726 1662 820 1732 qui
845 1664 912 1717 ab
957 1674 1159 1718 aeterno
1189 1665 1368 1719 fuitin
1397 1664 1508 1720 Deo
1545 1664 1734 1733 Patre;
1764 1680 1924 1736 quem
1955 1663 2113 1720 Pater

2226 487 2349 532 ante
2373 478 2802 533 incarnationem
2824 487 3076 534 vocatum
3105 479 3277 536 fuisse
3293 481 3472 538 Filium
3502 488 3722 564 hominis;

2226 569 2367 624 unde
2389 569 2590 640 colligit
2607 568 2903 639 perfectum
2925 568 3122 623 Filium
3149 585 3251 624 non
3279 570 3455 636 fuisse,
3474 588 3584 630 cum
3611 595 3723 636 non-

2223 657 2354 713 dum
2397 666 2544 713 esset
2585 659 2770 712 homo.
2818 656 2914 714 His
2942 659 3085 713 enim
3127 659 3306 715 verbis
3336 679 3351 716 :
3382 679 3400 713 ι
3434 663 3478 716 Α
3504 667 3723 740 principio

2231 767 2249 799 ι
2278 747 2473 803 Filium
2511 749 2740 814 vocavit,
2767 764 3050 804 commune
3064 765 3258 805 nomen
3289 752 3482 810 amoris
3514 771 3622 827 erga
3647 761 3721 816 bo.

2230 858 2250 892 r
2283 841 2455 896 mines
2479 842 2668 906 sumit,
2707 860 2726 894 ›
2771 841 2944 896 Filius
2983 842 3218 896 hominis
3259 844 3400 900 clare
3441 846 3722 918 designatur.

2227 928 2397 1001 quue
2440 933 2749 987 conﬁrmari
2795 941 2971 1002 potest
3002 947 3066 986 ex
3099 949 3218 1003 cap.
3249 935 3283 988 ι
3314 936 3402 990 ubi
3436 938 3508 993 sic
3531 939 3724 1010 loquitur

2223 1019 2589 1093 Hippolytus:
2625 1040 2644 1074 ι
2688 1021 2923 1076 Verbum
2974 1023 3118 1078 enim
3174 1039 3302 1079 caro
3352 1035 3481 1095 erat,
3535 1029 3726 1100 Spiritus

2227 1131 2247 1163 ι
2277 1121 2420 1180 erat,
2441 1111 2624 1168 Virtus
2638 1123 2770 1168 erat.
2801 1111 2950 1168 Unus
2972 1127 3260 1168 commune
3289 1129 3473 1170 nomen
3508 1127 3555 1172 et
3579 1120 3622 1172 in
3646 1137 3723 1175 usu

2229 1221 2249 1253 ι
2280 1202 2425 1272 apud
2453 1203 2700 1258 homines
2717 1203 2821 1258 sibi
2844 1203 3094 1273 sumpsit,
3111 1212 3334 1258 vocatus
3361 1220 3390 1259 a
3415 1207 3723 1278 principioFi-

2228 1312 2250 1346 ι
2270 1295 2379 1350 lius
2393 1295 2628 1350 hominis
2645 1302 2863 1365 prOpter
2885 1293 3153 1361 futurum,
3170 1296 3413 1364 quamvis
3432 1299 3640 1352 nondum
3658 1315 3723 1356 es-

2225 1403 2243 1436 ‹
2266 1400 2345 1441 set
2366 1388 2548 1454 homo,
2567 1386 2708 1443 sicut
2735 1385 2921 1442 Daniel
2947 1396 3194 1452 testatur,
3217 1387 3460 1457 inquiens
3491 1407 3505 1444 :
3550 1389 3662 1454 Vidi,
3685 1404 3724 1446 et

2217 1494 2331 1532 ecce
2354 1495 2470 1532 cum
2491 1477 2712 1532 nubibus
2724 1478 2838 1533 cali
2865 1479 3016 1549 quasi
3041 1479 3189 1548 ﬁlius
3205 1479 3424 1534 hominis
3449 1481 3718 1536 veniebat‘.»

2216 1567 2350 1623 Cum
2373 1567 2578 1624 Noetus
2606 1571 2949 1642 metaphor-as
2987 1571 3042 1624 in
3073 1569 3197 1624 Filii
3232 1586 3362 1626 voce
3385 1581 3659 1637 venaretur,
3680 1583 3721 1627 et

2219 1661 2431 1716 Patrem
2468 1670 2522 1718 et
2557 1661 2753 1718 Filium
2782 1679 2945 1718 unam
2979 1672 3032 1719 et
3053 1663 3300 1719 eamdem
3339 1661 3605 1719 Personam
3628 1679 3722 1719 esse

549 1753 747 1819 emisit,
781 1766 839 1810 ut
863 1773 882 1806 ι
907 1755 1089 1810 lumen
1112 1771 1178 1810 ex
1200 1755 1426 1820 lumine,
1455 1774 1474 1809 ι
1504 1764 1564 1811 ut
1590 1774 1610 1809 ι
1647 1756 1858 1812 radium
1880 1771 1910 1811 a
1933 1756 2068 1821 sole,
2093 1775 2111 1807 ι
2147 1751 2190 1805 Β
2217 1759 2516 1822 statueret;
2567 1763 2816 1825 suscepta
2849 1756 3114 1810 adversus
3147 1756 3294 1810 hunc
3321 1755 3604 1812 hacreticum
3631 1757 3721 1811 dis-

549 1855 609 1900 ut
642 1863 661 1897 r
683 1861 877 1914 aquam
900 1862 966 1901 ex
993 1844 1142 1900 fonte
1175 1847 1319 1918 (63);
1348 1867 1365 1898 ι
1396 1861 1542 1914 eum,
1567 1847 1660 1918 qui
1685 1847 1929 1902 eamdem
1954 1847 2115 1902 habet

547 1955 672 1996 cum
714 1940 872 1996 Patre
915 1941 1168 1996 virtutem
1212 1957 1277 1998 ac
1325 1944 1659 2012 potentiam;
1703 1944 1798 2013 qui
1841 1951 1925 1998 est
1969 1942 2110 1998 idem

547 2034 692 2089 Deus
733 2050 859 2089 cum
908 2036 1145 2091 universi
1189 2037 1496 2104 conditore;
1534 2037 1627 2108 qui
1657 2037 1711 2091 in
1745 2052 1840 2091 sua
1876 2036 2114 2093 Persona

545 2127 837 2195 potentiam
864 2125 1040 2181 Patris
1065 2129 1331 2195 ostendit;
1365 2129 1458 2198 qui
1486 2139 1570 2183 est
1599 2127 1739 2184 Deus
1767 2137 1821 2184 et
1850 2128 2112 2184 Dominus

544 2218 821 2283 omnium;
855 2219 948 2288 qui
975 2229 1058 2274 est
1085 2235 1211 2274 vera
1240 2218 1419 2275 Patris
1451 2221 1667 2289 imago;
1703 2222 1758 2274 in
1791 2236 1900 2290 quo
1934 2230 1989 2276 et
2015 2235 2111 2290 per

547 2323 708 2378 quem
737 2306 893 2363 Pater
921 2309 1159 2379 seipsum
1201 2310 1546 2378 manifestat;
1575 2326 1698 2366 eum
1724 2313 1936 2366 tandem
1962 2351 1979 2378 ,
2015 2313 2110 2382 qui

543 2410 625 2456 est
664 2401 929 2468 inlinitus,
968 2401 1552 2473 incomprehensibilis,
1587 2403 1951 2472 omnipotens,
1980 2403 2111 2457 sub-

543 2493 740 2548 sistens
776 2503 830 2548 et
871 2509 1102 2563 operans
1153 2509 1248 2565 per
1297 2495 1564 2563 seipsum,
1617 2505 1670 2548 et
1719 2503 1801 2548 est
1840 2493 2108 2563 perfectus

541 2581 704 2648 Deus,
734 2583 894 2638 sicuti
923 2593 1004 2639 est
1036 2583 1303 2653 perfectus
1320 2585 1519 2639 homo?
1546 2584 1602 2638 Si
1629 2583 1829 2638 Ariana
1858 2584 2108 2654 impietas

541 2685 731 2731 contra
765 2679 876 2732 haec
909 2677 1064 2731 ﬁrma
1092 2678 1272 2733 adhuc
1293 2686 1348 2733 et
1369 2677 1472 2732 sibi
1494 2688 1750 2733 constans
1779 2687 2106 2748 perseverat,

541 2771 691 2826 nullo
720 2771 827 2825 alio
859 2780 1016 2841 pacto
1048 2773 1246 2841 poterit
1277 2787 1517 2843 unquam
1540 2771 1732 2827 everti.

615 2886 766 2944 Unus
791 2899 966 2943 tamen
991 2889 1142 2942 locus
1169 2887 1348 2942 adhuc
1377 2897 1647 2956 superest,
1669 2887 1902 2943 eximius
1927 2887 2104 2957 plane,

538 2995 697 3050 quem
729 2981 1005 3049 praeterire
1052 2980 1241 3047 religio
1296 2989 1396 3034 est.
1437 2977 1527 3033 Sic
1570 2991 1750 3033 autem
1791 2994 1851 3035 se
1892 2979 2050 3035 habet
2087 2997 2101 3032 :

543 3088 566 3125 ι
617 3070 838 3136 Qualem
899 3071 1064 3138 igitur
1102 3069 1297 3122 Filium
1349 3085 1507 3123 suum
1557 3068 1703 3124 Deus
1745 3086 1840 3140 per
1884 3085 2100 3126 carnem
2131 3097 2174 3157 ο

539 3163 707 3225 misit.
737 3162 841 3215 nisi
874 3159 1134 3223 Verbum,
1159 3160 1302 3229 quod
1335 3175 1364 3212 a
1387 3159 1653 3228 principio
1680 3161 1885 3215 scilicet
1907 3159 2101 3214 Filium

533 3254 768 3316 vocavit,
817 3253 942 3321 quia
976 3252 1220 3305 futurum
1247 3261 1385 3316 erat,
1435 3259 1494 3305 ut
1535 3261 1714 3306 ortum
1761 3253 2012 3322 caperet?
2040 3251 2103 3308 Et

540 3361 664 3401 cum
700 3345 868 3400 Filius
902 3355 1126 3398 vocatur
1148 3386 1162 3411 ,
1195 3360 1482 3400 commune
1513 3359 1708 3398 nomen
1741 3343 1944 3400 amoris
1973 3359 2098 3415 erga

537 3439 783 3492 homines
828 3439 1016 3492 sumit.
1060 3437 1169 3492 Nec
1192 3439 1336 3493 enim
1366 3435 1604 3493 Verbum
1652 3452 1748 3506 per
1791 3451 1850 3491 se
1886 3445 1941 3492 et
1982 3438 2100 3492 sine

531 3545 728 3596 carne,
762 3529 1026 3597 perfectus
1057 3528 1226 3584 Filius
1258 3537 1401 3593 erat,
1436 3544 1562 3583 cum
1597 3536 1774 3582 tamen
1802 3536 1944 3582 esset
1968 3525 2100 3582 Ver-

531 3622 681 3687 bum,
736 3619 1076 3690 Unigenitus.
1130 3619 1314 3690 Neque
1354 3635 1482 3675 caro
1534 3635 1628 3689 per
1680 3635 1737 3674 se
1761 3619 1895 3684 {sine
1922 3617 2096 3674 Verbo

532 3713 828 3766 subsistere
874 3721 1104 3780 poterat,
1146 3712 1272 3781 quia
1306 3711 1360 3765 in
1407 3710 1583 3766 Verbo
1622 3711 1966 3766 subsistebat.
2007 3710 2098 3766 Sic

528 3816 658 3872 ergo
681 3818 821 3854 unus
839 3799 1006 3856 Filius
1035 3802 1124 3855 Dei
1142 3799 1410 3871 perfectus
1428 3800 1806 3856 manifestatus
1829 3810 1910 3856 est
1925 3801 2054 3873 (6i).
2071 3821 2090 3854 ι

531 3891 686 3947 Hunc
733 3902 911 3947 autem
946 3893 1124 3947 locum
1159 3908 1267 3964 quo
1303 3893 1536 3946 maxime
1583 3893 1875 3947 abutuntur
1902 3891 2091 3948 Unita-

527 3986 615 4051 rii,
657 3995 817 4055 atque
860 3987 1151 4056 plurimum
1182 4000 1239 4040 se
1271 3985 1501 4040 eil‘erunt
1528 4025 1543 4049 ,
1581 3987 1794 4056 egregie
1842 3985 2091 4052 illustrat,

528 4095 593 4132 ac
625 4089 844 4133 strenue
869 4087 1172 4150 propugnat
1199 4078 1550 4133 doctissimus
1579 4077 1830 4134 Maranus
1865 4079 1950 4134 bis
1971 4095 2093 4134 ver-

525 4167 609 4222 bis
646 4187 658 4222 :
693 4187 711 4218 ‹
762 4168 987 4224 Videtur
1009 4211 1024 4236 ,
1063 4169 1268 4239 inquit,
1299 4178 1520 4224 sanctus
1551 4169 1846 4241 martyrita
1875 4169 2091 4227 locutus

526 4263 693 4315 fuisse
723 4261 925 4332 duplici
962 4263 1302 4332 potissimum
1336 4262 1402 4316 de
1429 4277 1591 4316 causa
1617 4261 1726 4332 (65)
1761 4278 1775 4314 :

605 4373 622 4404 ι
652 4354 693 4406 l.
729 4353 866 4419 Quia
893 4353 1148 4419 Verbum,
1176 4355 1277 4409 etsi
1311 4353 1581 4424 perfectus
1622 4353 1718 4408 Dei
1759 4353 1929 4410 Filius
1974 4369 2091 4432 erat

523 4455 649 4499 ante
689 4447 1138 4513 incarnationem,
1177 4456 1233 4501 ut
1265 4457 1408 4518 patet
1433 4463 1499 4501 ex
1533 4448 1649 4517 ipso
1677 4449 1817 4514 loco,
1843 4447 1936 4504 ubi
1961 4464 2084 4504 eunt
2115 4456 2164 4512 ι)

527 4535 860 4606 Unigenitum
889 4540 1122 4608 appellat
1153 4537 1492 4611 Hippolytus,
1529 4549 1582 4596 et
1625 4556 1692 4595 ex
1724 4542 1910 4598 multis
1939 4542 2080 4610 aliis,

522 4629 579 4685 in
605 4628 802 4698 quibus
828 4629 892 4684 de
912 4629 1031 4698 ejus
1053 4631 1399 4698 generatione
1426 4631 1626 4687 diserte
1646 4631 1884 4702 disputat
1903 4649 2081 4699 ;-non-

520 4723 649 4777 dum
695 4730 872 4776 tamen
907 4733 1023 4777 erat
1051 4722 1220 4778 Filius
1251 4724 1508 4780 hominis.
1562 4723 1711 4780 Hanc
1756 4725 1871 4795 ipse
1915 4727 2081 4782 inter-

610 4856 631 4886 ⁸
662 4855 793 4907 Dan.
826 4870 924 4918 vn,
951 4855 1040 4911 15.

2213 1845 2422 1916 putatio
2447 1847 2780 1916 postulabat,
2815 1857 2874 1902 ut
2909 1846 3150 1902 Verbum
3188 1845 3495 1918 Hippolytus
3527 1858 3632 1902 ante
3655 1849 3720 1904 in-

2215 1937 2586 1993 carnationem
2619 1955 2724 1994 non
2749 1938 3136 2009 metaphorice,
3165 1939 3258 1994 sed
3289 1954 3409 1994 vere
3435 1940 3501 1994 ob
3528 1939 3718 1994 futuram

2212 2044 2278 2083 ex
2309 2027 2530 2101 Virgine
2554 2030 2971 2102 generationem
3011 2029 3215 2086 Filium
3250 2031 3475 2086 hominis
3512 2043 3718 2085 vocatum

2210 2119 2381 2178 fuisse
2399 2123 2770 2193 praetenderet,
2793 2137 2891 2176 nec
2916 2130 3094 2176 tamen
3108 2121 3346 2191 perfecte
3365 2121 3546 2178 Filium
3568 2121 3716 2188 fuisse,

2212 2214 2340 2283 quia
2375 2215 2611 2269 nondum
2647 2228 2712 2268 ex
2739 2211 2960 2284 Virgine
2989 2213 3205 2284 genitus
3229 2221 3362 2269 erat.

2285 2306 2386 2359 «ΙΙ.
2423 2304 2538 2359 Νοη
2573 2305 2746 2360 solum
2789 2303 3024 2359 Verbum
3067 2305 3124 2359 in
3170 2305 3417 2372 Christo,
3465 2305 3548 2362 sed
3590 2307 3715 2360 etiam

2209 2411 2410 2465 corpus
2441 2404 2496 2449 et
2523 2395 2758 2448 animam
2794 2395 3105 2451 considerat
3149 2393 3492 2466 Hippolytus;
3531 2411 3584 2449 ac
3617 2393 3717 2448 Ver-

2208 2486 2334 2540 bum
2371 2487 2579 2540 unitum
2615 2486 2787 2548 carni,
2819 2503 2993 2540 unum
3041 2496 3096 2542 et
3131 2487 3426 2558 perfectum
3453 2485 3536 2541 Dei
3559 2485 3714 2540 Filium

2207 2583 2518 2638 existimat:
2552 2583 2624 2637 ita
2665 2592 2724 2636 ut
2750 2582 3008 2650 ,Christus
3085 2598 3198 2638 non
3265 2582 3432 2638 solum
3498 2591 3717 2650 quatenus

2207 2673 2465 2741 Verbum,
2495 2675 2589 2730 sed
2619 2675 2780 2729 etiam
2839 2684 3116 2744 quatenus
3141 2675 3288 2730 Deus
3312 2684 3363 2730 et
3391 2677 3556 2737 homo,
3582 2673 3716 2726 Filius

2207 2767 2275 2821 sit
2308 2765 2422 2820 Dei.
2456 2765 2920 2832 Quemadmodum
2965 2766 3130 2835 igitur
3178 2781 3308 2822 caro
3336 2765 3449 2822 sine
3475 2763 3628 2818 Verbo
3649 2762 3715 2816 Fi-

2207 2857 2313 2912 lius
2343 2856 2437 2912 Dei
2468 2872 2590 2912 esse
2635 2873 2744 2912 non
2771 2865 2980 2926 potest;
3011 2858 3081 2910 ita
3116 2855 3359 2912 Verbum
3405 2856 3516 2910 sine
3567 2867 3713 2916 carne,

2205 2945 2504 3017 perfectum
2537 2947 2756 3017 quidem
2779 2945 3014 3000 Verbum
3043 2956 3165 3002 erat
3195 2956 3250 3002 et
3298 2946 3619 3017 Unigenitus,
3642 2942 3713 2997 sed

2208 3055 2348 3094 unus
2388 3039 2476 3093 ille
2514 3038 2788 3108 perfectus
2831 3038 3036 3105 Filius,
3085 3053 3154 3092 ex
3207 3037 3410 3101 Verbo,
3441 3050 3640 3106 corpore
3674 3042 3714 3089 et

2205 3131 2388 3185 animo
2418 3141 2694 3194 constans,
2730 3146 2836 3185 non
2881 3139 3016 3184 erat.
3054 3128 3174 3186 Huc
3225 3131 3478 3201 pertinet,
3509 3129 3634 3198 quod
3657 3127 3713 3180 ait

2202 3237 2320 3292 cap.
2360 3222 2394 3276 4
2421 3240 2434 3276 :
2472 3240 2492 3273 ι
2523 3221 2619 3277 Est
2648 3222 2810 3292 igitur
2834 3237 2994 3289 caro,
3024 3238 3146 3292 quae
3171 3239 3203 3277 a
3238 3221 3411 3277 Verbo
3453 3220 3608 3275 Patris
3635 3221 3711 3272 ob-

2205 3331 2223 3364 ‹
2250 3315 2672 3381 lata,utmunus
2701 3321 2816 3379 est;
2847 3329 2995 3380 caro,
3028 3313 3273 3382 inquam,
3297 3328 3415 3383 quae
3441 3323 3596 3367 estex
3619 3309 3713 3378 Spi-

2204 3422 2221 3454 ‹
2254 3403 2358 3458 ritu
2391 3413 2598 3468 sancto,
2622 3413 2676 3457 et
2705 3404 2942 3474 Virgine,
2971 3401 3249 3472 perfectus
3277 3402 3443 3458 Filius
3468 3401 3552 3456 Dei
3573 3408 3715 3455 osten-

2206 3509 2222 3541 ε
2256 3507 2368 3545 sus.
2403 3510 2421 3544 ι
2458 3494 2514 3546 ln
2541 3491 2786 3546 eamdem
2821 3493 3138 3548 sententiam
3167 3493 3516 3564 accipienda,
3540 3488 3718 3560 quazle—

2196 3593 2395 3652 guntur
2433 3584 2485 3637 in
2520 3583 2657 3638 libro
2703 3585 2940 3653 genuino
2976 3583 3050 3638 De
3094 3583 3456 3649 Antia/irino,
3505 3599 3608 3652 cap.
3651 3580 3712 3633 ὃς

2194 3674 2366 3738 Αὐτὸς
2415 3676 2572 3730 πάλιν
2597 3676 2625 3727 ὁ
2649 3674 2740 3728 τοῦ
2795 3674 2927 3729 Θεοῦ
2985 3677 3148 3740 παῖς,
3182 3677 3222 3728 ὁ
3249 3677 3410 3730 πάλαι
3445 3676 3533 3748 μὲν
3560 3672 3714 3740 Λόγος.

2201 3785 2218 3816 ι
2254 3769 2365 3837 Ipse
2394 3783 2584 3821 rursus
2614 3765 2704 3820 Dei
2735 3766 2938 3831 Filius,
2967 3767 3058 3834 qui
3083 3767 3242 3834 prius
3293 3766 3516 3822 Verbum
3545 3773 3658 3820 erat.
3693 3779 3708 3812 ›

2193 3854 2466 3912 Hactenus
2497 3855 2555 3911 V.
2578 3855 2640 3911 C.
2676 3855 2860 3926 Neque
2889 3857 3071 3910 minus
3093 3857 3272 3912 solide
3305 3868 3478 3912 tuetur
3503 3855 3710 3910 eumdem

2191 3947 2370 4003 locum
2405 3947 2699 4018 Gregorius
2741 3946 2928 4002 Bullus
2957 3955 3147 4002 contra
3189 3947 3525 4003 Zwicharum
3553 3942 3714 3998 [reniti

2190 4039 2522 4095 Irenicorum
2548 4049 2821 4095 auctorem
2855 4040 2909 4094 in
2945 4039 3060 4094 haec
3090 4040 3259 4095 verba
3290 4041 3549 4095 disserens
3579 4035 3672 4105 (66)
3697 4049 3708 4084 :

2196 4152 2216 4186 ς
2244 4131 2363 4186 Non
2423 4132 2497 4186 ita
2542 4131 2764 4188 insaniit
2810 4129 3160 4202 Hippolytus,
3219 4140 3281 4186 ut
3329 4132 3521 4185 diceret
3564 4124 3710 4197 (quod

2189 4223 2394 4279 dixisse
2436 4222 2590 4278 illum
2621 4237 2922 4294 anonymus
2970 4222 3180 4290 voluit)
3231 4223 3407 4278 Verbo
3458 4221 3563 4275 sive
3600 4215 3709 4272 Uni-

2189 4314 2370 4385 genito
2392 4313 2686 4385 quidquam
2727 4313 3033 4367 intrinsecaa
3063 4311 3410 4382 perfectionis
3437 4323 3607 4365 revera
3634 4321 3709 4361 ac-

2189 4406 2418 4461 cessisse
2461 4421 2527 4459 ex
2570 4405 2751 4460 carnis
2795 4405 3192 4473 assumptione;
3251 4404 3362 4459 imo
3410 4399 3705 4459 contrarium

2187 4506 2371 4566 aperte
2417 4497 2620 4552 docuit.
2657 4494 2790 4551 Nam
2832 4497 3008 4567 primo
3048 4496 3246 4552 diserte
3297 4499 3403 4560 ait,
3448 4493 3702 4548 Dominum

2181 4599 2428 4646 nostrum
2469 4589 2762 4660 perfectum
2803 4587 2975 4643 fuisse
3023 4587 3258 4643 Verbum
3301 4597 3356 4644 et
3391 4584 3701 4656 Unigenitum

2181 4692 2309 4738 ante
2341 4683 2797 4739 incarnationem.
2839 4681 3040 4736 Deinde
3081 4681 3226 4737 clare
3269 4681 3456 4747 docet,
3495 4675 3699 4732 Verbum

587 5039 698 5109 (60)
749 5037 875 5095 Haec
915 5038 1093 5093 omnia
1133 5037 1383 5109 Christus
1429 5039 1766 5109 meonomice
1814 5047 2071 5108 tanquam

2209 5036 2337 5099 me;
2369 5037 2475 5104 γὰρ
2499 5035 2644 5109 ἐστὶν
2671 5036 2700 5088 ὁ
2726 5032 2801 5109 at?)
2831 5033 3008 5109 Πατρὶ
3042 5031 3323 5109 συναῇιος.
3357 5029 3414 5086 S.
3451 5029 3686 5100 liippolyt.

517 5102 689 5181 homo
706 5110 1046 5181 precabatur,
1069 5108 1167 5181 qui
1183 5118 1298 5181 erat
1318 5125 1478 5181 verus
1494 5108 1656 5174 Deus,
1681 5109 1811 5181 Θεὸς
1842 5102 2072 5181 ὤν’ὰλη-
2173 5102 2484 5181 υεηιρῃέέιέ.-
2496 5107 2702 5181 advers.
2731 5102 2966 5181 J‘udwos,
2997 5119 3170 5181 num;
3183 5102 3231 5154 7.

515 5180 678 5244 Θινός.
706 5177 773 5234 ’8.
812 5179 1054 5250 Hippol.,
1087 5177 1219 5233 Adv.
1245 5177 1480 5250 Judwos,
1510 5195 1661 5250 num.
1699 5180 1751 5232 4.

2238 5176 2349 5248 (62)
2381 5175 2438 5230 S.
2469 5173 3026 5246 H-ippolyt.Comment.
3054 5174 3107 5227 iu
3130 5171 3469 5239 Genes.,tom.
3499 5167 3556 5236 ll,
3581 5179 3684 5238 pag.

584 5243 694 5321 (61)
740 5249 845 5305 Sed
880 5243 1068 5320 quare,
1107 5266 1140 5306 o
1183 5243 1473 5321 propheta,
1505 5248 1743 5321 edissere
1769 5247 1944 5321 nobis,
1972 5263 2069 5321 cur
2166 5243 2355 5321 27,23
2376 5248 2534 5321 et29.

510 5317 770 5390 templum
806 5317 1138 5376 dev'astatum
1166 5317 1284 5376 est?
1306 5318 1387 5373 An
1425 5327 1642 5390 propter
1662 5317 1960 5390 illam‘olim
1987 5320 2068 5390 vi:

513 5388 1078 5446 tulil‘abricationem?
1118 5407 1186 5445 an
1214 5399 1428 5460 propter
1462 5388 2066 5460 populiiidololatriam?

512 5476 580 5533 an
614 5471 828 5533 propter
879 5459 1690 5533 sanguinemprophetarum}
1723 5475 1794 5512 an
1847 5469 2064 5533 propter

512 5527 775 5584 adulteria
803 5540 857 5586 et
890 5527 1274 5586 fornicationes
1323 5527 1524 5585 Israel?
1565 5527 1804 5595 Minime,
1849 5527 2058 5597 inquit;

512 5599 568 5654 in
601 5601 852 5668 omnibus
897 5603 1040 5655 enim
1084 5603 1188 5656 illis
1208 5616 1417 5668 semper
1441 5601 1654 5656 veniam
1681 5607 1735 5653 et
1774 5599 2059 5668 indulgen-

511 5671 644 5724 tiam
689 5669 959 5740 ferebant;
1001 5673 1095 5725 sed
1127 5673 1253 5740 quia
1291 5671 1482 5724 Filium
1511 5671 1743 5725 auctoris
1774 5669 2060 5740 beneﬁcio-

512 5755 634 5796 rum
683 5738 1086 5811 interlecerunt,
1129 5738 1242 5812 ipse
1281 5742 1426 5797 enim
1455 5752 1538 5797 est
1566 5750 1864 5798 coaeternus
1889 5739 2056 5794 Patri.

2235 5309 2342 5387 (65)
2376 5315 2538 5387 idem,
2574 5314 2768 5387 Contra
2803 5309 3255 5387 Noet.,num._ii.

2232 5383 2342 5454 (64)
2374 5385 2539 5451 ltlem,
2565 5384 2761 5440 Contra
2798 5385 2971 5454 Νσχρι..
3000 5400 3049 5436 c.
3074 5383 3178 5454 715.

2232 5443 2570 5529 (ssjnuaraii.
2616 5452 2904 5511 niuium.
2935 5453 2996 5509 c.
3031 5453 3124 5507 lib.
3177 5469 3249 5517 tv,
3294 5467 3343 5506 c.
3384 5443 3589 5518 13,§i,
3634 5457 3676 5506 ιι.

2160 5523 2284 5580 459.

2229 5577 2338 5668 (66)
2377 5596 2584 5664 Bullus,
2618 5595 2823 5666 Defens.
2852 5593 2944 5664 βό.
2981 5591 3186 5648 Νῑεαξη.
3207 5630 3222 5656 ,
3249 5598 3375 5645 sect.
3408 5601 3466 5653 ιι,
3492 5596 3599 5653 cap.
3625 5577 3674 5646 8,

2159 5667 2186 5740 ᾗ
2211 5668 2262 5733 5,
2295 5667 2416 5739 pag.
2445 5669 2532 5723 99.
