3844 6188
208 270 293 325 ὃϐὶ

1122 262 1213 321 DE
1262 262 1424 320 VITA
1456 263 1546 319 ET
1578 260 1888 321 SCRIPTIS
1942 264 2001 319 S.
2040 259 2423 319 lllPPOLY'l‘l.

3271 274 3376 330 56?.

210 392 313 449 sive
337 385 645 457 Unigenitum
675 384 808 439 adeo
834 398 900 439 ex
934 398 1096 439 carne
1124 385 1362 441 humana
1390 401 1496 440 non
1523 386 1712 441 melio-
1741 390 1785 447 Α
1815 382 1992 447 Patre,
2026 392 2283 453 tanquam
2312 382 2493 438 lumen
2520 398 2585 439 ex
2610 384 2834 452 lumine,
2860 395 2915 442 et
2948 403 3089 458 aqua
3113 404 3178 444 ex
3206 388 3377 455 ferite,

207 492 349 539 ratum
383 492 520 543 esse,
552 485 613 531 ut
645 490 773 531 caro
819 476 909 531 illa
944 477 1114 544 ipsam
1146 492 1303 531 suam
1346 477 1707 533 substantiam

208 573 345 629 Verbo
369 570 561 625 debeat.
595 569 731 634 Quid
778 582 946 639 ergo,
990 569 1240 638 inquies,
1284 569 1459 623 voluit
1504 568 1708 640 Hippo-

198 666 330 735 lytus,
366 676 475 715 cum
508 660 582 714 ait
624 658 855 714 Verbum
917 668 971 713 et
1016 659 1360 730 Unigenitum
1397 661 1516 716 sine
1545 677 1708 716 carne

192 754 437 827 perfectum
462 767 564 806 non
599 751 765 808 fuisse
790 753 1030 807 Filium?
1066 752 1283 820 Voluit,
1321 754 1567 823 inquam,
1589 772 1705 810 ma-

192 848 378 911 nifeste,
426 845 512 898 τὸν
565 845 735 912 Λόγον
783 853 908 900 ante
950 846 1378 901 incarnationem
1416 864 1523 901 non
1555 846 1703 901 omni

189 943 417 997 ﬁliationis
446 957 640 1013 genere
662 981 678 1005 ,
718 950 779 996 ut
812 942 887 996 ita
920 942 1095 997 dicam
1116 984 1131 1008 ,
1162 941 1479 997 defunctum
1511 940 1699 1009 fuisse,

185 1034 271 1086 sive
299 1032 515 1085 nonduin
548 1031 720 1087 fuisse
750 1034 900 1087 omni
936 1033 1096 1088 modo
1116 1072 1131 1094 .
1175 1049 1283 1102 quo
1308 1031 1470 1087 Pater
1504 1034 1698 1100 voluit,

183 1123 253 1176 Dei
279 1122 473 1177 Filium.
505 1124 724 1178 Scilicet
744 1124 975 1178 Domino
1002 1136 1187 1180 nostro
1218 1126 1476 1194 triplicem
1507 1126 1702 1180 nativi-

180 1226 305 1267 tatem
350 1224 397 1267 et
444 1215 759 1270 ﬁliationem
822 1218 1183 1272 attribuerunt
1236 1230 1464 1277 veteres.
1515 1220 1698 1278 Prima

177 1317 252 1369 est,
271 1320 363 1374 qua
393 1314 449 1360 ut
477 1306 649 1375 Λόγος
682 1324 747 1362 ex
782 1318 959 1365 mente
1005 1309 1178 1365 Patris
1207 1312 1274 1366 ab
1301 1322 1504 1370 aeterno
1539 1326 1697 1372 natus

177 1397 267 1450 fuit.
307 1396 378 1451 Ex
418 1398 516 1453 hac
565 1400 849 1455 nativitate
893 1401 1129 1471 perfecta
1176 1403 1481 1475 hypostasis
1515 1408 1693 1463 divina

174 1490 363 1557 exstitit;
416 1505 512 1545 nec
559 1491 665 1560 ipsi
718 1493 1012 1563 quidquam
1046 1505 1232 1564 postea
1278 1500 1541 1566 accessit,
1597 1502 1694 1557 sed

171 1583 314 1651 potius
354 1590 554 1637 extera:
599 1586 915 1641 nativitates
974 1588 1406 1656 συγκαταϐάσεις
1440 1591 1692 1661 fuerunt,

172 1675 257 1727 sive
292 1675 769 1732 oondescensiones
798 1678 919 1731 Filii
947 1678 1064 1734 Dei.
1110 1682 1293 1737 Altera
1325 1700 1517 1755 nempe
1560 1690 1695 1743 nati-

170 1768 277 1823 vitas
299 1778 509 1839 est,qua
535 1772 564 1823 ὁ
590 1771 766 1839 Λόγος
786 1786 815 1825 a
846 1771 955 1828 Deo
983 1773 1161 1840 Patre,
1191 1778 1331 1847 apud
1358 1795 1542 1850 quem,
1567 1798 1691 1837 cum

166 1861 268 1913 nihil
304 1862 471 1917 adhuc
515 1872 718 1931 praeter
759 1864 928 1919 Deum
978 1868 1290 1938 exsisteret,
1345 1872 1587 1944 adeoque
1627 1890 1693 1930 ex

165 1962 321 2009 aeterno
352 1952 522 2010 fuerat
546 1999 561 2021 ,
611 1958 738 2010 κατ’
772 1959 1051 2031 ἐνέργειαν
1085 1963 1286 2029 exivit,
1335 1979 1399 2021 ac
1432 1974 1689 2037 tanquam

163 2060 211 2097 ex
234 2054 361 2099 utero
388 2046 505 2115 ejus
534 2049 775 2117 prodiit,
801 2066 967 2121 seque
999 2053 1216 2110 demisit
1246 2057 1313 2111 ad
1345 2057 1687 2114 condendum

163 2136 385 2192 universa.
420 2137 603 2194 Tertia
648 2140 872 2197 demum
926 2144 1181 2203 nativitas
1227 2157 1340 2203 tum
1379 2148 1519 2218 fuit,
1564 2167 1687 2207 cum

162 2230 269 2283 idem
294 2233 319 2283 ὀ
346 2232 513 2300 Λόγος
551 2250 688 2290 caro
724 2235 899 2293 factus
940 2248 1042 2304 est,
1076 2249 1129 2296 et
1167 2256 1198 2296 e
1243 2242 1363 2297 sinu
1414 2242 1590 2300 Patris
1632 2246 1688 2300 in

159 2333 324 2377 uterum
355 2324 691 2381 beatissima:
719 2326 952 2397 Virginis
983 2330 1227 2402 illapsus,
1273 2335 1437 2389 homo
1468 2352 1532 2390 ex
1567 2337 1686 2407 ipsa

158 2410 278 2469 natus
307 2425 381 2470 est
423 2431 519 2479 per
554 2417 1025 2475 inumbrationem
1070 2422 1305 2493 Spiritus
1328 2428 1524 2483 sancti.
1567 2427 1683 2485 Hoc

156 2501 231 2559 fuit
249 2507 327 2561 τοῦ
350 2510 517 2579 Λόγου
546 2522 799 2569 extrema
827 2516 1227 2584 συγκατάϐασις
1252 2517 1303 2589 (a
1330 2520 1488 2575 nobis
1508 2519 1687 2575 homi-

155 2596 295 2664 nibus,
316 2602 554 2674 adeoque
594 2606 664 2660 ab
692 2606 824 2677 ipsis
850 2608 1053 2678 angelis
1068 2618 1330 2664 aeternum
1356 2611 1680 2685 adoranda),

154 2702 231 2757 qua
257 2704 490 2764 peracta,
541 2699 827 2768 perfectus
858 2698 1029 2755 Filius
1063 2699 1157 2755 Dei
1195 2700 1373 2758 factus
1422 2712 1535 2771 est,
1579 2704 1684 2762 hoc

152 2790 227 2845 est,
252 2793 302 2836 ut
328 2785 431 2840 dixi
460 2829 474 2853 ,
505 2791 671 2843 omni
707 2791 985 2849 ﬁliationis
1012 2809 1209 2865 genere
1236 2794 1527 2852 defunctus
1551 2808 1633 2854 est
1662 2814 1679 2853 :

155 2871 372 2941 siquidem
398 2888 622 2935 caetera:
654 2880 958 2951 ﬁliationes,
991 2902 1112 2955 quae
1148 2887 1441 2943 humanam
1479 2889 1682 2946 Christi

152 2975 350 3021 naturam
375 2980 653 3040 spectant,
701 2988 768 3028 ex
796 2974 897 3030 hac
922 2977 1248 3047 dependent,
1276 2990 1438 3051 atque
1466 2997 1532 3037 ex
1561 2983 1680 3054 ipsa

151 3068 527 3127 consequuntur.
598 3062 721 3120 Haec
780 3065 957 3122 fusius
1009 3069 1441 3139 explicabimus,
1505 3075 1747 3146 inquitc

152 3146 201 3198 cl.
234 3149 432 3219 Bullus,
466 3154 536 3209 ad
590 3155 883 3210 sectionem
914 3158 1061 3212 illam
1095 3160 1161 3227 5,
1190 3162 1257 3216 de
1289 3162 1411 3217 Filii
1440 3163 1518 3236 τῷ
1559 3183 1682 3219 συν-

151 3238 284 3309 αἰδέῳ.
313 3260 330 3293 ι

194 3330 382 3387 Interim
431 3334 581 3390 illud
625 3336 1020 3394 observandum
1056 3344 1180 3407 'est,
1229 3343 1371 3400 inter
1414 3360 1508 3411 ea,
1558 3363 1682 3418 qua:

153 3421 305 3479 lrenici
336 3436 529 3481 auctor
590 3443 652 3482 ex
703 3430 843 3485 libro
889 3430 1158 3504 Hippolyti
1211 3434 1410 3491 Contra
1449 3438 1678 3494 Noctum

149 3517 357 3587 adduxit,
388 3530 664 3591 tanquam
692 3524 1001 3590 catholicae,
1056 3528 1107 3581 id
1149 3537 1265 3595 est,
1296 3529 1524 3587 Nicaena:
1553 3534 1674 3588 ﬁdei

149 3614 401 3678 contraria,
436 3615 699 3684 quaedam
750 3631 900 3679 esse,
935 3632 1055 3686 quae
1104 3619 1251 3673 illam
1302 3621 1475 3690 ipsam
1512 3624 1675 3679 ﬁdem

147 3705 312 3772 egregie
372 3705 733 3760 confirmant.
792 3704 1117 3775 Huiusmodi
1190 3718 1275 3764 est
1343 3711 1477 3766 illud
1539 3713 1674 3783 (67):

152 3792 292 3847 iCum
336 3798 500 3851 alium
538 3796 668 3852 dico
716 3798 943 3867 (nempe
973 3799 1169 3855 Filium
1216 3817 1245 3856 a
1296 3804 1456 3859 l‘atre
1486 3803 1600 3877 [68]
1632 3806 1673 3876 ),

147 3901 225 3940 non
248 3890 370 3945 duos
394 3890 539 3946 Deos
579 3891 722 3955 dico,
748 3892 841 3946 sed
868 3902 1119 3962 tanquam
1144 3895 1326 3950 lumen
1355 3912 1421 3951 ex
1446 3898 1672 3965 lumine,

146 3986 184 4027 et
206 3994 375 4047 aquam
423 3998 492 4035 ex
551 3981 740 4046 fonte,
772 3993 863 4037 aut
888 3984 1100 4038 radium
1136 4001 1165 4039 a
1200 3986 1355 4041 sole:
1390 4004 1495 4041 una
1526 3990 1672 4044 enim

142 4070 275 4125 virtus
315 4088 378 4127 ex
413 4083 577 4139 toto;
626 4083 797 4128 totum
831 4088 959 4130 vero
998 4073 1178 4142 Pater,
1226 4093 1292 4132 ex
1321 4096 1430 4149 quo
1464 4082 1668 4149 virtus,

144 4157 334 4217 Verbum
363 4184 377 4219 :
406 4166 514 4221 hoc
545 4180 678 4220 vero
704 4182 856 4221 mens
884 4183 981 4223 seu
1015 4184 1212 4224 sensus
1233 4210 1248 4233 ,
1286 4173 1379 4237 qui
1413 4175 1669 4241 prodiens

143 4250 183 4304 in
219 4256 498 4322 mundum,
548 4266 806 4312 ostensus
844 4271 926 4315 est
958 4258 1099 4313 Puer
1148 4261 1240 4314 Dei
1288 4262 1420 4334 (69).
1476 4265 1669 4322 Omnia

144 4341 270 4411 igitur
292 4364 381 4416 per
403 4365 533 4403 eum
572 4348 712 4403 facta
746 4361 909 4414 sunt;
946 4351 1061 4420 ipse
1106 4352 1255 4407 solus
1285 4369 1351 4407 ex
1379 4352 1535 4410 Patre
1569 4372 1666 4428 ge-

1725 1734 1767 1787 Β

1810 482 1865 530 et
1892 475 2078 530 radius
2104 490 2134 528 a
2161 475 2275 531 sole
2302 474 2549 546 prodeat,
2572 484 2625 531 et
2652 474 2848 532 Filium
2873 477 3073 533 diserte
3098 479 3287 535 eximit
3310 498 3379 537 ex

1808 581 2037 621 numero
2070 581 2250 620 rerum
2302 580 2333 620 a
2369 564 2476 621 Deo
2526 566 2790 621 factarum
2819 608 2834 633 ,
2883 568 3035 623 illum
3088 569 3263 624 solum
3309 586 3378 630 ex

1806 656 1925 728 ipso
1959 657 2068 712 Deo
2100 656 2261 712 Patre
2292 658 2533 729 genitum
2571 660 2967 728 pronuntians:
2995 676 3116 730 qua:
3137 677 3261 716 cum
3288 659 3378 720 Ni-

1804 762 1949 803 cazna
1981 748 2083 803 ﬁde
2112 765 2174 804 ac
2207 749 2553 805 confessione
2589 750 2815 805 omnino
2845 754 3182 821 conspirant.

1876 839 2059 909 Neque
2081 840 2279 909 cuique
2301 839 2626 896 oﬁendiculo
2654 856 2773 896 esse
2794 842 2971 905 debet,
3000 843 3143 911 quod
3175 842 3374 899 ibidem

1803 931 2121 1004 Hippolytus
2154 933 2371 989 Patrem
2406 935 2552 990 dicat
2588 944 2775 1003 totum,
2811 935 3009 989 Filium
3039 952 3168 992 vero
3202 940 3373 992 virtu—

1804 1034 1905 1079 tem
1929 1041 1991 1078 επ
2019 1035 2145 1079 toto.
2176 1024 2310 1079 Nam
2340 1034 2513 1080 totum
2547 1036 2693 1081 recte
2725 1028 2925 1082 dicitur
2944 1026 3126 1092 Pater,
3149 1033 3276 1102 quia
3292 1042 3376 1087 est

1802 1118 1952 1190 πηγὴ
1977 1119 2245 1189 Θεότητος.
2276 1118 2555 1189 Siquidem
2584 1120 2859 1183 divinitas,
2893 1137 3014 1191 quae
3042 1123 3095 1175 in
3124 1121 3261 1176 Filio
3287 1133 3371 1177 est

1798 1218 1852 1264 et
1886 1211 1938 1263 in
1976 1209 2179 1279 Spiritu
2215 1222 2425 1275 sancto,
2461 1210 2637 1265 Patris
2662 1222 2774 1277 est,
2808 1213 2933 1283 quia
2968 1228 2997 1267 a
3035 1212 3193 1269 Patre
3228 1215 3371 1269 deri—-

1796 1312 1973 1358 vatur.
2005 1304 2262 1373 Apprime
2292 1304 2479 1359 itidem
2503 1305 2769 1360 catholica
2802 1319 2957 1371 sunt,
2992 1323 3112 1377 qum
3141 1323 3267 1361 mox
3300 1323 3365 1361 ex

1795 1397 1984 1451 eodem
2051 1394 2323 1468 Hippolyti
2403 1396 2543 1452 libro
2617 1399 2859 1467 sophista
2919 1399 3108 1464 all‘crt,
3174 1416 3370 1469 nempe

1795 1489 1910 1543 haec
1935 1488 2047 1560 (70)
2080 1505 2093 1541 :
2136 1508 2154 1540 ‹
2184 1488 2346 1543 Pater
2372 1490 2616 1557 mandat,
2648 1490 2885 1545 Verbum
2918 1492 3161 1561 perlicit;
3196 1493 3368 1546 Filius

1794 1589 1971 1634 autem
2020 1580 2344 1647 ostenditur,
2393 1596 2489 1650 per
2517 1598 2679 1651 quem
2714 1582 2875 1637 Pater
2903 1585 3157 1639 creditur.
3191 1584 3367 1639 ΟΕοο-

1793 1672 1973 1727 nomia
2001 1672 2381 1728 consensionis
2413 1674 2675 1742 redigitur
2704 1674 2769 1729 ad
2798 1692 2964 1730 unum
2991 1675 3181 1730 Deum.
3210 1676 3365 1732 Unus

1793 1764 1936 1818 enim
1963 1774 2044 1818 est
2070 1763 2234 1827 Deus,
2263 1765 2356 1834 qui
2390 1766 2611 1819 mandat
2632 1764 2812 1832 Pater,
2842 1769 2933 1837 qui
2960 1767 3143 1822 obedit
3168 1768 3359 1836 Filius,

1794 1854 1887 1922 qui
1918 1853 2073 1909 docet
2102 1855 2384 1908 scientiam
2410 1854 2644 1924 Spiritus
2676 1866 2918 1912 sanctus.
2951 1856 3130 1926 Pater,
3158 1859 3250 1929 qui
3280 1867 3365 1915 est

1794 1961 1957 2016 super
1987 1946 2193 2011 omnia,
2222 1945 2393 2000 Filius
2423 1963 2516 2017 per
2549 1948 2753 2015 omnia,
2792 1949 3029 2018 Spiritus
3055 1960 3275 2006 sanctus
3304 1952 3363 2007 in

1792 2039 2066 2094 omnibus.
2100 2058 2117 2090 ι
2160 2037 2259 2094 Hic
2292 2038 2497 2093 scilicet
2527 2038 2583 2093 S.
2621 2038 2945 2111 Hippolytus
2976 2040 3190 2097 Patrem
3215 2084 3229 2109 ,
3270 2043 3364 2099 Fi-

1791 2130 1923 2185 lium
1953 2140 2007 2187 et
2051 2131 2316 2202 Spiritum
2352 2142 2603 2188 sanctum
2635 2148 2804 2187 unum
2831 2149 2952 2189 esse
2982 2134 3151 2189 Deum
3176 2144 3361 2205 aperte

1789 2223 1966 2287 docet,
1983 2233 2035 2278 et
2064 2224 2357 2295 unicuique
2383 2223 2669 2280 Trinitatis
2691 2224 2947 2280 Personae
2976 2227 3361 2297 omniprtesen-

1788 2314 1918 2369 tiam
1955 2315 2162 2381 tribuit,
2188 2332 2253 2371 ac
2272 2316 2381 2370 vim
2416 2316 2681 2380 divinam,
2713 2332 2834 2385 quae
2855 2327 3049 2372 cuncta
3078 2320 3354 2388 pervadat.

1788 2404 1943 2472 Quod
1981 2421 2112 2461 vero
2143 2404 2357 2462 Patrem
2384 2405 2517 2461 dicit
2545 2406 2832 2470 mandare,
2875 2407 3071 2461 Filium
3114 2408 3355 2476 obedire,

1787 2496 1841 2550 in
1889 2510 1955 2551 eo
1996 2498 2399 2553 consentientes
2441 2514 2626 2553 secum
2675 2508 2729 2552 et
2776 2498 3025 2552 similiter
3070 2500 3357 2569 loquentes

1785 2585 1952 2641 habet
1994 2586 2130 2641 alios
2165 2586 2352 2642 Patres
2380 2588 2748 2655 orthodoxos,
2786 2604 2893 2642 non
2941 2589 3101 2644 modo
3128 2590 3356 2645 Anteni-

1785 2692 1993 2745 canos,
2027 2678 2121 2733 sed
2151 2688 2204 2733 et
2232 2678 2324 2748 qui
2350 2688 2475 2747 post
2503 2680 2796 2733 concilium
2832 2680 3111 2735 Nicamum
3154 2682 3354 2738 ﬂorue-

1783 2778 1976 2824 runt...
2028 2768 2183 2835 Quod
2238 2770 2419 2824 itidem
2454 2769 2671 2825 Patrem
2706 2772 2924 2840 proprie
2972 2788 3136 2842 super
3168 2775 3355 2830 omnia

1780 2874 1903 2916 esse
1932 2860 2098 2925 dicit,
2148 2861 2199 2914 id
2233 2860 2301 2915 ad
2342 2860 2533 2933 ἐξοχὴν
2576 2862 2723 2916 illam
2768 2861 2944 2918 Patris
2970 2904 2984 2928 ,
3036 2880 3143 2934 qua
3187 2865 3351 2922 Pater

1781 2961 1892 3018 est,
1936 2954 2159 3008 omnino
2205 2954 2586 3019 referendum,
2638 2970 2802 3025 quam
2848 2957 3113 3012 Catholici
3160 2973 3352 3015 omnes

1780 3054 2100 3116 agnoscunt.

2298 3137 2699 3196 ARTICULUS
2738 3140 2805 3196 γ.

1781 3268 1847 3306 DE
1886 3266 2199 3308 DIVINITATE
2239 3269 2484 3311 SPlRlTUS
2536 3271 2762 3319 SANCTI,
2812 3272 3037 3321 EJUSQUE
3088 3274 3348 3314 PROPRIE"

2226 3341 2453 3381 TATIBUS
2493 3342 2899 3382 PEBSONALIBUS.

1850 3412 2040 3480 Quoad
2077 3412 2339 3483 Spiritum
2372 3425 2642 3483 sanctum,
2669 3418 2818 3472 omni
2869 3419 3110 3488 possibili
3156 3422 3351 3491 praeci-

1780 3504 1934 3559 sione
1975 3505 2213 3561 declarat
2247 3508 2389 3562 idem
2435 3519 2660 3564 sanctus
2708 3511 2996 3581 episcopus
3035 3522 3088 3567 et
3120 3526 3347 3585 martyr,

1779 3595 2027 3651 divinum
2089 3596 2237 3652 hunc
2291 3597 2551 3667 Spiritum
2606 3616 2727 3656 esse
2781 3604 2994 3657 tertiam
3042 3602 3345 3660 Personam

1779 3689 2135 3744 sanctissimae
2168 3690 2471 3754 Trinitatis,
2502 3701 2562 3746 ut
2587 3708 2753 3762 supra
2779 3695 2893 3764 jam
2920 3696 3177 3752 vidimus.
3204 3696 3349 3767 Sup-

1776 3782 1929 3851 ponit
1958 3798 2084 3836 vero
2117 3782 2259 3836 idem
2287 3793 2477 3838 auctor
2523 3793 2633 3840 tres
2685 3787 2898 3842 divinas
2923 3787 3191 3844 Personas
3223 3807 3345 3845 esse

1778 3890 1947 3928 unum
1982 3874 2342 3946 eumdemque
2380 3878 2581 3941 Deum;
2613 3878 2689 3931 ait
2725 3880 2924 3949 quippe
2951 3888 3061 3935 tres
3093 3881 3193 3936 has
3210 3880 3343 3936 Per-

1776 3982 1940 4021 sonas
1977 3967 2177 4023 habere
2205 3984 2367 4022 unam
2409 3970 2766 4040 eamdemque
2809 3974 3137 4042 potentiam,
3172 3991 3339 4029 unam

1774 4059 2131 4130 eamdemque
2210 4061 2468 4115 virtutem
2514 4080 2527 4116 :
2580 4078 2708 4132 ergo
2759 4065 3017 4133 supponit
3068 4066 3335 4136 Spiritum

1774 4161 2025 4206 sanctum
2052 4167 2173 4207 esse
2200 4150 2369 4207 Deum
2397 4161 2450 4207 et
2478 4169 2598 4210 esse
2642 4149 2790 4209 Patri
2828 4156 3074 4225 Filioque
3100 4159 3338 4213 consub-

1773 4245 2100 4299 stantialem.
2134 4244 2399 4300 Cmterum
2437 4247 2721 4315 perspicue
2758 4259 2991 4301 mentem
3023 4265 3177 4303 suam
3211 4267 3338 4320 pro-

1771 4334 1851 4389 dit
1893 4350 2055 4404 super
2082 4335 2185 4390 ltoc
2215 4337 2444 4391 articulo
2474 4353 2596 4392 cum
2630 4338 2740 4402 ait,
2785 4358 2802 4390 ι
2850 4339 2989 4394 hanc
3021 4343 3338 4398 consensio-

145 4438 271 4493 nitus.
299 4460 317 4492 ι
353 4439 449 4496 Ubi
484 4441 709 4495 Patrem
739 4448 791 4495 et
834 4442 1052 4505 Filium,
1090 4459 1319 4514 persona
1355 4423 1663 4514 distinctos,

1786 4443 1894 4482 tem
1929 4447 1947 4478 ι
2004 4429 2167 4482 trium
2216 4430 2519 4485 divinarum
2554 4430 2919 4486 Personarum
2978 4453 2995 4486 ‹
3042 4435 3210 4506 redigi
3265 4437 3337 4491 ad

144 4542 273 4584 unum
310 4543 489 4589 tamen
522 4549 653 4588 esse
700 4533 866 4588 Deum
903 4534 1028 4589 inde
1065 4538 1288 4605 probat,
1318 4541 1461 4607 quod
1495 4539 1667 4597 Filius

145 4634 223 4674 non
247 4627 306 4678 sit
332 4625 476 4682 Deus
504 4644 538 4681 a
573 4626 754 4697 seipse
775 4667 789 4692 ,
832 4627 925 4683 sed
958 4626 1102 4683 Deus
1130 4629 1195 4684 de
1222 4629 1366 4696 Deo,
1403 4640 1567 4702 atque
1599 4650 1665 4690 ex

197 4846 283 4915 (67)
319 4849 503 4904 Contr.
533 4848 714 4914 Noet.,
745 4867 894 4906 num.
929 4853 1016 4908 ll.

198 4918 287 4998 llSS)
327 4920 551 4998 Justino
574 4924 837 4998 martyri,
869 4924 1086 4998 quando
1117 4924 1287 4981 Filius
1332 4925 1598 4998 ἕτερόν’τι
1633 4945 1664 4986 a

144 4969 668 5066 Permesse—tur,
689 4969 769 5066 et
784 4969 1130 5066 A'l‘e‘r‘tullt‘ano
1152 4969 1174 5061 ,⁸
1205 4969 1664 5066 nilo?"

142 5054 381 5138 stipat-rem
406 5077 521 5114 esse
552 5062 699 5113 aliud
739 5062 803 5115 ab
829 5063 943 5138 glio
978 5054 1240 5131 allirmat;
1271 5070 1490 5135 eadem,
1542 5086 1689 5138 qum.

144 5119 387 5197 llippolyto
447 5146 643 5195 mens,
704 5143 764 5186 ut
825 5119 1653 5195 Personarumdistinctionem

142 5201 403 5273 Ostendam,
436 5218 549 5255 non
583 5212 643 5255 ut
669 5202 951 5273 ὁμοούσιον
981 5206 1306 5261 inlicientur.

190 5266 286 5339 (69)
315 5270 583 5349 Qbservat
620 5266 979 5349 cl.'Grabius
997 5276 1057 5349 S.
1088 5276 1374 5349 Hippolyto
1420 5280 1663 5336 solemne

144 5327 296 5409 fuisse.
311 5338 587 5418 Christum
610 5359 804 5418 vocare
829 5344 917 5398 τὸν
936 5346 1102 5418 natea
1117 5327 1390 5414 1556505,
1405 5350 1659 5418 Puerum,

144 5410 658 5488 sivevpotiusLFiliom
688 5415 819 5479 Dei;
842 5417 987 5485 quod
1022 5428 1165 5486 patet
1197 5434 1264 5473 ex
1289 5410 1406 5488 ejus
1435 5410 1662 5475 demon;

145 5481 362 5559 attritione
408 5481 732 5559 DenChfisio
770 5498 818 5539 et
850 5481 1188 5559 Amic/insto,
1209 5481 1358 5544 num.
1388 5493 1442 5555 5,
1487 5492 1661 5556 Αὐτὸς

297 5550 324 5600 ὁ
354 5550 469 5630 γρῦ.
492 5550 624 5630 θεοῦ
666 5556 842 5630 Παίςν
877 5559 906 5610 ὁ
947 5558 1127 5630 πάλαιν
1162 5550 1259 5630 μὲν
1304 5550 1495 5629 Λόγός-
1528 5550 1661 5629 Qui:

144 5616 269 5704 Elia
300 5621 587 5704 sollicitius
612 5616 945 5704 perpendens
974 5630 1046 5704 cl:
1084 5616 1416 5704 hlaranusin
1440 5616 1658 5704 egrggiti

147 5694 292 5751 opere,
324 5692 409 5743 cui
441 5692 629 5747 titulus
660 5714 672 5749 :
710 5692 971 5751 Divinitas
1004 5697 1071 5754 D.
1104 5699 1179 5756 N.
1218 5699 1274 5757 Ι.
1312 5700 1408 5769 C.,
1451 5692 1543 5758 lib.
1569 5692 1654 5771 ἶν,

416 5784 685 5850 Ρηκυι.
734 5788 850 5851 Gn.
884 5788 965 5855 X.

1770 4536 1940 4575 unum
1972 4521 2141 4575 Deum
2175 4521 2288 4593 (7i)
2315 4538 2327 4574 :
2354 4522 2688 4579 (Economia
2723 4528 3104 4584 consensionis
3138 4530 3339 4601 redigi-

1769 4617 1859 4663 tur
1888 4609 1953 4664 ad
1990 4626 2159 4664 unum
2191 4610 2383 4667 Deum.
2422 4614 2574 4671 Unus
2622 4616 2768 4670 enim
2801 4626 2885 4671 est
2913 4618 3074 4688 Deus,
3109 4620 3339 4690 subjun-

1768 4876 1886 4935 gap.
1915 4862 2002 4926 1⁵5,
2035 4876 2156 4930 pag.
2182 4858 2419 4935 _460,__ea
2453 4863 2531 4917 sic
2564 4863 2775 4919 reddit:
2814 4885 2832 4915 ‹
2864 4865 2983 4935 Ipse
3012 4882 3203 4921 rursus
3234 4866 3332 4923 Dei

1766 4932 1959 5005 Filius,
1992 4948 2087 5005 qui
2117 4931 2265 4999 prius
2305 4931 2535 5005 Verbum
2560 4945 2696 4989 erat.
2729 4955 2745 4987 ι
2782 4931 2966 5005 Neque
2997 4938 3153 4991 aliter
3185 4938 3334 4994 hunc

1767 5003 1944 5076 locum
1991 5002 2636 5076 interpretatur_Graliius
2671 5007 2737 5059 ad
2780 5002 2918 5061 Bulli
2969 5006 3180 5076 Defens.
3231 5008 3330 5076 βά.

1769 5072 1916 5146 Νἱετ,
1945 5087 2065 5143 pag.
2099 5073 2216 5146 lOl'.
2260 5072 2396 5137 Quid
2433 5076 2577 5143 quod
2613 5078 2799 5131 eadem
2836 5072 3090 5146 loquendi
3119 5072 3333 5133 ratione

1765 5144 1926 5219 paulo
1971 5151 2095 5219 pitag
2133 5142 2310 5219 utitur
2356 5142 2576 5219 sanctus
2612 5148 2858 5219 martyr?
2901 5142 2995 5219 Ei;
3037 5147 3144 5219 γὰρ
3176 5150 3269 5202 καὶ
3299 5149 3332 5204 ὁ

1764 5212 1857 5266 τοῦ
1886 5213 2018 5265 Θεοῦ
2051 5214 2203 5276 Παῖς,
2232 5228 2354 5281 qua:
2386 5214 2465 5268 sic
2488 5217 2649 5270 vertit
2680 5212 3283 5281 ipsemetConibélisius
3308 5234 3323 5272 :

1769 5302 1788 5359 ς
1828 5283 2154 5359 Unus__e_nim
2188 5284 2394 5359 estDei
2425 5286 2615 5359 lfilius.
2652 5283 2776 5359 rita
2806 5289 3013 5344 scilicet
3038 5288 3094 5343 S.
3123 5288 3327 5359 Hippo-

1763 5353 1905 5429 lytus
1943 5354 2151 5429 aliique
2188 5355 2397 5429 antiqui
2437 5356 2627 5429 Patres
2657 5358 2935 5412 Christum
2984 5353 3326 5429 appellarunt

1761 5424 2005 5499 eitAlsaiae
2033 5440 2161 5499 xpn,
2195 5424 2430 5494 aliisque
2457 5428 2614 5489 locis,
2642 5429 2731 5481 ubi
2771 5429 2912 5482 Deus
2945 5424 3161 5499 de‘i'pso
3198 5432 3273 5486 ait
3300 5447 3315 5484 :

1760 5494 1903 5617 f’ilaob
1936 5495 1965 5546 ὁ
1991 5496 2117 5557 παῖς
2154 5510 2254 5565 μου
2277 5514 2289 5525 ·
2320 5510 2635 5566 quanquam
2660 5500 2791 5562 παῖς
2820 5499 2896 5554 ibi
2918 5494 3123 5555 seruu'm
3158 5503 3327 5573 signi-

1801 5572 1905 5617 cet.

1801 5572 1905 5619 cet.

1984 5632 2375 5714 Contr._Noet._,
2407 5654 2560 5696 num.
2592 5640 2694 5714 14η

1830 5704 1943 5776 (71)
1982 5705 2148 5774 Idem,
2178 5708 2281 5762 loc.
2314 5709 2417 5769 cit.

2870 5809 3016 5870 ¹1⁸3
